  <div class='ocr_page' id='page_1' title='image "/cluster/home/n/w/nwhite01/storage/ocr_20150623/144/njp.32101010942892/642.png"; bbox 0 0 1948 3064; ppageno 0'>
   <div class='ocr_carea' id='block_1_1' title="bbox 130 136 199 178">
    <p class='ocr_par' dir='ltr' id='par_1_1' title="bbox 130 136 199 178">
     <span class='ocr_line' id='line_1_1' title="bbox 130 136 199 178; baseline -0.014 0"><span class='ocrx_word' id='word_1_1' title='bbox 130 137 142 178; x_wconf 86' lang='grc'><strong>1</strong></span> <span class='ocrx_word' id='word_1_2' title='bbox 150 136 199 178; x_wconf 67' lang='grc' dir='ltr'><strong>19Ἰ</strong></span> 
     </span>
    </p>
   </div>
   <div class='ocr_carea' id='block_1_2' title="bbox 630 128 1256 177">
    <p class='ocr_par' dir='ltr' id='par_1_2' title="bbox 630 128 1256 177">
     <span class='ocr_line' id='line_1_2' title="bbox 630 128 1256 177; baseline -0.002 -1"><span class='ocrx_word' id='word_1_3' title='bbox 630 132 830 177; x_wconf 69' lang='grc' dir='ltr'><strong>δῩΝΤΑοΜΑ</strong></span> <span class='ocrx_word' id='word_1_4' title='bbox 850 135 1158 175; x_wconf 79' lang='lat' dir='ltr'><strong>ALPHABETlCUM.</strong></span> <span class='ocrx_word' id='word_1_5' title='bbox 1177 157 1208 162; x_wconf 91' lang='lat'>—</span> <span class='ocrx_word' id='word_1_6' title='bbox 1226 128 1256 175; x_wconf 71' lang='grc' dir='ltr'><strong>Γ.</strong></span> 
     </span>
    </p>
   </div>
   <div class='ocr_carea' id='block_1_3' title="bbox 1697 143 1761 176">
    <p class='ocr_par' dir='ltr' id='par_1_3' title="bbox 1697 143 1761 176">
     <span class='ocr_line' id='line_1_3' title="bbox 1697 143 1761 176; baseline -0.016 0"><span class='ocrx_word' id='word_1_7' title='bbox 1697 143 1761 176; x_wconf 72' lang='grc'><strong>1198</strong></span> 
     </span>
    </p>
   </div>
   <div class='ocr_carea' id='block_1_4' title="bbox 130 197 917 239">
    <p class='ocr_par' dir='ltr' id='par_1_4' title="bbox 130 197 908 239">
     <span class='ocr_line' id='line_1_4' title="bbox 130 197 908 239; baseline -0.003 -8"><span class='ocrx_word' id='word_1_8' title='bbox 130 212 188 239; x_wconf 91' lang='grc' dir='ltr'><strong>μων</strong></span> <span class='ocrx_word' id='word_1_9' title='bbox 201 203 229 230; x_wconf 80' lang='grc' dir='ltr'>δὲ</span> <span class='ocrx_word' id='word_1_10' title='bbox 242 203 293 231; x_wconf 77' lang='grc' dir='ltr'><strong>οὐκ</strong></span> <span class='ocrx_word' id='word_1_11' title='bbox 310 199 501 239; x_wconf 76' lang='grc' dir='ltr'>εἱρχθήσεται.</span> <span class='ocrx_word' id='word_1_12' title='bbox 512 197 549 230; x_wconf 74' lang='grc' dir='ltr'><strong>σὺ</strong></span> <span class='ocrx_word' id='word_1_13' title='bbox 568 204 623 238; x_wconf 79' lang='grc' dir='ltr'>γάρ</span> <span class='ocrx_word' id='word_1_14' title='bbox 635 203 731 239; x_wconf 79' lang='grc' dir='ltr'>ἀνδρὸς</span> <span class='ocrx_word' id='word_1_15' title='bbox 742 203 843 238; x_wconf 69' lang='grc' dir='ltr'>ἀφείθη</span> <span class='ocrx_word' id='word_1_16' title='bbox 868 211 908 229; x_wconf 33' lang='grc' dir='ltr'>νο.</span> 
     </span>
    </p>
   </div>
   <div class='ocr_carea' id='block_1_5' title="bbox 973 197 1761 239">
    <p class='ocr_par' dir='ltr' id='par_1_5' title="bbox 973 200 1761 237">
     <span class='ocr_line' id='line_1_5' title="bbox 973 200 1761 237; baseline 0.005 -10"><span class='ocrx_word' id='word_1_17' title='bbox 973 200 1122 234; x_wconf 74' lang='lat' dir='ltr'><strong>ircebitur;</strong></span> <span class='ocrx_word' id='word_1_18' title='bbox 1148 207 1202 227; x_wconf 93' lang='lat' dir='ltr'><strong>non</strong></span> <span class='ocrx_word' id='word_1_19' title='bbox 1227 201 1301 228; x_wconf 89' lang='lat' dir='ltr'><strong>enim</strong></span> <span class='ocrx_word' id='word_1_20' title='bbox 1326 208 1340 227; x_wconf 86' lang='lat' dir='ltr'><strong>a</strong></span> <span class='ocrx_word' id='word_1_21' title='bbox 1367 200 1489 237; x_wconf 72' lang='lat' dir='ltr'><strong>legitimo</strong></span> <span class='ocrx_word' id='word_1_22' title='bbox 1523 201 1624 230; x_wconf 79' lang='lat' dir='ltr'><strong>m‘arito</strong></span> <span class='ocrx_word' id='word_1_23' title='bbox 1644 203 1761 232; x_wconf 84' lang='lat' dir='ltr'><strong>dimissa</strong></span> 
     </span>
    </p>
   </div>
   <div class='ocr_carea' id='block_1_6' title="bbox 130 250 915 286">
    <p class='ocr_par' dir='ltr' id='par_1_6' title="bbox 130 250 915 286">
     <span class='ocr_line' id='line_1_6' title="bbox 130 250 915 286; baseline -0.001 -9"><span class='ocrx_word' id='word_1_24' title='bbox 130 251 227 286; x_wconf 80' lang='grc' dir='ltr'>μίμου,</span> <span class='ocrx_word' id='word_1_25' title='bbox 245 251 329 286; x_wconf 83' lang='grc' dir='ltr'><strong>μήπω</strong></span> <span class='ocrx_word' id='word_1_26' title='bbox 346 251 393 276; x_wconf 76' lang='grc' dir='ltr'>τοῦ</span> <span class='ocrx_word' id='word_1_27' title='bbox 412 250 548 284; x_wconf 77' lang='grc' dir='ltr'><strong>προτέρου</strong></span> <span class='ocrx_word' id='word_1_28' title='bbox 575 251 666 286; x_wconf 72' lang='grc' dir='ltr'>γάμου</span> <span class='ocrx_word' id='word_1_29' title='bbox 685 250 824 284; x_wconf 80' lang='grc' dir='ltr'><strong>λυθέντος,</strong></span> <span class='ocrx_word' id='word_1_30' title='bbox 847 250 915 277; x_wconf 84' lang='grc' dir='ltr'>ἀλλὰ</span> 
     </span>
    </p>
   </div>
   <div class='ocr_carea' id='block_1_7' title="bbox 129 296 944 332">
    <p class='ocr_par' dir='ltr' id='par_1_7' title="bbox 129 296 944 332">
     <span class='ocr_line' id='line_1_7' title="bbox 129 296 944 332; baseline -0.001 -8"><span class='ocrx_word' id='word_1_31' title='bbox 129 297 256 332; x_wconf 72' lang='grc' dir='ltr'>πορνείας</span> <span class='ocrx_word' id='word_1_32' title='bbox 271 296 440 332; x_wconf 81' lang='grc' dir='ltr'>ἀπήλλακτο.</span> <span class='ocrx_word' id='word_1_33' title='bbox 461 297 577 330; x_wconf 83' lang='grc' dir='ltr'>Κᾲλλιον</span> <span class='ocrx_word' id='word_1_34' title='bbox 605 297 646 329; x_wconf 77' lang='grc' dir='ltr'>δὲ,</span> <span class='ocrx_word' id='word_1_35' title='bbox 668 297 761 332; x_wconf 68' lang='grc' dir='ltr'>φησιν,</span> <span class='ocrx_word' id='word_1_36' title='bbox 789 297 814 323; x_wconf 89' lang='grc' dir='ltr'><strong>εί</strong></span> <span class='ocrx_word' id='word_1_37' title='bbox 844 297 916 323; x_wconf 80' lang='grc' dir='ltr'>οὕτω</span> <span class='ocrx_word' id='word_1_38' title='bbox 937 322 944 328; x_wconf 83' lang='grc'><strong>,</strong></span> 
     </span>
    </p>
   </div>
   <div class='ocr_carea' id='block_1_8' title="bbox 130 341 915 383">
    <p class='ocr_par' dir='ltr' id='par_1_8' title="bbox 130 341 915 383">
     <span class='ocr_line' id='line_1_8' title="bbox 130 341 915 383; baseline -0.001 -13"><span class='ocrx_word' id='word_1_39' title='bbox 130 344 247 378; x_wconf 79' lang='grc' dir='ltr'>μένοιεν·</span> <span class='ocrx_word' id='word_1_40' title='bbox 261 343 292 370; x_wconf 82' lang='grc' dir='ltr'>οὐ</span> <span class='ocrx_word' id='word_1_41' title='bbox 316 341 371 377; x_wconf 77' lang='grc' dir='ltr'><strong>γὰρ</strong></span> <span class='ocrx_word' id='word_1_42' title='bbox 384 342 523 378; x_wconf 72' lang='grc' dir='ltr'><strong>εὔσχημον</strong></span> <span class='ocrx_word' id='word_1_43' title='bbox 541 344 591 378; x_wconf 80' lang='grc' dir='ltr'>τὴν</span> <span class='ocrx_word' id='word_1_44' title='bbox 621 343 822 378; x_wconf 77' lang='grc' dir='ltr'><strong>ὀνομασθεῖσαν</strong></span> <span class='ocrx_word' id='word_1_45' title='bbox 841 342 915 383; x_wconf 77' lang='grc' dir='ltr'>τινὸς</span> 
     </span>
    </p>
   </div>
   <div class='ocr_carea' id='block_1_9' title="bbox 129 386 915 423">
    <p class='ocr_par' dir='ltr' id='par_1_9' title="bbox 129 386 915 423">
     <span class='ocr_line' id='line_1_9' title="bbox 129 386 915 423; baseline -0.001 -8"><span class='ocrx_word' id='word_1_46' title='bbox 129 390 213 423; x_wconf 71' lang='grc' dir='ltr'>ἑτέρῳ</span> <span class='ocrx_word' id='word_1_47' title='bbox 229 387 373 422; x_wconf 75' lang='grc' dir='ltr'>συμϐιοῦν.</span> <span class='ocrx_word' id='word_1_48' title='bbox 390 388 458 423; x_wconf 75' lang='grc' dir='ltr'>Φησὶ</span> <span class='ocrx_word' id='word_1_49' title='bbox 479 388 533 423; x_wconf 73' lang='grc' dir='ltr'>γὰρ</span> <span class='ocrx_word' id='word_1_50' title='bbox 543 389 556 414; x_wconf 76' lang='grc' dir='ltr'><strong>ὁ</strong></span> <span class='ocrx_word' id='word_1_51' title='bbox 566 388 659 421; x_wconf 78' lang='grc' dir='ltr'>νόμος,</span> <span class='ocrx_word' id='word_1_52' title='bbox 673 388 715 414; x_wconf 83' lang='grc' dir='ltr'>ὄτι</span> <span class='ocrx_word' id='word_1_53' title='bbox 737 386 781 415; x_wconf 83' lang='grc' dir='ltr'>Ἐν</span> <span class='ocrx_word' id='word_1_54' title='bbox 795 388 852 418; x_wconf 87' lang='grc' dir='ltr'>τοῖς</span> <span class='ocrx_word' id='word_1_55' title='bbox 865 388 915 421; x_wconf 82' lang='grc' dir='ltr'><strong>γά-</strong></span> 
     </span>
    </p>
   </div>
   <div class='ocr_carea' id='block_1_10' title="bbox 129 432 914 470">
    <p class='ocr_par' dir='ltr' id='par_1_10' title="bbox 129 432 914 470">
     <span class='ocr_line' id='line_1_10' title="bbox 129 432 914 470; baseline -0.001 -9"><span class='ocrx_word' id='word_1_56' title='bbox 129 443 191 469; x_wconf 83' lang='grc' dir='ltr'>μοις</span> <span class='ocrx_word' id='word_1_57' title='bbox 221 434 253 461; x_wconf 80' lang='grc' dir='ltr'>οὐ</span> <span class='ocrx_word' id='word_1_58' title='bbox 268 434 348 469; x_wconf 82' lang='grc' dir='ltr'>μόνον</span> <span class='ocrx_word' id='word_1_59' title='bbox 360 434 391 460; x_wconf 80' lang='grc' dir='ltr'>τὸ</span> <span class='ocrx_word' id='word_1_60' title='bbox 403 434 657 470; x_wconf 78' lang='grc' dir='ltr'>ἐπιτετραμμένον,</span> <span class='ocrx_word' id='word_1_61' title='bbox 673 433 743 461; x_wconf 81' lang='grc' dir='ltr'>ἀλλά</span> <span class='ocrx_word' id='word_1_62' title='bbox 762 432 809 461; x_wconf 79' lang='grc' dir='ltr'>καὶ</span> <span class='ocrx_word' id='word_1_63' title='bbox 825 434 853 461; x_wconf 75' lang='grc' dir='ltr'>τὸ</span> <span class='ocrx_word' id='word_1_64' title='bbox 867 433 914 460; x_wconf 74' lang='grc' dir='ltr'><strong>εὖ·</strong></span> 
     </span>
    </p>
   </div>
   <div class='ocr_carea' id='block_1_11' title="bbox 126 480 421 516">
    <p class='ocr_par' dir='ltr' id='par_1_11' title="bbox 126 480 421 516">
     <span class='ocr_line' id='line_1_11' title="bbox 126 480 421 516; baseline -0.003 -9"><span class='ocrx_word' id='word_1_65' title='bbox 126 480 234 516; x_wconf 80' lang='grc' dir='ltr'>πρεπὲς</span> <span class='ocrx_word' id='word_1_66' title='bbox 251 481 421 515; x_wconf 76' lang='grc' dir='ltr'>σκοποῦμεν.</span> 
     </span>
    </p>
   </div>
   <div class='ocr_carea' id='block_1_12' title="bbox 167 523 916 561">
    <p class='ocr_par' dir='ltr' id='par_1_12' title="bbox 167 523 916 561">
     <span class='ocr_line' id='line_1_12' title="bbox 167 523 916 561; baseline 0 -9"><span class='ocrx_word' id='word_1_67' title='bbox 167 527 212 552; x_wconf 87' lang='grc' dir='ltr'>Ἐν</span> <span class='ocrx_word' id='word_1_68' title='bbox 228 526 256 552; x_wconf 76' lang='grc' dir='ltr'>δὲ</span> <span class='ocrx_word' id='word_1_69' title='bbox 284 525 324 560; x_wconf 85' lang='grc' dir='ltr'>τῷ</span> <span class='ocrx_word' id='word_1_70' title='bbox 342 525 388 561; x_wconf 77' lang='grc' dir='ltr'>μη¹</span> <span class='ocrx_word' id='word_1_71' title='bbox 413 527 518 558; x_wconf 74' lang='grc' dir='ltr'>κανόνι,</span> <span class='ocrx_word' id='word_1_72' title='bbox 551 526 584 553; x_wconf 81' lang='grc' dir='ltr'><strong>Ἠ</strong></span> <span class='ocrx_word' id='word_1_73' title='bbox 608 523 822 560; x_wconf 76' lang='grc' dir='ltr'>καταλειφθείσὲι</span> <span class='ocrx_word' id='word_1_74' title='bbox 847 524 916 561; x_wconf 81' lang='grc' dir='ltr'>πρὸς</span> 
     </span>
    </p>
   </div>
   <div class='ocr_carea' id='block_1_13' title="bbox 126 569 914 607">
    <p class='ocr_par' dir='ltr' id='par_1_13' title="bbox 126 569 914 607">
     <span class='ocr_line' id='line_1_13' title="bbox 126 569 914 607; baseline -0.001 -8"><span class='ocrx_word' id='word_1_75' title='bbox 126 571 172 599; x_wconf 65' lang='grc' dir='ltr'>τοῦ</span> <span class='ocrx_word' id='word_1_76' title='bbox 193 572 296 599; x_wconf 86' lang='grc' dir='ltr'>οίκείου</span> <span class='ocrx_word' id='word_1_77' title='bbox 312 572 409 606; x_wconf 81' lang='grc' dir='ltr'>ἀνδρὸς</span> <span class='ocrx_word' id='word_1_78' title='bbox 424 572 586 607; x_wconf 62' lang='grc' dir='ltr'>παραλόγως</span> <span class='ocrx_word' id='word_1_79' title='bbox 611 571 673 598; x_wconf 78' lang='grc' dir='ltr'>κατ’</span> <span class='ocrx_word' id='word_1_80' title='bbox 705 572 775 607; x_wconf 74' lang='grc' dir='ltr'>ἐμὴν</span> <span class='ocrx_word' id='word_1_81' title='bbox 790 569 914 606; x_wconf 68' lang='grc' dir='ltr'>γνώμην,</span> 
     </span>
    </p>
   </div>
   <div class='ocr_carea' id='block_1_14' title="bbox 127 617 914 653">
    <p class='ocr_par' dir='ltr' id='par_1_14' title="bbox 127 617 914 653">
     <span class='ocr_line' id='line_1_14' title="bbox 127 617 914 653; baseline -0.001 -9"><span class='ocrx_word' id='word_1_82' title='bbox 127 618 223 652; x_wconf 70' lang='grc' dir='ltr'>φησὶν,</span> <span class='ocrx_word' id='word_1_83' title='bbox 240 617 312 644; x_wconf 79' lang='grc' dir='ltr'>οὕτω</span> <span class='ocrx_word' id='word_1_84' title='bbox 337 617 429 653; x_wconf 77' lang='grc' dir='ltr'>μένειν</span> <span class='ocrx_word' id='word_1_85' title='bbox 444 618 559 652; x_wconf 68' lang='grc' dir='ltr'>ὀφείλει.</span> <span class='ocrx_word' id='word_1_86' title='bbox 586 617 678 646; x_wconf 79' lang='grc' dir='ltr'>Εἰπὼν</span> <span class='ocrx_word' id='word_1_87' title='bbox 694 618 748 653; x_wconf 79' lang='grc' dir='ltr'>γὰρ</span> <span class='ocrx_word' id='word_1_88' title='bbox 763 619 777 645; x_wconf 82' lang='grc' dir='ltr'><strong><em>ὁ</em></strong></span> <span class='ocrx_word' id='word_1_89' title='bbox 801 617 914 653; x_wconf 80' lang='grc' dir='ltr'>Κύριος,</span> 
     </span>
    </p>
   </div>
   <div class='ocr_carea' id='block_1_15' title="bbox 129 660 915 698">
    <p class='ocr_par' dir='ltr' id='par_1_15' title="bbox 129 660 915 698">
     <span class='ocr_line' id='line_1_15' title="bbox 129 660 915 698; baseline -0.001 -8"><span class='ocrx_word' id='word_1_90' title='bbox 129 669 138 690; x_wconf 81' lang='lat' dir='ltr'><strong>t</strong></span> <span class='ocrx_word' id='word_1_91' title='bbox 151 664 215 696; x_wconf 70' lang='grc' dir='ltr'><strong>Ἐάν</strong></span> <span class='ocrx_word' id='word_1_92' title='bbox 229 672 271 695; x_wconf 82' lang='grc' dir='ltr'><strong>τις</strong></span> <span class='ocrx_word' id='word_1_93' title='bbox 286 663 335 697; x_wconf 79' lang='grc' dir='ltr'><strong>τὴν</strong></span> <span class='ocrx_word' id='word_1_94' title='bbox 348 664 417 690; x_wconf 86' lang='grc' dir='ltr'>ίδίαν</span> <span class='ocrx_word' id='word_1_95' title='bbox 432 660 584 698; x_wconf 79' lang='grc' dir='ltr'>καταλείπῃ</span> <span class='ocrx_word' id='word_1_96' title='bbox 600 664 727 697; x_wconf 82' lang='grc' dir='ltr'>γυναῖκα,</span> <span class='ocrx_word' id='word_1_97' title='bbox 742 663 816 689; x_wconf 85' lang='grc' dir='ltr'>ποιεῖ</span> <span class='ocrx_word' id='word_1_98' title='bbox 830 663 915 698; x_wconf 70' lang='grc' dir='ltr'>αὐτὴν</span> 
     </span>
    </p>
   </div>
   <div class='ocr_carea' id='block_1_16' title="bbox 128 706 917 745">
    <p class='ocr_par' dir='ltr' id='par_1_16' title="bbox 128 706 917 745">
     <span class='ocr_line' id='line_1_16' title="bbox 128 706 917 745; baseline -0.001 -9"><span class='ocrx_word' id='word_1_99' title='bbox 128 710 307 745; x_wconf 76' lang='grc' dir='ltr'>μοιχᾶάθαι.)</span> <span class='ocrx_word' id='word_1_100' title='bbox 323 710 484 737; x_wconf 80' lang='grc' dir='ltr'><strong>ἀπέκλεισεν</strong></span> <span class='ocrx_word' id='word_1_101' title='bbox 503 709 587 744; x_wconf 78' lang='grc' dir='ltr'>αὐτὴν</span> <span class='ocrx_word' id='word_1_102' title='bbox 601 710 650 745; x_wconf 82' lang='grc' dir='ltr'>τῆς</span> <span class='ocrx_word' id='word_1_103' title='bbox 667 709 735 744; x_wconf 75' lang='grc' dir='ltr'>πρὸς</span> <span class='ocrx_word' id='word_1_104' title='bbox 751 708 844 744; x_wconf 72' lang='grc' dir='ltr'>ἕτερον</span> <span class='ocrx_word' id='word_1_105' title='bbox 859 706 917 735; x_wconf 64' lang='lat' dir='ltr'><strong>etot-</strong></span> 
     </span>
    </p>
   </div>
   <div class='ocr_carea' id='block_1_17' title="bbox 126 754 916 791">
    <p class='ocr_par' dir='ltr' id='par_1_17' title="bbox 126 754 916 791">
     <span class='ocr_line' id='line_1_17' title="bbox 126 754 916 791; baseline -0.001 -9"><span class='ocrx_word' id='word_1_106' title='bbox 126 756 243 787; x_wconf 84' lang='grc' dir='ltr'>νωνίας·</span> <span class='ocrx_word' id='word_1_107' title='bbox 269 756 300 782; x_wconf 85' lang='grc' dir='ltr'>οὐ</span> <span class='ocrx_word' id='word_1_108' title='bbox 331 756 386 791; x_wconf 80' lang='grc' dir='ltr'><strong>γὰρ</strong></span> <span class='ocrx_word' id='word_1_109' title='bbox 406 756 479 789; x_wconf 69' lang='grc' dir='ltr'>είκὺς</span> <span class='ocrx_word' id='word_1_110' title='bbox 502 756 547 782; x_wconf 77' lang='grc' dir='ltr'>τὸν</span> <span class='ocrx_word' id='word_1_111' title='bbox 575 756 625 791; x_wconf 72' lang='grc' dir='ltr'>μὲν</span> <span class='ocrx_word' id='word_1_112' title='bbox 655 755 739 791; x_wconf 76' lang='grc' dir='ltr'>ἄνδρα</span> <span class='ocrx_word' id='word_1_113' title='bbox 766 754 916 782; x_wconf 83' lang='grc' dir='ltr'>ὑπεύθυνον</span> 
     </span>
    </p>
   </div>
   <div class='ocr_carea' id='block_1_18' title="bbox 126 800 916 837">
    <p class='ocr_par' dir='ltr' id='par_1_18' title="bbox 126 800 916 837">
     <span class='ocr_line' id='line_1_18' title="bbox 126 800 916 837; baseline -0.004 -8"><span class='ocrx_word' id='word_1_114' title='bbox 126 801 209 834; x_wconf 79' lang='grc' dir='ltr'>εἶναι,</span> <span class='ocrx_word' id='word_1_115' title='bbox 224 802 262 833; x_wconf 84' lang='grc' dir='ltr'>ὡς</span> <span class='ocrx_word' id='word_1_116' title='bbox 280 802 402 837; x_wconf 80' lang='grc' dir='ltr'><strong>μοιχείας</strong></span> <span class='ocrx_word' id='word_1_117' title='bbox 416 802 513 834; x_wconf 73' lang='grc' dir='ltr'>αἴτιον,</span> <span class='ocrx_word' id='word_1_118' title='bbox 533 801 582 836; x_wconf 89' lang='grc' dir='ltr'>τὴν</span> <span class='ocrx_word' id='word_1_119' title='bbox 596 802 624 828; x_wconf 75' lang='grc' dir='ltr'>δὲ</span> <span class='ocrx_word' id='word_1_120' title='bbox 647 800 841 836; x_wconf 83' lang='grc' dir='ltr'>ἀνεπίκλητον,</span> <span class='ocrx_word' id='word_1_121' title='bbox 856 801 916 836; x_wconf 81' lang='grc' dir='ltr'>ἥτις</span> 
     </span>
    </p>
   </div>
   <div class='ocr_carea' id='block_1_19' title="bbox 969 247 1759 282">
    <p class='ocr_par' dir='ltr' id='par_1_19' title="bbox 969 247 1759 282">
     <span class='ocr_line' id='line_1_19' title="bbox 969 247 1759 282; baseline 0.003 -8"><span class='ocrx_word' id='word_1_122' title='bbox 969 251 1039 278; x_wconf 81' lang='lat' dir='ltr'><strong>erat,</strong></span> <span class='ocrx_word' id='word_1_123' title='bbox 1057 253 1120 274; x_wconf 89' lang='lat' dir='ltr'><strong>cum</strong></span> <span class='ocrx_word' id='word_1_124' title='bbox 1136 247 1243 282; x_wconf 85' lang='lat' dir='ltr'><strong>priores</strong></span> <span class='ocrx_word' id='word_1_125' title='bbox 1261 247 1363 281; x_wconf 75' lang='lat' dir='ltr'><strong>nuptiae</strong></span> <span class='ocrx_word' id='word_1_126' title='bbox 1379 255 1433 274; x_wconf 92' lang='lat' dir='ltr'><strong>non</strong></span> <span class='ocrx_word' id='word_1_127' title='bbox 1448 248 1545 276; x_wconf 70' lang='lat' dir='ltr'><strong>soluta:</strong></span> <span class='ocrx_word' id='word_1_128' title='bbox 1560 253 1664 281; x_wconf 87' lang='lat' dir='ltr'><strong>essent,</strong></span> <span class='ocrx_word' id='word_1_129' title='bbox 1683 250 1730 276; x_wconf 88' lang='lat' dir='ltr'><strong>sed</strong></span> <span class='ocrx_word' id='word_1_130' title='bbox 1745 259 1759 275; x_wconf 72' lang='grc' dir='ltr'>τι</span> 
     </span>
    </p>
   </div>
   <div class='ocr_carea' id='block_1_20' title="bbox 967 291 1758 325">
    <p class='ocr_par' dir='ltr' id='par_1_20' title="bbox 967 291 1758 325">
     <span class='ocr_line' id='line_1_20' title="bbox 967 291 1758 325; baseline 0.005 -7"><span class='ocrx_word' id='word_1_131' title='bbox 967 291 1150 324; x_wconf 57' lang='lat' dir='ltr'><strong>fornicatione,</strong></span> <span class='ocrx_word' id='word_1_132' title='bbox 1162 291 1278 319; x_wconf 85' lang='lat' dir='ltr'><strong>liberata</strong></span> <span class='ocrx_word' id='word_1_133' title='bbox 1294 297 1348 320; x_wconf 90' lang='lat' dir='ltr'><strong>est.</strong></span> <span class='ocrx_word' id='word_1_134' title='bbox 1370 292 1465 321; x_wconf 73' lang='lat' dir='ltr'><strong>Meﬁtis</strong></span> <span class='ocrx_word' id='word_1_135' title='bbox 1480 298 1572 322; x_wconf 88' lang='lat' dir='ltr'><strong>autem</strong></span> <span class='ocrx_word' id='word_1_136' title='bbox 1593 294 1646 322; x_wconf 88' lang='lat' dir='ltr'><strong>erit</strong></span> <span class='ocrx_word' id='word_1_137' title='bbox 1671 295 1694 322; x_wconf 89' lang='lat' dir='ltr'><strong>si</strong></span> <span class='ocrx_word' id='word_1_138' title='bbox 1709 295 1758 325; x_wconf 80' lang='lat' dir='ltr'><strong>ita.</strong></span> 
     </span>
    </p>
   </div>
   <div class='ocr_carea' id='block_1_21' title="bbox 968 337 1760 375">
    <p class='ocr_par' dir='ltr' id='par_1_21' title="bbox 968 337 1760 375">
     <span class='ocr_line' id='line_1_21' title="bbox 968 337 1760 375; baseline 0.005 -11"><span class='ocrx_word' id='word_1_139' title='bbox 968 337 1068 372; x_wconf 83' lang='lat' dir='ltr'><strong>inquit,</strong></span> <span class='ocrx_word' id='word_1_140' title='bbox 1087 340 1207 365; x_wconf 83' lang='lat' dir='ltr'><strong>maneat.</strong></span> <span class='ocrx_word' id='word_1_141' title='bbox 1228 338 1287 366; x_wconf 86' lang='lat' dir='ltr'><strong>Non</strong></span> <span class='ocrx_word' id='word_1_142' title='bbox 1306 338 1380 365; x_wconf 88' lang='lat' dir='ltr'><strong>enim</strong></span> <span class='ocrx_word' id='word_1_143' title='bbox 1395 339 1524 366; x_wconf 83' lang='lat' dir='ltr'><strong>decorum</strong></span> <span class='ocrx_word' id='word_1_144' title='bbox 1537 345 1580 368; x_wconf 84' lang='lat' dir='ltr'><strong>cst</strong></span> <span class='ocrx_word' id='word_1_145' title='bbox 1598 345 1698 375; x_wconf 66' lang='lat' dir='ltr'><strong>utquaa</strong></span> <span class='ocrx_word' id='word_1_146' title='bbox 1710 342 1760 367; x_wconf 89' lang='lat' dir='ltr'><strong>all-</strong></span> 
     </span>
    </p>
   </div>
   <div class='ocr_carea' id='block_1_22' title="bbox 968 384 1760 418">
    <p class='ocr_par' dir='ltr' id='par_1_22' title="bbox 968 384 1760 418">
     <span class='ocr_line' id='line_1_22' title="bbox 968 384 1760 418; baseline 0.004 -7"><span class='ocrx_word' id='word_1_147' title='bbox 968 384 1046 418; x_wconf 80' lang='lat' dir='ltr'><strong>cujus</strong></span> <span class='ocrx_word' id='word_1_148' title='bbox 1062 386 1132 412; x_wconf 73' lang='lat' dir='ltr'><strong>uxor</strong></span> <span class='ocrx_word' id='word_1_149' title='bbox 1149 387 1244 412; x_wconf 85' lang='lat' dir='ltr'><strong>vocata</strong></span> <span class='ocrx_word' id='word_1_150' title='bbox 1260 386 1328 417; x_wconf 82' lang='lat' dir='ltr'><strong>erat,</strong></span> <span class='ocrx_word' id='word_1_151' title='bbox 1345 393 1406 412; x_wconf 91' lang='lat' dir='ltr'><strong>cum</strong></span> <span class='ocrx_word' id='word_1_152' title='bbox 1419 386 1506 413; x_wconf 88' lang='lat' dir='ltr'><strong>altero</strong></span> <span class='ocrx_word' id='word_1_153' title='bbox 1520 387 1671 415; x_wconf 84' lang='lat' dir='ltr'><strong>cohabitet.</strong></span> <span class='ocrx_word' id='word_1_154' title='bbox 1688 387 1760 414; x_wconf 90' lang='lat' dir='ltr'><strong>Dicit</strong></span> 
     </span>
    </p>
   </div>
   <div class='ocr_carea' id='block_1_23' title="bbox 967 429 1760 468">
    <p class='ocr_par' dir='ltr' id='par_1_23' title="bbox 967 429 1760 468">
     <span class='ocr_line' id='line_1_23' title="bbox 967 429 1760 468; baseline 0.005 -12"><span class='ocrx_word' id='word_1_155' title='bbox 967 429 1041 457; x_wconf 89' lang='lat' dir='ltr'><strong>enim</strong></span> <span class='ocrx_word' id='word_1_156' title='bbox 1058 430 1113 462; x_wconf 83' lang='lat' dir='ltr'><strong>lex,</strong></span> <span class='ocrx_word' id='word_1_157' title='bbox 1131 429 1160 457; x_wconf 90' lang='lat' dir='ltr'><strong>In</strong></span> <span class='ocrx_word' id='word_1_158' title='bbox 1175 430 1278 466; x_wconf 74' lang='lat' dir='ltr'><strong>nuptiis</strong></span> <span class='ocrx_word' id='word_1_159' title='bbox 1297 437 1352 458; x_wconf 87' lang='lat' dir='ltr'><strong>non</strong></span> <span class='ocrx_word' id='word_1_160' title='bbox 1366 431 1454 459; x_wconf 89' lang='lat' dir='ltr'><strong>solum</strong></span> <span class='ocrx_word' id='word_1_161' title='bbox 1467 432 1493 459; x_wconf 98' lang='lat' dir='ltr'><strong>id</strong></span> <span class='ocrx_word' id='word_1_162' title='bbox 1507 433 1580 467; x_wconf 83' lang='lat' dir='ltr'><strong>quod</strong></span> <span class='ocrx_word' id='word_1_163' title='bbox 1596 433 1760 468; x_wconf 88' lang='lat' dir='ltr'><strong>permissum</strong></span> 
     </span>
    </p>
   </div>
   <div class='ocr_carea' id='block_1_24' title="bbox 967 475 1618 510">
    <p class='ocr_par' dir='ltr' id='par_1_24' title="bbox 967 475 1618 510">
     <span class='ocr_line' id='line_1_24' title="bbox 967 475 1618 510; baseline 0.003 -7"><span class='ocrx_word' id='word_1_164' title='bbox 967 476 1021 507; x_wconf 73' lang='grc' dir='ltr'>εει,</span> <span class='ocrx_word' id='word_1_165' title='bbox 1038 475 1086 503; x_wconf 82' lang='lat' dir='ltr'><strong>sed</strong></span> <span class='ocrx_word' id='word_1_166' title='bbox 1099 476 1172 510; x_wconf 89' lang='lat' dir='ltr'><strong>quod</strong></span> <span class='ocrx_word' id='word_1_167' title='bbox 1184 476 1331 504; x_wconf 81' lang='lat' dir='ltr'><strong>honestum</strong></span> <span class='ocrx_word' id='word_1_168' title='bbox 1345 481 1386 504; x_wconf 78' lang='lat' dir='ltr'><strong>rst</strong></span> <span class='ocrx_word' id='word_1_169' title='bbox 1399 478 1618 506; x_wconf 82' lang='lat' dir='ltr'><strong>consideramus.</strong></span> 
     </span>
    </p>
   </div>
   <div class='ocr_carea' id='block_1_25' title="bbox 1004 521 1758 559">
    <p class='ocr_par' dir='ltr' id='par_1_25' title="bbox 1004 521 1758 559">
     <span class='ocr_line' id='line_1_25' title="bbox 1004 521 1758 559; baseline 0.007 -12"><span class='ocrx_word' id='word_1_170' title='bbox 1004 523 1032 548; x_wconf 93' lang='lat' dir='ltr'><strong>ln</strong></span> <span class='ocrx_word' id='word_1_171' title='bbox 1049 528 1109 548; x_wconf 90' lang='lat' dir='ltr'><strong>can.</strong></span> <span class='ocrx_word' id='word_1_172' title='bbox 1124 525 1215 548; x_wconf 90' lang='lat' dir='ltr'><strong>autem</strong></span> <span class='ocrx_word' id='word_1_173' title='bbox 1236 522 1280 558; x_wconf 65' lang='grc' dir='ltr'>ιδ,</span> <span class='ocrx_word' id='word_1_174' title='bbox 1295 521 1361 555; x_wconf 66' lang='lat' dir='ltr'><strong>Quae</strong></span> <span class='ocrx_word' id='word_1_175' title='bbox 1376 528 1391 549; x_wconf 86' lang='lat' dir='ltr'><strong>a</strong></span> <span class='ocrx_word' id='word_1_176' title='bbox 1408 523 1510 550; x_wconf 72' lang='lat' dir='ltr'><strong>ma‘rito</strong></span> <span class='ocrx_word' id='word_1_177' title='bbox 1527 531 1578 551; x_wconf 88' lang='lat' dir='ltr'><strong>suo</strong></span> <span class='ocrx_word' id='word_1_178' title='bbox 1593 529 1692 559; x_wconf 67' lang='lat' dir='ltr'><strong>praeter</strong></span> <span class='ocrx_word' id='word_1_179' title='bbox 1711 532 1758 552; x_wconf 81' lang='lat' dir='ltr'><strong>ra-</strong></span> 
     </span>
    </p>
   </div>
   <div class='ocr_carea' id='block_1_26' title="bbox 969 567 1758 604">
    <p class='ocr_par' dir='ltr' id='par_1_26' title="bbox 969 567 1758 604">
     <span class='ocr_line' id='line_1_26' title="bbox 969 567 1758 604; baseline 0.005 -10"><span class='ocrx_word' id='word_1_180' title='bbox 969 567 1071 594; x_wconf 84' lang='lat' dir='ltr'><strong>tionem</strong></span> <span class='ocrx_word' id='word_1_181' title='bbox 1093 567 1146 602; x_wconf 78' lang='lat'><strong>81</strong></span> <span class='ocrx_word' id='word_1_182' title='bbox 1167 567 1297 596; x_wconf 88' lang='lat' dir='ltr'><strong>derelicta</strong></span> <span class='ocrx_word' id='word_1_183' title='bbox 1318 573 1371 602; x_wconf 80' lang='lat' dir='ltr'><strong>est,</strong></span> <span class='ocrx_word' id='word_1_184' title='bbox 1397 576 1457 596; x_wconf 87' lang='lat' dir='ltr'><strong>mea</strong></span> <span class='ocrx_word' id='word_1_185' title='bbox 1478 569 1588 604; x_wconf 79' lang='lat' dir='ltr'><strong>quidem</strong></span> <span class='ocrx_word' id='word_1_186' title='bbox 1612 573 1758 602; x_wconf 84' lang='lat' dir='ltr'><strong>sententia,</strong></span> 
     </span>
    </p>
   </div>
   <div class='ocr_carea' id='block_1_27' title="bbox 969 612 1758 648">
    <p class='ocr_par' dir='ltr' id='par_1_27' title="bbox 969 612 1758 648">
     <span class='ocr_line' id='line_1_27' title="bbox 969 612 1758 648; baseline 0.006 -9"><span class='ocrx_word' id='word_1_187' title='bbox 969 613 1070 648; x_wconf 87' lang='lat' dir='ltr'><strong>inquit,</strong></span> <span class='ocrx_word' id='word_1_188' title='bbox 1088 615 1126 640; x_wconf 87' lang='lat' dir='ltr'><strong>ita</strong></span> <span class='ocrx_word' id='word_1_189' title='bbox 1140 621 1253 642; x_wconf 85' lang='lat' dir='ltr'><strong>manere</strong></span> <span class='ocrx_word' id='word_1_190' title='bbox 1267 614 1358 642; x_wconf 84' lang='lat' dir='ltr'><strong>debet.</strong></span> <span class='ocrx_word' id='word_1_191' title='bbox 1381 612 1515 643; x_wconf 80' lang='lat' dir='ltr'><strong>Dominus</strong></span> <span class='ocrx_word' id='word_1_192' title='bbox 1540 615 1611 643; x_wconf 89' lang='lat' dir='ltr'><strong>enim</strong></span> <span class='ocrx_word' id='word_1_193' title='bbox 1636 617 1731 644; x_wconf 84' lang='lat' dir='ltr'><strong>dicens</strong></span> <span class='ocrx_word' id='word_1_194' title='bbox 1751 625 1758 644; x_wconf 84' lang='lat'><strong>:</strong></span> 
     </span>
    </p>
   </div>
   <div class='ocr_carea' id='block_1_28' title="bbox 972 658 1759 696">
    <p class='ocr_par' dir='ltr' id='par_1_28' title="bbox 972 658 1759 696">
     <span class='ocr_line' id='line_1_28' title="bbox 972 658 1759 696; baseline 0.006 -11"><span class='ocrx_word' id='word_1_195' title='bbox 972 663 981 684; x_wconf 71' lang='grc' dir='ltr'>ἀ</span> <span class='ocrx_word' id='word_1_196' title='bbox 1001 658 1030 686; x_wconf 89' lang='lat' dir='ltr'><strong>Si</strong></span> <span class='ocrx_word' id='word_1_197' title='bbox 1047 659 1109 694; x_wconf 84' lang='lat' dir='ltr'><strong>quis</strong></span> <span class='ocrx_word' id='word_1_198' title='bbox 1123 664 1236 688; x_wconf 77' lang='lat' dir='ltr'><strong>uxorem</strong></span> <span class='ocrx_word' id='word_1_199' title='bbox 1253 668 1331 688; x_wconf 90' lang='lat' dir='ltr'><strong>suam</strong></span> <span class='ocrx_word' id='word_1_200' title='bbox 1360 661 1509 696; x_wconf 86' lang='lat' dir='ltr'><strong>relinquat,</strong></span> <span class='ocrx_word' id='word_1_201' title='bbox 1540 669 1599 690; x_wconf 88' lang='lat' dir='ltr'><strong>eam</strong></span> <span class='ocrx_word' id='word_1_202' title='bbox 1625 662 1759 690; x_wconf 62' lang='lat' dir='ltr'><strong>mecharl</strong></span> 
     </span>
    </p>
   </div>
   <div class='ocr_carea' id='block_1_29' title="bbox 970 704 1758 741">
    <p class='ocr_par' dir='ltr' id='par_1_29' title="bbox 970 704 1758 741">
     <span class='ocr_line' id='line_1_29' title="bbox 970 704 1758 741; baseline 0.006 -10"><span class='ocrx_word' id='word_1_203' title='bbox 970 704 1047 738; x_wconf 80' lang='lat' dir='ltr'><strong>facit,</strong></span> <span class='ocrx_word' id='word_1_204' title='bbox 1069 714 1078 730; x_wconf 75' lang='grc' dir='ltr'><strong>ι</strong></span> <span class='ocrx_word' id='word_1_205' title='bbox 1098 705 1168 733; x_wconf 80' lang='lat' dir='ltr'><strong>hanc</strong></span> <span class='ocrx_word' id='word_1_206' title='bbox 1186 705 1220 733; x_wconf 84' lang='lat' dir='ltr'><strong>ab</strong></span> <span class='ocrx_word' id='word_1_207' title='bbox 1234 705 1347 733; x_wconf 83' lang='lat' dir='ltr'><strong>alterius</strong></span> <span class='ocrx_word' id='word_1_208' title='bbox 1367 706 1418 733; x_wconf 82' lang='lat' dir='ltr'><strong>viri</strong></span> <span class='ocrx_word' id='word_1_209' title='bbox 1428 707 1567 735; x_wconf 82' lang='lat' dir='ltr'><strong>consortio</strong></span> <span class='ocrx_word' id='word_1_210' title='bbox 1593 713 1689 741; x_wconf 87' lang='lat' dir='ltr'><strong>arcet;</strong></span> <span class='ocrx_word' id='word_1_211' title='bbox 1705 716 1758 736; x_wconf 93' lang='lat' dir='ltr'><strong>non</strong></span> 
     </span>
    </p>
   </div>
   <div class='ocr_carea' id='block_1_30' title="bbox 974 750 1758 782">
    <p class='ocr_par' dir='ltr' id='par_1_30' title="bbox 974 750 1758 782">
     <span class='ocr_line' id='line_1_30' title="bbox 974 750 1758 782; baseline 0.005 -5"><span class='ocrx_word' id='word_1_212' title='bbox 974 750 1047 777; x_wconf 87' lang='lat' dir='ltr'><strong>enim</strong></span> <span class='ocrx_word' id='word_1_213' title='bbox 1076 750 1116 778; x_wconf 83' lang='lat' dir='ltr'><strong>fas</strong></span> <span class='ocrx_word' id='word_1_214' title='bbox 1131 755 1172 778; x_wconf 84' lang='lat' dir='ltr'><strong>est</strong></span> <span class='ocrx_word' id='word_1_215' title='bbox 1195 752 1323 778; x_wconf 86' lang='lat' dir='ltr'><strong>maritum</strong></span> <span class='ocrx_word' id='word_1_216' title='bbox 1339 752 1449 780; x_wconf 84' lang='lat' dir='ltr'><strong>crimini</strong></span> <span class='ocrx_word' id='word_1_217' title='bbox 1462 753 1588 782; x_wconf 82' lang='lat' dir='ltr'><strong>adulterii</strong></span> <span class='ocrx_word' id='word_1_218' title='bbox 1610 754 1758 782; x_wconf 85' lang='lat' dir='ltr'><strong>obnoxium</strong></span> 
     </span>
    </p>
   </div>
   <div class='ocr_carea' id='block_1_31' title="bbox 967 798 1758 834">
    <p class='ocr_par' dir='ltr' id='par_1_31' title="bbox 967 798 1758 834">
     <span class='ocr_line' id='line_1_31' title="bbox 967 798 1758 834; baseline 0.006 -11"><span class='ocrx_word' id='word_1_219' title='bbox 967 803 1039 828; x_wconf 87' lang='lat' dir='ltr'><strong>esse,</strong></span> <span class='ocrx_word' id='word_1_220' title='bbox 1054 803 1113 824; x_wconf 84' lang='lat' dir='ltr'><strong>eam</strong></span> <span class='ocrx_word' id='word_1_221' title='bbox 1129 804 1194 824; x_wconf 91' lang='lat' dir='ltr'><strong>vero</strong></span> <span class='ocrx_word' id='word_1_222' title='bbox 1214 798 1445 832; x_wconf 86' lang='lat' dir='ltr'><strong>irreprehensam,</strong></span> <span class='ocrx_word' id='word_1_223' title='bbox 1459 804 1519 834; x_wconf 69' lang='lat' dir='ltr'><strong>qum</strong></span> <span class='ocrx_word' id='word_1_224' title='bbox 1534 800 1657 827; x_wconf 85' lang='lat' dir='ltr'><strong>adultera</strong></span> <span class='ocrx_word' id='word_1_225' title='bbox 1674 808 1690 828; x_wconf 92' lang='lat' dir='ltr'><strong>a</strong></span> <span class='ocrx_word' id='word_1_226' title='bbox 1707 801 1758 828; x_wconf 76' lang='lat' dir='ltr'><strong>Do-</strong></span> 
     </span>
    </p>
   </div>
   <div class='ocr_carea' id='block_1_32' title="bbox 128 842 917 884">
    <p class='ocr_par' dir='ltr' id='par_1_32' title="bbox 128 844 916 884">
     <span class='ocr_line' id='line_1_32' title="bbox 128 844 916 884; baseline -0.001 -10"><span class='ocrx_word' id='word_1_227' title='bbox 128 848 252 884; x_wconf 76' lang='grc' dir='ltr'><strong>μοιχαλὶς</strong></span> <span class='ocrx_word' id='word_1_228' title='bbox 267 844 343 884; x_wconf 70' lang='grc' dir='ltr'>παρὰ</span> <span class='ocrx_word' id='word_1_229' title='bbox 362 848 410 874; x_wconf 83' lang='grc' dir='ltr'>τοῦ</span> <span class='ocrx_word' id='word_1_230' title='bbox 432 847 536 883; x_wconf 85' lang='grc' dir='ltr'>Κυρίου</span> <span class='ocrx_word' id='word_1_231' title='bbox 553 846 789 882; x_wconf 66' lang='grc' dir='ltr'>προσαγορεύεται</span> <span class='ocrx_word' id='word_1_232' title='bbox 808 846 852 873; x_wconf 60' lang='grc' dir='ltr'><strong>διὰ</strong></span> <span class='ocrx_word' id='word_1_233' title='bbox 866 844 916 881; x_wconf 83' lang='grc' dir='ltr'>τὴν</span> 
     </span>
    </p>
   </div>
   <div class='ocr_carea' id='block_1_33' title="bbox 973 842 1757 884">
    <p class='ocr_par' dir='ltr' id='par_1_33' title="bbox 973 842 1757 879">
     <span class='ocr_line' id='line_1_33' title="bbox 973 842 1757 879; baseline 0.009 -11"><span class='ocrx_word' id='word_1_234' title='bbox 973 842 1043 870; x_wconf 91' lang='lat' dir='ltr'><strong>mino</strong></span> <span class='ocrx_word' id='word_1_235' title='bbox 1073 848 1186 871; x_wconf 72' lang='lat' dir='ltr'><strong>vocatur</strong></span> <span class='ocrx_word' id='word_1_236' title='bbox 1213 847 1325 879; x_wconf 80' lang='lat' dir='ltr'><strong>prdpter</strong></span> <span class='ocrx_word' id='word_1_237' title='bbox 1339 845 1453 872; x_wconf 78' lang='lat' dir='ltr'><strong>alterius</strong></span> <span class='ocrx_word' id='word_1_238' title='bbox 1470 846 1520 872; x_wconf 86' lang='lat' dir='ltr'><strong>viri</strong></span> <span class='ocrx_word' id='word_1_239' title='bbox 1548 847 1757 875; x_wconf 74' lang='lat' dir='ltr'><strong>commercium.</strong></span> 
     </span>
    </p>
   </div>
   <div class='ocr_carea' id='block_1_34' title="bbox 127 882 917 930">
    <p class='ocr_par' dir='ltr' id='par_1_34' title="bbox 127 882 916 930">
     <span class='ocr_line' id='line_1_34' title="bbox 127 882 916 930; baseline -0.001 -10"><span class='ocrx_word' id='word_1_240' title='bbox 209 882 314 929; x_wconf 73' lang='grc' dir='ltr'>ἕτερον</span> <span class='ocrx_word' id='word_1_241' title='bbox 331 882 486 921; x_wconf 51' lang='grc' dir='ltr'>κοινωνίανξ</span> <span class='ocrx_word' id='word_1_242' title='bbox 504 894 587 921; x_wconf 74' lang='grc' dir='ltr'>Ἀλλὰ</span> <span class='ocrx_word' id='word_1_243' title='bbox 608 895 662 928; x_wconf 81' lang='grc' dir='ltr'><strong>γὰρ</strong></span> <span class='ocrx_word' id='word_1_244' title='bbox 680 893 755 924; x_wconf 82' lang='grc' dir='ltr'>ὅπως</span> <span class='ocrx_word' id='word_1_245' title='bbox 770 893 856 919; x_wconf 85' lang='grc' dir='ltr'>ταῦτα</span> <span class='ocrx_word' id='word_1_246' title='bbox 873 893 916 919; x_wconf 87' lang='grc' dir='ltr'>θε-</span> 
     </span>
    </p>
   </div>
   <div class='ocr_carea' id='block_1_35' title="bbox 973 882 1758 930">
    <p class='ocr_par' dir='ltr' id='par_1_35' title="bbox 973 889 1758 928">
     <span class='ocr_line' id='line_1_35' title="bbox 973 889 1758 928; baseline 0.006 -13"><span class='ocrx_word' id='word_1_247' title='bbox 973 889 1097 921; x_wconf 72' lang='lat' dir='ltr'><strong>Quaenam</strong></span> <span class='ocrx_word' id='word_1_248' title='bbox 1113 893 1205 916; x_wconf 90' lang='lat' dir='ltr'><strong>autem</strong></span> <span class='ocrx_word' id='word_1_249' title='bbox 1221 889 1263 917; x_wconf 86' lang='lat' dir='ltr'><strong>his</strong></span> <span class='ocrx_word' id='word_1_250' title='bbox 1282 890 1417 918; x_wconf 80' lang='lat' dir='ltr'><strong>medicina</strong></span> <span class='ocrx_word' id='word_1_251' title='bbox 1430 891 1601 924; x_wconf 83' lang='lat' dir='ltr'><strong>adhibeatur,</strong></span> <span class='ocrx_word' id='word_1_252' title='bbox 1611 899 1643 920; x_wconf 78' lang='lat' dir='ltr'><strong>ex</strong></span> <span class='ocrx_word' id='word_1_253' title='bbox 1653 892 1758 928; x_wconf 76' lang='lat' dir='ltr'><strong>legibus</strong></span> 
     </span>
    </p>
   </div>
   <div class='ocr_carea' id='block_1_36' title="bbox 129 937 916 975">
    <p class='ocr_par' dir='ltr' id='par_1_36' title="bbox 129 937 916 975">
     <span class='ocr_line' id='line_1_36' title="bbox 129 937 916 975; baseline -0.003 -9"><span class='ocrx_word' id='word_1_254' title='bbox 129 940 288 975; x_wconf 72' lang='grc' dir='ltr'>ριπεύεται,</span> <span class='ocrx_word' id='word_1_255' title='bbox 307 940 502 975; x_wconf 75' lang='grc' dir='ltr'>ἀκριϐέστερον</span> <span class='ocrx_word' id='word_1_256' title='bbox 527 941 558 966; x_wconf 75' lang='grc' dir='ltr'>ὲκ</span> <span class='ocrx_word' id='word_1_257' title='bbox 579 939 634 965; x_wconf 86' lang='grc' dir='ltr'><strong>τῶν</strong></span> <span class='ocrx_word' id='word_1_258' title='bbox 660 937 809 965; x_wconf 66' lang='grc' dir='ltr'>πολιτικῶν</span> <span class='ocrx_word' id='word_1_259' title='bbox 826 939 916 973; x_wconf 84' lang='grc' dir='ltr'>μεμά-</span> 
     </span>
    </p>
   </div>
   <div class='ocr_carea' id='block_1_37' title="bbox 127 986 335 1022">
    <p class='ocr_par' dir='ltr' id='par_1_37' title="bbox 127 986 335 1022">
     <span class='ocr_line' id='line_1_37' title="bbox 127 986 335 1022; baseline -0.005 -9"><span class='ocrx_word' id='word_1_260' title='bbox 127 986 217 1021; x_wconf 86' lang='grc' dir='ltr'>θηκας</span> <span class='ocrx_word' id='word_1_261' title='bbox 233 986 335 1022; x_wconf 84' lang='grc' dir='ltr'>νόμων.</span> 
     </span>
    </p>
   </div>
   <div class='ocr_carea' id='block_1_38' title="bbox 168 1029 917 1069">
    <p class='ocr_par' dir='ltr' id='par_1_38' title="bbox 168 1029 917 1069">
     <span class='ocr_line' id='line_1_38' title="bbox 168 1029 917 1069; baseline -0.001 -10"><span class='ocrx_word' id='word_1_262' title='bbox 168 1032 249 1059; x_wconf 78' lang='grc' dir='ltr'>Ἀλλὰ</span> <span class='ocrx_word' id='word_1_263' title='bbox 273 1033 320 1060; x_wconf 74' lang='grc' dir='ltr'>καὶ</span> <span class='ocrx_word' id='word_1_264' title='bbox 335 1033 350 1059; x_wconf 79' lang='grc' dir='ltr'>ὁ</span> <span class='ocrx_word' id='word_1_265' title='bbox 369 1031 419 1067; x_wconf 81' lang='grc' dir='ltr'>τῆς</span> <span class='ocrx_word' id='word_1_266' title='bbox 434 1033 463 1060; x_wconf 83' lang='grc' dir='ltr'>ὲν</span> <span class='ocrx_word' id='word_1_267' title='bbox 479 1029 643 1069; x_wconf 69' lang='grc' dir='ltr'>Καρθαγένῄ</span> <span class='ocrx_word' id='word_1_268' title='bbox 665 1036 711 1068; x_wconf 66' lang='grc' dir='ltr'><strong>ρξ’</strong></span> <span class='ocrx_word' id='word_1_269' title='bbox 728 1033 795 1064; x_wconf 76' lang='grc' dir='ltr'>τοὺς</span> <span class='ocrx_word' id='word_1_270' title='bbox 828 1032 917 1059; x_wconf 81' lang='grc' dir='ltr'>διαλυ-</span> 
     </span>
    </p>
   </div>
   <div class='ocr_carea' id='block_1_39' title="bbox 127 1076 917 1114">
    <p class='ocr_par' dir='ltr' id='par_1_39' title="bbox 127 1076 917 1114">
     <span class='ocr_line' id='line_1_39' title="bbox 127 1076 917 1114; baseline -0.001 -9"><span class='ocrx_word' id='word_1_271' title='bbox 127 1078 225 1110; x_wconf 76' lang='grc' dir='ltr'>θέντας</span> <span class='ocrx_word' id='word_1_272' title='bbox 235 1078 286 1112; x_wconf 82' lang='grc' dir='ltr'>τῆς</span> <span class='ocrx_word' id='word_1_273' title='bbox 306 1079 353 1106; x_wconf 78' lang='grc' dir='ltr'><strong>τοῦ</strong></span> <span class='ocrx_word' id='word_1_274' title='bbox 374 1079 466 1114; x_wconf 83' lang='grc' dir='ltr'>γάμου</span> <span class='ocrx_word' id='word_1_275' title='bbox 493 1079 653 1114; x_wconf 79' lang='grc' dir='ltr'>συναφείας,</span> <span class='ocrx_word' id='word_1_276' title='bbox 673 1079 689 1114; x_wconf 83' lang='grc' dir='ltr'><strong>ἢ</strong></span> <span class='ocrx_word' id='word_1_277' title='bbox 710 1076 837 1113; x_wconf 76' lang='grc' dir='ltr'>ἀλλήλοις</span> <span class='ocrx_word' id='word_1_278' title='bbox 854 1086 917 1105; x_wconf 86' lang='grc' dir='ltr'>κατ-</span> 
     </span>
    </p>
   </div>
   <div class='ocr_carea' id='block_1_40' title="bbox 127 1123 917 1160">
    <p class='ocr_par' dir='ltr' id='par_1_40' title="bbox 127 1123 917 1160">
     <span class='ocr_line' id='line_1_40' title="bbox 127 1123 917 1160; baseline -0.003 -8"><span class='ocrx_word' id='word_1_279' title='bbox 127 1125 320 1158; x_wconf 75' lang='grc' dir='ltr'>αλλάττεσθαι,</span> <span class='ocrx_word' id='word_1_280' title='bbox 344 1125 361 1160; x_wconf 82' lang='grc' dir='ltr'>ἢ</span> <span class='ocrx_word' id='word_1_281' title='bbox 399 1125 471 1152; x_wconf 78' lang='grc' dir='ltr'>οὕτω</span> <span class='ocrx_word' id='word_1_282' title='bbox 503 1125 593 1160; x_wconf 74' lang='grc' dir='ltr'>μένειν</span> <span class='ocrx_word' id='word_1_283' title='bbox 627 1123 822 1155; x_wconf 64' lang='grc' dir='ltr'>διακελεύεται,</span> <span class='ocrx_word' id='word_1_284' title='bbox 846 1123 917 1150; x_wconf 80' lang='grc' dir='ltr'>κατᾶ</span> 
     </span>
    </p>
   </div>
   <div class='ocr_carea' id='block_1_41' title="bbox 126 1169 914 1206">
    <p class='ocr_par' dir='ltr' id='par_1_41' title="bbox 126 1169 914 1206">
     <span class='ocr_line' id='line_1_41' title="bbox 126 1169 914 1206; baseline -0.001 -10"><span class='ocrx_word' id='word_1_285' title='bbox 126 1171 177 1205; x_wconf 84' lang='grc' dir='ltr'>τὴν</span> <span class='ocrx_word' id='word_1_286' title='bbox 190 1171 236 1198; x_wconf 82' lang='grc' dir='ltr'><strong>τοῦ</strong></span> <span class='ocrx_word' id='word_1_287' title='bbox 247 1172 349 1206; x_wconf 79' lang='grc' dir='ltr'>Κυρίου</span> <span class='ocrx_word' id='word_1_288' title='bbox 369 1171 524 1205; x_wconf 73' lang='grc' dir='ltr'>ἀπόφασιν·</span> <span class='ocrx_word' id='word_1_289' title='bbox 538 1182 546 1198; x_wconf 83' lang='grc' dir='ltr'><strong>ι</strong></span> <span class='ocrx_word' id='word_1_290' title='bbox 560 1170 613 1202; x_wconf 80' lang='grc' dir='ltr'><strong>Οὓς</strong></span> <span class='ocrx_word' id='word_1_291' title='bbox 630 1172 644 1197; x_wconf 83' lang='grc' dir='ltr'>ὁ</span> <span class='ocrx_word' id='word_1_292' title='bbox 659 1170 726 1203; x_wconf 74' lang='grc' dir='ltr'>Θεὸς</span> <span class='ocrx_word' id='word_1_293' title='bbox 744 1169 914 1202; x_wconf 80' lang='grc' dir='ltr'><strong>συνέζευξεν,</strong></span> 
     </span>
    </p>
   </div>
   <div class='ocr_carea' id='block_1_42' title="bbox 126 1208 916 1252">
    <p class='ocr_par' dir='ltr' id='par_1_42' title="bbox 126 1208 916 1252">
     <span class='ocr_line' id='line_1_42' title="bbox 126 1208 916 1252; baseline -0.003 -9"><span class='ocrx_word' id='word_1_294' title='bbox 126 1215 271 1251; x_wconf 72' lang='grc' dir='ltr'>ἄνθρωπος</span> <span class='ocrx_word' id='word_1_295' title='bbox 283 1217 319 1252; x_wconf 85' lang='grc' dir='ltr'>μὴ</span> <span class='ocrx_word' id='word_1_296' title='bbox 329 1215 484 1252; x_wconf 83' lang='grc' dir='ltr'>χωριζέτω·</span> <span class='ocrx_word' id='word_1_297' title='bbox 493 1225 502 1241; x_wconf 84' lang='grc' dir='ltr'><strong>ι</strong></span> <span class='ocrx_word' id='word_1_298' title='bbox 516 1216 563 1244; x_wconf 80' lang='grc' dir='ltr'>καὶ</span> <span class='ocrx_word' id='word_1_299' title='bbox 571 1215 619 1242; x_wconf 80' lang='grc' dir='ltr'><strong>τοῦ</strong></span> <span class='ocrx_word' id='word_1_300' title='bbox 630 1208 806 1247; x_wconf 50' lang='grc' dir='ltr'>’Δποάτόλοψ</span> <span class='ocrx_word' id='word_1_301' title='bbox 819 1223 829 1241; x_wconf 78' lang='grc' dir='ltr'><strong>ι</strong></span> <span class='ocrx_word' id='word_1_302' title='bbox 840 1215 916 1242; x_wconf 82' lang='grc' dir='ltr'>Δέδε-</span> 
     </span>
    </p>
   </div>
   <div class='ocr_carea' id='block_1_43' title="bbox 127 1259 918 1298">
    <p class='ocr_par' dir='ltr' id='par_1_43' title="bbox 127 1259 918 1298">
     <span class='ocr_line' id='line_1_43' title="bbox 127 1259 918 1298; baseline -0.003 -9"><span class='ocrx_word' id='word_1_303' title='bbox 127 1271 175 1289; x_wconf 81' lang='grc' dir='ltr'><strong>σαι</strong></span> <span class='ocrx_word' id='word_1_304' title='bbox 186 1262 315 1297; x_wconf 85' lang='grc' dir='ltr'>γυναικί;</span> <span class='ocrx_word' id='word_1_305' title='bbox 330 1263 366 1297; x_wconf 84' lang='grc' dir='ltr'>μὴ</span> <span class='ocrx_word' id='word_1_306' title='bbox 382 1262 457 1298; x_wconf 83' lang='grc' dir='ltr'>ζήτει</span> <span class='ocrx_word' id='word_1_307' title='bbox 468 1262 555 1289; x_wconf 77' lang='grc' dir='ltr'>λύσιν.</span> <span class='ocrx_word' id='word_1_308' title='bbox 576 1271 585 1288; x_wconf 75' lang='grc' dir='ltr'><strong>ι</strong></span> <span class='ocrx_word' id='word_1_309' title='bbox 606 1262 688 1296; x_wconf 83' lang='grc' dir='ltr'>Ζήτει</span> <span class='ocrx_word' id='word_1_310' title='bbox 701 1262 749 1289; x_wconf 78' lang='grc' dir='ltr'>καὶ</span> <span class='ocrx_word' id='word_1_311' title='bbox 767 1261 796 1288; x_wconf 72' lang='grc' dir='ltr'><strong>τὺ</strong></span> <span class='ocrx_word' id='word_1_312' title='bbox 817 1259 842 1288; x_wconf 86' lang='grc' dir='ltr'>θ’</span> <span class='ocrx_word' id='word_1_313' title='bbox 873 1269 918 1288; x_wconf 86' lang='grc' dir='ltr'>κε-</span> 
     </span>
    </p>
   </div>
   <div class='ocr_carea' id='block_1_44' title="bbox 128 1306 917 1344">
    <p class='ocr_par' dir='ltr' id='par_1_44' title="bbox 128 1306 917 1344">
     <span class='ocr_line' id='line_1_44' title="bbox 128 1306 917 1344; baseline -0.001 -10"><span class='ocrx_word' id='word_1_314' title='bbox 128 1308 246 1342; x_wconf 81' lang='grc' dir='ltr'>φάλαιον</span> <span class='ocrx_word' id='word_1_315' title='bbox 261 1308 308 1335; x_wconf 83' lang='grc' dir='ltr'><strong>τοῦ</strong></span> <span class='ocrx_word' id='word_1_316' title='bbox 333 1309 355 1335; x_wconf 86' lang='grc' dir='ltr'><strong>Β</strong></span> <span class='ocrx_word' id='word_1_317' title='bbox 378 1308 512 1344; x_wconf 77' lang='grc' dir='ltr'>στοιχείου</span> <span class='ocrx_word' id='word_1_318' title='bbox 538 1310 602 1344; x_wconf 72' lang='grc' dir='ltr'>περὶ</span> <span class='ocrx_word' id='word_1_319' title='bbox 626 1308 680 1335; x_wconf 82' lang='grc' dir='ltr'>τῶν</span> <span class='ocrx_word' id='word_1_320' title='bbox 708 1307 771 1340; x_wconf 82' lang='grc' dir='ltr'>τοὺς</span> <span class='ocrx_word' id='word_1_321' title='bbox 788 1306 917 1342; x_wconf 66' lang='grc' dir='ltr'>ἐννόμους</span> 
     </span>
    </p>
   </div>
   <div class='ocr_carea' id='block_1_45' title="bbox 127 1354 478 1390">
    <p class='ocr_par' dir='ltr' id='par_1_45' title="bbox 127 1354 478 1390">
     <span class='ocr_line' id='line_1_45' title="bbox 127 1354 478 1390; baseline -0.006 -8"><span class='ocrx_word' id='word_1_322' title='bbox 127 1354 234 1390; x_wconf 81' lang='grc' dir='ltr'>γάμους</span> <span class='ocrx_word' id='word_1_323' title='bbox 249 1354 478 1390; x_wconf 74' lang='grc' dir='ltr'>βδελυττομένων.</span> 
     </span>
    </p>
   </div>
   <div class='ocr_carea' id='block_1_46' title="bbox 129 1388 918 1435">
    <p class='ocr_par' dir='ltr' id='par_1_46' title="bbox 129 1388 918 1435">
     <span class='ocr_line' id='line_1_46' title="bbox 129 1388 918 1435; baseline -0.003 -7"><span class='ocrx_word' id='word_1_324' title='bbox 129 1388 256 1429; x_wconf 56' lang='grc' dir='ltr'><strong>ΚΕΦᾹΛξ</strong></span> <span class='ocrx_word' id='word_1_325' title='bbox 280 1396 329 1429; x_wconf 86' lang='lat' dir='ltr'><strong>lZ&#39;.</strong></span> <span class='ocrx_word' id='word_1_326' title='bbox 346 1402 410 1428; x_wconf 81' lang='grc' dir='ltr'><strong>ὀτι</strong></span> <span class='ocrx_word' id='word_1_327' title='bbox 431 1401 492 1428; x_wconf 82' lang='grc' dir='ltr'><strong>τῶν</strong></span> <span class='ocrx_word' id='word_1_328' title='bbox 515 1400 599 1428; x_wconf 71' lang='grc' dir='ltr'>ἰδίων</span> <span class='ocrx_word' id='word_1_329' title='bbox 626 1400 780 1435; x_wconf 72' lang='grc' dir='ltr'>γυναικῶν</span> <span class='ocrx_word' id='word_1_330' title='bbox 802 1388 918 1435; x_wconf 58' lang='grc' dir='ltr'>χωρίζε-</span> 
     </span>
    </p>
   </div>
   <div class='ocr_carea' id='block_1_47' title="bbox 129 1434 741 1470">
    <p class='ocr_par' dir='ltr' id='par_1_47' title="bbox 129 1434 741 1470">
     <span class='ocr_line' id='line_1_47' title="bbox 129 1434 741 1470; baseline -0.002 -6"><span class='ocrx_word' id='word_1_331' title='bbox 310 1437 382 1464; x_wconf 69' lang='grc' dir='ltr'>σθαι</span> <span class='ocrx_word' id='word_1_332' title='bbox 396 1436 444 1463; x_wconf 81' lang='grc' dir='ltr'><strong>δεῖ</strong></span> <span class='ocrx_word' id='word_1_333' title='bbox 455 1435 526 1470; x_wconf 83' lang='grc' dir='ltr'>τοὺς</span> <span class='ocrx_word' id='word_1_334' title='bbox 541 1434 741 1469; x_wconf 66' lang='grc' dir='ltr'>ἐπισκόπους.</span> 
     </span>
    </p>
   </div>
   <div class='ocr_carea' id='block_1_48' title="bbox 165 1481 916 1518">
    <p class='ocr_par' dir='ltr' id='par_1_48' title="bbox 165 1481 916 1518">
     <span class='ocr_line' id='line_1_48' title="bbox 165 1481 916 1518; baseline -0.003 -9"><span class='ocrx_word' id='word_1_335' title='bbox 165 1483 198 1509; x_wconf 81' lang='grc' dir='ltr'><strong>οι</strong></span> <span class='ocrx_word' id='word_1_336' title='bbox 215 1483 265 1518; x_wconf 80' lang='grc' dir='ltr'>τῆς</span> <span class='ocrx_word' id='word_1_337' title='bbox 282 1482 366 1518; x_wconf 73' lang='grc' dir='ltr'>ἓκτης</span> <span class='ocrx_word' id='word_1_338' title='bbox 391 1482 503 1509; x_wconf 80' lang='grc' dir='ltr'>συνόδου</span> <span class='ocrx_word' id='word_1_339' title='bbox 527 1482 596 1508; x_wconf 89' lang='grc' dir='ltr'>θεῖοι</span> <span class='ocrx_word' id='word_1_340' title='bbox 622 1482 744 1517; x_wconf 78' lang='grc' dir='ltr'>Πατὲρες</span> <span class='ocrx_word' id='word_1_341' title='bbox 768 1482 797 1507; x_wconf 80' lang='grc' dir='ltr'>ὲν</span> <span class='ocrx_word' id='word_1_342' title='bbox 821 1481 858 1516; x_wconf 88' lang='grc' dir='ltr'>τῷ</span> <span class='ocrx_word' id='word_1_343' title='bbox 883 1481 916 1517; x_wconf 86' lang='grc' dir='ltr'><strong>ιβ’</strong></span> 
     </span>
    </p>
   </div>
   <div class='ocr_carea' id='block_1_49' title="bbox 101 1527 919 1566">
    <p class='ocr_par' dir='ltr' id='par_1_49' title="bbox 101 1527 919 1566">
     <span class='ocr_line' id='line_1_49' title="bbox 101 1527 919 1566; baseline -0.002 -10"><span class='ocrx_word' id='word_1_344' title='bbox 101 1564 103 1566; x_wconf 22' lang='grc' dir='ltr'><strong><em>τ</em></strong></span> <span class='ocrx_word' id='word_1_345' title='bbox 129 1529 223 1556; x_wconf 80' lang='grc' dir='ltr'>κανόνι</span> <span class='ocrx_word' id='word_1_346' title='bbox 252 1529 415 1564; x_wconf 80' lang='grc' dir='ltr'>ἀπείργουσι</span> <span class='ocrx_word' id='word_1_347' title='bbox 432 1529 496 1560; x_wconf 78' lang='grc' dir='ltr'>τοὺς</span> <span class='ocrx_word' id='word_1_348' title='bbox 511 1528 653 1564; x_wconf 73' lang='grc' dir='ltr'>ἀρχιερεῖς</span> <span class='ocrx_word' id='word_1_349' title='bbox 675 1528 745 1562; x_wconf 84' lang='grc' dir='ltr'>μετὰ</span> <span class='ocrx_word' id='word_1_350' title='bbox 765 1527 814 1562; x_wconf 83' lang='grc' dir='ltr'>τὴν</span> <span class='ocrx_word' id='word_1_351' title='bbox 829 1534 919 1562; x_wconf 81' lang='grc' dir='ltr'>χειρο-</span> 
     </span>
    </p>
   </div>
   <div class='ocr_carea' id='block_1_50' title="bbox 129 1574 917 1610">
    <p class='ocr_par' dir='ltr' id='par_1_50' title="bbox 129 1574 917 1610">
     <span class='ocr_line' id='line_1_50' title="bbox 129 1574 917 1610; baseline -0.003 -8"><span class='ocrx_word' id='word_1_352' title='bbox 129 1575 222 1602; x_wconf 78' lang='grc' dir='ltr'>τονίαν</span> <span class='ocrx_word' id='word_1_353' title='bbox 249 1577 385 1603; x_wconf 80' lang='grc' dir='ltr'>συνοικεῖν</span> <span class='ocrx_word' id='word_1_354' title='bbox 415 1576 483 1607; x_wconf 80' lang='grc' dir='ltr'>ὅλως</span> <span class='ocrx_word' id='word_1_355' title='bbox 503 1577 564 1607; x_wconf 81' lang='grc' dir='ltr'>ταῖς</span> <span class='ocrx_word' id='word_1_356' title='bbox 591 1575 645 1610; x_wconf 79' lang='grc' dir='ltr'>πρὸ</span> <span class='ocrx_word' id='word_1_357' title='bbox 673 1574 724 1610; x_wconf 85' lang='grc' dir='ltr'>τῆς</span> <span class='ocrx_word' id='word_1_358' title='bbox 751 1574 917 1610; x_wconf 76' lang='grc' dir='ltr'>χειροτονίας</span> 
     </span>
    </p>
   </div>
   <div class='ocr_carea' id='block_1_51' title="bbox 130 1621 918 1658">
    <p class='ocr_par' dir='ltr' id='par_1_51' title="bbox 130 1621 918 1658">
     <span class='ocr_line' id='line_1_51' title="bbox 130 1621 918 1658; baseline -0.003 -10"><span class='ocrx_word' id='word_1_359' title='bbox 130 1621 243 1658; x_wconf 76' lang='grc' dir='ltr'>θεσμοῖς</span> <span class='ocrx_word' id='word_1_360' title='bbox 255 1621 346 1657; x_wconf 78' lang='grc' dir='ltr'>γάμου</span> <span class='ocrx_word' id='word_1_361' title='bbox 363 1621 556 1656; x_wconf 70' lang='grc' dir='ltr'>συναφθείσαις</span> <span class='ocrx_word' id='word_1_362' title='bbox 569 1621 661 1652; x_wconf 76' lang='grc' dir='ltr'>αὐτοῖς</span> <span class='ocrx_word' id='word_1_363' title='bbox 675 1622 793 1655; x_wconf 60' lang='grc' dir='ltr'>γυναιξὶι</span> <span class='ocrx_word' id='word_1_364' title='bbox 808 1621 855 1647; x_wconf 82' lang='grc' dir='ltr'><strong>καί</strong></span> <span class='ocrx_word' id='word_1_365' title='bbox 866 1629 918 1655; x_wconf 86' lang='grc' dir='ltr'>φα-</span> 
     </span>
    </p>
   </div>
   <div class='ocr_carea' id='block_1_52' title="bbox 131 1667 918 1703">
    <p class='ocr_par' dir='ltr' id='par_1_52' title="bbox 131 1667 918 1703">
     <span class='ocr_line' id='line_1_52' title="bbox 131 1667 918 1703; baseline -0.003 -9"><span class='ocrx_word' id='word_1_366' title='bbox 131 1672 192 1694; x_wconf 77' lang='grc' dir='ltr'>σιν·</span> <span class='ocrx_word' id='word_1_367' title='bbox 209 1668 267 1695; x_wconf 74' lang='grc' dir='ltr'><strong>Οὐκ</strong></span> <span class='ocrx_word' id='word_1_368' title='bbox 278 1667 322 1694; x_wconf 76' lang='grc' dir='ltr'><strong>ἐπ’</strong></span> <span class='ocrx_word' id='word_1_369' title='bbox 337 1667 465 1702; x_wconf 78' lang='grc' dir='ltr'>ἁθετήσει</span> <span class='ocrx_word' id='word_1_370' title='bbox 479 1667 533 1694; x_wconf 83' lang='grc' dir='ltr'>τῶν</span> <span class='ocrx_word' id='word_1_371' title='bbox 543 1667 600 1698; x_wconf 86' lang='grc' dir='ltr'>τοῖς</span> <span class='ocrx_word' id='word_1_372' title='bbox 617 1667 700 1703; x_wconf 81' lang='grc' dir='ltr'>ἱεροῖς</span> <span class='ocrx_word' id='word_1_373' title='bbox 715 1667 876 1698; x_wconf 79' lang='grc' dir='ltr'>ἀποστόλοις</span> <span class='ocrx_word' id='word_1_374' title='bbox 889 1667 918 1692; x_wconf 84' lang='grc' dir='ltr'>ὲν</span> 
     </span>
    </p>
   </div>
   <div class='ocr_carea' id='block_1_53' title="bbox 129 1713 919 1749">
    <p class='ocr_par' dir='ltr' id='par_1_53' title="bbox 129 1713 919 1749">
     <span class='ocr_line' id='line_1_53' title="bbox 129 1713 919 1749; baseline -0.001 -9"><span class='ocrx_word' id='word_1_375' title='bbox 129 1713 170 1749; x_wconf 79' lang='grc' dir='ltr'><strong>τῷ</strong></span> <span class='ocrx_word' id='word_1_376' title='bbox 189 1715 307 1749; x_wconf 82' lang='grc' dir='ltr'><strong>πέμπτῳ</strong></span> <span class='ocrx_word' id='word_1_377' title='bbox 319 1713 575 1749; x_wconf 81' lang='grc' dir='ltr'>νενομοθετημένων</span> <span class='ocrx_word' id='word_1_378' title='bbox 591 1714 683 1741; x_wconf 78' lang='grc' dir='ltr'>κανόνι</span> <span class='ocrx_word' id='word_1_379' title='bbox 697 1713 776 1740; x_wconf 82' lang='grc' dir='ltr'>τοῦτο</span> <span class='ocrx_word' id='word_1_380' title='bbox 793 1713 919 1745; x_wconf 83' lang='grc' dir='ltr'>θεσπίζο-</span> 
     </span>
    </p>
   </div>
   <div class='ocr_carea' id='block_1_54' title="bbox 132 1757 918 1795">
    <p class='ocr_par' dir='ltr' id='par_1_54' title="bbox 132 1757 918 1795">
     <span class='ocr_line' id='line_1_54' title="bbox 132 1757 918 1795; baseline -0.001 -9"><span class='ocrx_word' id='word_1_381' title='bbox 132 1768 195 1795; x_wconf 81' lang='grc' dir='ltr'>μεν,</span> <span class='ocrx_word' id='word_1_382' title='bbox 207 1760 275 1787; x_wconf 80' lang='grc' dir='ltr'>ἀλλὰ</span> <span class='ocrx_word' id='word_1_383' title='bbox 290 1760 339 1795; x_wconf 80' lang='grc' dir='ltr'>τὴν</span> <span class='ocrx_word' id='word_1_384' title='bbox 355 1760 402 1788; x_wconf 73' lang='grc' dir='ltr'><strong>ἐπὶ</strong></span> <span class='ocrx_word' id='word_1_385' title='bbox 414 1761 444 1786; x_wconf 74' lang='grc' dir='ltr'>τὸ</span> <span class='ocrx_word' id='word_1_386' title='bbox 459 1761 585 1795; x_wconf 79' lang='grc' dir='ltr'>κρεῖττον</span> <span class='ocrx_word' id='word_1_387' title='bbox 596 1760 718 1787; x_wconf 81' lang='grc' dir='ltr'>ἐπίδοσιν</span> <span class='ocrx_word' id='word_1_388' title='bbox 732 1759 782 1794; x_wconf 89' lang='grc' dir='ltr'>τῆς</span> <span class='ocrx_word' id='word_1_389' title='bbox 800 1757 918 1793; x_wconf 77' lang='grc' dir='ltr'>Ἐκκλη-</span> 
     </span>
    </p>
   </div>
   <div class='ocr_carea' id='block_1_55' title="bbox 131 1805 917 1842">
    <p class='ocr_par' dir='ltr' id='par_1_55' title="bbox 131 1805 917 1842">
     <span class='ocr_line' id='line_1_55' title="bbox 131 1805 917 1842; baseline -0.003 -9"><span class='ocrx_word' id='word_1_390' title='bbox 131 1806 193 1838; x_wconf 72' lang='lat' dir='ltr'><strong>aia;</strong></span> <span class='ocrx_word' id='word_1_391' title='bbox 207 1806 482 1842; x_wconf 78' lang='grc' dir='ltr'>πραγματευόμενοι.</span> <span class='ocrx_word' id='word_1_392' title='bbox 497 1805 529 1832; x_wconf 80' lang='grc' dir='ltr'><strong>οι</strong></span> <span class='ocrx_word' id='word_1_393' title='bbox 547 1805 597 1841; x_wconf 76' lang='grc' dir='ltr'>μὲν</span> <span class='ocrx_word' id='word_1_394' title='bbox 610 1805 664 1840; x_wconf 84' lang='grc' dir='ltr'><strong>γὰρ</strong></span> <span class='ocrx_word' id='word_1_395' title='bbox 679 1806 746 1832; x_wconf 89' lang='grc' dir='ltr'>θεῖοι</span> <span class='ocrx_word' id='word_1_396' title='bbox 759 1805 917 1837; x_wconf 81' lang='grc' dir='ltr'>ἀπόστολοι,</span> 
     </span>
    </p>
   </div>
   <div class='ocr_carea' id='block_1_56' title="bbox 132 1850 917 1888">
    <p class='ocr_par' dir='ltr' id='par_1_56' title="bbox 132 1850 917 1888">
     <span class='ocr_line' id='line_1_56' title="bbox 132 1850 917 1888; baseline -0.003 -9"><span class='ocrx_word' id='word_1_397' title='bbox 132 1853 197 1887; x_wconf 80' lang='grc' dir='ltr'>ἄρτι</span> <span class='ocrx_word' id='word_1_398' title='bbox 212 1853 261 1887; x_wconf 85' lang='grc' dir='ltr'>τῆς</span> <span class='ocrx_word' id='word_1_399' title='bbox 282 1851 447 1888; x_wconf 82' lang='grc' dir='ltr'>Ἐκκλησίας</span> <span class='ocrx_word' id='word_1_400' title='bbox 474 1853 508 1887; x_wconf 76' lang='grc' dir='ltr'>τῇ</span> <span class='ocrx_word' id='word_1_401' title='bbox 535 1852 591 1879; x_wconf 79' lang='grc' dir='ltr'>τῶν</span> <span class='ocrx_word' id='word_1_402' title='bbox 607 1851 745 1879; x_wconf 82' lang='grc' dir='ltr'>Ἰουδαίων</span> <span class='ocrx_word' id='word_1_403' title='bbox 769 1850 917 1886; x_wconf 75' lang='grc' dir='ltr'>παχύτητι,</span> 
     </span>
    </p>
   </div>
   <div class='ocr_carea' id='block_1_57' title="bbox 133 1896 918 1934">
    <p class='ocr_par' dir='ltr' id='par_1_57' title="bbox 133 1896 918 1934">
     <span class='ocr_line' id='line_1_57' title="bbox 133 1896 918 1934; baseline -0.003 -10"><span class='ocrx_word' id='word_1_404' title='bbox 133 1899 181 1926; x_wconf 76' lang='grc' dir='ltr'><strong>καὶ</strong></span> <span class='ocrx_word' id='word_1_405' title='bbox 197 1900 230 1933; x_wconf 81' lang='grc' dir='ltr'>τῇ</span> <span class='ocrx_word' id='word_1_406' title='bbox 256 1898 402 1934; x_wconf 79' lang='grc' dir='ltr'>Ἑλληνικῇ</span> <span class='ocrx_word' id='word_1_407' title='bbox 419 1898 629 1933; x_wconf 83' lang='grc' dir='ltr'>δεισιδαιμονίᾳ,</span> <span class='ocrx_word' id='word_1_408' title='bbox 649 1897 735 1924; x_wconf 80' lang='grc' dir='ltr'>πολλὰ</span> <span class='ocrx_word' id='word_1_409' title='bbox 762 1898 868 1932; x_wconf 79' lang='grc' dir='ltr'>χαίρειν</span> <span class='ocrx_word' id='word_1_410' title='bbox 878 1896 918 1922; x_wconf 85' lang='grc' dir='ltr'><strong>εἰ-</strong></span> 
     </span>
    </p>
   </div>
   <div class='ocr_carea' id='block_1_58' title="bbox 132 1940 919 1978">
    <p class='ocr_par' dir='ltr' id='par_1_58' title="bbox 132 1940 919 1978">
     <span class='ocr_line' id='line_1_58' title="bbox 132 1940 919 1978; baseline -0.005 -8"><span class='ocrx_word' id='word_1_411' title='bbox 132 1943 248 1978; x_wconf 72' lang='grc' dir='ltr'>πούσης,</span> <span class='ocrx_word' id='word_1_412' title='bbox 264 1944 338 1970; x_wconf 79' lang='grc' dir='ltr'>ἔστιν</span> <span class='ocrx_word' id='word_1_413' title='bbox 361 1940 401 1973; x_wconf 72' lang='grc' dir='ltr'>οἷς</span> <span class='ocrx_word' id='word_1_414' title='bbox 432 1942 487 1969; x_wconf 85' lang='grc' dir='ltr'><strong>τῶν</strong></span> <span class='ocrx_word' id='word_1_415' title='bbox 508 1941 644 1977; x_wconf 81' lang='grc' dir='ltr'>πατρῴων</span> <span class='ocrx_word' id='word_1_416' title='bbox 668 1941 739 1967; x_wconf 77' lang='grc' dir='ltr'><strong>ὲθῶν</strong></span> <span class='ocrx_word' id='word_1_417' title='bbox 766 1941 919 1967; x_wconf 71' lang='grc' dir='ltr'>ἐνεδίδοσαν</span> 
     </span>
    </p>
   </div>
   <div class='ocr_carea' id='block_1_59' title="bbox 131 1986 920 2028">
    <p class='ocr_par' dir='ltr' id='par_1_59' title="bbox 131 1986 920 2028">
     <span class='ocr_line' id='line_1_59' title="bbox 131 1986 920 2028; baseline -0.004 -13"><span class='ocrx_word' id='word_1_418' title='bbox 131 1988 261 2024; x_wconf 82' lang='grc' dir='ltr'>χρῆσθαι.</span> <span class='ocrx_word' id='word_1_419' title='bbox 283 1988 317 2015; x_wconf 81' lang='grc' dir='ltr'><strong>Οἵ</strong></span> <span class='ocrx_word' id='word_1_420' title='bbox 329 1996 359 2014; x_wconf 81' lang='grc' dir='ltr'><strong>τε</strong></span> <span class='ocrx_word' id='word_1_421' title='bbox 375 1989 430 2023; x_wconf 84' lang='grc' dir='ltr'>γὰρ</span> <span class='ocrx_word' id='word_1_422' title='bbox 444 1989 497 2014; x_wconf 81' lang='grc' dir='ltr'><strong>τῶν</strong></span> <span class='ocrx_word' id='word_1_423' title='bbox 513 1987 662 2019; x_wconf 80' lang='grc' dir='ltr'>Ἰουδαίων,</span> <span class='ocrx_word' id='word_1_424' title='bbox 680 1986 727 2013; x_wconf 79' lang='grc' dir='ltr'>καὶ</span> <span class='ocrx_word' id='word_1_425' title='bbox 741 1987 766 2028; x_wconf 70' lang='lat' dir='ltr'><strong>oi</strong></span> <span class='ocrx_word' id='word_1_426' title='bbox 779 1986 834 2013; x_wconf 84' lang='grc' dir='ltr'><strong>τῶν</strong></span> <span class='ocrx_word' id='word_1_427' title='bbox 861 1986 920 2012; x_wconf 85' lang='grc' dir='ltr'><strong>Ἐλ-</strong></span> 
     </span>
    </p>
   </div>
   <div class='ocr_carea' id='block_1_60' title="bbox 130 2032 920 2070">
    <p class='ocr_par' dir='ltr' id='par_1_60' title="bbox 130 2032 920 2070">
     <span class='ocr_line' id='line_1_60' title="bbox 130 2032 920 2070; baseline 0 -10"><span class='ocrx_word' id='word_1_428' title='bbox 130 2035 221 2070; x_wconf 81' lang='grc' dir='ltr'>λήνων</span> <span class='ocrx_word' id='word_1_429' title='bbox 236 2035 386 2070; x_wconf 81' lang='grc' dir='ltr'>ἀρχιερεῖς,</span> <span class='ocrx_word' id='word_1_430' title='bbox 407 2033 462 2060; x_wconf 87' lang='grc' dir='ltr'><strong>τών</strong></span> <span class='ocrx_word' id='word_1_431' title='bbox 479 2033 616 2061; x_wconf 82' lang='grc' dir='ltr'>συνεύνων</span> <span class='ocrx_word' id='word_1_432' title='bbox 631 2034 681 2060; x_wconf 85' lang='grc' dir='ltr'>οὐκ</span> <span class='ocrx_word' id='word_1_433' title='bbox 696 2033 876 2069; x_wconf 77' lang='grc' dir='ltr'>ἑχωρίζοντο·</span> <span class='ocrx_word' id='word_1_434' title='bbox 889 2032 920 2060; x_wconf 88' lang='grc' dir='ltr'><strong>τδ</strong></span> 
     </span>
    </p>
   </div>
   <div class='ocr_carea' id='block_1_61' title="bbox 131 2078 919 2116">
    <p class='ocr_par' dir='ltr' id='par_1_61' title="bbox 131 2078 919 2116">
     <span class='ocr_line' id='line_1_61' title="bbox 131 2078 919 2116; baseline -0.001 -9"><span class='ocrx_word' id='word_1_435' title='bbox 131 2081 160 2107; x_wconf 72' lang='grc' dir='ltr'><strong>δὲ</strong></span> <span class='ocrx_word' id='word_1_436' title='bbox 176 2081 297 2116; x_wconf 86' lang='grc' dir='ltr'>τήμερον</span> <span class='ocrx_word' id='word_1_437' title='bbox 314 2078 385 2107; x_wconf 78' lang='grc' dir='ltr'>εἶναι</span> <span class='ocrx_word' id='word_1_438' title='bbox 399 2080 498 2115; x_wconf 83' lang='grc' dir='ltr'>χρῆναί</span> <span class='ocrx_word' id='word_1_439' title='bbox 522 2088 599 2114; x_wconf 83' lang='grc' dir='ltr'>φασι,</span> <span class='ocrx_word' id='word_1_440' title='bbox 621 2081 684 2111; x_wconf 84' lang='grc' dir='ltr'>τοὺς</span> <span class='ocrx_word' id='word_1_441' title='bbox 707 2080 848 2115; x_wconf 79' lang='grc' dir='ltr'>ἀρχιερεῖς</span> <span class='ocrx_word' id='word_1_442' title='bbox 873 2079 919 2106; x_wconf 69' lang='grc' dir='ltr'><strong>τὸν</strong></span> 
     </span>
    </p>
   </div>
   <div class='ocr_carea' id='block_1_62' title="bbox 133 2126 920 2162">
    <p class='ocr_par' dir='ltr' id='par_1_62' title="bbox 133 2126 920 2162">
     <span class='ocr_line' id='line_1_62' title="bbox 133 2126 920 2162; baseline -0.001 -9"><span class='ocrx_word' id='word_1_443' title='bbox 133 2127 191 2162; x_wconf 78' lang='grc' dir='ltr'>βίον</span> <span class='ocrx_word' id='word_1_444' title='bbox 220 2127 287 2161; x_wconf 74' lang='grc' dir='ltr'>πρὸς</span> <span class='ocrx_word' id='word_1_445' title='bbox 312 2126 413 2161; x_wconf 77' lang='grc' dir='ltr'>ἀκριϐῆ</span> <span class='ocrx_word' id='word_1_446' title='bbox 431 2126 612 2161; x_wconf 76' lang='grc' dir='ltr'>σωφροσύνην</span> <span class='ocrx_word' id='word_1_447' title='bbox 635 2126 849 2157; x_wconf 77' lang='grc' dir='ltr'>ἀπευθύνοντας.</span> <span class='ocrx_word' id='word_1_448' title='bbox 870 2126 920 2160; x_wconf 84' lang='grc' dir='ltr'>οὐχ</span> 
     </span>
    </p>
   </div>
   <div class='ocr_carea' id='block_1_63' title="bbox 131 2172 920 2208">
    <p class='ocr_par' dir='ltr' id='par_1_63' title="bbox 131 2172 920 2208">
     <span class='ocr_line' id='line_1_63' title="bbox 131 2172 920 2208; baseline -0.003 -8"><span class='ocrx_word' id='word_1_449' title='bbox 131 2175 207 2204; x_wconf 77' lang='grc' dir='ltr'>ὅπως</span> <span class='ocrx_word' id='word_1_450' title='bbox 218 2174 267 2206; x_wconf 82' lang='grc' dir='ltr'>τῆς</span> <span class='ocrx_word' id='word_1_451' title='bbox 284 2172 338 2199; x_wconf 86' lang='grc' dir='ltr'><strong>τῶν</strong></span> <span class='ocrx_word' id='word_1_452' title='bbox 357 2172 518 2208; x_wconf 82' lang='grc' dir='ltr'>ἀλλοτρίων,</span> <span class='ocrx_word' id='word_1_453' title='bbox 541 2173 607 2199; x_wconf 80' lang='grc' dir='ltr'>ἀλλὰ</span> <span class='ocrx_word' id='word_1_454' title='bbox 628 2173 675 2200; x_wconf 74' lang='grc' dir='ltr'>καὶ</span> <span class='ocrx_word' id='word_1_455' title='bbox 699 2173 749 2207; x_wconf 88' lang='grc' dir='ltr'>τῆς</span> <span class='ocrx_word' id='word_1_456' title='bbox 773 2173 829 2199; x_wconf 84' lang='grc' dir='ltr'>τῶν</span> <span class='ocrx_word' id='word_1_457' title='bbox 847 2173 920 2199; x_wconf 68' lang='grc' dir='ltr'>ἰδίων</span> 
     </span>
    </p>
   </div>
   <div class='ocr_carea' id='block_1_64' title="bbox 968 934 1327 964">
    <p class='ocr_par' dir='ltr' id='par_1_64' title="bbox 968 934 1327 964">
     <span class='ocr_line' id='line_1_64' title="bbox 968 934 1327 964; baseline 0 -1"><span class='ocrx_word' id='word_1_458' title='bbox 968 934 1096 963; x_wconf 83' lang='lat' dir='ltr'><strong>civilibus</strong></span> <span class='ocrx_word' id='word_1_459' title='bbox 1111 935 1213 963; x_wconf 78' lang='lat' dir='ltr'><strong>clarius</strong></span> <span class='ocrx_word' id='word_1_460' title='bbox 1227 935 1327 964; x_wconf 79' lang='lat' dir='ltr'><strong>disces.</strong></span> 
     </span>
    </p>
   </div>
   <div class='ocr_carea' id='block_1_65' title="bbox 1003 1023 1759 1061">
    <p class='ocr_par' dir='ltr' id='par_1_65' title="bbox 1003 1023 1759 1061">
     <span class='ocr_line' id='line_1_65' title="bbox 1003 1023 1759 1061; baseline 0.009 -11"><span class='ocrx_word' id='word_1_461' title='bbox 1003 1023 1074 1057; x_wconf 80' lang='lat' dir='ltr'><strong>Quin</strong></span> <span class='ocrx_word' id='word_1_462' title='bbox 1089 1024 1171 1051; x_wconf 85' lang='lat' dir='ltr'><strong>etiam</strong></span> <span class='ocrx_word' id='word_1_463' title='bbox 1184 1025 1282 1060; x_wconf 83' lang='lat' dir='ltr'><strong>synodi</strong></span> <span class='ocrx_word' id='word_1_464' title='bbox 1293 1025 1516 1061; x_wconf 68' lang='lat' dir='ltr'><strong>Carthdginensil</strong></span> <span class='ocrx_word' id='word_1_465' title='bbox 1536 1034 1624 1056; x_wconf 89' lang='lat' dir='ltr'><strong>canon</strong></span> <span class='ocrx_word' id='word_1_466' title='bbox 1640 1029 1759 1057; x_wconf 82' lang='lat' dir='ltr'><strong>centesl-</strong></span> 
     </span>
    </p>
   </div>
   <div class='ocr_carea' id='block_1_66' title="bbox 968 1071 1756 1108">
    <p class='ocr_par' dir='ltr' id='par_1_66' title="bbox 968 1071 1756 1108">
     <span class='ocr_line' id='line_1_66' title="bbox 968 1071 1756 1108; baseline 0.008 -12"><span class='ocrx_word' id='word_1_467' title='bbox 968 1077 1030 1096; x_wconf 89' lang='lat' dir='ltr'><strong>mus</strong></span> <span class='ocrx_word' id='word_1_468' title='bbox 1042 1074 1137 1097; x_wconf 77' lang='lat' dir='ltr'><strong>sextus</strong></span> <span class='ocrx_word' id='word_1_469' title='bbox 1153 1071 1289 1106; x_wconf 66' lang='lat' dir='ltr'><strong>praecipit,</strong></span> <span class='ocrx_word' id='word_1_470' title='bbox 1305 1076 1334 1099; x_wconf 93' lang='lat' dir='ltr'><strong>ut</strong></span> <span class='ocrx_word' id='word_1_471' title='bbox 1355 1072 1402 1106; x_wconf 87' lang='lat' dir='ltr'><strong>qui</strong></span> <span class='ocrx_word' id='word_1_472' title='bbox 1419 1079 1434 1099; x_wconf 87' lang='lat' dir='ltr'><strong>a</strong></span> <span class='ocrx_word' id='word_1_473' title='bbox 1449 1073 1644 1108; x_wconf 72' lang='lat' dir='ltr'><strong>coniunctione</strong></span> <span class='ocrx_word' id='word_1_474' title='bbox 1660 1075 1756 1102; x_wconf 52' lang='lat' dir='ltr'><strong>matri‘</strong></span> 
     </span>
    </p>
   </div>
   <div class='ocr_carea' id='block_1_67' title="bbox 968 1115 1758 1152">
    <p class='ocr_par' dir='ltr' id='par_1_67' title="bbox 968 1115 1758 1152">
     <span class='ocr_line' id='line_1_67' title="bbox 968 1115 1758 1152; baseline 0.008 -10"><span class='ocrx_word' id='word_1_475' title='bbox 968 1115 1082 1143; x_wconf 78' lang='lat' dir='ltr'><strong>noniali</strong></span> <span class='ocrx_word' id='word_1_476' title='bbox 1097 1115 1268 1148; x_wconf 87' lang='lat' dir='ltr'><strong>diverterint.</strong></span> <span class='ocrx_word' id='word_1_477' title='bbox 1288 1117 1331 1145; x_wconf 81' lang='lat' dir='ltr'><strong>vel</strong></span> <span class='ocrx_word' id='word_1_478' title='bbox 1345 1117 1416 1146; x_wconf 81' lang='lat' dir='ltr'><strong>inter</strong></span> <span class='ocrx_word' id='word_1_479' title='bbox 1429 1126 1459 1146; x_wconf 86' lang='lat' dir='ltr'><strong>se</strong></span> <span class='ocrx_word' id='word_1_480' title='bbox 1476 1120 1702 1152; x_wconf 84' lang='lat' dir='ltr'><strong>reconcilientur,</strong></span> <span class='ocrx_word' id='word_1_481' title='bbox 1717 1122 1758 1148; x_wconf 84' lang='lat' dir='ltr'><strong>vel</strong></span> 
     </span>
    </p>
   </div>
   <div class='ocr_carea' id='block_1_68' title="bbox 969 1161 1758 1198">
    <p class='ocr_par' dir='ltr' id='par_1_68' title="bbox 969 1161 1758 1198">
     <span class='ocr_line' id='line_1_68' title="bbox 969 1161 1758 1198; baseline 0.008 -10"><span class='ocrx_word' id='word_1_482' title='bbox 969 1161 1006 1188; x_wconf 86' lang='lat' dir='ltr'><strong>ita</strong></span> <span class='ocrx_word' id='word_1_483' title='bbox 1021 1161 1130 1189; x_wconf 74' lang='lat' dir='ltr'><strong>caelibes</strong></span> <span class='ocrx_word' id='word_1_484' title='bbox 1147 1163 1382 1198; x_wconf 70' lang='lat' dir='ltr'><strong>maneant,’juxta</strong></span> <span class='ocrx_word' id='word_1_485' title='bbox 1414 1165 1621 1198; x_wconf 78' lang='lat' dir='ltr'><strong>pronuntiatam</strong></span> <span class='ocrx_word' id='word_1_486' title='bbox 1648 1166 1719 1194; x_wconf 86' lang='lat' dir='ltr'><strong>hanc</strong></span> <span class='ocrx_word' id='word_1_487' title='bbox 1743 1174 1758 1194; x_wconf 87' lang='lat' dir='ltr'><strong>a</strong></span> 
     </span>
    </p>
   </div>
   <div class='ocr_carea' id='block_1_69' title="bbox 969 1207 1759 1247">
    <p class='ocr_par' dir='ltr' id='par_1_69' title="bbox 969 1207 1759 1247">
     <span class='ocr_line' id='line_1_69' title="bbox 969 1207 1759 1247; baseline 0.008 -13"><span class='ocrx_word' id='word_1_488' title='bbox 969 1207 1085 1235; x_wconf 90' lang='lat' dir='ltr'><strong>Domino</strong></span> <span class='ocrx_word' id='word_1_489' title='bbox 1097 1209 1281 1236; x_wconf 85' lang='lat' dir='ltr'><strong>sententiam:</strong></span> <span class='ocrx_word' id='word_1_490' title='bbox 1301 1218 1310 1234; x_wconf 79' lang='grc' dir='ltr'><strong>ι</strong></span> <span class='ocrx_word' id='word_1_491' title='bbox 1325 1209 1399 1243; x_wconf 84' lang='lat' dir='ltr'><strong>Quos</strong></span> <span class='ocrx_word' id='word_1_492' title='bbox 1413 1210 1487 1238; x_wconf 73' lang='lat' dir='ltr'><strong>Deus</strong></span> <span class='ocrx_word' id='word_1_493' title='bbox 1505 1212 1650 1247; x_wconf 80' lang='lat' dir='ltr'><strong>coniunxit</strong></span> <span class='ocrx_word' id='word_1_494' title='bbox 1660 1227 1667 1246; x_wconf 86' lang='lat'><strong>~,</strong></span> <span class='ocrx_word' id='word_1_495' title='bbox 1677 1213 1759 1241; x_wconf 89' lang='lat' dir='ltr'><strong>homo</strong></span> 
     </span>
    </p>
   </div>
   <div class='ocr_carea' id='block_1_70' title="bbox 970 1255 1759 1293">
    <p class='ocr_par' dir='ltr' id='par_1_70' title="bbox 970 1255 1759 1293">
     <span class='ocr_line' id='line_1_70' title="bbox 970 1255 1759 1293; baseline 0.009 -13"><span class='ocrx_word' id='word_1_496' title='bbox 970 1260 1024 1280; x_wconf 91' lang='lat' dir='ltr'><strong>non</strong></span> <span class='ocrx_word' id='word_1_497' title='bbox 1041 1257 1168 1288; x_wconf 79' lang='lat' dir='ltr'><strong>separet;</strong></span> <span class='ocrx_word' id='word_1_498' title='bbox 1195 1263 1205 1280; x_wconf 74' lang='grc' dir='ltr'><strong>ι</strong></span> <span class='ocrx_word' id='word_1_499' title='bbox 1232 1259 1259 1282; x_wconf 87' lang='lat' dir='ltr'><strong>et</strong></span> <span class='ocrx_word' id='word_1_500' title='bbox 1289 1255 1362 1283; x_wconf 85' lang='lat' dir='ltr'><strong>illam</strong></span> <span class='ocrx_word' id='word_1_501' title='bbox 1379 1257 1520 1292; x_wconf 84' lang='lat' dir='ltr'><strong>Apostoli:</strong></span> <span class='ocrx_word' id='word_1_502' title='bbox 1538 1267 1547 1283; x_wconf 81' lang='grc' dir='ltr'><strong>ι</strong></span> <span class='ocrx_word' id='word_1_503' title='bbox 1572 1258 1705 1293; x_wconf 78' lang='lat' dir='ltr'><strong>Alligatus</strong></span> <span class='ocrx_word' id='word_1_504' title='bbox 1728 1267 1759 1287; x_wconf 74' lang='lat' dir='ltr'><strong>es</strong></span> 
     </span>
    </p>
   </div>
   <div class='ocr_carea' id='block_1_71' title="bbox 969 1299 1756 1340">
    <p class='ocr_par' dir='ltr' id='par_1_71' title="bbox 969 1299 1756 1340">
     <span class='ocr_line' id='line_1_71' title="bbox 969 1299 1756 1340; baseline 0.009 -14"><span class='ocrx_word' id='word_1_505' title='bbox 969 1299 1067 1327; x_wconf 78' lang='lat' dir='ltr'><strong>uxori?</strong></span> <span class='ocrx_word' id='word_1_506' title='bbox 1088 1306 1122 1327; x_wconf 86' lang='lat' dir='ltr'><strong>ne</strong></span> <span class='ocrx_word' id='word_1_507' title='bbox 1134 1307 1244 1335; x_wconf 66' lang='lat' dir='ltr'><strong>quaeras</strong></span> <span class='ocrx_word' id='word_1_508' title='bbox 1262 1301 1421 1329; x_wconf 82' lang='lat' dir='ltr'><strong>divortium.</strong></span> <span class='ocrx_word' id='word_1_509' title='bbox 1441 1311 1451 1328; x_wconf 74' lang='grc' dir='ltr'><strong>ι</strong></span> <span class='ocrx_word' id='word_1_510' title='bbox 1476 1302 1573 1336; x_wconf 68' lang='lat' dir='ltr'><strong>Quaere</strong></span> <span class='ocrx_word' id='word_1_511' title='bbox 1588 1304 1670 1331; x_wconf 76' lang='lat' dir='ltr'><strong>etiam</strong></span> <span class='ocrx_word' id='word_1_512' title='bbox 1695 1313 1756 1340; x_wconf 86' lang='lat' dir='ltr'><strong>cap.</strong></span> 
     </span>
    </p>
   </div>
   <div class='ocr_carea' id='block_1_72' title="bbox 969 1345 1756 1382">
    <p class='ocr_par' dir='ltr' id='par_1_72' title="bbox 969 1345 1756 1382">
     <span class='ocr_line' id='line_1_72' title="bbox 969 1345 1756 1382; baseline 0.008 -10"><span class='ocrx_word' id='word_1_513' title='bbox 969 1345 986 1373; x_wconf 84' lang='lat'><strong>9</strong></span> <span class='ocrx_word' id='word_1_514' title='bbox 1001 1345 1055 1372; x_wconf 89' lang='lat' dir='ltr'><strong>litt.</strong></span> <span class='ocrx_word' id='word_1_515' title='bbox 1077 1345 1098 1372; x_wconf 78' lang='grc' dir='ltr'><strong><em>Β</em></strong></span> <span class='ocrx_word' id='word_1_516' title='bbox 1111 1346 1144 1373; x_wconf 90' lang='lat' dir='ltr'><strong>de</strong></span> <span class='ocrx_word' id='word_1_517' title='bbox 1157 1346 1192 1373; x_wconf 89' lang='lat' dir='ltr'><strong>iis</strong></span> <span class='ocrx_word' id='word_1_518' title='bbox 1205 1346 1252 1381; x_wconf 88' lang='lat' dir='ltr'><strong>qui</strong></span> <span class='ocrx_word' id='word_1_519' title='bbox 1267 1348 1375 1382; x_wconf 88' lang='lat' dir='ltr'><strong>nuptias</strong></span> <span class='ocrx_word' id='word_1_520' title='bbox 1393 1347 1531 1382; x_wconf 76' lang='lat' dir='ltr'><strong>legitimas</strong></span> <span class='ocrx_word' id='word_1_521' title='bbox 1551 1350 1756 1379; x_wconf 79' lang='lat' dir='ltr'><strong>abominantur.</strong></span> 
     </span>
    </p>
   </div>
   <div class='ocr_carea' id='block_1_73' title="bbox 999 1401 1707 1439">
    <p class='ocr_par' dir='ltr' id='par_1_73' title="bbox 999 1401 1707 1439">
     <span class='ocr_line' id='line_1_73' title="bbox 999 1401 1707 1439; baseline 0.007 -10"><span class='ocrx_word' id='word_1_522' title='bbox 999 1402 1002 1404; x_wconf 58' lang='grc'>⁷</span> <span class='ocrx_word' id='word_1_523' title='bbox 1022 1401 1098 1430; x_wconf 85' lang='lat' dir='ltr'><strong>CAP.</strong></span> <span class='ocrx_word' id='word_1_524' title='bbox 1113 1402 1195 1430; x_wconf 73' lang='lat' dir='ltr'><strong>XVII.</strong></span> <span class='ocrx_word' id='word_1_525' title='bbox 1222 1403 1299 1436; x_wconf 84' lang='lat' dir='ltr'><strong>Quod</strong></span> <span class='ocrx_word' id='word_1_526' title='bbox 1321 1405 1437 1439; x_wconf 69' lang='lat' dir='ltr'><strong>episcopi</strong></span> <span class='ocrx_word' id='word_1_527' title='bbox 1456 1405 1488 1432; x_wconf 82' lang='lat' dir='ltr'><strong>ab</strong></span> <span class='ocrx_word' id='word_1_528' title='bbox 1513 1407 1638 1433; x_wconf 71' lang='lat' dir='ltr'><strong>Moribus</strong></span> <span class='ocrx_word' id='word_1_529' title='bbox 1652 1408 1707 1435; x_wconf 69' lang='lat' dir='ltr'><strong>sui:</strong></span> 
     </span>
    </p>
   </div>
   <div class='ocr_carea' id='block_1_74' title="bbox 1244 1440 1483 1474">
    <p class='ocr_par' dir='ltr' id='par_1_74' title="bbox 1244 1440 1483 1474">
     <span class='ocr_line' id='line_1_74' title="bbox 1244 1440 1483 1474; baseline 0.004 -8"><span class='ocrx_word' id='word_1_530' title='bbox 1244 1440 1365 1474; x_wconf 72' lang='lat' dir='ltr'><strong>separari</strong></span> <span class='ocrx_word' id='word_1_531' title='bbox 1380 1440 1483 1467; x_wconf 73' lang='lat' dir='ltr'><strong>debent:</strong></span> 
     </span>
    </p>
   </div>
   <div class='ocr_carea' id='block_1_75' title="bbox 1005 1483 1757 1520">
    <p class='ocr_par' dir='ltr' id='par_1_75' title="bbox 1005 1483 1757 1520">
     <span class='ocr_line' id='line_1_75' title="bbox 1005 1483 1757 1520; baseline 0.005 -9"><span class='ocrx_word' id='word_1_532' title='bbox 1005 1483 1133 1512; x_wconf 78' lang='lat' dir='ltr'><strong>Divinivr</strong></span> <span class='ocrx_word' id='word_1_533' title='bbox 1148 1489 1208 1520; x_wconf 80' lang='lat' dir='ltr'><strong>syn.</strong></span> <span class='ocrx_word' id='word_1_534' title='bbox 1238 1484 1334 1512; x_wconf 81' lang='lat' dir='ltr'><strong>Patres</strong></span> <span class='ocrx_word' id='word_1_535' title='bbox 1363 1485 1389 1512; x_wconf 93' lang='lat' dir='ltr'><strong>in</strong></span> <span class='ocrx_word' id='word_1_536' title='bbox 1409 1492 1470 1520; x_wconf 85' lang='lat' dir='ltr'><strong>cap.</strong></span> <span class='ocrx_word' id='word_1_537' title='bbox 1500 1487 1557 1514; x_wconf 86' lang='lat' dir='ltr'><strong>sive</strong></span> <span class='ocrx_word' id='word_1_538' title='bbox 1586 1494 1684 1515; x_wconf 86' lang='lat' dir='ltr'><strong>canon.</strong></span> <span class='ocrx_word' id='word_1_539' title='bbox 1703 1488 1757 1515; x_wconf 69' lang='lat'><strong>12:</strong></span> 
     </span>
    </p>
   </div>
   <div class='ocr_carea' id='block_1_76' title="bbox 972 1530 1759 1565">
    <p class='ocr_par' dir='ltr' id='par_1_76' title="bbox 972 1530 1759 1565">
     <span class='ocr_line' id='line_1_76' title="bbox 972 1530 1759 1565; baseline 0.006 -9"><span class='ocrx_word' id='word_1_540' title='bbox 972 1530 1115 1565; x_wconf 81' lang='lat' dir='ltr'><strong>pontitices</strong></span> <span class='ocrx_word' id='word_1_541' title='bbox 1130 1535 1190 1565; x_wconf 79' lang='lat' dir='ltr'><strong>post</strong></span> <span class='ocrx_word' id='word_1_542' title='bbox 1205 1531 1407 1558; x_wconf 84' lang='lat' dir='ltr'><strong>ordinationem</strong></span> <span class='ocrx_word' id='word_1_543' title='bbox 1426 1537 1521 1559; x_wconf 85' lang='lat' dir='ltr'><strong>arcent</strong></span> <span class='ocrx_word' id='word_1_544' title='bbox 1536 1533 1570 1560; x_wconf 84' lang='lat' dir='ltr'><strong>ab</strong></span> <span class='ocrx_word' id='word_1_545' title='bbox 1587 1540 1682 1560; x_wconf 88' lang='lat' dir='ltr'><strong>earum</strong></span> <span class='ocrx_word' id='word_1_546' title='bbox 1698 1542 1759 1561; x_wconf 76' lang='lat' dir='ltr'><strong>mu-</strong></span> 
     </span>
    </p>
   </div>
   <div class='ocr_carea' id='block_1_77' title="bbox 971 1576 1758 1611">
    <p class='ocr_par' dir='ltr' id='par_1_77' title="bbox 971 1576 1758 1611">
     <span class='ocr_line' id='line_1_77' title="bbox 971 1576 1758 1611; baseline 0.006 -9"><span class='ocrx_word' id='word_1_547' title='bbox 971 1576 1069 1603; x_wconf 75' lang='lat' dir='ltr'><strong>lierum</strong></span> <span class='ocrx_word' id='word_1_548' title='bbox 1099 1576 1292 1609; x_wconf 84' lang='lat' dir='ltr'><strong>contubernio,</strong></span> <span class='ocrx_word' id='word_1_549' title='bbox 1321 1583 1380 1611; x_wconf 72' lang='lat' dir='ltr'><strong>qua:</strong></span> <span class='ocrx_word' id='word_1_550' title='bbox 1402 1582 1466 1605; x_wconf 83' lang='lat' dir='ltr'><strong>ante</strong></span> <span class='ocrx_word' id='word_1_551' title='bbox 1480 1578 1681 1606; x_wconf 77' lang='lat' dir='ltr'><strong>ordinationem</strong></span> <span class='ocrx_word' id='word_1_552' title='bbox 1701 1587 1758 1607; x_wconf 84' lang='lat' dir='ltr'><strong>ma-</strong></span> 
     </span>
    </p>
   </div>
   <div class='ocr_carea' id='block_1_78' title="bbox 972 1621 1757 1658">
    <p class='ocr_par' dir='ltr' id='par_1_78' title="bbox 972 1621 1757 1658">
     <span class='ocr_line' id='line_1_78' title="bbox 972 1621 1757 1658; baseline 0.006 -10"><span class='ocrx_word' id='word_1_553' title='bbox 972 1621 1094 1649; x_wconf 90' lang='lat' dir='ltr'><strong>trimonii</strong></span> <span class='ocrx_word' id='word_1_554' title='bbox 1128 1622 1185 1657; x_wconf 74' lang='lat' dir='ltr'><strong>lege</strong></span> <span class='ocrx_word' id='word_1_555' title='bbox 1200 1630 1263 1650; x_wconf 90' lang='lat' dir='ltr'><strong>cum</strong></span> <span class='ocrx_word' id='word_1_556' title='bbox 1284 1623 1324 1651; x_wconf 86' lang='lat' dir='ltr'><strong>eis</strong></span> <span class='ocrx_word' id='word_1_557' title='bbox 1338 1627 1418 1651; x_wconf 76' lang='lat' dir='ltr'><strong>erant</strong></span> <span class='ocrx_word' id='word_1_558' title='bbox 1444 1623 1587 1658; x_wconf 66' lang='lat' dir='ltr'><strong>copulatae,</strong></span> <span class='ocrx_word' id='word_1_559' title='bbox 1616 1625 1757 1658; x_wconf 72' lang='lat' dir='ltr'><strong>dicentesj:</strong></span> 
     </span>
    </p>
   </div>
   <div class='ocr_carea' id='block_1_79' title="bbox 969 1667 1759 1705">
    <p class='ocr_par' dir='ltr' id='par_1_79' title="bbox 969 1667 1759 1705">
     <span class='ocr_line' id='line_1_79' title="bbox 969 1667 1759 1705; baseline 0.006 -11"><span class='ocrx_word' id='word_1_560' title='bbox 969 1667 1028 1695; x_wconf 80' lang='lat' dir='ltr'><strong>Non</strong></span> <span class='ocrx_word' id='word_1_561' title='bbox 1045 1672 1076 1695; x_wconf 92' lang='lat' dir='ltr'><strong>ut</strong></span> <span class='ocrx_word' id='word_1_562' title='bbox 1086 1668 1250 1703; x_wconf 73' lang='lat' dir='ltr'><strong>abrogemus</strong></span> <span class='ocrx_word' id='word_1_563' title='bbox 1266 1675 1309 1701; x_wconf 85' lang='lat' dir='ltr'><strong>ea.</strong></span> <span class='ocrx_word' id='word_1_564' title='bbox 1324 1677 1384 1704; x_wconf 79' lang='lat' dir='ltr'><strong>qtne</strong></span> <span class='ocrx_word' id='word_1_565' title='bbox 1417 1669 1504 1697; x_wconf 80' lang='lat' dir='ltr'><strong>sancti</strong></span> <span class='ocrx_word' id='word_1_566' title='bbox 1531 1671 1647 1705; x_wconf 86' lang='lat' dir='ltr'><strong>apostoli</strong></span> <span class='ocrx_word' id='word_1_567' title='bbox 1664 1679 1726 1698; x_wconf 88' lang='lat' dir='ltr'><strong>can.</strong></span> <span class='ocrx_word' id='word_1_568' title='bbox 1742 1673 1759 1699; x_wconf 75' lang='grc'>5</span> 
     </span>
    </p>
   </div>
   <div class='ocr_carea' id='block_1_80' title="bbox 971 1714 1755 1747">
    <p class='ocr_par' dir='ltr' id='par_1_80' title="bbox 971 1714 1755 1747">
     <span class='ocr_line' id='line_1_80' title="bbox 971 1714 1755 1747; baseline 0.005 -6"><span class='ocrx_word' id='word_1_569' title='bbox 971 1717 1138 1747; x_wconf 82' lang='lat' dir='ltr'><strong>statuerunt,</strong></span> <span class='ocrx_word' id='word_1_570' title='bbox 1170 1714 1221 1742; x_wconf 87' lang='lat' dir='ltr'><strong>hoc</strong></span> <span class='ocrx_word' id='word_1_571' title='bbox 1240 1716 1404 1743; x_wconf 81' lang='lat' dir='ltr'><strong>sancimus:</strong></span> <span class='ocrx_word' id='word_1_572' title='bbox 1435 1716 1482 1744; x_wconf 90' lang='lat' dir='ltr'><strong>sed</strong></span> <span class='ocrx_word' id='word_1_573' title='bbox 1499 1720 1529 1744; x_wconf 88' lang='lat' dir='ltr'><strong>ut</strong></span> <span class='ocrx_word' id='word_1_574' title='bbox 1555 1717 1755 1745; x_wconf 81' lang='lat' dir='ltr'><strong>incrementum</strong></span> 
     </span>
    </p>
   </div>
   <div class='ocr_carea' id='block_1_81' title="bbox 970 1759 1756 1798">
    <p class='ocr_par' dir='ltr' id='par_1_81' title="bbox 970 1759 1756 1798">
     <span class='ocr_line' id='line_1_81' title="bbox 970 1759 1756 1798; baseline 0.006 -11"><span class='ocrx_word' id='word_1_575' title='bbox 970 1759 1102 1788; x_wconf 62' lang='lat' dir='ltr'><strong>Ecclesiae</strong></span> <span class='ocrx_word' id='word_1_576' title='bbox 1118 1761 1151 1788; x_wconf 86' lang='lat' dir='ltr'><strong>ad</strong></span> <span class='ocrx_word' id='word_1_577' title='bbox 1168 1766 1268 1789; x_wconf 79' lang='lat' dir='ltr'><strong>statum</strong></span> <span class='ocrx_word' id='word_1_578' title='bbox 1281 1762 1422 1790; x_wconf 90' lang='lat' dir='ltr'><strong>meliorem</strong></span> <span class='ocrx_word' id='word_1_579' title='bbox 1438 1770 1631 1798; x_wconf 85' lang='lat' dir='ltr'><strong>procurcmus.</strong></span> <span class='ocrx_word' id='word_1_580' title='bbox 1650 1765 1756 1792; x_wconf 84' lang='lat' dir='ltr'><strong>Etenim</strong></span> 
     </span>
    </p>
   </div>
   <div class='ocr_carea' id='block_1_82' title="bbox 970 1805 1755 1841">
    <p class='ocr_par' dir='ltr' id='par_1_82' title="bbox 970 1805 1755 1841">
     <span class='ocr_line' id='line_1_82' title="bbox 970 1805 1755 1841; baseline 0.006 -9"><span class='ocrx_word' id='word_1_581' title='bbox 970 1805 1010 1832; x_wconf 92' lang='lat' dir='ltr'><strong>illi</strong></span> <span class='ocrx_word' id='word_1_582' title='bbox 1025 1805 1111 1833; x_wconf 81' lang='lat' dir='ltr'><strong>divini</strong></span> <span class='ocrx_word' id='word_1_583' title='bbox 1128 1806 1258 1841; x_wconf 70' lang='lat' dir='ltr'><strong>apostoli;</strong></span> <span class='ocrx_word' id='word_1_584' title='bbox 1271 1814 1332 1834; x_wconf 88' lang='lat' dir='ltr'><strong>eum</strong></span> <span class='ocrx_word' id='word_1_585' title='bbox 1349 1815 1445 1836; x_wconf 88' lang='lat' dir='ltr'><strong>recens</strong></span> <span class='ocrx_word' id='word_1_586' title='bbox 1458 1808 1580 1836; x_wconf 84' lang='lat' dir='ltr'><strong>Ecclesia</strong></span> <span class='ocrx_word' id='word_1_587' title='bbox 1598 1809 1755 1837; x_wconf 71' lang='lat' dir='ltr'><strong>ludzeorum</strong></span> 
     </span>
    </p>
   </div>
   <div class='ocr_carea' id='block_1_83' title="bbox 970 1851 1758 1890">
    <p class='ocr_par' dir='ltr' id='par_1_83' title="bbox 970 1851 1758 1890">
     <span class='ocr_line' id='line_1_83' title="bbox 970 1851 1758 1890; baseline 0.005 -11"><span class='ocrx_word' id='word_1_588' title='bbox 970 1851 1117 1884; x_wconf 79' lang='lat' dir='ltr'><strong>crassitiei,</strong></span> <span class='ocrx_word' id='word_1_589' title='bbox 1133 1856 1160 1879; x_wconf 89' lang='lat' dir='ltr'><strong>et</strong></span> <span class='ocrx_word' id='word_1_590' title='bbox 1174 1853 1365 1887; x_wconf 77' lang='lat' dir='ltr'><strong>superstitioni</strong></span> <span class='ocrx_word' id='word_1_591' title='bbox 1378 1861 1557 1889; x_wconf 78' lang='lat' dir='ltr'><strong>paganorum.</strong></span> <span class='ocrx_word' id='word_1_592' title='bbox 1574 1855 1684 1890; x_wconf 75' lang='lat' dir='ltr'><strong>longum</strong></span> <span class='ocrx_word' id='word_1_593' title='bbox 1699 1857 1758 1883; x_wconf 73' lang='lat' dir='ltr'><strong>vale</strong></span> 
     </span>
    </p>
   </div>
   <div class='ocr_carea' id='block_1_84' title="bbox 970 1897 1760 1930">
    <p class='ocr_par' dir='ltr' id='par_1_84' title="bbox 970 1897 1760 1930">
     <span class='ocr_line' id='line_1_84' title="bbox 970 1897 1760 1930; baseline 0.009 -7"><span class='ocrx_word' id='word_1_594' title='bbox 970 1897 1095 1929; x_wconf 81' lang='lat' dir='ltr'><strong>dixisset,</strong></span> <span class='ocrx_word' id='word_1_595' title='bbox 1121 1899 1260 1926; x_wconf 87' lang='lat' dir='ltr'><strong>nonnullis</strong></span> <span class='ocrx_word' id='word_1_596' title='bbox 1273 1902 1303 1926; x_wconf 87' lang='lat' dir='ltr'><strong>ut</strong></span> <span class='ocrx_word' id='word_1_597' title='bbox 1317 1900 1562 1928; x_wconf 85' lang='lat' dir='ltr'><strong>consuetudinibus</strong></span> <span class='ocrx_word' id='word_1_598' title='bbox 1575 1900 1686 1929; x_wconf 83' lang='lat' dir='ltr'><strong>Patrum</strong></span> <span class='ocrx_word' id='word_1_599' title='bbox 1700 1908 1760 1930; x_wconf 83' lang='lat' dir='ltr'><strong>ute-</strong></span> 
     </span>
    </p>
   </div>
   <div class='ocr_carea' id='block_1_85' title="bbox 971 1944 1756 1982">
    <p class='ocr_par' dir='ltr' id='par_1_85' title="bbox 971 1944 1756 1982">
     <span class='ocr_line' id='line_1_85' title="bbox 971 1944 1756 1982; baseline 0.006 -12"><span class='ocrx_word' id='word_1_600' title='bbox 971 1949 1067 1971; x_wconf 86' lang='lat' dir='ltr'><strong>rentur</strong></span> <span class='ocrx_word' id='word_1_601' title='bbox 1085 1945 1279 1978; x_wconf 82' lang='lat' dir='ltr'><strong>permiserunt.</strong></span> <span class='ocrx_word' id='word_1_602' title='bbox 1298 1944 1402 1980; x_wconf 83' lang='lat' dir='ltr'><strong>Quippe</strong></span> <span class='ocrx_word' id='word_1_603' title='bbox 1417 1949 1472 1972; x_wconf 91' lang='lat' dir='ltr'><strong>tam</strong></span> <span class='ocrx_word' id='word_1_604' title='bbox 1488 1945 1656 1980; x_wconf 64' lang='lat' dir='ltr'><strong>Iudaeorum,</strong></span> <span class='ocrx_word' id='word_1_605' title='bbox 1673 1955 1756 1982; x_wconf 85' lang='lat' dir='ltr'><strong>quam</strong></span> 
     </span>
    </p>
   </div>
   <div class='ocr_carea' id='block_1_86' title="bbox 970 1989 1758 2024">
    <p class='ocr_par' dir='ltr' id='par_1_86' title="bbox 970 1989 1758 2024">
     <span class='ocr_line' id='line_1_86' title="bbox 970 1989 1758 2024; baseline 0.008 -10"><span class='ocrx_word' id='word_1_606' title='bbox 970 1996 1142 2023; x_wconf 76' lang='lat' dir='ltr'><strong>paganorum</strong></span> <span class='ocrx_word' id='word_1_607' title='bbox 1159 1989 1315 2024; x_wconf 82' lang='lat' dir='ltr'><strong>pontiﬁces,</strong></span> <span class='ocrx_word' id='word_1_608' title='bbox 1341 1997 1355 2017; x_wconf 81' lang='lat' dir='ltr'><strong>a</strong></span> <span class='ocrx_word' id='word_1_609' title='bbox 1381 1991 1433 2018; x_wconf 88' lang='lat' dir='ltr'><strong>tori</strong></span> <span class='ocrx_word' id='word_1_610' title='bbox 1452 1992 1628 2020; x_wconf 85' lang='lat' dir='ltr'><strong>consortibus</strong></span> <span class='ocrx_word' id='word_1_611' title='bbox 1643 2000 1696 2020; x_wconf 93' lang='lat' dir='ltr'><strong>non</strong></span> <span class='ocrx_word' id='word_1_612' title='bbox 1712 2000 1758 2020; x_wconf 38' lang='lat' dir='ltr'><strong>ses</strong></span> 
     </span>
    </p>
   </div>
   <div class='ocr_carea' id='block_1_87' title="bbox 972 2035 1758 2072">
    <p class='ocr_par' dir='ltr' id='par_1_87' title="bbox 972 2035 1758 2072">
     <span class='ocr_line' id='line_1_87' title="bbox 972 2035 1758 2072; baseline 0.006 -11"><span class='ocrx_word' id='word_1_613' title='bbox 972 2036 1148 2069; x_wconf 79' lang='lat' dir='ltr'><strong>parabantur.</strong></span> <span class='ocrx_word' id='word_1_614' title='bbox 1163 2035 1261 2063; x_wconf 89' lang='lat' dir='ltr'><strong>Verum</strong></span> <span class='ocrx_word' id='word_1_615' title='bbox 1278 2040 1307 2063; x_wconf 87' lang='lat' dir='ltr'><strong>ut</strong></span> <span class='ocrx_word' id='word_1_616' title='bbox 1326 2036 1407 2064; x_wconf 87' lang='lat' dir='ltr'><strong>hodie</strong></span> <span class='ocrx_word' id='word_1_617' title='bbox 1428 2042 1593 2072; x_wconf 60' lang='lat' dir='ltr'><strong>comparatae</strong></span> <span class='ocrx_word' id='word_1_618' title='bbox 1613 2046 1656 2066; x_wconf 83' lang='lat' dir='ltr'><strong>res</strong></span> <span class='ocrx_word' id='word_1_619' title='bbox 1682 2045 1758 2072; x_wconf 83' lang='lat' dir='ltr'><strong>sunt,</strong></span> 
     </span>
    </p>
   </div>
   <div class='ocr_carea' id='block_1_88' title="bbox 971 2081 1755 2119">
    <p class='ocr_par' dir='ltr' id='par_1_88' title="bbox 971 2081 1755 2119">
     <span class='ocr_line' id='line_1_88' title="bbox 971 2081 1755 2119; baseline 0.008 -12"><span class='ocrx_word' id='word_1_620' title='bbox 971 2081 1157 2109; x_wconf 86' lang='lat' dir='ltr'><strong>necessarium</strong></span> <span class='ocrx_word' id='word_1_621' title='bbox 1174 2085 1307 2115; x_wconf 84' lang='lat' dir='ltr'><strong>statuunt,</strong></span> <span class='ocrx_word' id='word_1_622' title='bbox 1324 2086 1353 2110; x_wconf 87' lang='lat' dir='ltr'><strong>ut</strong></span> <span class='ocrx_word' id='word_1_623' title='bbox 1370 2083 1453 2110; x_wconf 85' lang='lat' dir='ltr'><strong>vitam</strong></span> <span class='ocrx_word' id='word_1_624' title='bbox 1471 2091 1549 2111; x_wconf 92' lang='lat' dir='ltr'><strong>suam</strong></span> <span class='ocrx_word' id='word_1_625' title='bbox 1562 2085 1707 2119; x_wconf 83' lang='lat' dir='ltr'><strong>pontiﬁces</strong></span> <span class='ocrx_word' id='word_1_626' title='bbox 1723 2088 1755 2112; x_wconf 85' lang='lat' dir='ltr'><strong>ad</strong></span> 
     </span>
    </p>
   </div>
   <div class='ocr_carea' id='block_1_89' title="bbox 972 2126 1756 2164">
    <p class='ocr_par' dir='ltr' id='par_1_89' title="bbox 972 2126 1756 2164">
     <span class='ocr_line' id='line_1_89' title="bbox 972 2126 1756 2164; baseline 0.006 -11"><span class='ocrx_word' id='word_1_627' title='bbox 972 2126 1124 2154; x_wconf 85' lang='lat' dir='ltr'><strong>castitatem</strong></span> <span class='ocrx_word' id='word_1_628' title='bbox 1141 2131 1298 2155; x_wconf 86' lang='lat' dir='ltr'><strong>accuratam</strong></span> <span class='ocrx_word' id='word_1_629' title='bbox 1327 2128 1488 2164; x_wconf 80' lang='lat' dir='ltr'><strong>dirigentes,</strong></span> <span class='ocrx_word' id='word_1_630' title='bbox 1519 2138 1574 2157; x_wconf 89' lang='lat' dir='ltr'><strong>non</strong></span> <span class='ocrx_word' id='word_1_631' title='bbox 1604 2131 1756 2159; x_wconf 73' lang='lat' dir='ltr'><strong>alienarunt:</strong></span> 
     </span>
    </p>
   </div>
   <div class='ocr_carea' id='block_1_90' title="bbox 973 2172 1758 2206">
    <p class='ocr_par' dir='ltr' id='par_1_90' title="bbox 973 2172 1758 2206">
     <span class='ocr_line' id='line_1_90' title="bbox 973 2172 1758 2206; baseline 0.009 -7"><span class='ocrx_word' id='word_1_632' title='bbox 973 2172 1063 2206; x_wconf 80' lang='lat' dir='ltr'><strong>modo,</strong></span> <span class='ocrx_word' id='word_1_633' title='bbox 1077 2173 1123 2200; x_wconf 90' lang='lat' dir='ltr'><strong>sed</strong></span> <span class='ocrx_word' id='word_1_634' title='bbox 1135 2181 1247 2201; x_wconf 88' lang='lat' dir='ltr'><strong>suarum</strong></span> <span class='ocrx_word' id='word_1_635' title='bbox 1260 2174 1342 2201; x_wconf 89' lang='lat' dir='ltr'><strong>etiam</strong></span> <span class='ocrx_word' id='word_1_636' title='bbox 1354 2182 1470 2202; x_wconf 83' lang='lat' dir='ltr'><strong>uxorum</strong></span> <span class='ocrx_word' id='word_1_637' title='bbox 1480 2177 1680 2205; x_wconf 88' lang='lat' dir='ltr'><strong>consuetudine</strong></span> <span class='ocrx_word' id='word_1_638' title='bbox 1695 2178 1758 2205; x_wconf 81' lang='lat' dir='ltr'><strong>abs-</strong></span> 
     </span>
    </p>
   </div>
   <div class='ocr_carea' id='block_1_91' title="bbox 132 2218 917 2254">
    <p class='ocr_par' dir='ltr' id='par_1_91' title="bbox 132 2218 917 2254">
     <span class='ocr_line' id='line_1_91' title="bbox 132 2218 917 2254; baseline 0.001 -8"><span class='ocrx_word' id='word_1_639' title='bbox 132 2218 272 2253; x_wconf 80' lang='grc' dir='ltr'>γυναικῶν</span> <span class='ocrx_word' id='word_1_640' title='bbox 283 2218 391 2254; x_wconf 84' lang='grc' dir='ltr'>ὁμιλίας</span> <span class='ocrx_word' id='word_1_641' title='bbox 399 2219 622 2246; x_wconf 78' lang='grc' dir='ltr'>ἀποδιίστασθαι·</span> <span class='ocrx_word' id='word_1_642' title='bbox 638 2218 719 2245; x_wconf 83' lang='grc' dir='ltr'>τοῦτο</span> <span class='ocrx_word' id='word_1_643' title='bbox 733 2218 788 2254; x_wconf 81' lang='grc' dir='ltr'><strong>γὰρ</strong></span> <span class='ocrx_word' id='word_1_644' title='bbox 802 2220 917 2247; x_wconf 70' lang='grc' dir='ltr'>σκανδάὲ</span> 
     </span>
    </p>
   </div>
   <div class='ocr_carea' id='block_1_92' title="bbox 973 2218 1756 2254">
    <p class='ocr_par' dir='ltr' id='par_1_92' title="bbox 973 2219 1756 2251">
     <span class='ocr_line' id='line_1_92' title="bbox 973 2219 1756 2251; baseline 0.006 -5"><span class='ocrx_word' id='word_1_645' title='bbox 973 2219 1086 2247; x_wconf 88' lang='lat' dir='ltr'><strong>tineant.</strong></span> <span class='ocrx_word' id='word_1_646' title='bbox 1125 2219 1182 2246; x_wconf 89' lang='lat' dir='ltr'><strong>Hoc</strong></span> <span class='ocrx_word' id='word_1_647' title='bbox 1211 2219 1286 2247; x_wconf 91' lang='lat' dir='ltr'><strong>enim</strong></span> <span class='ocrx_word' id='word_1_648' title='bbox 1311 2220 1483 2248; x_wconf 87' lang='lat' dir='ltr'><strong>occasionem</strong></span> <span class='ocrx_word' id='word_1_649' title='bbox 1512 2222 1633 2250; x_wconf 84' lang='lat' dir='ltr'><strong>scandali</strong></span> <span class='ocrx_word' id='word_1_650' title='bbox 1656 2223 1756 2251; x_wconf 87' lang='lat' dir='ltr'><strong>nullam</strong></span> 
     </span>
    </p>
   </div>
   <div class='ocr_carea' id='block_1_93' title="bbox 132 2266 918 2303">
    <p class='ocr_par' dir='ltr' id='par_1_93' title="bbox 132 2266 918 2303">
     <span class='ocr_line' id='line_1_93' title="bbox 132 2266 918 2303; baseline -0.003 -9"><span class='ocrx_word' id='word_1_651' title='bbox 132 2269 180 2294; x_wconf 80' lang='grc' dir='ltr'><strong>λου</strong></span> <span class='ocrx_word' id='word_1_652' title='bbox 200 2267 338 2303; x_wconf 75' lang='grc' dir='ltr'>πρόφασιν</span> <span class='ocrx_word' id='word_1_653' title='bbox 356 2267 411 2294; x_wconf 79' lang='grc' dir='ltr'>οὐδ’</span> <span class='ocrx_word' id='word_1_654' title='bbox 427 2266 573 2301; x_wconf 74' lang='grc' dir='ltr'>ἡντιναοῦν</span> <span class='ocrx_word' id='word_1_655' title='bbox 588 2268 644 2298; x_wconf 86' lang='grc' dir='ltr'>τοῖς</span> <span class='ocrx_word' id='word_1_656' title='bbox 666 2266 720 2293; x_wconf 77' lang='grc' dir='ltr'>ὑπὸ</span> <span class='ocrx_word' id='word_1_657' title='bbox 740 2268 818 2302; x_wconf 72' lang='grc' dir='ltr'>χεῖρα</span> <span class='ocrx_word' id='word_1_658' title='bbox 833 2275 918 2293; x_wconf 83' lang='grc' dir='ltr'>κατα-</span> 
     </span>
    </p>
   </div>
   <div class='ocr_carea' id='block_1_94' title="bbox 133 2312 919 2349">
    <p class='ocr_par' dir='ltr' id='par_1_94' title="bbox 133 2312 919 2349">
     <span class='ocr_line' id='line_1_94' title="bbox 133 2312 919 2349; baseline -0.003 -8"><span class='ocrx_word' id='word_1_659' title='bbox 133 2314 238 2341; x_wconf 82' lang='grc' dir='ltr'>λείπει·</span> <span class='ocrx_word' id='word_1_660' title='bbox 255 2315 303 2341; x_wconf 71' lang='grc' dir='ltr'>καὶ</span> <span class='ocrx_word' id='word_1_661' title='bbox 319 2314 480 2349; x_wconf 68' lang='grc' dir='ltr'>ἐπιφέρουσι</span> <span class='ocrx_word' id='word_1_662' title='bbox 490 2313 520 2339; x_wconf 83' lang='grc' dir='ltr'><strong>τὸ</strong></span> <span class='ocrx_word' id='word_1_663' title='bbox 532 2312 711 2340; x_wconf 80' lang='grc' dir='ltr'>ἁποστολικὸν</span> <span class='ocrx_word' id='word_1_664' title='bbox 721 2321 728 2328; x_wconf 90' lang='grc'><strong>·</strong></span> <span class='ocrx_word' id='word_1_665' title='bbox 749 2314 919 2348; x_wconf 67' lang='grc' dir='ltr'>«Ἀτιρόσκο-</span> 
     </span>
    </p>
   </div>
   <div class='ocr_carea' id='block_1_95' title="bbox 135 2359 919 2395">
    <p class='ocr_par' dir='ltr' id='par_1_95' title="bbox 135 2359 919 2395">
     <span class='ocr_line' id='line_1_95' title="bbox 135 2359 919 2395; baseline -0.003 -7"><span class='ocrx_word' id='word_1_666' title='bbox 135 2370 182 2388; x_wconf 84' lang='grc' dir='ltr'><strong>ποι</strong></span> <span class='ocrx_word' id='word_1_667' title='bbox 207 2360 316 2395; x_wconf 79' lang='grc' dir='ltr'>γίνεσθε</span> <span class='ocrx_word' id='word_1_668' title='bbox 343 2361 392 2388; x_wconf 80' lang='grc' dir='ltr'>καὶ</span> <span class='ocrx_word' id='word_1_669' title='bbox 417 2359 565 2391; x_wconf 75' lang='grc' dir='ltr'>Ἰουδαίοις,</span> <span class='ocrx_word' id='word_1_670' title='bbox 580 2361 627 2387; x_wconf 70' lang='grc' dir='ltr'>κο).</span> <span class='ocrx_word' id='word_1_671' title='bbox 648 2359 777 2394; x_wconf 84' lang='grc' dir='ltr'>Ἕλλησι,</span> <span class='ocrx_word' id='word_1_672' title='bbox 808 2361 856 2386; x_wconf 65' lang='grc' dir='ltr'><strong>καὶ</strong></span> <span class='ocrx_word' id='word_1_673' title='bbox 885 2361 919 2395; x_wconf 82' lang='grc' dir='ltr'>τῇ</span> 
     </span>
    </p>
   </div>
   <div class='ocr_carea' id='block_1_96' title="bbox 134 2406 921 2443">
    <p class='ocr_par' dir='ltr' id='par_1_96' title="bbox 134 2406 921 2443">
     <span class='ocr_line' id='line_1_96' title="bbox 134 2406 921 2443; baseline 0.001 -10"><span class='ocrx_word' id='word_1_674' title='bbox 134 2407 285 2443; x_wconf 69' lang='grc' dir='ltr'>Ἐκκλησία</span> <span class='ocrx_word' id='word_1_675' title='bbox 302 2407 348 2434; x_wconf 88' lang='grc' dir='ltr'>τοῦ</span> <span class='ocrx_word' id='word_1_676' title='bbox 361 2406 457 2438; x_wconf 77' lang='grc' dir='ltr'><strong>Θεοῦ,›</strong></span> <span class='ocrx_word' id='word_1_677' title='bbox 478 2408 525 2434; x_wconf 71' lang='lat' dir='ltr'><strong>xui</strong></span> <span class='ocrx_word' id='word_1_678' title='bbox 536 2407 570 2433; x_wconf 83' lang='grc' dir='ltr'><strong>τὰ</strong></span> <span class='ocrx_word' id='word_1_679' title='bbox 586 2407 667 2441; x_wconf 78' lang='grc' dir='ltr'><strong>ἑξῆς·</strong></span> <span class='ocrx_word' id='word_1_680' title='bbox 684 2406 744 2433; x_wconf 78' lang='grc' dir='ltr'>εἷτα</span> <span class='ocrx_word' id='word_1_681' title='bbox 761 2408 816 2439; x_wconf 85' lang='grc' dir='ltr'>τοῖς</span> <span class='ocrx_word' id='word_1_682' title='bbox 836 2407 873 2442; x_wconf 81' lang='grc' dir='ltr'>μὴ</span> <span class='ocrx_word' id='word_1_683' title='bbox 885 2406 921 2433; x_wconf 72' lang='grc' dir='ltr'>τὰ</span> 
     </span>
    </p>
   </div>
   <div class='ocr_carea' id='block_1_97' title="bbox 133 2452 921 2489">
    <p class='ocr_par' dir='ltr' id='par_1_97' title="bbox 133 2452 921 2489">
     <span class='ocr_line' id='line_1_97' title="bbox 133 2452 921 2489; baseline 0.001 -10"><span class='ocrx_word' id='word_1_684' title='bbox 133 2453 181 2479; x_wconf 80' lang='grc' dir='ltr'>τοῦ</span> <span class='ocrx_word' id='word_1_685' title='bbox 201 2453 312 2484; x_wconf 82' lang='grc' dir='ltr'>κανόνος</span> <span class='ocrx_word' id='word_1_686' title='bbox 327 2452 525 2488; x_wconf 78' lang='grc' dir='ltr'>πρεσϐεύουσιν</span> <span class='ocrx_word' id='word_1_687' title='bbox 549 2453 689 2489; x_wconf 71' lang='grc' dir='ltr'>ἐπιτίμιον</span> <span class='ocrx_word' id='word_1_688' title='bbox 714 2454 847 2488; x_wconf 77' lang='grc' dir='ltr'>ἐπάγουσι</span> <span class='ocrx_word' id='word_1_689' title='bbox 870 2454 921 2489; x_wconf 83' lang='grc' dir='ltr'>τὴν</span> 
     </span>
    </p>
   </div>
   <div class='ocr_carea' id='block_1_98' title="bbox 133 2499 302 2534">
    <p class='ocr_par' dir='ltr' id='par_1_98' title="bbox 133 2499 302 2534">
     <span class='ocr_line' id='line_1_98' title="bbox 133 2499 302 2534; baseline 0.006 -9"><span class='ocrx_word' id='word_1_690' title='bbox 133 2499 302 2534; x_wconf 79' lang='grc' dir='ltr'>καθαίρεσιν.</span> 
     </span>
    </p>
   </div>
   <div class='ocr_carea' id='block_1_99' title="bbox 133 2546 920 2582">
    <p class='ocr_par' dir='ltr' id='par_1_99' title="bbox 133 2546 920 2582">
     <span class='ocr_line' id='line_1_99' title="bbox 133 2546 920 2582; baseline 0.006 -10"><span class='ocrx_word' id='word_1_691' title='bbox 133 2546 195 2573; x_wconf 67' lang='grc' dir='ltr'>Ὅτι</span> <span class='ocrx_word' id='word_1_692' title='bbox 215 2546 263 2573; x_wconf 76' lang='grc' dir='ltr'><strong>δεῖ</strong></span> <span class='ocrx_word' id='word_1_693' title='bbox 286 2547 335 2574; x_wconf 78' lang='grc' dir='ltr'>καὶ</span> <span class='ocrx_word' id='word_1_694' title='bbox 354 2546 546 2580; x_wconf 81' lang='grc' dir='ltr'>ἀποκαρῆναι</span> <span class='ocrx_word' id='word_1_695' title='bbox 564 2548 622 2582; x_wconf 59' lang='grc' dir='ltr'><strong>τὴν</strong></span> <span class='ocrx_word' id='word_1_696' title='bbox 638 2549 842 2582; x_wconf 78' lang='grc' dir='ltr'>χωρισθεῖσαν</span> <span class='ocrx_word' id='word_1_697' title='bbox 865 2550 920 2578; x_wconf 69' lang='grc' dir='ltr'>τοῦ</span> 
     </span>
    </p>
   </div>
   <div class='ocr_carea' id='block_1_100' title="bbox 365 2583 690 2617">
    <p class='ocr_par' dir='ltr' id='par_1_100' title="bbox 365 2583 690 2617">
     <span class='ocr_line' id='line_1_100' title="bbox 365 2583 690 2617; baseline 0.003 -8"><span class='ocrx_word' id='word_1_698' title='bbox 365 2583 536 2610; x_wconf 76' lang='grc' dir='ltr'>ἐπισκόπου</span> <span class='ocrx_word' id='word_1_699' title='bbox 551 2584 690 2617; x_wconf 76' lang='grc' dir='ltr'>γυναῖκα.</span> 
     </span>
    </p>
   </div>
   <div class='ocr_carea' id='block_1_101' title="bbox 167 2627 920 2665">
    <p class='ocr_par' dir='ltr' id='par_1_101' title="bbox 167 2627 920 2665">
     <span class='ocr_line' id='line_1_101' title="bbox 167 2627 920 2665; baseline 0.004 -11"><span class='ocrx_word' id='word_1_700' title='bbox 167 2627 212 2654; x_wconf 81' lang='grc' dir='ltr'>Ἐν</span> <span class='ocrx_word' id='word_1_701' title='bbox 226 2627 254 2654; x_wconf 77' lang='grc' dir='ltr'>δὲ</span> <span class='ocrx_word' id='word_1_702' title='bbox 271 2627 309 2663; x_wconf 83' lang='grc' dir='ltr'>τῷ</span> <span class='ocrx_word' id='word_1_703' title='bbox 328 2627 372 2663; x_wconf 90' lang='grc' dir='ltr'>μη¹</span> <span class='ocrx_word' id='word_1_704' title='bbox 387 2629 437 2662; x_wconf 80' lang='grc' dir='ltr'>τὴν</span> <span class='ocrx_word' id='word_1_705' title='bbox 449 2629 498 2663; x_wconf 85' lang='grc' dir='ltr'>μέν</span> <span class='ocrx_word' id='word_1_706' title='bbox 510 2637 551 2655; x_wconf 89' lang='grc' dir='ltr'><strong>τοι</strong></span> <span class='ocrx_word' id='word_1_707' title='bbox 564 2629 636 2656; x_wconf 83' lang='grc' dir='ltr'>κατὰ</span> <span class='ocrx_word' id='word_1_708' title='bbox 650 2629 744 2665; x_wconf 83' lang='grc' dir='ltr'>κοινὴν</span> <span class='ocrx_word' id='word_1_709' title='bbox 757 2631 920 2665; x_wconf 84' lang='grc' dir='ltr'>συμφωνίαν</span> 
     </span>
    </p>
   </div>
   <div class='ocr_carea' id='block_1_102' title="bbox 131 2673 920 2711">
    <p class='ocr_par' dir='ltr' id='par_1_102' title="bbox 131 2673 920 2711">
     <span class='ocr_line' id='line_1_102' title="bbox 131 2673 920 2711; baseline 0.005 -11"><span class='ocrx_word' id='word_1_710' title='bbox 131 2673 339 2709; x_wconf 78' lang='grc' dir='ltr'>διαζευχθεῖσαν</span> <span class='ocrx_word' id='word_1_711' title='bbox 361 2674 409 2701; x_wconf 84' lang='grc' dir='ltr'><strong>τοῦ</strong></span> <span class='ocrx_word' id='word_1_712' title='bbox 434 2674 576 2709; x_wconf 75' lang='grc' dir='ltr'>μέλλοντος</span> <span class='ocrx_word' id='word_1_713' title='bbox 596 2675 643 2702; x_wconf 70' lang='grc' dir='ltr'><strong>ἐπὶ</strong></span> <span class='ocrx_word' id='word_1_714' title='bbox 666 2675 720 2701; x_wconf 88' lang='grc' dir='ltr'><strong>τῶν</strong></span> <span class='ocrx_word' id='word_1_715' title='bbox 737 2675 786 2711; x_wconf 83' lang='grc' dir='ltr'>τῆς</span> <span class='ocrx_word' id='word_1_716' title='bbox 806 2678 920 2704; x_wconf 75' lang='grc' dir='ltr'>ἐπισκο-</span> 
     </span>
    </p>
   </div>
   <div class='ocr_carea' id='block_1_103' title="bbox 132 2718 919 2755">
    <p class='ocr_par' dir='ltr' id='par_1_103' title="bbox 132 2718 919 2755">
     <span class='ocr_line' id='line_1_103' title="bbox 132 2718 919 2755; baseline 0.003 -11"><span class='ocrx_word' id='word_1_717' title='bbox 132 2719 187 2754; x_wconf 82' lang='grc' dir='ltr'>πῆς</span> <span class='ocrx_word' id='word_1_718' title='bbox 209 2718 382 2746; x_wconf 81' lang='grc' dir='ltr'>καθεδεῖσθαι</span> <span class='ocrx_word' id='word_1_719' title='bbox 398 2719 500 2746; x_wconf 82' lang='grc' dir='ltr'>οἰάκων</span> <span class='ocrx_word' id='word_1_720' title='bbox 539 2719 674 2746; x_wconf 79' lang='grc' dir='ltr'>συνοικεῖν</span> <span class='ocrx_word' id='word_1_721' title='bbox 698 2719 767 2751; x_wconf 78' lang='grc' dir='ltr'>ὅλως</span> <span class='ocrx_word' id='word_1_722' title='bbox 789 2720 864 2755; x_wconf 83' lang='grc' dir='ltr'>αὐτῷ</span> <span class='ocrx_word' id='word_1_723' title='bbox 888 2721 919 2746; x_wconf 84' lang='grc' dir='ltr'>οὺ</span> 
     </span>
    </p>
   </div>
   <div class='ocr_carea' id='block_1_104' title="bbox 133 2764 918 2800">
    <p class='ocr_par' dir='ltr' id='par_1_104' title="bbox 133 2764 918 2800">
     <span class='ocr_line' id='line_1_104' title="bbox 133 2764 918 2800; baseline 0.003 -9"><span class='ocrx_word' id='word_1_724' title='bbox 133 2764 271 2800; x_wconf 75' lang='grc' dir='ltr'>μεθιᾶσιν,</span> <span class='ocrx_word' id='word_1_725' title='bbox 288 2765 346 2791; x_wconf 75' lang='grc' dir='ltr'>ἀλλ’</span> <span class='ocrx_word' id='word_1_726' title='bbox 360 2765 400 2796; x_wconf 81' lang='grc' dir='ltr'><strong>είς</strong></span> <span class='ocrx_word' id='word_1_727' title='bbox 417 2765 600 2800; x_wconf 83' lang='grc' dir='ltr'>μοναστήριον</span> <span class='ocrx_word' id='word_1_728' title='bbox 618 2764 776 2792; x_wconf 80' lang='grc' dir='ltr'>κελεύουσιν</span> <span class='ocrx_word' id='word_1_729' title='bbox 791 2766 918 2799; x_wconf 78' lang='grc' dir='ltr'>εἰσιέναι,</span> 
     </span>
    </p>
   </div>
   <div class='ocr_carea' id='block_1_105' title="bbox 133 2810 921 2847">
    <p class='ocr_par' dir='ltr' id='par_1_105' title="bbox 133 2810 921 2847">
     <span class='ocr_line' id='line_1_105' title="bbox 133 2810 921 2847; baseline 0 -10"><span class='ocrx_word' id='word_1_730' title='bbox 133 2811 171 2845; x_wconf 84' lang='grc' dir='ltr'>μὴ</span> <span class='ocrx_word' id='word_1_731' title='bbox 192 2811 221 2837; x_wconf 71' lang='grc' dir='ltr'>ἐν</span> <span class='ocrx_word' id='word_1_732' title='bbox 235 2810 366 2844; x_wconf 75' lang='grc' dir='ltr'>γειτόνων</span> <span class='ocrx_word' id='word_1_733' title='bbox 379 2811 428 2846; x_wconf 86' lang='grc' dir='ltr'>τῆς</span> <span class='ocrx_word' id='word_1_734' title='bbox 442 2810 489 2837; x_wconf 83' lang='grc' dir='ltr'>τοῦ</span> <span class='ocrx_word' id='word_1_735' title='bbox 505 2811 657 2838; x_wconf 72' lang='grc' dir='ltr'>ἐπισκόπου</span> <span class='ocrx_word' id='word_1_736' title='bbox 677 2812 842 2847; x_wconf 78' lang='grc' dir='ltr'>καταγωγῆς</span> <span class='ocrx_word' id='word_1_737' title='bbox 866 2813 921 2839; x_wconf 81' lang='grc' dir='ltr'>κεί-</span> 
     </span>
    </p>
   </div>
   <div class='ocr_carea' id='block_1_106' title="bbox 134 2855 916 2893">
    <p class='ocr_par' dir='ltr' id='par_1_106' title="bbox 134 2855 916 2893">
     <span class='ocr_line' id='line_1_106' title="bbox 134 2855 916 2893; baseline 0.001 -11"><span class='ocrx_word' id='word_1_738' title='bbox 134 2865 225 2892; x_wconf 73' lang='grc' dir='ltr'>μενον.</span> <span class='ocrx_word' id='word_1_739' title='bbox 244 2857 281 2883; x_wconf 79' lang='grc' dir='ltr'><strong>Οὐ</strong></span> <span class='ocrx_word' id='word_1_740' title='bbox 297 2857 351 2891; x_wconf 83' lang='grc' dir='ltr'>γὰρ</span> <span class='ocrx_word' id='word_1_741' title='bbox 363 2855 418 2884; x_wconf 72' lang='grc' dir='ltr'>οἶόν</span> <span class='ocrx_word' id='word_1_742' title='bbox 431 2865 460 2883; x_wconf 87' lang='grc' dir='ltr'><strong>τε</strong></span> <span class='ocrx_word' id='word_1_743' title='bbox 483 2856 601 2891; x_wconf 75' lang='grc' dir='ltr'>συνεχῶς</span> <span class='ocrx_word' id='word_1_744' title='bbox 616 2857 656 2888; x_wconf 86' lang='grc' dir='ltr'><strong>είς</strong></span> <span class='ocrx_word' id='word_1_745' title='bbox 670 2857 803 2893; x_wconf 70' lang='grc' dir='ltr'>ἀλλήλους</span> <span class='ocrx_word' id='word_1_746' title='bbox 821 2858 916 2893; x_wconf 75' lang='grc' dir='ltr'>δρῶσι,</span> 
     </span>
    </p>
   </div>
   <div class='ocr_carea' id='block_1_107' title="bbox 972 2265 1758 2304">
    <p class='ocr_par' dir='ltr' id='par_1_107' title="bbox 972 2265 1758 2304">
     <span class='ocr_line' id='line_1_107' title="bbox 972 2265 1758 2304; baseline 0.006 -12"><span class='ocrx_word' id='word_1_747' title='bbox 972 2265 1086 2292; x_wconf 90' lang='lat' dir='ltr'><strong>omnino</strong></span> <span class='ocrx_word' id='word_1_748' title='bbox 1102 2265 1220 2293; x_wconf 83' lang='lat' dir='ltr'><strong>subditis</strong></span> <span class='ocrx_word' id='word_1_749' title='bbox 1235 2266 1378 2301; x_wconf 83' lang='lat' dir='ltr'><strong>relinquit,</strong></span> <span class='ocrx_word' id='word_1_750' title='bbox 1395 2272 1421 2294; x_wconf 91' lang='lat' dir='ltr'><strong>et</strong></span> <span class='ocrx_word' id='word_1_751' title='bbox 1436 2267 1547 2303; x_wconf 87' lang='lat' dir='ltr'><strong>ipsimet</strong></span> <span class='ocrx_word' id='word_1_752' title='bbox 1559 2269 1681 2304; x_wconf 84' lang='lat' dir='ltr'><strong>episcopi</strong></span> <span class='ocrx_word' id='word_1_753' title='bbox 1697 2270 1758 2297; x_wconf 82' lang='lat' dir='ltr'><strong>lau-</strong></span> 
     </span>
    </p>
   </div>
   <div class='ocr_carea' id='block_1_108' title="bbox 971 2311 1760 2350">
    <p class='ocr_par' dir='ltr' id='par_1_108' title="bbox 971 2311 1760 2350">
     <span class='ocr_line' id='line_1_108' title="bbox 971 2311 1760 2350; baseline 0.009 -13"><span class='ocrx_word' id='word_1_754' title='bbox 971 2312 1031 2338; x_wconf 89' lang='lat' dir='ltr'><strong>dem</strong></span> <span class='ocrx_word' id='word_1_755' title='bbox 1048 2311 1121 2338; x_wconf 86' lang='lat' dir='ltr'><strong>illam</strong></span> <span class='ocrx_word' id='word_1_756' title='bbox 1138 2312 1314 2346; x_wconf 82' lang='lat' dir='ltr'><strong>apostolicam</strong></span> <span class='ocrx_word' id='word_1_757' title='bbox 1336 2313 1482 2341; x_wconf 84' lang='lat' dir='ltr'><strong>auferunt:</strong></span> <span class='ocrx_word' id='word_1_758' title='bbox 1498 2323 1506 2340; x_wconf 83' lang='grc' dir='ltr'><strong>ι</strong></span> <span class='ocrx_word' id='word_1_759' title='bbox 1522 2315 1633 2350; x_wconf 82' lang='lat' dir='ltr'><strong>Absque</strong></span> <span class='ocrx_word' id='word_1_760' title='bbox 1644 2316 1760 2343; x_wconf 78' lang='lat' dir='ltr'><strong>oifendi-</strong></span> 
     </span>
    </p>
   </div>
   <div class='ocr_carea' id='block_1_109' title="bbox 971 2357 1757 2395">
    <p class='ocr_par' dir='ltr' id='par_1_109' title="bbox 971 2357 1757 2395">
     <span class='ocr_line' id='line_1_109' title="bbox 971 2357 1757 2395; baseline 0.008 -11"><span class='ocrx_word' id='word_1_761' title='bbox 971 2358 1033 2385; x_wconf 86' lang='lat' dir='ltr'><strong>culo</strong></span> <span class='ocrx_word' id='word_1_762' title='bbox 1044 2358 1104 2385; x_wconf 83' lang='lat' dir='ltr'><strong>sitis</strong></span> <span class='ocrx_word' id='word_1_763' title='bbox 1117 2363 1144 2385; x_wconf 88' lang='lat' dir='ltr'><strong>et</strong></span> <span class='ocrx_word' id='word_1_764' title='bbox 1157 2357 1268 2389; x_wconf 72' lang='lat' dir='ltr'><strong>Judzeis.</strong></span> <span class='ocrx_word' id='word_1_765' title='bbox 1285 2363 1311 2385; x_wconf 87' lang='lat' dir='ltr'><strong>et</strong></span> <span class='ocrx_word' id='word_1_766' title='bbox 1339 2358 1467 2394; x_wconf 77' lang='lat' dir='ltr'><strong>Paganis,</strong></span> <span class='ocrx_word' id='word_1_767' title='bbox 1481 2365 1508 2388; x_wconf 87' lang='lat' dir='ltr'><strong>et</strong></span> <span class='ocrx_word' id='word_1_768' title='bbox 1533 2361 1661 2390; x_wconf 73' lang='lat' dir='ltr'><strong>Ecclesia:</strong></span> <span class='ocrx_word' id='word_1_769' title='bbox 1674 2362 1732 2395; x_wconf 86' lang='lat' dir='ltr'><strong>Dei,</strong></span> <span class='ocrx_word' id='word_1_770' title='bbox 1748 2372 1757 2389; x_wconf 72' lang='grc' dir='ltr'><strong>ι</strong></span> 
     </span>
    </p>
   </div>
   <div class='ocr_carea' id='block_1_110' title="bbox 971 2403 1759 2442">
    <p class='ocr_par' dir='ltr' id='par_1_110' title="bbox 971 2403 1759 2442">
     <span class='ocr_line' id='line_1_110' title="bbox 971 2403 1759 2442; baseline 0.008 -12"><span class='ocrx_word' id='word_1_771' title='bbox 971 2409 1025 2431; x_wconf 90' lang='lat' dir='ltr'><strong>etc.</strong></span> <span class='ocrx_word' id='word_1_772' title='bbox 1040 2404 1140 2431; x_wconf 85' lang='lat' dir='ltr'><strong>Deinde</strong></span> <span class='ocrx_word' id='word_1_773' title='bbox 1155 2404 1200 2436; x_wconf 89' lang='lat' dir='ltr'><strong>iis,</strong></span> <span class='ocrx_word' id='word_1_774' title='bbox 1224 2403 1276 2438; x_wconf 83' lang='lat' dir='ltr'><strong>qui</strong></span> <span class='ocrx_word' id='word_1_775' title='bbox 1287 2404 1339 2432; x_wconf 87' lang='lat' dir='ltr'><strong>hoc</strong></span> <span class='ocrx_word' id='word_1_776' title='bbox 1357 2413 1464 2433; x_wconf 88' lang='lat' dir='ltr'><strong>canone</strong></span> <span class='ocrx_word' id='word_1_777' title='bbox 1485 2408 1683 2442; x_wconf 84' lang='lat' dir='ltr'><strong>comprehensa</strong></span> <span class='ocrx_word' id='word_1_778' title='bbox 1706 2417 1759 2436; x_wconf 87' lang='lat' dir='ltr'><strong>non</strong></span> 
     </span>
    </p>
   </div>
   <div class='ocr_carea' id='block_1_111' title="bbox 971 2448 1687 2484">
    <p class='ocr_par' dir='ltr' id='par_1_111' title="bbox 971 2448 1687 2484">
     <span class='ocr_line' id='line_1_111' title="bbox 971 2448 1687 2484; baseline 0.006 -8"><span class='ocrx_word' id='word_1_779' title='bbox 971 2449 1129 2481; x_wconf 83' lang='lat' dir='ltr'><strong>observant,</strong></span> <span class='ocrx_word' id='word_1_780' title='bbox 1147 2456 1234 2484; x_wconf 63' lang='lat' dir='ltr'><strong>poenae</strong></span> <span class='ocrx_word' id='word_1_781' title='bbox 1246 2448 1307 2476; x_wconf 87' lang='lat' dir='ltr'><strong>loco</strong></span> <span class='ocrx_word' id='word_1_782' title='bbox 1325 2449 1527 2478; x_wconf 84' lang='lat' dir='ltr'><strong>abdicationem</strong></span> <span class='ocrx_word' id='word_1_783' title='bbox 1552 2457 1687 2480; x_wconf 85' lang='lat' dir='ltr'><strong>statuunt.</strong></span> 
     </span>
    </p>
   </div>
   <div class='ocr_carea' id='block_1_112' title="bbox 1009 2548 1722 2613">
    <p class='ocr_par' dir='ltr' id='par_1_112' title="bbox 1009 2548 1722 2613">
     <span class='ocr_line' id='line_1_112' title="bbox 1009 2548 1722 2588; baseline 0.004 -11"><span class='ocrx_word' id='word_1_784' title='bbox 1009 2549 1086 2584; x_wconf 81' lang='lat' dir='ltr'><strong>Quod</strong></span> <span class='ocrx_word' id='word_1_785' title='bbox 1107 2548 1209 2578; x_wconf 82' lang='lat' dir='ltr'><strong>tonderi</strong></span> <span class='ocrx_word' id='word_1_786' title='bbox 1223 2552 1304 2577; x_wconf 74' lang='lat' dir='ltr'><strong>etiam</strong></span> <span class='ocrx_word' id='word_1_787' title='bbox 1320 2552 1412 2578; x_wconf 79' lang='lat' dir='ltr'><strong>debeat</strong></span> <span class='ocrx_word' id='word_1_788' title='bbox 1430 2551 1526 2580; x_wconf 77' lang='lat' dir='ltr'><strong>mulier</strong></span> <span class='ocrx_word' id='word_1_789' title='bbox 1553 2553 1585 2579; x_wconf 87' lang='lat' dir='ltr'><strong>ab</strong></span> <span class='ocrx_word' id='word_1_790' title='bbox 1602 2554 1722 2588; x_wconf 76' lang='lat' dir='ltr'><strong>episcopo</strong></span> 
     </span>
     <span class='ocr_line' id='line_1_113' title="bbox 1300 2592 1435 2613; baseline 0 0"><span class='ocrx_word' id='word_1_791' title='bbox 1300 2592 1435 2613; x_wconf 74' lang='lat' dir='ltr'><strong>Ievarata.</strong></span> 
     </span>
    </p>
   </div>
   <div class='ocr_carea' id='block_1_113' title="bbox 1300 2594 1435 2621">
    <p class='ocr_par' dir='ltr' id='par_1_113' title="bbox 1300 2594 1435 2621">
     <span class='ocr_line' id='line_1_114' title="bbox 1300 2594 1435 2621; baseline -0.007 -7"><span class='ocrx_word' id='word_1_792' title='bbox 1300 2594 1435 2621; x_wconf 70' lang='lat' dir='ltr'><strong>separata.</strong></span> 
     </span>
    </p>
   </div>
   <div class='ocr_carea' id='block_1_114' title="bbox 1010 2633 1759 2669">
    <p class='ocr_par' dir='ltr' id='par_1_114' title="bbox 1010 2633 1759 2669">
     <span class='ocr_line' id='line_1_115' title="bbox 1010 2633 1759 2669; baseline 0.003 -9"><span class='ocrx_word' id='word_1_793' title='bbox 1010 2634 1043 2660; x_wconf 90' lang='lat' dir='ltr'><strong>At</strong></span> <span class='ocrx_word' id='word_1_794' title='bbox 1057 2633 1083 2660; x_wconf 91' lang='lat' dir='ltr'><strong>in</strong></span> <span class='ocrx_word' id='word_1_795' title='bbox 1100 2640 1206 2661; x_wconf 88' lang='lat' dir='ltr'><strong>canone</strong></span> <span class='ocrx_word' id='word_1_796' title='bbox 1219 2634 1254 2661; x_wconf 67' lang='lat'><strong>48</strong></span> <span class='ocrx_word' id='word_1_797' title='bbox 1274 2634 1355 2661; x_wconf 91' lang='lat' dir='ltr'><strong>iidem</strong></span> <span class='ocrx_word' id='word_1_798' title='bbox 1386 2633 1480 2661; x_wconf 84' lang='lat' dir='ltr'><strong>Patres</strong></span> <span class='ocrx_word' id='word_1_799' title='bbox 1509 2639 1662 2669; x_wconf 86' lang='lat' dir='ltr'><strong>separatam</strong></span> <span class='ocrx_word' id='word_1_800' title='bbox 1681 2642 1759 2662; x_wconf 84' lang='lat' dir='ltr'><strong>com-</strong></span> 
     </span>
    </p>
   </div>
   <div class='ocr_carea' id='block_1_115' title="bbox 972 2679 1759 2714">
    <p class='ocr_par' dir='ltr' id='par_1_115' title="bbox 972 2679 1759 2714">
     <span class='ocr_line' id='line_1_116' title="bbox 972 2679 1759 2714; baseline 0.003 -8"><span class='ocrx_word' id='word_1_801' title='bbox 972 2679 1194 2706; x_wconf 74' lang='lat' dir='ltr'><strong>municonsensu</strong></span> <span class='ocrx_word' id='word_1_802' title='bbox 1213 2680 1247 2707; x_wconf 87' lang='lat' dir='ltr'><strong>ab</strong></span> <span class='ocrx_word' id='word_1_803' title='bbox 1262 2687 1306 2711; x_wconf 83' lang='lat' dir='ltr'><strong>eo.</strong></span> <span class='ocrx_word' id='word_1_804' title='bbox 1331 2679 1378 2714; x_wconf 87' lang='lat' dir='ltr'><strong>qui</strong></span> <span class='ocrx_word' id='word_1_805' title='bbox 1393 2679 1426 2706; x_wconf 89' lang='lat' dir='ltr'><strong>ad</strong></span> <span class='ocrx_word' id='word_1_806' title='bbox 1454 2679 1630 2714; x_wconf 87' lang='lat' dir='ltr'><strong>episcopatus</strong></span> <span class='ocrx_word' id='word_1_807' title='bbox 1658 2681 1759 2714; x_wconf 74' lang='lat' dir='ltr'><strong>guber-</strong></span> 
     </span>
    </p>
   </div>
   <div class='ocr_carea' id='block_1_116' title="bbox 972 2718 1760 2758">
    <p class='ocr_par' dir='ltr' id='par_1_116' title="bbox 972 2718 1760 2758">
     <span class='ocr_line' id='line_1_117' title="bbox 972 2718 1760 2758; baseline 0.003 -6"><span class='ocrx_word' id='word_1_808' title='bbox 972 2725 1069 2753; x_wconf 87' lang='lat' dir='ltr'><strong>nacula</strong></span> <span class='ocrx_word' id='word_1_809' title='bbox 1095 2732 1225 2753; x_wconf 85' lang='lat' dir='ltr'><strong>sessurus</strong></span> <span class='ocrx_word' id='word_1_810' title='bbox 1248 2718 1301 2757; x_wconf 79' lang='lat' dir='ltr'><strong>est.</strong></span> <span class='ocrx_word' id='word_1_811' title='bbox 1318 2729 1348 2752; x_wconf 91' lang='lat' dir='ltr'><strong>ut</strong></span> <span class='ocrx_word' id='word_1_812' title='bbox 1369 2732 1430 2752; x_wconf 88' lang='lat' dir='ltr'><strong>cum</strong></span> <span class='ocrx_word' id='word_1_813' title='bbox 1461 2725 1558 2758; x_wconf 81' lang='lat' dir='ltr'><strong>ipsein</strong></span> <span class='ocrx_word' id='word_1_814' title='bbox 1577 2727 1760 2754; x_wconf 79' lang='lat' dir='ltr'><strong>contubernio</strong></span> 
     </span>
    </p>
   </div>
   <div class='ocr_carea' id='block_1_117' title="bbox 971 2771 1760 2805">
    <p class='ocr_par' dir='ltr' id='par_1_117' title="bbox 971 2771 1760 2805">
     <span class='ocr_line' id='line_1_118' title="bbox 971 2771 1760 2805; baseline 0.001 -6"><span class='ocrx_word' id='word_1_815' title='bbox 971 2772 1016 2804; x_wconf 84' lang='lat' dir='ltr'><strong>sit,</strong></span> <span class='ocrx_word' id='word_1_816' title='bbox 1032 2771 1145 2799; x_wconf 88' lang='lat' dir='ltr'><strong>omnino</strong></span> <span class='ocrx_word' id='word_1_817' title='bbox 1164 2779 1219 2798; x_wconf 92' lang='lat' dir='ltr'><strong>non</strong></span> <span class='ocrx_word' id='word_1_818' title='bbox 1237 2771 1419 2805; x_wconf 86' lang='lat' dir='ltr'><strong>permittunt;</strong></span> <span class='ocrx_word' id='word_1_819' title='bbox 1439 2771 1485 2799; x_wconf 89' lang='lat' dir='ltr'><strong>sed</strong></span> <span class='ocrx_word' id='word_1_820' title='bbox 1507 2774 1704 2800; x_wconf 87' lang='lat' dir='ltr'><strong>monasterium</strong></span> <span class='ocrx_word' id='word_1_821' title='bbox 1719 2774 1760 2800; x_wconf 35' lang='lat' dir='ltr'><strong>in;</strong></span> 
     </span>
    </p>
   </div>
   <div class='ocr_carea' id='block_1_118' title="bbox 971 2815 1761 2853">
    <p class='ocr_par' dir='ltr' id='par_1_118' title="bbox 971 2815 1761 2853">
     <span class='ocr_line' id='line_1_119' title="bbox 971 2815 1761 2853; baseline 0.006 -12"><span class='ocrx_word' id='word_1_822' title='bbox 971 2815 1046 2850; x_wconf 69' lang='lat' dir='ltr'><strong>gredi</strong></span> <span class='ocrx_word' id='word_1_823' title='bbox 1060 2815 1168 2849; x_wconf 78' lang='lat' dir='ltr'><strong>iubent,</strong></span> <span class='ocrx_word' id='word_1_824' title='bbox 1184 2815 1255 2850; x_wconf 89' lang='lat' dir='ltr'><strong>quod</strong></span> <span class='ocrx_word' id='word_1_825' title='bbox 1279 2816 1341 2849; x_wconf 87' lang='lat' dir='ltr'><strong>ejus</strong></span> <span class='ocrx_word' id='word_1_826' title='bbox 1368 2815 1394 2842; x_wconf 91' lang='lat' dir='ltr'><strong>in</strong></span> <span class='ocrx_word' id='word_1_827' title='bbox 1412 2816 1463 2843; x_wconf 91' lang='lat' dir='ltr'><strong>loci</strong></span> <span class='ocrx_word' id='word_1_828' title='bbox 1480 2816 1593 2850; x_wconf 81' lang='lat' dir='ltr'><strong>vicinia,</strong></span> <span class='ocrx_word' id='word_1_829' title='bbox 1618 2825 1674 2853; x_wconf 90' lang='lat' dir='ltr'><strong>quo</strong></span> <span class='ocrx_word' id='word_1_830' title='bbox 1699 2819 1761 2846; x_wconf 88' lang='lat' dir='ltr'><strong>loco</strong></span> 
     </span>
    </p>
   </div>
   <div class='ocr_carea' id='block_1_119' title="bbox 973 2860 1762 2898">
    <p class='ocr_par' dir='ltr' id='par_1_119' title="bbox 973 2860 1762 2898">
     <span class='ocr_line' id='line_1_120' title="bbox 973 2860 1762 2898; baseline 0.004 -11"><span class='ocrx_word' id='word_1_831' title='bbox 973 2860 1045 2896; x_wconf 76' lang='lat' dir='ltr'><strong>degit</strong></span> <span class='ocrx_word' id='word_1_832' title='bbox 1063 2860 1219 2896; x_wconf 83' lang='lat' dir='ltr'><strong>episcopus.</strong></span> <span class='ocrx_word' id='word_1_833' title='bbox 1241 2868 1294 2888; x_wconf 93' lang='lat' dir='ltr'><strong>non</strong></span> <span class='ocrx_word' id='word_1_834' title='bbox 1311 2861 1394 2888; x_wconf 89' lang='lat' dir='ltr'><strong>situm</strong></span> <span class='ocrx_word' id='word_1_835' title='bbox 1416 2863 1461 2890; x_wconf 86' lang='lat' dir='ltr'><strong>sit.</strong></span> <span class='ocrx_word' id='word_1_836' title='bbox 1481 2861 1585 2898; x_wconf 83' lang='lat' dir='ltr'><strong>Quippe</strong></span> <span class='ocrx_word' id='word_1_837' title='bbox 1618 2864 1676 2892; x_wconf 82' lang='lat' dir='ltr'><strong>ﬁeri</strong></span> <span class='ocrx_word' id='word_1_838' title='bbox 1706 2872 1762 2892; x_wconf 87' lang='lat' dir='ltr'><strong>non</strong></span> 
     </span>
    </p>
   </div>
  </div>
