1948 3064
204 127 274 163 1199

799 133 983 167 ΜΑΤΤΗᾸΞΙ
1005 137 1216 169 BLASTABIS

1760 142 1831 179 1200

205 192 303 222 potest,
319 195 381 215 cum
396 194 457 216 sese
472 187 628 223 frequenter
641 188 808 224 intueamur,
827 192 892 226 quin
913 199 973 220 amo

1042 193 1079 229 μὴ
1093 193 1260 222 ἀνάπτεσθαι
1276 194 1350 230 σφίσι
1361 195 1408 222 τὸν
1426 196 1514 232 ἔρωτα
1530 199 1562 233 τῇ
1583 198 1676 236 μνῄμῃ
1690 201 1740 237 τῆς
1756 211 1827 239 προ-

207 236 234 261 in
249 234 289 262 eis
307 241 355 269 per
366 233 498 261 consortii
514 234 622 268 pristini
638 236 796 263 memoriam
813 237 988 264 accendatur.

204 280 242 307 Eo
256 285 346 307 tamen
365 280 392 307 in
407 279 468 307 loco
483 279 588 313 volunt,
605 285 635 308 ut
662 281 784 316 episcopi
809 283 987 317 providentia

203 323 322 350 l'ructum
350 323 492 358 percipiat,
507 325 528 352 si
556 331 696 359 prematur
709 326 812 362 inopia.
831 327 936 363 Quippe
961 327 986 355 si

201 369 271 395 ultra
292 375 336 396 res
352 369 523 397 necessarias
540 370 607 397 nihil
629 371 737 406 ipsimct
763 372 893 408 episcopo
907 380 985 400 suam

201 416 228 442 in
242 422 387 450 personam
406 415 439 442 de
458 415 537 443 bonis
552 416 726 451 episcopatus
751 418 904 452 expendere
925 427 986 453 per-

199 461 336 493 mittitur;
355 460 440 488 multo
453 461 542 488 minus
558 461 660 496 aliquid
691 462 753 488 huic
769 462 802 489 de
829 462 907 490 bonis
939 470 986 490 ec-

197 506 286 534 tlesia:
302 506 422 538 dabitur,
439 507 462 534 si
493 514 523 533 ex
548 507 693 542 semetipsa
720 508 802 535 victui
830 509 984 536 necessaria

198 552 333 580 habuerit.
355 552 433 586 Quod
453 553 474 580 si
493 553 547 580 vita
573 553 632 588 ejus
651 553 764 581 honesta
778 558 804 581 et
819 555 908 588 gravis
938 555 983 587 sit,

196 599 278 625 ctiam
295 598 328 626 ad
344 599 506 626 diaconatus
520 599 633 634 gradum
656 599 792 627 evehitur.
808 599 940 632 Caeterum
955 605 985 627 ut

197 645 391 673 monasterium
408 644 584 679 ingrediatur,
598 645 700 672 idcirco
714 646 887 681 praecipiunt,
910 647 982 681 quod
997 651 1001 654 ”

195 691 373 719 excusatione
390 692 463 719 nulla
477 692 622 726 impetrare
636 693 731 727 possit,
746 694 811 727 quin
827 694 980 722 tondeatur.

196 737 260 765 Nam
275 742 437 773 potestatem
473 738 591 766 habebat
619 744 681 766 ante
707 739 757 766 viri
780 739 982 767 ordinationem

196 784 341 812 recusandi
356 784 508 812 divortium
522 792 529 812 :
545 791 601 819 quo
617 784 699 816 Iacto,
722 790 778 812 tum
797 785 922 820 impediti
937 793 983 812 or-

194 830 307 862 dinatio,
339 833 396 857 tum
410 830 491 857 etiam
507 835 617 858 tonsura
649 836 767 865 poterat.
786 830 886 858 Verum
907 836 982 866 post-

193 885 276 912 quam
290 876 406 912 ipsamet
421 877 448 905 in
465 877 666 905 ordinationem
696 878 847 910 consensit,
869 886 982 906 necesse
998 873 1018 899 Β

193 927 235 950 est
249 930 298 958 per
312 927 453 950 tonsuram
479 923 624 951 divortium
650 924 838 952 conﬁrmetur.
864 924 920 952 Hac
947 925 980 952 de

193 978 222 997 re
237 974 383 996 tractatum
405 969 456 996 fuit
482 973 602 1004 tempore
629 970 736 1005 imperii
755 970 851 998 lsaacii
872 971 979 1006 Anchi,

191 1016 279 1044 tribus
293 1015 457 1051 patriarchis
473 1016 499 1043 in
514 1016 630 1043 concilio
643 1017 833 1051 praisenlibus,
849 1017 978 1044 nimirum

191 1062 384 1095 univcrsali,et
399 1062 580 1093 Antiocheno,
595 1067 622 1089 et
633 1062 891 1097 Ilierosolyrnitano,
910 1071 979 1098 prat-

191 1114 232 1136 tcr
249 1108 473 1142 metropolitanos
489 1107 546 1135 fere
562 1107 597 1135 40
612 1109 667 1143 82
689 1108 735 1142 qui
749 1109 860 1136 decreto
885 1108 978 1136 sanci<

191 1158 301 1186 verunt,
314 1154 383 1181 citra
407 1153 608 1181 recusationem
630 1154 736 1181 tonderi
752 1154 851 1181 debere
880 1154 978 1182 mulie-

190 1207 247 1228 rem
260 1200 381 1234 epismpi
395 1199 524 1232 ordinati,
544 1199 722 1235 synodalibus
742 1199 768 1227 id
789 1200 886 1228 litteris
898 1207 977 1228 com-

189 1247 338 1281 plectentes
365 1249 391 1272 et
421 1244 625 1273 conlirmantes.
657 1244 726 1272 Hinc
753 1246 895 1279 probatur,
926 1253 976 1274 nec

189 1292 362 1320 sacerdotum
395 1291 529 1319 uxoribus
550 1291 590 1318 fas
606 1298 678 1323 esse,
700 1290 837 1319 secundas
854 1295 883 1319 ut
908 1298 976 1318 cnn-

188 1338 297 1366 trahant
311 1337 431 1373 nuptias.

223 1383 310 1418 Hujus
327 1388 417 1411 autem
434 1390 494 1418 syn.
510 1390 571 1410 can.
587 1382 622 1410 50
636 1389 774 1417 expresse,
793 1382 890 1417 inquit,
908 1389 973 1417 pro-

186 1431 330 1459 nuntiatur
346 1439 360 1458 a
376 1431 478 1460 sanctis
507 1430 633 1458 Patribus
678 1430 711 1458 de
737 1430 925 1458 sacerdotibus
947 1435 975 1458 et

186 1478 309 1506 diaconis
339 1477 516 1506 barbararum
542 1476 742 1508 ecclesiarum,
773 1477 821 1511 qui
864 1477 974 1512 pietatis

186 1529 315 1559 praetextu
327 1531 389 1551 cum
406 1522 539 1550 uxoribus
569 1522 627 1550 suis
642 1529 806 1549 consensum
820 1522 940 1550 inierunt
956 1530 971 1549 a

185 1553 279 1598 iuulua
291 1568 489 1598 consuetudine
500 1568 646 1597 abstinere.
660 1567 822 1600 Statuimus,
833 1568 970 1603 inquiunt,
985 1553 1008 1583 θ

184 1623 232 1643 eos
248 1622 303 1643 non
316 1615 433 1649 amplius
447 1622 509 1642 cum
525 1614 579 1642 illis
593 1613 752 1641 cohabitare
765 1613 880 1647 debere;
895 1618 925 1641 ut
937 1622 970 1641 ex

184 1669 217 1689 eo
229 1661 309 1689 nobis
326 1660 474 1695 perfectam
493 1660 536 1688 sui
551 1659 677 1694 promissi
708 1659 969 1688 demonstrationem

186 1707 333 1742 prmbeant.
365 1705 423 1734 lloe
451 1710 541 1733 autem
562 1705 616 1732 illis
648 1705 834 1732 concessimus
860 1708 971 1740 propter

184 1758 329 1781 externum
352 1758 379 1780 Cl
396 1753 543 1780 barbarum
560 1759 656 1780 eorum
671 1758 788 1784 morem,
812 1756 840 1779 et
857 1755 971 1786 propter

183 1806 277 1826 eorum
295 1799 322 1826 in
336 1798 388 1826 ﬁde
400 1798 626 1832 imbecillitatem,
640 1802 668 1825 et
693 1805 746 1825 non
761 1798 828 1825 satis
853 1798 968 1826 solidam

183 1845 385 1878 constantiam;
410 1848 495 1879 utque
516 1844 543 1871 in
560 1848 687 1879 suscepto
712 1844 888 1872 continentia:
904 1851 970 1872 cou-

183 1890 246 1918 silio
258 1890 483 1922 corroborentur,
497 1889 577 1924 longe
591 1888 626 1916 ab
651 1889 785 1916 uxoribus
803 1889 859 1917 suis
876 1889 969 1917 viven-

182 1942 232 1964 tes.
247 1936 314 1964 Cum
330 1935 363 1964 iis
387 1936 459 1963 enim
475 1935 642 1968 cohabitare,
657 1934 692 1962 ad
724 1942 872 1963 veneream
898 1943 968 1964 con-

182 1984 348 2019 gressionem
367 1982 480 2010 forsitan
501 1982 680 2010 incitamento
693 1981 754 2009 erit.

180 2041 258 2069 CAP.
285 2039 378 2067 XVIII.
409 2039 485 2071 Quod
512 2038 662 2065 sacerdotes
688 2039 720 2065 ab
751 2038 877 2065 uxoribus
912 2039 967 2066 suis

233 2076 365 2104 abstinere
378 2075 482 2106 debent,
505 2082 564 2101 cum
587 2082 664 2101 sacra
682 2075 822 2100 tractaturi
841 2078 913 2102 sunt.

216 2163 310 2191 Canon
324 2163 419 2199 synodi
435 2162 657 2197 Carthaginiensis
687 2163 783 2190 tertius
813 2143 912 2191 debere
926 2163 968 2191 di-

1039 239 1122 274 τέρας
1136 239 1290 275 διαγωγῆς·
1307 241 1387 268 κάκεῖ
1400 241 1428 268 δὲ
1448 243 1498 277 τῆς
1521 244 1567 271 τοῦ
1587 245 1739 274 ἐπισκόπου
1756 258 1827 284 προ-

1039 284 1111 316 νοίας
1130 285 1279 313 ἀπολαύειν
1301 287 1387 323 αὐτὴν
1411 288 1543 321 ἀξιοῦσιν,
1566 291 1591 316 εἰ
1610 291 1710 324 ἐνδεῶς
1725 293 1827 328 ἔχουσα

1039 329 1094 365 εἴη.
1113 331 1144 357 Εί
1164 331 1220 367 γὰρ
1234 330 1309 367 αὑτῷ
1328 332 1360 368 δὴ
1375 333 1414 368 τῷ
1432 335 1577 370 ἐπισκὸπῳ
1602 338 1759 373 περαιτέρω
1771 340 1827 366 τῶν

1038 374 1195 411 ἀναγκαίων
1209 377 1249 408 εἰς
1273 376 1371 404 ἑαυτὸν
1388 377 1511 414 δαπανᾷν
1526 381 1557 406 ὲκ
1578 381 1632 408 τῶν
1645 382 1694 416 τῆς
1714 384 1828 411 ἐπισκι-

1038 420 1094 455 πῆς
1109 421 1159 447 οὐκ
1172 423 1286 456 ἐφεῖται,
1312 423 1393 459 σχολῇ
1411 424 1438 458 γ’
1460 425 1493 452 ἂν
1508 426 1594 462 ταύτῃ
1621 427 1676 455 τῶν
1702 429 1751 463 τῆς
1780 432 1828 457 ὲκ-

1037 465 1153 501 κλησίας
1168 466 1322 502 δοθήσεται,
1343 469 1448 496 οἴκοθεν
1486 472 1622 509 ὲσχηκυίᾳ
1642 474 1692 506 τὰς
1712 475 1782 510 πρὸς
1796 477 1827 504 τὸ

1037 512 1088 548 ζῇν
1101 514 1240 548 ἀφορμάς.
1258 515 1290 541 Εἰ
1305 515 1333 542 δὲ
1351 516 1398 542 καὶ
1414 517 1427 542 ὁ
1449 517 1507 552 βίος
1536 519 1621 555 αὐτῆς
1649 521 1747 556 σεμνὸς
1769 523 1825 557 είη,

1036 558 1085 585 καὶ
1098 559 1138 591 είς
1152 559 1198 586 τὸν
1210 560 1259 595 τῆς
1273 561 1411 594 διακονίας
1427 562 1532 598 βαθμὸν
1551 565 1748 600 προῆιὸάζεται
1759 575 1766 582 ’
1784 569 1826 600 εἰς

1037 606 1218 641 μοναστήριον
1232 607 1260 634 δὲ
1273 608 1385 636 είσιέναι
1401 610 1570 646 κελεύουσιν,
1583 612 1621 644 ὡς
1633 613 1825 650 ἀπαραίτητον

1034 651 1064 696 ὃν
1077 652 1277 688 ἀποκείρασθαι
1298 654 1411 690 ταύτην.
1440 656 1519 691 Ἐξῆν
1536 658 1585 692 μὲν
1601 659 1656 694 γὰρ
1677 660 1746 696 αὐτῇ
1768 662 1825 696 πρδ

1033 695 1083 730 τῆς
1102 697 1270 731 χειροτονίας
1285 698 1332 725 τοῦ
1344 700 1442 736 ἀνδρὸς
1459 701 1497 737 μὴ
1513 703 1686 738 διαζυγῆναι,
1707 695 1825 732 κάντεδ-

1033 742 1080 769 θεν
1096 744 1143 770 καὶ
1158 744 1208 779 τὴν
1223 747 1392 780 χειροτονίαν
1408 749 1562 784 κωλυθῆναι
1575 752 1621 777 καὶ
1635 751 1685 786 τὴν
1696 752 1823 788 ἀπόκαρο

1034 797 1087 816 σιν.
1104 789 1168 816 Ὅτε
1182 790 1210 816 δέ
1237 799 1268 824 γε
1288 793 1322 818 τὰ
1338 793 1387 827 τῆς
1410 795 1577 830 χειροτονίας
1598 796 1739 831 συνῄνεσε,
1759 798 1822 824 δέον

1033 835 1080 860 καὶ
1094 837 1126 870 τῇ
1142 835 1295 871 ἀποκάρσει
1308 838 1356 872 τὴν
1368 839 1507 872 διάζευξιν
1518 840 1731 876 βεὸαιώσασθαι.
1741 843 1822 878 Ἐζή-

1032 891 1112 918 τηται
1124 884 1152 911 δὲ
1164 885 1197 911 τὰ
1208 886 1276 921 περὶ
1287 886 1381 913 τούτου
1395 889 1440 914 καὶ
1457 889 1504 915 ἐπὶ
1514 889 1563 924 τῆς
1577 889 1716 924 βασιλείας
1731 891 1822 918 Ίσαα-

1031 929 1092 955 κὶου
1107 930 1154 956 τοῦ
1175 931 1314 964 Ἀγγέλου,
1327 933 1382 959 τῶν
1394 933 1478 968 τριῶν
1489 934 1667 970 πατριαρχῶν
1679 935 1821 970 συνεδρια-

1031 974 1142 1008 ζὸντων,
1160 975 1206 1002 τοῦ
1231 978 1433 1012 οἰκουμενικοῦ,
1449 979 1496 1005 τοῦ
1517 980 1692 1016 Ἀντιοχείας,
1708 982 1755 1008 καὶ
1770 980 1821 1008 τοῦ

1035 1019 1251 1056 Ἰεροσολύμων,
1281 1024 1327 1050 καὶ
1354 1025 1564 1060 μητροπολιτῶν
1594 1026 1661 1053 ὡσεὶ
1683 1027 1823 1062 τεσσαρά-

1030 1074 1123 1098 κοντα,
1147 1068 1172 1093 οἳ
1201 1069 1248 1095 καὶ
1277 1069 1449 1104 ἐψηφίσαντο
1476 1072 1674 1108 ἀπαραιτήτως
1700 1073 1823 1108 ὀφείλειν

1029 1112 1233 1148 ἀποκείρασθαι
1256 1114 1305 1150 τὴν
1328 1115 1376 1142 τοῦ
1402 1117 1638 1152 χειροτονηθέντος
1664 1119 1819 1152 ἐπισκόπου

1029 1160 1160 1194 γυναῖκα,
1178 1161 1329 1192 συνοδικοῖς
1340 1162 1487 1197 γράμμασι
1502 1162 1582 1189 τοῦτο
1597 1163 1822 1199 σημειωσάμενοι

1027 1205 1075 1232 καὶ
1088 1206 1276 1240 κυρώσαντες.
1298 1207 1441 1234 Ἐντεῦθεν
1457 1209 1596 1236 δείκνυται
1612 1210 1682 1245 μηδὲ
1695 1211 1745 1242 τάς
1762 1209 1822 1238 τῶν

1029 1250 1126 1287 ἱερέων
1140 1253 1273 1286 γυναῖκας
1288 1252 1401 1288 θεμιτὸν
1416 1252 1486 1281 εἶναι
1501 1250 1726 1292 δευτερογαμεῖν.

1067 1385 1097 1412 '0
1110 1385 1138 1412 δέ
1155 1393 1187 1419 γε
1203 1386 1306 1420 ταύτης
1316 1386 1339 1412 λ’
1351 1387 1442 1419 ίδικῶς
1457 1388 1649 1425 ἑκπεφώνηται
1663 1389 1719 1420 τοῖς
1733 1389 1819 1422 θείοις

1026 1431 1149 1466 Πατράςι
1177 1432 1242 1467 περὶ
1275 1433 1329 1458 τῶν
1353 1433 1381 1458 ὲν
1412 1434 1472 1464 ταῖς
1508 1434 1690 1470 βαρϐαρικαῖς
1717 1435 1822 1472 ἐκκληο

1027 1477 1101 1509 σίαις
1120 1478 1215 1513 ίερὲων
1231 1479 1278 1505 καὶ
1290 1479 1434 1511 διακόνων,
1450 1480 1504 1507 τῶν
1520 1483 1654 1516 προφάσει
1670 1481 1818 1514 εὐλαϐείας

1026 1525 1095 1560 μετὰ
1105 1525 1161 1553 τῖιν
1175 1526 1284 1552 οίιιείων
1295 1526 1375 1561 δῆθεν
1392 1527 1521 1562 γαμετῶν
1534 1528 1751 1564 συμφωνούντων
1762 1529 1815 1564 τῆς

1024 1570 1092 1606 πρὸς
1119 1571 1251 1606 ἀλλήλους
1280 1572 1389 1606 ὁμιλίας
1423 1573 1585 1608 ἀπέχεσθαι.
1617 1574 1734 1606 Τούτους
1758 1575 1817 1610 γὰρ

1024 1617 1121 1652 μηκέτι
1133 1618 1245 1648 ταύταις
1260 1620 1396 1645 συνοικεῖν
1416 1619 1647 1654 διακελευόμεθα,
1662 1620 1756 1653 φασὶν,
1774 1620 1816 1652 ὡς

1022 1663 1056 1690 ἂν
1070 1665 1135 1698 ἡμῖν
1146 1664 1272 1691 ἐντεῦθεν
1286 1665 1381 1700 ἐντελῆ
1397 1667 1446 1701 τῆς
1459 1666 1634 1702 ὑποσχέσεως
1648 1666 1816 1701 παράσχωσι

1020 1709 1070 1745 τὴν
1082 1709 1230 1742 ἀπόδειξιν.
1257 1711 1312 1738 Καὶ
1338 1710 1416 1738 τοῦτο
1435 1712 1529 1742 αὐτοῖς
1552 1711 1740 1747 ενδεδὼκαμεν
1766 1712 1814 1740 διὰ

1020 1755 1050 1781 τὸ
1077 1755 1287 1791 ἀπεξενωμένον
1312 1757 1403 1784 αὐτῶν
1428 1758 1475 1785 καὶ
1499 1757 1639 1793 βάρϐαρον
1661 1755 1738 1793 ἦθος,
1763 1759 1816 1785 καὶ

1021 1800 1066 1828 διὰ
1095 1801 1126 1828 τὸ
1155 1803 1221 1838 περὶ
1246 1804 1295 1838 τὴν
1327 1804 1420 1830 πίστιν
1450 1805 1567 1838 ἀπαγὲς,
1591 1805 1639 1831 καὶ
1668 1805 1706 1840 μὴ
1737 1804 1814 1831 πάνυ

1019 1847 1137 1881 ἑδραῖον,
1158 1849 1204 1875 καὶ
1218 1848 1261 1875 ἵνα
1276 1848 1529 1885 πρδςσωφροσύνην
1545 1850 1647 1884 μᾶλλον
1664 1850 1809 1885 ἐπιρρων-

1020 1894 1136 1924 νύοιντο,
1153 1895 1249 1930 ττόρρω
1264 1895 1319 1921 τῶν
1344 1895 1442 1930 πρώην
1459 1896 1601 1930 διάγοντες
1616 1897 1755 1930 γαμετῶν.
1773 1897 1813 1923 Τὸ

1019 1939 1075 1974 γὰρ
1091 1939 1186 1972 αὑταῖς
1200 1941 1334 1967 συνοικεῖν
1348 1942 1389 1973 εἰς
1406 1941 1584 1977 παροξυσμὸν
1594 1942 1701 1976 πέφυκε
1714 1943 1811 1977 φέρειν

1019 1984 1070 2019 τῆς
1082 1984 1150 2020 πρὸς
1165 1985 1251 2016 αὐτὰς
1265 1986 1383 2021 ὁμιλίας.
1597 1980 1599 1982 η

1019 2040 1220 2079 ΚῐᾷιῐιᾹΛηιῐν¹
1239 2042 1300 2079 ὀτι
1324 2044 1386 2070 τῶν
1399 2044 1484 2070 ίὸίων·
1500 2043 1653 2079 γυναικῶν
1671 2044 1722 2071 δεῖ
1734 2045 1811 2078 τοὺς

1054 2077 1231 2117 ἱερωμένους
1246 2078 1491 2117 ἐπιφατεύεσθαι,
1504 2077 1561 2106 ore
1580 2080 1617 2106 τὰ
1631 2079 1700 2110 ἅγια
1718 2077 1811 2114 μετσέ

1053 2114 1228 2146 χαριεῖσθαι
1239 2114 1421 2147 μέλλουσιν,

1059 2168 1088 2195 '0
1100 2169 1192 2204 τρίτος
1207 2170 1257 2205 τῆς
1273 2171 1303 2198 ἐν
1318 2171 1484 2207 Καρθαγένῃ
1509 2171 1619 2198 συνόδου
1637 2171 1729 2198 κανὼν
1741 2171 1809 2205 τοὺς

180 2210 217 2237 cit
228 2217 276 2237 eos
294 2210 341 2243 qui
358 2217 458 2236 munus
470 2209 640 2236 sacerdotale
653 2208 742 2235 sortiti
754 2208 818 2242 sint,
844 2214 871 2237 et
891 2217 964 2238 sern-

1028 2215 1142 2250 δρᾶσθαι
1169 2216 1317 2252 λαχόντας,
1345 2218 1437 2252 φησὶν,
1467 2218 1514 2245 ἀεὶ
1532 2218 1583 2253 μὲν
1600 2218 1648 2244 καὶ
1665 2219 1694 2244 ἐν
1721 2219 1809 2244 πᾶσιν

179 2263 238 2290 per,
251 2260 278 2283 ct
296 2255 324 2283 in
341 2255 468 2282 omnibus
485 2254 692 2288 continentiam,
710 2255 875 2288 castitatem,
906 2263 964 2282 om-

181 2309 296 2336 nemque
311 2301 391 2328 aliam
409 2301 536 2328 virtutem
552 2300 652 2332 colere,
672 2304 702 2336 ut
717 2300 778 2335 puri
803 2301 837 2328 ad
864 2309 963 2337 purum

179 2347 352 2379 accedentes,
368 2351 492 2373 votorum
521 2354 633 2374 suorum
651 2351 792 2382 compotes
816 2348 892 2379 ﬁant.
912 2348 963 2382 ipsi

179 2392 427 2421 mediatoresiuter
442 2392 527 2419 Deum
541 2398 568 2419 et
590 2393 714 2420 homines
741 2393 782 2421 sic
811 2394 963 2426 constituti,

179 2444 208 2466 ut
226 2439 290 2466 dum
306 2438 537 2466 interuuntiorum
567 2445 632 2473 erga
661 2439 743 2466 Deum
761 2446 875 2467 munere
902 2440 963 2466 [tin-

178 2489 290 2518 gunlur,
310 2483 470 2510 mortalibus
499 2491 560 2510 eum
578 2483 733 2518 (quantum
756 2484 815 2518 ejus
833 2485 890 2512 ﬁeri
914 2493 961 2519 po-

179 2531 254 2565 lt-st)
275 2529 424 2565 propitium
451 2528 574 2561 reddant,
593 2534 619 2555 ct
646 2528 748 2556 mundo
763 2536 857 2564 pacem
879 2538 963 2564 expo-

177 2581 265 2604 scant.
283 2576 310 2602 In
331 2574 426 2610 primis
440 2581 505 2601 vero
521 2574 652 2601 invitante
679 2575 754 2609 ipsos
769 2575 874 2602 ratione
894 2579 963 2602 tem.

178 2623 253 2658 poris
273 2621 306 2649 ad
322 2627 463 2649 sacrorum
491 2620 681 2646 tractationem
705 2625 733 2647 et
756 2621 961 2656 perceptionem

178 2669 382 2705 mysteriorum,
401 2673 464 2694 cum
489 2673 586 2700 reapse
600 2665 753 2693 castitatem
771 2672 902 2701 praestare
917 2668 962 2695 do-

175 2719 266 2750 bcuut,
275 2717 358 2744 etiam
372 2715 407 2743 ab
418 2721 533 2742 uxorum
545 2721 657 2742 suarum
668 2714 864 2742 consuetudine
877 2720 962 2743 semet

174 2765 340 2793 abstineant.

209 2810 297 2845 Hujus
311 2813 401 2836 autem
427 2815 488 2842 syn.
503 2814 564 2834 can.
580 2806 597 2833 4
612 2809 638 2834 et
660 2804 696 2832 28
721 2813 772 2834 nec
787 2813 840 2833 non
857 2808 891 2834 75
910 2807 958 2836 ob-

173 2863 252 2886 scure
265 2854 341 2888 dicti,
363 2858 390 2882 et
405 2857 538 2887 sacratos,
557 2852 604 2887 qui
628 2850 721 2880 divina
748 2852 878 2887 mysteria
894 2860 959 2881 con-

1018 2261 1185 2297 ἐγκράτειαν
1201 2262 1249 2289 καὶ
1266 2262 1458 2297 σωφροσύνην,
1476 2263 1522 2289 καὶ
1535 2263 1625 2291 πᾶσαν
1646 2263 1730 2297 ἄλὶην
1742 2263 1810 2297 ἀρε-

1016 2308 1065 2342 τὴν
1081 2309 1204 2343 μετιέναι
1219 2309 1268 2339 δεῖ,
1283 2309 1358 2341 ὅπως
1370 2309 1485 2345 καθαροὶ
1497 2309 1537 2344 τῷ
1546 2309 1660 2344 καθαρῷ
1673 2309 1810 2344 προσιόν-

1016 2363 1071 2386 τες,
1096 2355 1149 2381 τῶν
1168 2355 1329 2389 αἰτημάτων
1351 2357 1576 2391 ἐπιτυγχάνοιεν,
1602 2357 1716 2390 μεσίται
1734 2355 1805 2382 Θεοῦ

1015 2401 1234 2435 χρηματίζοντες
1261 2402 1308 2427 καὶ
1329 2401 1500 2435 ἀνθρώπων
1519 2401 1591 2428 ὥστε
1607 2400 1807 2436 διαπρεσϐευό-

1017 2455 1092 2480 μενοι
1106 2446 1176 2481 πρὺς
1192 2447 1237 2473 τὸν
1261 2447 1338 2479 Θεδν,
1361 2447 1466 2478 τούτοις
1482 2447 1597 2480 ἐκεῖνον,
1615 2448 1653 2478 ὡς
1675 2447 1804 2482 ἐφικτὸν,

1015 2491 1217 2523 ἐξιλάσκεσθαι.
1234 2492 1281 2518 καὶ
1297 2492 1408 2527 εἰρήνην
1423 2491 1462 2527 τῷ
1477 2492 1575 2527 κόσμῳ
1585 2492 1719 2519 αἰτεῖσθαι
1730 2501 1737 2507 ·
1753 2493 1806 2527 οὐχ

1013 2537 1114 2572 ἥκιστα
1129 2537 1157 2563 δὲ
1175 2536 1222 2563 τοῦ
1242 2537 1340 2573 καιροῦ
1360 2538 1508 2570 καλοῦντος
1527 2538 1627 2570 absab;
1661 2539 1731 2573 πρὸς
1750 2537 1803 2573 τὴν

1013 2582 1068 2608 τῶν
1093 2582 1173 2609 θείων
1199 2583 1396 2618 μεταχείρησίν
1417 2592 1447 2610 τε
1463 2584 1510 2610 καὶ
1528 2583 1679 2619 μετάληψιν
1697 2592 1806 2618 μυστη-

1015 2628 1093 2663 ρίων.
1117 2628 1191 2663 ἔργῳ
1209 2630 1242 2656 τὰ
1255 2629 1304 2663 τῆς
1320 2629 1498 2664 σωφροσύνης
1517 2629 1657 2655 δεικνύναι
1680 2628 1807 2663 ὄφειλον.

1011 2681 1072 2705 τας,
1090 2673 1136 2700 καὶ
1154 2673 1204 2708 τῆς
1219 2673 1274 2700 τῶν
1292 2673 1365 2701 ίδίων
1380 2674 1507 2709 γαμετῶν
1522 2673 1632 2708 ὁμιλίας
1645 2673 1805 2709 ἀπέχεσθαι

1012 2720 1076 2754 χρὴ·

1047 2808 1082 2834 Ὃ
1095 2815 1126 2841 γε
1140 2809 1193 2844 μὴν
1206 2808 1227 2835 δ’
1239 2809 1342 2844 ταύτης
1357 2810 1405 2836 καὶ
1425 2809 1440 2836 ὁ
1456 2812 1511 2846 κη’,
1533 2810 1647 2845 προσέτι
1667 2810 1716 2838 καθι
1730 2812 1745 2837 ό
1761 2815 1802 2845 of

1010 2854 1124 2888 ἀσαφῶς
1138 2855 1292 2890 είρημένοι,
1317 2857 1365 2884 καὶ
1382 2855 1445 2889 τοὺς
1461 2856 1496 2886 τὰ
1513 2856 1574 2885 θεῖα
1586 2857 1728 2894 μυστήρια
1749 2858 1804 2893 ψη-
