1948 3064
227 162 237 199 ι
244 162 297 194 203

822 160 1009 193 ΜΑΤΤΗΕΙ
1030 160 1244 195 BLASTARIS

1776 158 1848 192 1204

225 218 298 247 enim
313 215 405 244 clerici
421 214 533 251 fuerint,
556 215 738 254 deponentur,
762 214 804 242 sin
821 214 894 248 laici,
917 222 1008 250 segre-

1064 217 1100 251 μὴ
1124 216 1271 251 βούλοιντο,
1288 213 1437 250 κληρικοὺς
1454 213 1503 249 μέν
1524 213 1615 246 ὄντας,
1638 214 1847 251 καθαιρεῖσθαι,

223 264 370 300 gabuntur.

258 319 353 348 Canon
369 323 460 347 autem
481 319 515 347 l8
535 326 598 355 syn.
626 326 663 346 vn
700 325 795 349 omnes
812 318 859 353 qui
879 325 912 346 ex
935 317 1008 345 clero

223 369 298 399 sunt,
310 365 390 400 juxta
405 366 578 400 Apostolum,
606 364 665 395 sine
679 364 830 393 oll'ensione
847 371 907 391 esse
917 364 1006 399 jubet,

224 418 276 438 non
289 410 378 438 solum
391 410 526 442 lidelibus,
545 410 591 437 sed
609 414 635 439 et
652 409 686 442 iis
697 409 798 444 quibus
815 408 911 443 religio
935 415 1008 435 curae

224 464 277 483 non
297 461 355 488 est;
374 463 460 490 quare
477 455 524 489 qui
544 454 726 485 ministerium
749 453 932 489 quodcunque
947 460 1006 482 tnu-

224 502 282 531 lieri
300 509 385 530 servm
402 502 444 529 vel
458 501 551 534 liberae
564 501 591 527 in
615 500 754 535 episcopio
775 500 816 526 vel
841 499 1007 529 monasterio

223 545 403 578 commiserit,
412 546 501 580 puniri
514 545 601 580 jubet,
617 549 642 571 et
655 548 875 579 perseverantem
896 543 1007 577 deponi.

208 619 210 622 ,
226 591 324 626 Utique
338 586 365 619 et
377 591 505 626 episeopo
531 590 572 621 vel
587 589 714 625 ptmfecto
731 589 758 616 in
773 589 880 624 privato
906 589 1008 616 subur-

223 638 295 665 bano
308 637 464 670 divertenti,
499 636 544 670 ubi
569 636 699 669 mulieres
716 634 867 663 ministeria
894 634 1006 669 obeunt,

224 691 276 710 nou
295 691 354 715 eas,
371 683 418 714 sed
438 682 511 709 viros
533 681 686 708 ministrare
700 680 773 713 vult;
797 684 824 707 et
838 680 965 707 mulieres
979 680 1007 706 in

225 728 279 755 alio
305 728 367 755 loco
391 727 506 761 versari,
528 726 614 753 donec
626 725 769 760 episcopus
793 724 835 752 vel
863 723 1007 758 prafectus

223 774 322 802 exinde
337 773 490 805 recesserit.
510 772 538 802 Si
553 771 624 799 enim
643 771 670 798 in
683 771 772 798 alieno
785 770 942 798 suburbano
965 769 1007 796 vel

224 820 332 855 publico
350 819 468 854 hospitio
488 818 637 850 divertant,
657 816 764 844 dillicile
775 821 826 849 est,
842 820 873 843 ut
899 816 1005 851 opinor,

225 874 255 899 ea
269 873 329 900 qua:
344 865 371 893 in
385 872 489 899 canone
505 864 684 901 continentur
697 862 848 900 observari.

257 1012 355 1042 Ganon
381 1019 447 1040 vero
473 1011 507 1040 t9
544 1012 693 1046 Ancyranae
724 1009 839 1046 synodi,
878 1009 1008 1037 mulieres

225 1057 343 1092 virgines
361 1057 394 1084 ad
421 1056 554 1092 quosdam
575 1056 721 1089 accedere,
735 1060 864 1090 tanquam
888 1054 985 1084 fratres
999 1074 1007 1088 ,

226 1107 309 1131 velut.

263 1159 420 1187 Secundum
433 1160 483 1187 hos
501 1167 599 1195 magna
610 1159 705 1187 istluec
721 1159 785 1186 tuba
807 1159 938 1191 veritatis,
951 1166 1009 1186 ma-

227 1212 297 1240 gnus
314 1205 358 1232 ille
373 1205 504 1238 Basilius,
522 1205 555 1232 ad
570 1205 731 1240 Gregorium
749 1204 938 1240 presbyterum
951 1204 1008 1238 epi-

227 1251 297 1280 stola
311 1251 406 1288 missa,
423 1251 519 1285 majori
542 1258 603 1285 cum
620 1250 814 1285 increpationis
837 1251 1008 1278 vehementia

228 1295 454 1331 tangiteum,qui
470 1296 534 1325 huic
551 1303 581 1323 se
605 1296 670 1322 vitio
693 1295 778 1322 dedit.
807 1295 902 1330 Neque
927 1295 1008 1330 primi

227 1347 288 1373 nos,
303 1340 402 1379 inquit,
420 1348 509 1375 neque
523 1341 574 1368 soli
589 1341 747 1374 statuimus,
763 1348 820 1368 non
833 1340 932 1368 debere
947 1348 1008 1368 mu-

228 1386 307 1419 lieres
327 1385 354 1424 in
376 1386 496 1413 virorum
511 1393 572 1413 esse
593 1386 796 1413 contubernio:
817 1386 864 1413 sed
887 1385 1009 1420 promul~

227 1435 319 1467 gatum
336 1439 351 1459 a
365 1431 466 1459 sanctis
479 1431 604 1459 Patribus
617 1431 719 1459 nostris
735 1432 761 1458 in
775 1431 892 1459 concilio
900 1431 1010 1458 Niceeno

226 1483 359 1503 canonem
373 1476 466 1511 legito,
489 1476 535 1511 qui
550 1476 694 1504 manifesto
716 1476 864 1511 prohibuit,
893 1483 928 1503 ne
954 1475 1010 1503 sint

228 1521 357 1550 mulieres
372 1521 566 1549 introductilize
583 1522 623 1549 vel
635 1527 781 1550 extraneae.
795 1522 941 1549 Caelibatus
957 1529 1007 1549 au-

227 1571 280 1598 tem
298 1567 417 1602 dignitas
436 1575 469 1595 ac
486 1568 624 1595 veneratio
644 1567 670 1594 in
685 1567 738 1595 hoc
752 1567 889 1599 consistit,
904 1572 932 1594 ut
945 1568 1008 1602 quis

229 1610 400 1643 aconsortio
432 1612 560 1641 muliebri
588 1618 739 1648 separetur.
772 1612 877 1647 Quippe
901 1612 924 1640 si
948 1613 1010 1648 quis

226 1665 288 1684 eum
306 1658 390 1685 verbo
412 1661 493 1697 tenus
514 1658 686 1693 promittens,
704 1665 800 1693 reapse
813 1658 893 1685 faciat
908 1666 939 1686 ea
951 1666 1011 1694 qua:

227 1701 313 1740 solent
326 1701 373 1736 qui
394 1702 538 1729 mulierum
553 1703 581 1729 in
609 1703 749 1730 consortio
773 1703 891 1737 degunt:
921 1704 1009 1730 muni-

228 1744 328 1773 festum
345 1746 378 1772 de
395 1752 426 1776 se
445 1746 549 1781 praebet
574 1746 715 1780 iudicium,
743 1748 815 1782 quod
844 1748 1010 1783 virginitatis

227 1791 311 1829 decus
324 1793 434 1827 nomine
446 1796 525 1820 tenus
538 1796 667 1826 sectetur,
692 1800 786 1821 verum
815 1793 937 1827 fmditate
959 1801 1008 1821 vo-

228 1838 339 1873 luptatis
354 1846 408 1865 non
423 1838 569 1866 abstineat.
589 1838 648 1866 Non
661 1839 734 1866 enim
748 1839 874 1874 equidem
901 1845 1010 1875 septua-

227 1883 301 1918 ginta
316 1888 409 1922 natum
422 1892 510 1911 annos
526 1885 627 1923 lascive
648 1885 753 1912 mulieri
769 1885 926 1914 cohabitare
948 1893 1010 1914 cre-

228 1931 355 1963 diderint,
377 1938 428 1969 nec
445 1931 518 1959 velut
531 1932 648 1967 alicujus
676 1932 788 1960 absurdi
806 1931 938 1960 facinoris
964 1933 1010 1959 ad-

227 1977 302 2004 missi
324 1985 406 2007 causa
435 1978 582 2006 statuimus
609 1977 647 2011 id,
679 1978 750 2012 quod
776 1969 931 2006 statuimus.
957 1977 1010 2005 Sed

226 2027 381 2058 propterea,
399 2023 472 2058 quod
498 2023 588 2051 edocti
613 2024 699 2051 simus
724 2023 758 2050 ab
785 2023 925 2058 Apostolo,
954 2031 1008 2050 non

225 2076 286 2097 esse
302 2069 380 2097 fratri
394 2069 588 2098 oﬂ'endiculum
610 2070 777 2105 ponendum,
792 2071 863 2106 quod
877 2070 902 2098 ei
932 2077 1010 2097 scan-

225 2113 287 2142 dalo
301 2114 348 2146 sit,
363 2117 390 2141 et
402 2121 456 2141 non
484 2114 642 2149 ignoramus
669 2114 696 2141 id
726 2115 797 2149 quod
810 2114 845 2141 ab
872 2113 1010 2148 aliquibus

226 2163 299 2186 recte
315 2158 370 2192 flat,
388 2159 449 2187 aliis
465 2159 637 2186 occasionem
654 2159 783 2197 peceaudi
813 2159 1007 2194 praebitorum:

1060 262 1170 294 λαῑκοίις
1185 261 1224 294 δέ,
1242 260 1433 301 ἀφορίζεσθαι.

1099 321 1130 347 '0
1154 319 1182 346 δὲ
1210 323 1247 354 ιη’
1266 319 1316 353 τῆς
1342 317 1365 350 ζ’
1394 318 1504 345 συνόδου
1526 318 1617 346 κανὼν
1651 319 1847 353 ἀπροσκόπους

1059 363 1129 392 εἶναι
1141 365 1211 392 κατὰ
1223 365 1267 391 τὸν
1283 365 1448 395 Ἀπόστολον
1460 364 1523 395 τοὺς
1536 365 1583 391 τοῦ
1596 364 1698 399 κλήρου
1712 365 1794 398 ἀξιοῖ,
1807 366 1847 400 μὴ

1059 412 1100 438 ὅτι
1115 412 1171 442 τοῖς
1185 412 1302 444 πιστοῖς,
1318 410 1385 439 ἀλλὰ
1401 418 1433 444 γε
1447 411 1495 437 καὶ
1510 408 1551 442 οἷς
1567 410 1645 436 οὐδὲν
1661 410 1716 436 τῶν
1735 411 1784 445 τῆς
1798 411 1846 438 eti-

1060 457 1169 488 σεὸείας
1184 457 1312 491 ἐμέλησε.
1331 457 1380 484 Διά
1394 465 1436 483 τοι
1459 455 1550 489 τοῦτο,
1571 456 1618 483 καὶ
1640 455 1685 483 τὸν
1699 457 1847 491 ἡνηναοῦν

1058 504 1197 533 διακονίαν
1220 505 1407 539 ἐπιτρέποντα
1421 504 1532 537 γυναικὶ
1547 503 1639 540 δούλῃ,
1659 503 1675 539 ἢ
1701 504 1847 539 ἐλευθέρᾳ,

1058 551 1088 577 ἐν
1104 550 1273 583 ἐπισκοπείῳ
1289 550 1306 585 ἦ
1323 550 1507 585 μοναστηρὶῳ,
1533 549 1713 583 ἐπιτιμᾶσθαι
1739 558 1848 584 παρεγ-

1059 597 1170 630 γνᾶται,
1190 596 1354 630 ἐπιμένοντα
1377 596 1415 627 δέ,
1441 595 1646 628 καθαιρεῖσθαι.
1666 595 1712 626 El;
1737 596 1804 622 ἴδιον
1820 596 1848 621 δὲ

1058 641 1174 668 ἀπιόντα
1191 641 1355 676 προάστειον
1371 641 1417 667 τὸν
1431 641 1606 676 ἐπίσκοπονῆ
1623 640 1668 667 τὸν
1680 640 1848 675 ἡγούμενον,

1059 686 1122 713 ἔνθα
1136 687 1268 720 γυναῖκες
1285 686 1320 712 τὰ
1334 686 1383 720 τῆς
1405 685 1557 719 ὑπηρεσίας
1575 685 1711 719 μετίασιν,
1728 686 1778 719 οὐχ
1793 685 1848 710 ὑπὸ

1058 732 1161 758 τούτων
1175 732 1220 758 καὶ
1237 732 1346 764 αὐτοὺς,
1367 732 1425 758 ἀλλ’
1448 731 1501 758 ὑπὸ
1523 731 1627 766 ἀνδρῶν
1647 731 1847 765 ὑπηρετεῖσθαι

1058 778 1200 812 βούλεται·
1222 777 1331 809 ἐκείνας
1355 778 1384 804 δέ
1409 778 1439 804 ἐν
1459 777 1545 812 ἑτέρῳ
1562 777 1667 810 διάγειν
1688 777 1774 810 τόπῳ,
1792 777 1846 808 ἕως

1058 823 1091 850 ἃν
1107 823 1120 849 ὁ
1137 822 1284 853 ἐπίσκοπος
1299 822 1315 857 ἦ
1332 823 1345 849 ὁ
1359 821 1511 857 ἡγούμενος
1537 821 1643 848 ἐκεῖθεν
1665 821 1846 856 ὑποχωρήοῃ.

1058 869 1091 895 Et
1102 868 1157 903 γὰρ
1170 869 1210 898 είς
1226 867 1366 903 ἀλλότριον
1381 866 1544 902 προάστειον
1559 866 1575 900 ἢ
1593 865 1756 900 ξενώοχεῖον
1771 862 1846 891 οὗτοι

1060 914 1254 947 καταλύσουσι,
1273 913 1403 949 δυσχερὲς
1418 910 1495 947 οἶμαι
1513 912 1546 938 τὰ
1561 911 1607 939 τοῦ
1624 911 1738 943 κανόνος
1753 919 1843 945 τηρη-

1059 960 1151 995 θῆναι.

1101 1016 1130 1043 '0
1148 1016 1177 1043 δὲ
1193 1016 1242 1051 τῆς
1256 1017 1284 1042 ἐν
1298 1015 1421 1051 Ἀγκύρᾳ
1438 1014 1469 1042 ιθ¹
1483 1014 1634 1049 παρθένους
1647 1013 1778 1046 γυναῖκας
1795 1021 1850 1039 κω-

1059 1062 1118 1089 λύει
1136 1062 1315 1097 συνέρχεσθαί
1331 1070 1402 1088 τισιν
1417 1061 1454 1093 ὡς
1467 1060 1602 1095 ἀδελφοῖς.

1100 1165 1162 1192 Ἐπὶ
1174 1165 1280 1196 τούτοις
1311 1165 1325 1199 1]
1353 1163 1460 1200 μεγάλη
1475 1163 1525 1197 τῆς
1540 1161 1668 1198 ἀληθείας
1685 1160 1818 1194 σάλπιγξ,
1835 1160 1849 1186 6

1061 1211 1149 1246 μέγας
1168 1210 1319 1242 Βασίλειος,
1348 1208 1493 1244 ἐπιστολὴν
1516 1207 1585 1243 πρός
1607 1215 1668 1233 τινα
1695 1205 1849 1241 Γρηγόριον

1061 1256 1248 1292 πρεσϐύτερον
1283 1255 1414 1291 πέμψας,
1447 1253 1720 1288 ἐπιπληκτικὼτερον
1748 1252 1848 1278 τούτου

1060 1301 1240 1332 καθάπτεται,
1252 1300 1291 1335 τῷ
1301 1299 1416 1334 τοιούτῳ
1429 1299 1643 1334 προσανέχοντας
1657 1297 1752 1324 πάθει.
1777 1295 1849 1323 Οὔτε

1060 1348 1163 1382 πρῶτοι
1177 1347 1243 1380 γὰρ,
1270 1345 1364 1380 φησὶν,
1389 1344 1451 1372 οὔτε
1479 1344 1555 1379 μόνοι
1578 1343 1848 1378 νενομοθετήκαμεν,

1060 1394 1193 1429 γυναῖκας
1214 1392 1329 1428 ᾁνδράσι
1346 1390 1382 1426 μὴ
1401 1391 1537 1417 συνοικεῖν
1548 1398 1555 1406 ·
1573 1389 1631 1416 ἀλλ’
1646 1388 1788 1422 ἀνάγνωθι
1801 1388 1849 1414 τὸν

1059 1437 1236 1473 ἐξενεχθέντα
1250 1438 1350 1464 κανόνα
1365 1437 1440 1472 παρὰ
1450 1436 1504 1462 τῶν
1515 1436 1600 1469 ἁγίων
1612 1435 1741 1469 Πατέρων
1767 1433 1848 1468 ἡμῶν

1059 1486 1089 1511 ἐν
1107 1480 1142 1520 τῇ
1166 1485 1268 1519 συνόδῳ
1297 1483 1426 1514 Νικαίας,
1455 1482 1486 1514 ὃς
1517 1481 1644 1515 φανερῶς
1668 1480 1847 1515 ἀπηγόρευσε

1061 1529 1255 1560 συνεισάκτους
1269 1528 1307 1564 μὴ
1322 1528 1402 1555 εἶναι.
1414 1527 1533 1561 ’Δγαμία
1547 1526 1576 1552 δὲ
1596 1527 1625 1552 ἐν
1640 1525 1726 1559 τούτῳ
1742 1524 1801 1559 ἔχει
1817 1524 1848 1550 τδ

1062 1573 1171 1610 σεμνὸν,
1185 1575 1215 1601 ἐν
1229 1574 1268 1609 τῷ
1289 1572 1456 1609 κεχωρίσθαι
1481 1572 1531 1606 τῆς
1554 1572 1624 1606 μετὰ
1638 1571 1692 1598 τῶν
1704 1569 1847 1604 γυναικῶν

1061 1620 1211 1655 διαγωγῆς.
1232 1619 1276 1652 Ὠς
1298 1620 1357 1651 ἐὰν.
1385 1617 1622 1652 ἐπαγγελλόμενός
1642 1625 1685 1648 τις
1704 1616 1792 1650 αὐτὴν
1807 1615 1847 1651 τῷ

1061 1665 1184 1699 ὀνόματι,
1197 1664 1270 1699 ἔργῳ
1280 1665 1316 1699 τὰ
1325 1663 1379 1690 τῶν
1390 1662 1499 1698 γυναιξὶ
1510 1661 1708 1691 συνοικούντων
1723 1661 1846 1696 ποιῆται,

1061 1709 1141 1744 δῆλός
1164 1710 1223 1736 ἐστι
1247 1709 1278 1734 τὸ
1299 1709 1348 1742 μὲν
1366 1699 1416 1740 τῆς
1446 1707 1595 1741 παρθενίας
1624 1706 1723 1740 σεμνὸν
1751 1707 1780 1734 ἐν
1811 1707 1845 1741 τῇ

1061 1755 1233 1791 προσηγορίᾳ
1249 1754 1365 1785 διώκων,
1388 1753 1436 1780 τοῦ
1458 1753 1487 1779 δὲ
1513 1753 1575 1780 καθ’
1590 1753 1686 1788 ἡδονὴν
1702 1751 1847 1787 ἀπρεποῦς

1063 1801 1100 1836 μὴ
1127 1801 1322 1834 ἀφιστάμενος.
1349 1799 1419 1826 υῦτε
1448 1799 1503 1834 γὰρ
1532 1799 1577 1825 τὸν
1608 1798 1846 1833 ἑϐδομηκονταετῆ

1061 1846 1194 1880 γεγονότα
1214 1846 1344 1880 πείθομαι
1356 1845 1488 1881 ἐμπαθῶς
1502 1845 1612 1879 γυναικὶ
1622 1845 1769 1875 συνοικεῖν,
1782 1844 1846 1870 οὔτε

1062 1892 1099 1924 ὡς
1109 1891 1155 1917 ἐπὶ
1171 1893 1306 1928 γενομένῃ
1322 1893 1376 1919 τινὶ
1387 1892 1480 1925 ἀτόπῳ
1496 1891 1595 1925 πράξει
1610 1890 1752 1925 ὼρίσαμεν
1765 1889 1784 1917 ἃ
1798 1890 1847 1917 καὶ

1062 1940 1215 1975 ὡρίσαμεν.
1225 1939 1296 1965 Ἀλλ’
1310 1939 1371 1965 ἐπεὶ
1379 1938 1558 1973 ἐδιδάχθημεν
1571 1947 1607 1964 πα
1613 1938 1646 1973 ρὰ
1657 1937 1705 1964 τοῦ
1715 1937 1847 1964 Ἀποστά-

1062 1985 1120 2018 λου,
1140 1985 1177 2020 μὴ
1192 1984 1295 2011 τιθέναι
1309 1984 1478 2019 πρόσκομμα
1497 1983 1535 2017 τῷ
1553 1983 1672 2018 ἀδελφῷ,
1690 1983 1706 2017 ἢ
1730 1982 1849 2009 σκανδαι

1063 2032 1118 2064 λον,
1133 2032 1244 2066 οῐδαμεν
1259 2031 1286 2057 δὲ
1303 2031 1344 2057 ὅτι
1360 2030 1391 2056 τὸ
1405 2030 1482 2065 παρά
1498 2037 1579 2056 τινων
1595 2029 1680 2062 ὑγιῶς
1700 2029 1848 2062 γινόμενον

1062 2077 1152 2108 ἄλλοις
1162 2077 1273 2112 ἀφορμὴ
1286 2076 1349 2111 τρδς
1365 2077 1502 2112 ἁμαρτίαν
1516 2075 1642 2110 ὑπάρξει,
1653 2074 1750 2102 τούτου
1763 2075 1848 2101 ἕνεκα

1063 2122 1282 2157 προσετάξαμεν,
1310 2123 1440 2157 ἑπόμενοι
1465 2123 1499 2156 τῇ
1536 2121 1653 2162 διαταγῇ
1679 2121 1736 2147 τῶν
1761 2117 1848 2154 ἁγίων

1064 2169 1205 2204 Πατέρων,
1223 2168 1391 2203 χωρισθῆναι
1405 2177 1434 2203 σε
1450 2168 1498 2194 τοῦ
1514 2167 1634 2202 γυναίου.
1652 2167 1773 2195 Ἔκϐαλε
1792 2167 1849 2194 τοί-

227 2204 329 2231 idctrco
343 2205 527 2239 pratcipimus.
540 2204 596 2240 84
607 2202 837 2233 conversationem
852 2210 1008 2235 sanctorum

1064 2223 1110 2241 νυν
1128 2208 1213 2249 αὐτὴν
1229 2214 1283 2241 ἀπὸ
1295 2214 1342 2241 τοῦ
1357 2214 1433 2240 οίκου
1451 2222 1499 2240 σου
1513 2221 1520 2227 ·
1536 2214 1707 2248 κατάστησον
1720 2213 1807 2248 αὐτὴν
1820 2214 1848 2239 ἐν

227 2245 499 2283 Ριιιι-ιιιηέοοιοιιιθε,
518 2259 532 2276 a
544 2250 702 2278 muliercula
720 2250 820 2278 debere
834 2255 860 2278 te
874 2250 1009 2284 separari.

226 2294 409 2326 Quamobrem
424 2302 457 2322 ex
472 2295 576 2322 aedibus
592 2295 647 2322 tuis
664 2302 722 2322 eam
736 2295 839 2329 ejicito,
854 2301 882 2323 et
902 2293 930 2323 in
951 2303 1010 2323 mo-

227 2341 377 2369 nasterium
393 2341 496 2378 abdito.
527 2340 569 2368 Sit
595 2341 651 2376 ipsa
667 2348 728 2368 cum
747 2340 910 2376 virginibus,
938 2347 965 2369 et
982 2346 1010 2370 tu

226 2388 347 2415 virorum
364 2392 440 2414 tttere
456 2387 629 2415 ministerio:
648 2395 683 2415 ne
709 2395 806 2415 nomen
826 2387 874 2416 Dei
900 2393 1011 2423 propter

225 2441 275 2461 nos
291 2433 505 2468 hlasphemetur.
522 2433 648 2467 Quaudiu
667 2440 732 2461 vero
751 2433 808 2460 haec
825 2433 921 2470 facies,
942 2433 1011 2461 nihil

226 2479 274 2507 tibi
292 2481 440 2514 proderunt
454 2479 507 2506 illa:
523 2471 670 2514 myriades,
693 2486 810 2514 quarum
832 2480 858 2506 in
887 2479 1011 2514 epistolis

225 2525 390 2552 mentionem
413 2525 499 2559 facis;
530 2525 577 2552 sed
594 2530 623 2552 ut
650 2522 731 2553 homo
755 2533 847 2553 sccors
872 2525 1009 2558 morieris,

224 2575 252 2599 et
264 2571 393 2599 socordia
419 2575 471 2606 tua!
485 2571 617 2598 rationem
640 2571 695 2598 Deo
709 2570 816 2598 reddes.
837 2571 915 2604 Quod
939 2571 961 2599 si
985 2575 1011 2599 te

227 2617 339 2645 minime
359 2618 512 2654 corrigens,
534 2616 652 2645 retinere
667 2624 759 2645 tamen
774 2618 956 2648 sacerdotium
968 2622 1010 2645 at-

225 2664 372 2692 tentaveris
387 2673 394 2692 :
413 2664 469 2692 eris
483 2664 558 2691 onmi
575 2664 677 2698 populo
700 2664 854 2695 anathema,
869 2664 970 2699 quique
984 2670 1010 2691 te

226 2711 371 2745 recipient,
390 2711 417 2738 in
438 2711 512 2738 omni
536 2710 657 2738 Ecclesia
679 2710 752 2736 velut
774 2710 892 2738 abstenti
919 2710 1009 2744 publi-

226 2757 369 2784 cabuntur.

262 2812 300 2839 Ex
318 2813 368 2840 hac
385 2818 476 2840 autem
497 2812 612 2847 epistola
631 2812 759 2846 colligere
772 2812 837 2840 licet
856 2820 909 2840 non
927 2821 1008 2848 opor-

228 2863 284 2893 ιρι-ο
300 2860 390 2886 statim
404 2858 540 2898 svgrcgnri
560 2858 747 2894 presbyterum
766 2859 811 2902 qui
832 2866 895 2887 cum
923 2860 1010 2896 aliena

1064 2259 1256 2297 μονιιστιιρίῳ⁸
1274 2259 1344 2286 ἐστω
1361 2259 1453 2301 ἐκείνη
1467 2258 1536 2295 μετὰ
1559 2259 1715 2301 παρθένων,
1737 2259 1785 2285 καὶ
1815 2259 1847 2285 σὺ

1063 2305 1203 2340 ὑπηρετοῦ
1217 2305 1269 2332 ὑπὸ
1283 2305 1400 2340 ἀνδρῶν.
1415 2305 1459 2332 ῐνα
1473 2305 1509 2341 μὴ
1522 2305 1552 2332 τὸ
1565 2305 1652 2340 ὄνομα
1666 2304 1714 2332 τοῦ
1732 2304 1801 2331 Θεοῦ
1814 2305 1848 2331 δι’

1062 2351 1137 2386 ἡμᾶς
1153 2351 1358 2386 βλασφημῆται.
1372 2351 1445 2382 Ἕως
1461 2351 1484 2377 δ’
1496 2351 1529 2377 ἂν
1541 2350 1629 2377 ταῦτα
1644 2352 1734 2386 ποιῇς,
1752 2352 1780 2377 αἱ
1797 2360 1849 2385 μυ-

1063 2391 1165 2431 ριάδες,
1177 2397 1209 2428 ἃς
1221 2405 1274 2432 περ
1290 2397 1322 2423 σὺ
1339 2397 1455 2432 γράφεις
1469 2397 1512 2430 διὰ
1526 2397 1579 2423 τῶν
1593 2397 1754 2428 ἐπιστολῶν,
1769 2398 1848 2423 οὐδὲν

1061 2440 1232 2475 ὠφελήσουσι
1246 2438 1287 2474 σε,
1304 2440 1371 2468 ἀλλὰ
1380 2442 1554 2473 τελευτήσεις
1564 2442 1668 2477 ἀργῶν,
1685 2442 1732 2470 καὶ
1748 2442 1848 2474 δώσεις

1061 2486 1099 2522 τῷ
1116 2487 1210 2522 Κυρίῳ
1234 2487 1313 2520 λόγον
1327 2488 1376 2522 τῆς
1398 2487 1513 2514 σεαυτοῦ
1534 2487 1646 2522 ἀργίας.
1661 2487 1726 2514 Ἐὰν
1741 2488 1770 2514 δὲ
1786 2488 1848 2514 τολ-

1063 2533 1164 2568 μήσῃς,
1187 2533 1225 2568 μὴ
1239 2533 1457 2569 διορθωσάμενος
1472 2533 1598 2566 σεαυτὸν,
1612 2534 1774 2569 ἀντέχεσθαι
1797 2535 1849 2569 τῆς

1062 2579 1225 2614 ἱερωσύνης,
1239 2579 1362 2615 ἀνάθεμα
1375 2580 1424 2616 ἐσῃ
1440 2579 1522 2606 παντὶ
1537 2580 1576 2615 τῷ
1586 2579 1654 2614 λαῷ,
1668 2581 1715 2606 καὶ
1731 2580 1756 2606 οἰ
1772 2581 1849 2615 δεχό-

1063 2625 1139 2660 μενοί
1160 2634 1190 2651 σε
1212 2626 1396 2662 ὲκκήρυκτοιη
1412 2626 1481 2653 κατὰ
1496 2627 1587 2654 πᾶσαν
1610 2626 1780 2662 Ἐκκλησίαν
1798 2635 1847 2661 γε-

1063 2672 1200 2708 νήσοντᾳι.

1099 2818 1146 2851 Ἐκ
1161 2817 1189 2843 δέ
1205 2817 1252 2851 τῆς
1271 2817 1415 2852 ἐπιστολῆς
1433 2817 1535 2853 ταύτης
1553 2819 1670 2855 πάρεστι
1681 2820 1786 2853 γνῶναι
1812 2821 1849 2855 μὴ

1064 2863 1118 2889 δεῖν
1134 2863 1214 2895 εὐθὺς
1230 2863 1405 2899 ἀφορίζεσθαι
1420 2864 1466 2892 τὸν
1485 2864 1616 2902 ἀλλοτρία
1635 2865 1746 2901 γυναικὶ
1761 2873 1850 2893 συνοι-
