1948 3064
160 128 230 161 1209

645 130 853 162 SYNTAGMA
865 130 1179 163 ALPHABETICUM.
1203 144 1223 149 -θ
1235 129 1256 155 Γ
1278 154 1286 162 .

158 190 229 225 πλὴν
243 190 290 217 τδν
307 189 357 225 μὲν
377 189 463 226 ἄνδρα
474 190 521 219 ἐπὶ
533 190 654 226 τριετίαν
669 191 857 226 διακαρτερεῖν
874 191 933 219 αὕτη

998 190 1139 226 conjungi.
1161 189 1263 218 Eadem
1281 196 1351 217 vero
1364 188 1472 217 novella
1496 187 1625 215 maritum
1641 194 1691 222 per
1704 187 1791 214 trien-

157 237 275 269 κελεύει,
289 238 337 264 καὶ
348 237 425 269 ἐντὸς
440 238 544 272 ταύτης
561 238 597 273 μὴ
612 238 732 265 διαλύειν
745 238 796 274 τὴν
811 238 880 274 μετὰ
895 238 933 273 τῆη

1000 238 1077 264 nium
1093 240 1256 272 exspectare
1269 235 1357 271 jubet,
1373 241 1400 264 et
1419 235 1493 263 intra
1507 235 1573 262 illud
1593 241 1657 262 cum
1673 234 1789 261 muliere

159 283 293 318 μανείσης
304 283 433 317 γυναικὸς
445 283 528 310 αὐτοῦ
544 283 676 318 συζυγίαν
687 293 694 299 ·
709 284 759 319 τὴν
781 284 810 311 δὲ
830 284 933 318 γυναῖκι

998 283 1102 310 furiosa
1115 282 1275 317 conjugium
1291 289 1345 309 non
1359 281 1485 314 solvere;
1504 280 1647 307 mulierem
1666 284 1757 307 autem
1773 288 1786 304 υ

158 330 197 365 μὴ
215 329 426 364 διαζεύγνυσθαι
441 329 488 356 «τοῦ
505 331 635 364 μανέντας
650 330 745 366 ἀνδρὸς
756 331 853 365 αὐτῆς,
869 330 893 357 εί
907 330 944 366 μὴ

158 375 291 410 παρέλθοι
313 376 473 403 πενταετία.
486 375 570 403 Τοῦτο
586 377 632 403 καὶ
655 377 671 411 ἠ
685 376 732 403 τοῦ
748 377 879 412 βασιλέως
891 376 943 403 Νι-

157 420 281 456 κηφόρον
294 420 340 448 τοῦ
354 421 531 448 Βοτανειάτου
543 423 683 456 νομοθετεῖ
692 422 786 458 Νεαρά
798 431 805 438 ·
819 422 851 450 Εί
860 422 918 453 καὶ,
930 421 944 448 6

157 466 240 501 νόμος
256 467 332 502 φησὶ,
349 466 433 500 μανία
449 465 589 502 ἐμποδίζει
603 467 650 493 τὸν
665 467 764 503 γάμον,
778 467 808 494 σὺ
824 467 876 503 μὴν
888 467 945 494 δια-

155 512 215 539 λύει
231 513 277 540 τὸν
291 513 382 545 καλῶς
396 515 544 541 συστάντα.

156 569 283 597 ΚΕΦᾹΔ.
302 568 365 596 ΚΖ¹.
383 569 453 603 Περὶ
481 569 542 596 τῶν
555 570 709 604 γυναικῶν
731 569 791 596 τῶν
813 569 848 597 ἄν
870 568 944 604 ἀφέ-

296 605 366 639 δρῳ,
383 604 448 639 ἦτοι
468 605 529 633 τῶν
546 605 649 632 οὐσῶν
656 605 690 632 ἐν
700 606 800 640 ῥύσει.
924 627 926 630 .

191 652 272 686 Ζήτει
286 651 316 677 τδ
332 654 371 683 ις’
388 651 538 685 κεφάλαιον
553 651 601 678 τοῦ
618 652 640 678 Δ
655 651 799 686 στοιχείου.

155 707 281 734 ΚΕΦΑΛ.
307 706 377 742 KH'.
394 708 462 741 Περὶ
480 707 540 734 τῶν
562 707 715 742 γυναικῶν
735 707 793 734 τῶν
807 708 883 742 πρὸς
908 707 941 734 τὸ

283 741 441 777 ἀμϐλῶσαι
457 741 601 777 φάρμακα
615 742 799 777 δεχομένων.

196 788 226 815 ’0
246 787 289 822 ιμ’
303 789 355 823 τῆς
379 791 406 821 ς’
427 788 537 815 συνόδου
558 787 649 815 κανὼν
679 788 761 822 φόνου
785 788 864 820 δίκας
887 788 940 815 ὕπ-

152 834 227 870 έχειν
252 835 370 866 κελεύεῐ,
396 835 458 862 ὅσοι
484 835 539 862 τῶν
563 836 704 869 γυναικῶν
725 836 741 871 ἢ
760 835 895 870 δέχονται,
921 835 937 870 ἢ

151 880 247 912 ᾶλλαις
257 881 384 916 ὀρέγουσι
398 881 467 916 πρὸς
482 881 512 908 τὸ
523 881 668 916 ὰμδλῶσαι
685 881 830 918 φάρμακα.
844 881 939 917 Λάθρα

150 926 219 961 γοῦν
232 935 307 958 τινες
331 927 445 962 ἀνδράσι
463 928 641 963 μιγνύμεναι,
666 929 714 955 καὶ
736 928 939 963 συλλαμῦἀνου-

150 981 209 1006 σαι,
232 972 287 999 δέει
302 971 351 998 τοῦ
376 972 413 1007 μὴ
442 973 547 1000 ἁλῶναι
574 973 702 1010 πορνείας
733 974 857 1008 γονεῦσιν
874 974 939 1005 ἴσως

150 1018 166 1052 ἢ
188 1017 346 1050 δεσπόταις,
364 1019 396 1053 τῇ
413 1018 460 1045 τοῦ
486 1019 652 1055 δηλητηρίου
670 1020 748 1047 πόσει
766 1020 800 1046 τὰ
828 1019 938 1055 ἐμδρυα

154 1063 280 1098 φθείρειν
297 1064 522 1099 ἐπιτηδεύουσιν,
543 1066 559 1100 ἢ
577 1066 625 1092 καὶ
649 1066 728 1102 βάρει
755 1066 805 1098 τὰς
834 1066 938 1098 κοιλίας

148 1109 303 1141 πιέζουσιν,
319 1109 390 1136 ὥστε
408 1111 494 1146 νεκρὰ
512 1111 562 1146 τῆς
577 1112 698 1147 γαστρὲς
721 1113 849 1139 ἐκπεσεῖν
861 1120 869 1127 ·
890 1113 939 1140 καὶ

148 1155 180 1182 οὒ
196 1155 284 1182 ταῦτα
305 1156 485 1191 μόνον,εὰ).λὰ
501 1157 548 1184 καὶ
561 1158 664 1189 ἑαυτὰς
678 1158 765 1185 ἐνίοτε
780 1158 937 1193 προσαπολ-

148 1201 270 1229 λύουσιν.
916 1199 919 1202 ’

189 1247 218 1275 '0
236 1247 265 1274 δὲ
294 1251 337 1275 κα’
358 1248 408 1283 τῆς
431 1250 460 1276 ὲν
490 1249 624 1285 Ἀγκύρᾳ,
641 1250 672 1276 Ei
696 1252 743 1277 καὶ
760 1251 775 1277 ὁ
793 1252 937 1286 πρότερος,

150 1295 246 1329 φησὶν,
271 1294 333 1329 ὅρος
357 1296 456 1330 μέχρις
486 1295 579 1328 ἐξόδου
596 1296 646 1331 τῆς
668 1298 812 1328 κοινωνίας
837 1296 936 1329 ἐξέωσε

147 1340 198 1372 τὰς
215 1340 365 1375 δεχομένας
381 1341 415 1367 τὰ
432 1340 544 1376 φούρια,
570 1341 628 1368 ἀλλ’
643 1342 722 1376 ἡμεῖς
748 1342 938 1377 φιλανθρωπό-

146 1384 225 1420 τερόν
235 1393 262 1411 τι
276 1385 429 1417 ποιοῦντες,
442 1385 558 1421 δεκαετῆ
573 1386 669 1421 χρόνον
684 1387 825 1424 ὡρίσαμεν
841 1389 936 1423 ἀρκεῖν

148 1431 249 1463 αὐταῖς
263 1431 304 1462 είς
319 1431 474 1466 μετάνοιαν.

189 1477 270 1504 Ἀλλὰ
287 1478 336 1504 καὶ
351 1478 365 1504 ὁ
379 1476 401 1512 β’
416 1477 464 1504 τοῦ
481 1478 600 1513 μεγάλου
618 1480 761 1507 Βασιλείου
791 1481 821 1507 τὺ
836 1482 935 1517 μέτρον

996 329 1096 356 marito
1116 336 1165 356 suo
1182 328 1287 356 furioso
1306 336 1360 355 non
1388 327 1521 361 separari,
1540 331 1685 360 antequam
1705 326 1785 360 quin-

996 375 1146 410 quennium
1164 379 1291 401 exactum
1312 374 1362 401 sit.
1389 374 1463 400 Idem
1475 373 1557 400 etiam
1572 371 1680 399 novella
1696 371 1783 405 impe-

995 421 1097 447 ratoris
1133 419 1279 454 Nicephori
1305 419 1467 446 Botaniatiaa
1498 418 1621 446 statuit:
1652 416 1787 450 Quamvis

995 464 1114 495 insania,
1145 465 1236 499 inquit
1263 464 1316 497 lex,
1347 464 1556 491 matrimonium
1583 462 1705 497 impedit,
1726 469 1782 489 non

995 515 1089 538 tamen
1106 516 1180 538 recte
1190 516 1362 539 contractum
1385 509 1523 538 dissolvit.

994 568 1071 596 CAP.
1090 569 1197 598 XXVII.
1217 569 1256 597 De
1279 568 1434 596 mulieribus
1449 567 1630 600 menstruatis,
1651 566 1705 594 sive
1728 574 1786 601 qua!

1251 605 1355 639 ﬂuxum
1374 605 1524 638 patiuntur.

1028 653 1125 687 Quaere
1140 660 1200 687 cap.
1216 652 1248 679 l6
1263 652 1360 679 litterm
1376 652 1409 678 A.

992 709 1067 738 CAP.
1079 708 1197 736 XXVIII.
1208 708 1244 734 De
1254 707 1407 738 mulieribus
1419 706 1562 741 pharmaca
1574 706 1608 733 ad
1619 705 1787 733 abortionem

1223 743 1343 770 ciendam
1359 742 1535 769 sumentibus.

1027 791 1121 818 Canon
1137 790 1169 818 9i
1189 797 1250 825 syn.
1271 796 1298 816 vr
1319 787 1460 815 homicidii
1481 796 1579 823 paenas
1608 787 1685 815 luere
1705 786 1784 821 juhet

993 837 1125 864 mulieres
1141 843 1201 871 quae.
1216 835 1259 862 vel
1275 835 1414 869 accipiunt
1429 834 1471 862 vel
1490 834 1552 861 aliis
1568 833 1690 869 praebent
1701 833 1784 868 phar-

992 891 1070 910 maca
1090 882 1123 910 ad
1143 881 1314 910 abortionem
1339 881 1477 909 ciendam.
1498 880 1603 914 Aliqua
1618 879 1691 907 enim
1707 879 1778 906 clam

991 936 1052 956 cum
1069 929 1136 955 viris
1153 932 1296 958 coeuntes.
1311 932 1338 954 et
1354 926 1550 961 concipientes,
1562 929 1634 952 metu
1648 932 1682 952 ne
1697 923 1785 951 forni-

990 974 1062 1002 catio
1082 974 1225 1009 delegatur
1251 981 1266 1000 a
1297 973 1458 1008 parentibus
1485 972 1556 1000 forte
1580 971 1622 999 vel
1647 970 1781 1001 dominis.

991 1020 1183 1047 medicamenti
1198 1019 1322 1046 deleterii
1339 1023 1405 1052 potu
1427 1017 1511 1045 fatus
1528 1023 1707 1051 corrumpere
1721 1020 1782 1043 stu-

990 1066 1066 1099 dent,
1083 1066 1126 1094 vel
1141 1069 1251 1093 ventres
1265 1071 1331 1101 suos
1347 1064 1465 1099 pondere
1479 1067 1618 1098 premunt,
1633 1067 1663 1090 ut
1679 1061 1781 1089 mortui

990 1120 1022 1141 ex
1052 1112 1166 1140 matrice
1189 1111 1337 1143 excidant,
1360 1115 1387 1137 et
1403 1117 1457 1137 non
1478 1110 1568 1138 solum
1595 1109 1668 1142 illos,
1692 1107 1739 1136 sed
1755 1112 1783 1135 et

990 1159 1097 1194 seipsas
1113 1158 1261 1194 aliquando
1275 1156 1454 1185 interimunt.

1023 1251 1117 1279 Canon
1133 1253 1223 1277 autem
1236 1248 1266 1276 2|
1287 1256 1349 1284 syn.
1361 1247 1524 1283 Ancyranze,
1537 1246 1664 1282 quamvis
1677 1246 1779 1280 inquit.

989 1297 1102 1333 antiqua
1135 1295 1267 1328 deﬁnitio,
1295 1301 1343 1322 eas
1366 1301 1427 1329 qua:
1448 1293 1652 1320 medicamenta
1681 1293 1778 1319 laetum

988 1343 1124 1373 necantia,
1144 1349 1231 1376 usque
1254 1341 1287 1367 ad
1305 1340 1410 1367 obitum
1433 1346 1449 1366 a
1466 1339 1662 1366 communione
1682 1338 1778 1373 abigit,

988 1397 1038 1416 nos
1065 1393 1155 1416 tamen
1187 1387 1358 1415 humanitate
1385 1386 1429 1413 usi
1453 1385 1581 1413 decennii
1609 1389 1718 1420 tempus
1744 1385 1778 1412 ad

987 1435 1177 1471 paenitentiam
1194 1434 1228 1461 iis
1244 1433 1368 1460 Stiliicere
1382 1432 1569 1460 decernimus.

1023 1480 1095 1513 Quin
1117 1483 1144 1507 et
1168 1479 1186 1505 2
1209 1477 1300 1512 magni
1316 1476 1412 1504 Basilii
1429 1475 1492 1503 can.
1510 1475 1635 1503 eamdem
1651 1473 1776 1502 decennii

146 1523 226 1550 τοῦτο
246 1523 295 1557 τῆς
319 1523 463 1554 δεκαετίας
489 1525 550 1555 ταῖς
571 1525 711 1557 τοιαύταις
730 1526 863 1560 ὁρίζεται·
886 1527 933 1553 καὶ

989 1532 1146 1553 mensuram
1160 1523 1296 1559 ejusmodi
1315 1521 1479 1551 mulieribus
1493 1521 1630 1553 decernit,
1647 1525 1674 1548 et
1690 1520 1778 1547 medi-

147 1568 196 1604 τὴν
209 1568 362 1604 θεραπείαν
391 1569 422 1596 οὐ
447 1569 486 1604 τῷ
501 1570 590 1605 χρόνῳ
612 1571 713 1604 μᾶλλον
741 1571 757 1607 ἢ
785 1571 824 1607 τῷ
843 1572 933 1608 τρόπῳ

989 1572 1076 1599 cinam
1094 1579 1148 1598 non
1164 1577 1196 1597 ex
1214 1574 1337 1603 tempore
1348 1568 1395 1596 sed
1411 1568 1491 1594 modo
1507 1566 1676 1602 poenitentiae
1692 1565 1774 1592 ﬁdam

147 1614 272 1640 πιστεύει
290 1614 340 1648 τῆς
357 1614 516 1649 μετανοίας.
536 1615 615 1642 Ἐπεὶ
639 1615 662 1642 δ’
682 1617 696 1642 ό
723 1616 870 1648 Μωσαῖκὸς
893 1618 936 1644 νό-

147 1667 209 1694 μος,
227 1659 272 1685 ὅτε
291 1659 342 1694 μὲν
370 1659 422 1685 οὐκ
449 1659 669 1695 ἔξεικονισμένον
686 1661 717 1687 τδ
740 1661 859 1696 ἔμϐρυον
882 1661 935 1696 ἦμ-

146 1704 243 1736 6).ωτο,
273 1705 312 1736 εἰς
340 1705 471 1740 χρήματα
503 1705 639 1741 ἐζημίου,
664 1706 884 1741 ὲξεικονισμένου
912 1707 934 1734 δ’

146 1751 339 1784 ἐκπίπτοντος,
367 1752 408 1784 εἰς
426 1751 516 1788 ψυχὴν
545 1752 722 1785 κατεδίκαζε,
739 1753 867 1788 θνήσκειν
889 1762 935 1779 κε-

145 1796 233 1824 λεύων
249 1797 295 1824 τὸν
310 1798 359 1832 τὴν
370 1799 487 1832 γυναῖκα
503 1799 672 1832 πατάξαντα·
692 1799 786 1826 τούτου
804 1799 934 1834 μνησθεὶς

144 1843 160 1869 ὁ
179 1842 268 1877 ἅγιος.
285 1843 437 1879 Διαφορὰν,
465 1844 558 1879 φησιν,
578 1845 661 1880 ἡμεῖς
685 1845 735 1871 οὐκ
749 1845 858 1879 ἔχομεν,
877 1845 933 1871 εἴτε

146 1890 364 1924 μεμορφωμένα,
380 1889 431 1916 εἴτ’
448 1890 494 1917 οὖν
508 1891 663 1926 ἀμόρφωτὰ
680 1891 734 1917 εἱσι
753 1891 788 1918 τὰ
812 1891 933 1918 ἀποϐαλ-

145 1933 259 1969 λὸμενα.
272 1934 310 1960 Οὐ
327 1934 381 1970 γὰρ
397 1935 436 1965 είς
447 1935 578 1970 χρήματα
594 1935 758 1971 ζημισῦμεν,
772 1936 839 1963 ἀλλὰ
851 1936 932 1971 φόνου

143 1980 275 2014 κρίνομεν
295 1980 344 2015 τὴν
373 1981 453 2008 τοῦτο
480 1981 637 2017 ποιήσασαν
653 2002 661 2013 ,
689 1981 733 2008 διά
752 1990 782 2008 τε
806 1982 857 2016 τὴν
883 1982 931 2009 τοῦ

144 2023 265 2059 ἐμϐρύου
283 2024 389 2060 φθορὰν
407 2026 453 2052 καὶ
472 2026 557 2061 αὐτῆς
575 2026 603 2053 δὲ
618 2027 668 2061 τῆς
688 2026 910 2061 ἀποδεδληκυίας
923 2035 931 2044 ⁸

142 2070 339 2105 ίπισυμῧαίνει
353 2071 409 2106 γὰρ
424 2070 481 2098 ἐσθ’
502 2073 548 2100 ὅτε
570 2072 610 2108 τῷ
625 2072 739 2108 έμΰρύῳ
763 2074 810 2100 καὶ
828 2074 931 2109 ταύτην

113 2131 116 2133 λ
142 2115 370 2150 συμφθείρεσθαι.
390 2116 427 2143 Th
449 2116 515 2151 γοῦν
540 2118 652 2153 σπέρμα
678 2120 712 2154 τῇ
740 2119 831 2154 μήτρᾳ
846 2127 932 2146 κατα-

143 2161 320 2195 ϐαλλόμενον,
346 2162 480 2197 πρότερον
503 2163 554 2198 μὲν
580 2163 788 2197 ὲξαιματοῦται,
813 2162 874 2191 εἶτα
890 2165 930 2196 είς

142 2208 305 2243 ἀμόρφιυτον
328 2208 468 2244 πήγνυται
497 2209 598 2244 σάρκα,
626 2209 677 2237 εἶθ’
697 2210 785 2242 οὕτως
798 2201 928 2243 ἐξεικονί-

143 2253 216 2284 ζεται
233 2254 281 2280 καὶ
295 2253 474 2281 διατυποῦται
491 2256 531 2287 εις
549 2255 617 2291 μέλη
644 2256 693 2282 καὶ
718 2256 811 2292 μόρια.

184 2300 255 2328 Ἀλλ’
279 2301 309 2327 έν
338 2300 388 2335 μὲν
413 2301 452 2335 τῷ
468 2302 541 2329 τέλει
566 2303 614 2330 τοῦ
639 2306 664 2338 η’
689 2303 813 2336 κανόνος,
829 2304 884 2330 Καὶ
899 2304 928 2331 αἱ

142 2347 274 2380 διδοῦσαι,
299 2349 386 2383 φησὶ,
405 2349 452 2375 καὶ
473 2349 502 2374 αἱ
518 2349 666 2384 δεχόμεναι
685 2349 720 2376 τὰ
738 2350 928 2385 ὲμὸρυοκτόνα

140 2392 294 2427 δηλητήρια
326 2393 357 2419 ἑν
373 2394 429 2425 τοῖς
457 2394 589 2426 ἑκουσίως
616 2395 761 2429 φονεύουσι
782 2396 926 2430 καταλογί-

140 2438 244 2470 ζονται.
259 2439 393 2466 Ἐνταῦθα
402 2440 430 2466 δὲ
442 2440 473 2466 τὸ
487 2440 534 2466 τοῦ
548 2442 677 2468 ἀκουσίου
694 2442 775 2476 φόνου
788 2442 927 2478 ἐπιτίμιον

137 2484 189 2520 τὴν
211 2484 357 2512 δεκαετίαν
379 2486 519 2521 ἐπιτίθησι
545 2486 669 2520 ταύταις,
686 2486 776 2523 οἶμαι,
805 2488 880 2522 παρὰ
897 2489 927 2515 τὺ

140 2532 225 2566 μήπω
243 2531 385 2566 γεγονέναι
396 2532 427 2559 τὸ
442 2533 663 2568 κυοφορούμενον
680 2535 708 2561 ἓν
723 2535 814 2568 φύσει,
836 2537 882 2562 καὶ
896 2536 926 2562 τὺ

140 2576 177 2612 μὴ
192 2578 224 2603 ἐκ
239 2577 386 2609 διαθέσεως
401 2579 587 2613 ἀπανθρώπου
612 2581 794 2616 μελετηοῆναι
809 2582 855 2608 τὸν
876 2582 924 2617 φά-

137 2631 194 2656 νον,
208 2623 278 2649 ἀλλὰ
292 2623 327 2650 δι’
340 2624 495 2660 αἰσχύνηνῆ
509 2625 591 2659 φόϐον
605 2627 699 2661 ἀγενῆ,
716 2629 820 2661 γονέων
832 2628 923 2663 τυχὸν,

137 2668 155 2704 ἢ
169 2668 312 2702 δεσπότου,
327 2669 343 2704 ἦ
359 2669 441 2696 ἄλλου
469 2671 542 2703 τινὸς
552 2691 559 2703 ,
587 2671 710 2700 κίνδυνον
735 2673 923 2706 ἀπειλοῦντος.

472 2762 574 2795 Νόμοι.

177 2805 210 2838 'll
234 2804 359 2839 ἐπίτηδες
385 2806 547 2842 ἐκτρώσασα
565 2811 741 2845 προσκαίρως
759 2811 919 2848 ἐξορίζεται.

946 2201 966 2228 D

982 1618 1097 1653 jndicat.
1121 1616 1256 1650 Quoniam
1276 1620 1368 1643 autem
1391 1614 1433 1641 lcx
1452 1613 1585 1644 Mosaica.
1604 1620 1666 1640 cum
1692 1612 1775 1639 [ntus

984 1664 1107 1690 nondum
1126 1663 1289 1690 etlormatus
1303 1661 1446 1689 abortivus
1468 1664 1538 1692 erat,
1556 1659 1669 1686 multam
1692 1665 1776 1693 pecu-

983 1711 1100 1738 niariam
1126 1709 1279 1744 imposuit;
1299 1714 1362 1735 cum
1389 1713 1455 1734 vero
1472 1705 1607 1733 formatus
1625 1704 1773 1733 excideret.

982 1756 1038 1783 vita
1057 1755 1196 1787 multavit,
1212 1754 1281 1781 mori
1295 1753 1394 1788 jubens
1410 1759 1473 1779 eum
1491 1752 1538 1786 qui
1553 1750 1696 1778 mulierem
1713 1756 1775 1776 ver~

983 1801 1126 1833 berasset;
1157 1800 1230 1827 facta
1248 1799 1330 1834 hujus
1347 1798 1414 1833 legis
1426 1798 1575 1829 mentione,
1597 1796 1666 1828 Nos,
1683 1795 1775 1830 inquit

981 1850 1108 1878 sanctus,
1123 1845 1226 1872 nullum
1240 1845 1392 1872 discrimen
1404 1846 1562 1874 statuimus,
1581 1843 1639 1869 sive
1657 1841 1772 1868 formata

981 1891 1037 1918 sint
1051 1892 1109 1918 sive
1123 1891 1253 1918 informia
1269 1898 1330 1926 quae
1347 1890 1506 1925 ejiciuntur.
1534 1888 1593 1915 Non
1611 1888 1684 1915 enim
1702 1887 1772 1914 mul—

982 1942 1038 1964 tam
1070 1937 1260 1971 pecuniariam
1283 1936 1461 1971 imponimus.
1483 1935 1529 1962 sed
1551 1934 1691 1962 homicidii
1709 1940 1769 1960 eam
1822 1954 1835 1964 ,

982 1991 1044 2019 quae
1065 1983 1091 2011 id
1110 1984 1227 2018 patravit
1241 1983 1465 2014 condemnamus,
1484 1985 1540 2008 tum
1553 1981 1588 2008 ob
1604 1981 1698 2008 foetum
1708 1987 1771 2006 cor-

983 2032 1107 2063 ruptum,
1123 2033 1180 2054 tum
1204 2027 1239 2054 ob
1263 2027 1406 2054 mulierem
1425 2034 1440 2053 e
1454 2033 1508 2060 qua
1531 2025 1555 2051 is
1577 2024 1681 2059 eiectus
1710 2028 1769 2054 est.

980 2074 1117 2109 siquidem
1132 2082 1193 2101 cum
1208 2074 1274 2101 iaetu
1287 2073 1374 2109 ipsam
1386 2072 1615 2108 quoqucinterire
1623 2071 1771 2105 aliquando

980 2122 1034 2158 8']
1052 2121 1202 2155 contingat.
1224 2121 1323 2148 Semen
1339 2120 1422 2155 igitur
1436 2119 1463 2147 in
1481 2119 1621 2146 matricem
1638 2118 1769 2152 injectum

981 2168 1138 2204 primumin
1151 2168 1311 2202 sanguinem
1332 2167 1458 2198 vertitur,
1486 2164 1585 2192 deinde
1613 2163 1640 2190 in
1657 2170 1768 2189 carnem

983 2215 1127 2242 informem
1159 2213 1321 2244 concrescit,
1354 2217 1412 2239 tum
1437 2212 1465 2238 in
1491 2210 1614 2238 membra
1636 2213 1664 2237 et
1680 2212 1770 2244 partes

981 2260 1102 2288 hominis
1113 2258 1250 2294 el'ligiatur
1265 2262 1292 2285 et
1302 2256 1448 2285 formatur.

1016 2307 1045 2334 In
1061 2306 1114 2333 line
1128 2310 1220 2333 autem
1236 2305 1253 2333 8
1270 2313 1333 2333 can.
1353 2309 1381 2333 et
1396 2311 1456 2340 quae
1475 2305 1550 2336 dant,
1568 2307 1596 2330 et
1616 2308 1677 2337 qua:
1695 2301 1770 2328 acri-

979 2353 1058 2388 piunt
1084 2352 1283 2379 medicamenta
1305 2351 1386 2378 fetum
1417 2350 1579 2384 perimentia
1606 2347 1770 2377 voluntariis

979 2399 1124 2427 homicidis
1138 2399 1365 2426 adnumerantur.
1387 2397 1437 2425 Hic
1450 2404 1515 2424 vero
1528 2395 1695 2431 pmnitentiae
1720 2395 1768 2421 de-

978 2447 1126 2478 cennium,
1153 2452 1260 2480 pmnam
1294 2444 1426 2471 nimirum
1454 2443 1537 2470 caedis
1567 2441 1768 2472 involuntariae,

977 2492 1111 2528 ejusmodi
1134 2491 1294 2519 mulieribus
1318 2490 1445 2525 imponit.
1463 2489 1543 2521 Puto,
1565 2489 1637 2524 quod
1652 2488 1722 2516 fetus
1739 2488 1766 2514 in

979 2542 1057 2563 utero
1074 2537 1100 2563 in
1118 2544 1209 2564 rerum
1227 2541 1325 2562 natura
1343 2543 1396 2562 non
1417 2535 1462 2567 sit,
1485 2540 1511 2562 et
1526 2535 1598 2570 quod
1617 2542 1669 2561 non
1685 2533 1767 2560 inhu-

979 2583 1096 2610 maniter
1124 2581 1219 2610 affecta
1247 2587 1361 2610 mortem
1387 2582 1480 2609 molita
1509 2582 1555 2613 sit,
1580 2581 1626 2608 sed
1655 2583 1767 2614 propter

977 2629 1109 2664 pudorem
1138 2629 1180 2656 vel
1209 2635 1310 2656 metum
1339 2637 1393 2656 non
1423 2628 1597 2661 illiberalem,
1622 2631 1764 2661 parentum

977 2675 1058 2706 forte,
1075 2675 1117 2702 vel
1143 2675 1260 2708 domini,
1281 2675 1323 2702 vcl
1347 2675 1466 2709 alioujus
1481 2674 1595 2701 alterius
1613 2673 1763 2706 periculum

977 2721 1141 2749 minitantis.

1325 2767 1415 2801 Leges.

1011 2812 1076 2845 Qum
1088 2812 1149 2841 data
1163 2821 1244 2849 opera
1261 2813 1415 2845 aborticrit,
1429 2813 1455 2840 in
1471 2813 1619 2848 temporale
1635 2813 1762 2841 exsiliunt

974 2860 1065 2887 datur.
1244 2865 1245 2868 ‘

1720 127 1794 160 mo

1854 2877 1875 2888 an

1839 2887 1851 2904 il
