1948 3064
206 120 271 152 12H

207 223 362 250 facultatem
384 224 430 249 dat
451 222 657 250 matrimonium
685 230 747 250 cum
774 224 886 251 muliere
909 224 993 250 divel‘

207 268 298 301 tendi,
325 275 386 302 quae
409 268 471 295 data
497 275 581 303 opera
610 276 702 296 semen
732 277 810 297 suum
838 271 992 297 abortivum

208 314 284 342 facit.

244 362 296 394 Qui
313 363 466 390 abortionis
490 363 621 398 poculum
642 363 757 393 dederit,
775 363 799 390 si
824 363 885 390 vilis
901 362 946 393 sit.
967 362 994 389 in

208 408 347 435 metallum
366 409 534 442 damnatur;
563 409 585 436 si
615 409 764 442 honestus,
791 408 891 435 amissa
921 414 996 442 parte

210 454 344 481 bonorum
375 455 525 490 relegatur.
558 454 587 482 Si
616 455 678 489 quis
704 463 769 482 vero
793 454 856 481 inde
884 460 995 482 enectus

211 499 303 531 fuerit,
320 507 457 526 summum
477 500 643 534 supplicium
671 500 813 534 inﬂigitur.
832 500 913 534 idque
933 500 997 527 licet

209 545 278 572 citra
296 545 387 572 dolum
403 546 554 573 abortionis
575 546 803 574 medicamentum
820 546 912 573 datum
931 546 977 573 sit.

209 600 284 629 CAP.
311 601 406 628 XXIX.
432 602 470 628 De
486 602 594 628 muliere
618 610 676 643 qua:
707 603 789 637 [stum
816 603 932 638 ncgligit,
951 610 994 629 mu

543 643 662 671 επρυηιι.

189 716 192 717 ν
245 681 338 708 Canon
355 682 390 709 55
403 690 475 717 mag.
493 683 585 710 Basilii
598 690 704 710 necnon
713 683 748 711 52
762 691 822 711 eam
837 691 896 718 quae
913 684 940 710 in
954 684 996 711 via

210 728 292 761 parit,
307 728 330 754 si
347 727 441 758 fetum,
461 736 523 755 cum
540 728 666 755 eumdem
695 736 806 756 scrvare
828 734 931 764 posset,
948 737 997 757 ne-

210 774 335 808 glexerit,
358 773 497 800 homicidii
523 781 618 808 poenas
639 774 716 802 luere
738 779 865 809 oportere
892 779 995 808 censet,

210 819 336 852 quamvis
352 819 422 847 alius
435 826 497 847 eum
511 820 665 852 sustulerit,
677 826 704 848 et
717 821 871 848 humaniter
883 822 997 849 atl'ectus

798 121 980 152 ΜΑΤΤΗᾸΞΙ
1001 122 1212 152 BLASTARIS

243 177 349 204 Navi-lla
369 183 457 204 autem
476 176 651 210 i.nperat0ris
665 176 765 203 Leonis
780 176 916 212 Sapientis
932 178 991 205 viro
1007 181 1028 207 Δ

1765 124 1834 156 1212

1083 177 1115 203 'H
1140 178 1169 204 δὲ
1185 177 1278 212 Νεαρᾶ
1305 177 1351 204 τοῦ
1376 177 1510 212 βασιλέως
1528 179 1643 210 Λέοντος
1663 179 1712 206 τοῦ
1743 181 1835 215 Σοφοῦ

1045 223 1139 250 ἄδειαν
1163 223 1254 250 δίδωσι
1273 223 1312 258 τῷ
1338 224 1414 258 ἀνδρὶ
1430 224 1546 260 διασπᾷν
1565 225 1611 251 τὸν
1629 227 1699 260 μετά
1715 227 1766 261 τῆς
1781 236 1834 262 γυ-

1045 269 1138 300 ναικὸς
1163 268 1245 295 αὑτοῦ
1260 269 1360 304 γάμον,
1376 269 1535 305 ἐξεπίτηδες
1548 270 1767 307 ἀμὸλωσκούσης
1781 274 1835 307 τὴν

1045 314 1152 340 ἐκείνου
1178 315 1293 349 σποράν.

1088 360 1117 386 '0
1143 361 1220 395 πόμα
1244 360 1369 392 δεδωκὼς
1394 361 1612 396 ἀμϐλωθριδιον,
1643 363 1756 398 εὐτελὴς
1784 364 1837 398 μὲν

1046 406 1094 438 ὢν,
1113 405 1315 441 μεταλλίζεται,
1339 406 1429 441 τίμιος
1453 406 1493 438 δὲ,
1513 406 1664 442 ἐξοριζεται
1680 408 1749 442 μετὰ
1772 417 1837 434 και-

1049 453 1129 487 ρικῆς
1152 453 1323 487 δημεύσεως.
1347 453 1465 488 Ἐσχάτῃ
1496 452 1525 479 δὲ
1539 454 1661 488 τιμωρίᾳ
1684 454 1836 487 ὑπάγεται,

1046 498 1093 524 ὲάν
1108 506 1149 528 τις
1167 498 1307 525 ἀπέθανεν
1327 498 1358 524 ἐκ
1384 497 1494 531 τούτου,
1511 498 1559 526 καὶ
1574 499 1598 525 sl
1611 500 1694 536 χωρὶς
1716 499 1792 526 δόλου
1807 501 1838 529 τὸ

1048 543 1251 578 ἀμϐλωθριδιῡν
1268 544 1394 571 δέδωκεν.
1440 580 1443 583 _
1655 565 1658 567 .
1725 550 1729 555 '

1048 599 1175 627 ΚΕΦΑΛ.
1200 599 1263 627 KG’.
1280 601 1350 637 Περὶ
1365 602 1509 637 γυναικὸς
1525 601 1581 636 τῆς
1604 602 1721 637 ἀμελῶς
1745 603 1838 637 ὲχηύ-

1154 642 1213 667 σης
1235 635 1301 669 περὶ
1321 636 1354 662 τὸ
1371 637 1472 670 κύημα
1489 636 1507 670 ἡ
1525 635 1726 672 ἐπιθεμένης.

1088 681 1118 707 '0
1131 680 1171 714 λγ’
1188 681 1236 708 τοῦ
1262 681 1383 715 μεγάλου
1406 683 1548 710 Βασιλείου
1573 683 1674 715 κανὼν,
1689 682 1729 711 ἔτι
1743 685 1772 711 δὲ
1789 686 1840 712 καὶ

1047 727 1061 752 6
1081 725 1131 760 νβ’,
1170 726 1220 762 τὴν
1248 727 1318 754 κατὰ
1342 727 1392 762 τὴν
1405 728 1464 755 666v
1487 729 1637 763 κυήσασαν,
1649 729 1676 756 εἴ
1691 738 1722 763 γε
1748 731 1840 764 παρδν

1049 771 1136 798 σῶσαι
1165 772 1394 807 καταπεφρόνηκε
1420 773 1467 800 τοῦ
1495 774 1648 809 κυήματος,
1663 776 1744 810 φόνου
1758 775 1840 806 δίκας

1050 819 1162 854 ὑπέχειν
1175 819 1262 846 οἴεται
1277 819 1343 852 δεῖν,
1368 820 1421 847 κᾶν
1440 821 1463 847 εἰ
1485 820 1580 855 ἕτερος
1596 821 1771 856 ἀνελόμενος,
1789 824 1840 848 καὶ

209 863 300 890 vivum
329 866 550 899 conservaverit,
580 866 644 893 dum
685 871 771 893 mater
802 868 946 895 brutaliter
967 874 993 895 et

1057 864 1241 899 ηλανθρώπως
1255 865 1437 900 χρησάμενος,
1458 866 1487 892 τὸ
1507 866 1557 901 ζῇν
1568 866 1642 902 αὐτῷ
1657 868 1838 903 κεχάρισται,

210 909 395 937 inhumaniter
425 910 520 938 aﬂecta
548 915 608 943 est,
636 919 669 939 ex
697 912 876 941 fornicatione
904 913 996 940 forsan

209 956 376 990 concipiens,
403 961 430 984 et
457 963 598 992 peccatum
628 965 706 985 suum
734 959 786 986 hoc
810 965 888 994 pacto
909 961 998 987 celare

210 1001 333 1029 studens.
349 1002 427 1035 Quod
451 1004 485 1035 si.
503 1008 615 1038 propter
633 1004 807 1032 inimicorum
833 1006 996 1039 periculum,

211 1046 253 1073 vel
280 1048 497 1076 necessariorum
526 1049 681 1082 defectum,
716 1050 757 1077 vel
790 1051 863 1086 quod
891 1051 996 1086 captiva

210 1092 292 1119 ducta
308 1093 354 1125 sit,
372 1094 424 1126 vel,
442 1099 470 1121 ut
496 1095 590 1123 hostes
614 1096 711 1131 fugiat,
729 1097 849 1130 latuerit,
873 1102 900 1125 et
923 1098 997 1132 peri-

210 1138 301 1165 culum
317 1139 353 1166 sit
368 1147 401 1166 ne
414 1140 527 1169 infantis
545 1141 648 1176 ejulatu
672 1143 814 1177 prodatur,
831 1151 890 1172 sese
914 1144 996 1172 simul

210 1188 238 1210 et
262 1184 394 1211 infantem
417 1193 531 1214 servare
555 1195 608 1215 non
635 1189 764 1223 potuerit,
791 1194 878 1216 mater
904 1190 995 1218 damni

211 1229 316 1256 veniant
332 1237 525 1267 consequetur.

245 1373 314 1402 Hinc
326 1375 408 1403 etiam
423 1376 457 1403 de
473 1376 507 1404 iis
519 1377 565 1412 qui
583 1377 700 1406 infantes
713 1386 777 1406 suos
791 1379 818 1406 in
833 1370 993 1414 templorum

210 1419 329 1448 aditibus
339 1426 489 1455 exponunt,
505 1423 531 1450 in
543 1431 621 1450 sacra
634 1425 739 1459 synodo
750 1425 847 1459 sazpius
858 1426 993 1460 discepta-

211 1469 267 1493 tum
282 1465 350 1499 fuit;
369 1470 396 1494 et
410 1468 523 1502 placuit,
537 1476 582 1496 eas
598 1475 627 1496 ut
649 1470 801 1498 homicidas
823 1471 926 1505 puniri,
943 1472 993 1499 etsi

210 1512 281 1541 alius
300 1512 419 1542 infantes
435 1514 576 1549 suscipiat.
597 1519 624 1542 et
641 1523 703 1543 cum
721 1524 785 1544 cura
802 1517 910 1545 educat.

568 1602 633 1630 Lex.

245 1645 354 1674 Occidit
380 1646 463 1675 fctum
509 1656 562 1676 non
595 1650 683 1677 solum
712 1651 759 1686 qui
788 1651 914 1685 suﬂ‘ocat.
948 1654 995 1681 sed

169 1732 171 1734 η
209 1691 290 1719 etiam
314 1693 361 1727 qui
390 1693 494 1728 abjicit,
511 1698 537 1721 et
557 1703 611 1721 non
636 1696 736 1727 nutrit;
754 1703 781 1724 et
803 1698 850 1732 qui
875 1697 902 1724 in
930 1698 996 1726 locis

211 1737 328 1771 publicis
342 1739 454 1771 exponit
470 1740 502 1768 ad
530 1741 745 1769 misericordiam
761 1750 843 1777 quam
867 1743 925 1778 ipse
941 1752 994 1771 non

212 1783 305 1810 habet.

287 1840 366 1868 CAP.
383 1841 467 1869 XXX.
487 1842 524 1869 De
543 1843 577 1870 iis
591 1844 636 1878 qui
650 1845 762 1880 virgines
777 1851 913 1874 stuuranl.

246 1917 341 1945 Canon
356 1918 390 1946 67
403 1925 492 1948 sancl.
514 1925 602 1955 apost.
619 1930 626 1949 :
643 1922 709 1949 Eum
723 1923 771 1958 qui
785 1924 917 1959 virginem
941 1932 996 1951 non

211 1963 373 1998 desponsam
403 1970 520 2001 stuprat,
552 1968 691 2003 segregari
716 1969 794 2003 jubet
819 1971 994 2005 (desponsam

210 2008 282 2035 enim
296 2010 343 2044 qui
358 2014 474 2045 stuprat,
488 2012 549 2046 quis
562 2013 633 2040 dicet
645 2021 707 2040 eum
726 2023 780 2042 non
797 2020 827 2042 ut
840 2016 995 2043 adulterum

212 2054 377 2087 puniendum
394 2056 485 2089 esse?)
497 2064 614 2092 eamque
626 2059 735 2092 habere,
752 2064 780 2086 ct
797 2068 850 2087 non
866 2061 996 2095 abjicere,

212 2101 338 2133 quamv's
358 2101 533 2136 pauperrima
545 2103 581 2130 sit
599 2108 624 2130 et
645 2104 718 2132 illius
736 2112 834 2139 genere
855 2106 976 2140 indigna.

535 2201 593 2235 33
612 2201 675 2228 ιεπ.

248 2245 319 2272 Dicit
329 2246 402 2273 enim
418 2246 471 2277 lex,
485 2254 547 2273 eum
569 2247 614 2281 qui
632 2256 692 2274 cum
708 2250 863 2276 continente
882 2251 997 2278 muliere

212 2299 269 2317 rem
287 2291 377 2323 habet,
394 2292 454 2327 cogi
467 2298 575 2327 oportet
600 2302 658 2320 eam
674 2293 701 2321 in
723 2296 889 2323 matrimonii
908 2297 997 2324 souic-

213 2341 292 2363 tatem
306 2337 440 2371 accipere.

246 2381 340 2410 Canon
356 2375 448 2418 igitur,
473 2389 502 2411 ut
522 2385 638 2417 videtur.
664 2392 775 2422 propter
805 2388 858 2415 vim
884 2388 995 2423 quidem

211 2430 350 2465 segregari
362 2438 424 2457 eum
444 2431 491 2465 qui
506 2432 639 2465 peccavit.
652 2437 762 2467 propter
775 2434 889 2469 virginis
905 2440 995 2462 autem

211 2477 326 2504 salutem
346 2476 405 2511 cogi
422 2476 513 2512 ipsum
527 2477 553 2504 ei
568 2478 688 2513 legitime
708 2479 848 2515 conjungi,
862 2481 994 2508 decernit.

250 2568 346 2596 Verum
363 2568 390 2595 in
417 2568 526 2596 actione
541 2568 575 2596 de
592 2569 616 2596 vi
645 2569 730 2605 legem
755 2570 791 2596 ita
810 2574 929 2602 statuere
943 2578 997 2598 non

209 2619 349 2642 ostensum
366 2618 419 2641 est.

556 2657 645 2693 Leges.

246 2705 315 2733 Dicit
334 2706 406 2732 enim
420 2713 427 2732 :
439 2705 491 2738 Qui
508 2705 605 2740 puellae
618 2706 670 2731 vim
686 2704 774 2737 aﬂ'ert,
792 2712 906 2740 eamque
923 2712 998 2733 con-

210 2757 329 2786 stuprat,
345 2760 424 2779 nares
448 2752 472 2778 ei
491 2751 700 2783 abscindantur,
715 2755 742 2778 et
769 2751 877 2778 tertiam
893 2757 996 2785 partem

212 2807 323 2826 suarum
341 2798 500 2824 facultatum
519 2797 615 2832 puellae
639 2797 695 2824 det.

248 2844 300 2872 Οιιί
324 2852 385 2872 cum
409 2845 514 2877 virgine
536 2843 624 2877 puclla
650 2843 727 2878 coiit,
749 2843 808 2879 ipsa
825 2843 934 2879 quidem
949 2852 996 2873 vo-

1048 911 1132 945 αὐτῆς
1151 910 1278 945 θηριώδει
1297 912 1345 938 καὶ
1358 911 1535 947 ἀπανθρώπῳ
1547 912 1671 948 λογισμῷ
1690 915 1841 948 χρησαμέ-

1048 965 1107 990 νης,
1127 957 1159 982 ἐκ
1183 957 1311 992 πορνείας
1333 957 1399 988 ἴσως
1423 957 1503 985 τοῦτο
1527 958 1543 993 ἢ
1562 949 1686 994 μοιχείας
1707 960 1839 995 συνειλη-

1049 1002 1141 1036 φυὶας,
1161 1003 1209 1028 καὶ
1234 1003 1282 1038 τὴν
1311 1003 1450 1039 ἁμαρτίαν
1466 1005 1552 1040 ταύτῃ
1569 1005 1751 1041 πειραθεισης
1769 1015 1842 1040 συγ-

1048 1047 1160 1082 κρύψαι.
1178 1049 1208 1074 Εἰ
1222 1048 1249 1076 δὲ
1272 1049 1348 1086 παρὰ
1367 1049 1416 1083 τὴν
1441 1049 1559 1086 ἀπορίαν
1572 1051 1626 1078 τῶν
1644 1053 1842 1087 προστησομέ-

1048 1102 1114 1127 νων,
1132 1093 1148 1129 ἢ
1165 1094 1215 1129 τὴν
1231 1095 1338 1121 ἔνδειαν
1352 1095 1408 1121 τῶν
1423 1096 1581 1130 ἀναγκαίων
1593 1117 1600 1129 ,
1620 1097 1637 1132 ἢ
1660 1098 1840 1133 αἰχμάλωτος

1048 1140 1211 1175 ἀγομένη,ῆ
1229 1141 1268 1176 τῷ
1291 1140 1403 1175 φεύγειν
1420 1142 1567 1176 πολεμίους
1581 1143 1771 1178 κρυπτομένη,
1789 1145 1838 1171 καὶ

1046 1185 1093 1212 τοῦ
1110 1185 1227 1220 βρέφους
1249 1186 1539 1221 κλαυθμυριζομένου,
1566 1188 1764 1216 κινδυνεύουσα
1782 1198 1838 1224 μη-

1046 1231 1179 1265 νυθῆναι,
1209 1232 1310 1266 ἑαυτὴν
1341 1232 1399 1267 ἅμα.
1419 1233 1467 1259 καὶ
1490 1233 1521 1259 τὸ
1547 1233 1644 1268 τεχθὲν
1669 1235 1718 1261 οὐκ
1732 1234 1836 1269 ἢρκεσε

1047 1277 1266 1310 περισώσασθαι,
1287 1277 1450 1313 συγγνωστὴ
1479 1278 1579 1313 μᾶλλον
1610 1279 1626 1314 ἡ
1657 1279 1749 1315 μήτηρ
1785 1280 1835 1315 τῆς

1047 1320 1190 1356 ἑταιρείας.

1099 1367 1147 1394 Ἐκ
1173 1368 1202 1394 δὲ
1227 1369 1326 1396 τούτου
1355 1369 1403 1396 καὶ
1427 1369 1492 1405 περὶ
1514 1369 1570 1396 τῶν
1592 1369 1778 1404 ἐκτιθεμένων
1803 1371 1836 1397 τὰ

1045 1413 1133 1440 οἰκεῖα
1147 1413 1236 1449 βρέφη
1263 1415 1332 1449 πρὸς
1347 1416 1408 1447 ταῖς
1428 1415 1541 1447 εἰσόδοις
1562 1416 1617 1443 τῶν
1643 1416 1724 1449 ἱερῶν
1757 1416 1836 1449 λόγος

1046 1458 1171 1490 πολλάκις
1201 1459 1246 1486 ἐπὶ
1260 1460 1311 1494 τῆς
1327 1461 1403 1496 ιερᾶς
1420 1461 1530 1488 συνόδου
1556 1461 1651 1494 γέγονε
1663 1470 1670 1476 ·
1697 1461 1745 1487 καὶ
1765 1462 1833 1496 ἡρε-

1047 1514 1092 1532 σεν
1116 1505 1154 1537 ὡς
1184 1507 1346 1542 φονευτριας
1357 1507 1458 1538 ταὺτας
1480 1506 1652 1540 κολάζεσθαι,
1674 1508 1726 1534 κᾶν
1741 1508 1839 1544 ἔτερος

1009 1541 1031 1571 C
1048 1551 1188 1586 ἀνέληται,
1209 1552 1255 1580 καὶ
1271 1541 1508 1588 ἐπιμελησὰμενος
1524 1553 1698 1588 ζωογονήσῃ.

1385 1599 1494 1632 Νόμος.

1081 1644 1191 1670 Φονεύει
1204 1643 1234 1670 τὸ
1259 1644 1418 1680 τικτόμενον
1452 1646 1483 1672 οὐ
1500 1645 1580 1679 μόνον
1598 1646 1612 1672 ὁ
1627 1645 1741 1680 πνιγων,
1763 1647 1835 1673 ἀλλὰ

1047 1689 1093 1715 καὶ
1105 1690 1119 1715 6
1141 1689 1256 1725 ῥίπτων,
1273 1691 1321 1716 καὶ
1335 1691 1349 1717 ὁ
1365 1691 1403 1725 μὴ
1418 1691 1538 1727 τρέφων,
1560 1692 1608 1718 καὶ
1623 1693 1637 1718 6
1651 1693 1679 1718 ὲν
1693 1693 1838 1726 δημοσίοις

1045 1735 1138 1767 τόποις
1165 1736 1340 1772 ἐκτιθέμενος
1365 1737 1411 1764 ἐπὶ
1438 1737 1620 1774 ἐλεημοσύνη.
1634 1739 1667 1773 ἢν
1683 1738 1767 1770 αὐτὸς
1783 1740 1837 1765 οὐκ

1047 1782 1137 1817 ἔσχεν.

1047 1839 1174 1866 ΚΕΦΔΛ.
1191 1841 1230 1867 Λ’.
1254 1840 1323 1874 Περὶ
1346 1840 1404 1868 τῶν
1424 1841 1570 1874 γυναῖκας
1587 1840 1756 1875 παρθένους
1768 1842 1839 1873 ,βια-

1371 1875 1514 1910 ζομένων.

1089 1920 1119 1947 ὐ
1134 1921 1189 1948 τῶν
1213 1921 1300 1956 ἁγίων
1323 1922 1479 1948 ἀποστόλων
1495 1921 1533 1954 Ei’
1549 1922 1640 1949 κανὼν
1676 1924 1721 1950 τὸν
1738 1924 1838 1958 βιασά-

1049 1975 1131 2003 μενον
1154 1967 1289 2001 παρθένον
1317 1969 1504 2003 ἀμνήετευτον
1539 1969 1720 2004 ἀφορίζεσθαι
1743 1971 1838 2003 ἁξιοῖο

1056 2015 1111 2049 (τὸν
1135 2013 1189 2048 γάρ
1212 2022 1252 2040 τοι
1270 2014 1514 2049 μεμνηστευμένην
1549 2015 1591 2045 τίς
1607 2015 1716 2049 ἀντερεῖ
1726 2016 1765 2051 μὴ
1777 2017 1837 2052 οὐχὶ

1048 2060 1095 2086 καὶ
1113 2059 1150 2091 ὡς
1175 2059 1267 2094 μοιχὸν
1294 2059 1474 2094 τιμωρεῖσθαι
1496 2059 1551 2086 δεῖν
1564 2059 1584 2093 ;)
1604 2059 1677 2094 ἔχειν
1689 2060 1719 2086 δὲ
1731 2062 1838 2097 ταύτην

1048 2105 1095 2132 καὶ
1122 2105 1160 2140 μὴ
1180 2105 1342 2137 ἐκϐάλλειν,
1369 2106 1393 2131 εἰ
1418 2105 1464 2132 καὶ
1491 2104 1545 2131 τῶν
1573 2106 1748 2132 πενεστάτων
1769 2105 1837 2134 οὖσα

1047 2151 1189 2186 τυγχάνει,
1203 2150 1251 2177 καὶ
1266 2151 1305 2186 τῷ
1321 2151 1428 2181 ἐκείνου
1446 2151 1483 2185 μὴ
1499 2151 1675 2186 προσήκουσα
1690 2151 1778 2185 γένει.

1389 2197 1491 2230 ﬂama

1083 2243 1153 2278 Φησὶ
1180 2243 1234 2277 γὰρ
1259 2243 1273 2269 6
1286 2243 1367 2278 νόμος
1379 2250 1386 2257 ·
1413 2243 1466 2269 Τὸν
1482 2242 1551 2276 μετὰ
1570 2242 1708 2277 σώφρονος
1731 2245 1836 2273 παλλα-

1047 2289 1196 2324 κευόμενον
1219 2289 1362 2323 γυναικὸς,
1378 2287 1584 2322 ἀναγκάζεσθαι
1606 2288 1646 2315 δεῖ
1661 2289 1709 2315 καὶ
1722 2291 1764 2321 εἰς
1783 2292 1835 2324 γί-

1050 2343 1101 2370 μου
1122 2334 1269 2361 κοινωνίαν
1284 2334 1433 2369 λαμϐάνειν
1452 2334 1548 2368 αὑτήν.

1089 2382 1134 2413 Ὧς
1162 2381 1235 2407 ἔοικε
1262 2381 1352 2407 τοίνυν
1373 2381 1420 2407 καὶ
1444 2381 1458 2406 ό
1486 2382 1582 2408 κανὼν
1615 2382 1685 2417 ὑπὲρ
1711 2384 1760 2418 μὲν
1787 2384 1836 2417 τῆς

1050 2428 1110 2462 βίας
1136 2426 1317 2462 ἀφορίζεσθαι
1347 2426 1391 2453 τὸν
1423 2427 1662 2462 πλημμελήσαντα
1681 2429 1836 2459 ἐπιτάττει.

1048 2475 1091 2501 διὰ
1110 2475 1139 2501 δέ
1163 2483 1195 2508 γε
1222 2476 1272 2509 τῆς
1290 2473 1429 2508 παρθένου
1446 2474 1494 2509 τὴν
1513 2475 1651 2509 σωτηρίαν
1681 2476 1837 2510 ἀναγκάζε-

1049 2521 1110 2547 σθαι
1123 2520 1170 2546 καὶ
1184 2519 1308 2554 νομίμως
1322 2519 1390 2554 αὐτῇ
1406 2519 1585 2554 συναφθῆναι.

1083 2566 1120 2592 υὺ
1145 2566 1198 2601 μὴν
1221 2566 1292 2600 ἔνγτῇ
1312 2565 1377 2599 περὶ
1395 2564 1455 2601 βίας
1474 2566 1572 2601 ἀγωγῇ
1602 2565 1674 2593 οὓτω
1692 2566 1837 2600 θεσπίζειν

1048 2615 1062 2640 6
1076 2613 1157 2648 νόμος
1175 2613 1324 2640 δείκνυται.

1386 2659 1490 2693 Νόμοι.

1084 2708 1154 2742 Φησὶ
1187 2707 1262 2741 γάρ·
1286 2706 1316 2733 '0
1343 2706 1506 2741 βιασάμενος
1534 2706 1620 2740 κόρην
1652 2706 1698 2733 καὶ
1724 2706 1835 2741 φθείρας

1049 2752 1134 2788 αὐτὴν
1149 2751 1346 2787 ῥινοκοπεισθω
1360 2772 1368 2784 ,
1384 2749 1474 2781 διδοὺς
1488 2746 1557 2786 αὺξῇ
1573 2751 1620 2777 καὶ
1634 2751 1665 2778 τὸ
1677 2752 1769 2786 τρίτον
1787 2751 1834 2785 τῆς

1050 2799 1064 2825 ὺ
1070 2798 1226 2829 προτάσεως
1241 2797 1324 2827 αὐτοῦ
1330 2817 1338 2825 .

1091 2845 1120 2872 '0
1133 2844 1260 2880 παρθένῳ
1276 2844 1343 2880 κόρῃ
1360 2845 1524 2881 μιγνύμενος
1549 2845 1658 2881 ὲκεενιης
1673 2845 1723 2880 μὲν
1738 2851 1832 2878 προαι-
