1948 3064
223 137 293 169 1219

818 134 1003 169 ΜΛΤΤΗᾸΞΙ
1030 137 1243 169 BLASTARIS

1789 142 1861 176 1220

218 192 356 227 egentium
382 190 525 226 pabulum,
553 190 595 218 rel
620 190 648 217 in
678 190 747 219 alios
775 191 837 226 pios
862 199 930 220 usus
955 200 996 228 ρι’(

1060 195 1104 220 καὶ
1121 193 1238 228 πτωχῶν
1261 193 1442 230 ἁποτροςρὴν,
1472 195 1518 222 καὶ
1557 197 1597 228 είς
1623 197 1706 228 ἄλλας
1731 200 1860 229 εὐσεϐεῖς

218 237 342 264 ecclesiae
364 244 420 264 sua
437 236 582 264 commodo
601 236 767 271 expendant.
799 237 866 270 Quae
885 239 958 265 enim
975 247 1008 265 ex

218 282 253 309 iis
265 286 325 316 post
341 283 462 316 ipsorum
475 287 589 309 mortem
605 287 772 316 supersunt,
785 283 912 313 ecclesia.
924 291 1006 318 quam

219 329 357 361 tenebant,
375 329 508 356 vindicat.
527 328 565 355 Ea
586 333 675 356 autem
693 329 828 356 alienaudi
845 334 1006 364 potestatem

219 375 321 402 habent
337 383 398 410 qua:
418 381 481 402 ante
498 375 687 410 episcopatum
702 375 854 410 probantur
867 376 1007 409 habuisse,

217 427 245 449 et
259 430 320 457 qua).
337 427 400 457 post
423 423 611 458 episcopatum
631 422 665 450 ad
682 430 731 450 eos
755 430 770 448 a
786 424 908 457 cognatis
923 424 1006 451 devo-

218 470 273 496 luta
296 475 371 502 sunt,
391 471 492 505 quibus
510 471 544 497 ab
561 471 691 497 intestato
715 478 803 505 usque
823 470 856 497 ad
877 475 1005 504 quartum

217 516 329 550 gradum
355 516 503 544 succedere
528 520 654 551 pessunt.
679 515 742 544 Haec
767 518 850 544 etiam
875 517 966 545 valent
981 522 1008 544 et

217 561 244 587 in
268 561 329 588 aliis
344 562 583 596 {monasteriorum
611 562 811 589 vonerabilium
841 563 1006 591 rectoribus.

211 600 292 640 Quod
309 609 331 635 si
350 608 548 643 episcopusch
565 609 688 635 clericus
703 609 895 643 cujuscunque
906 609 1006 644 gradus

217 653 276 679 sine
293 657 463 680 testamento
479 648 520 680 vel
538 652 667 687 legitimis
682 653 890 681 successoribus
905 655 1007 681 moria-

216 703 270 729 lnr.
293 707 388 727 eorum
410 700 549 728 successio
570 699 704 732 ecclesiae,
728 699 757 727 in
784 706 838 735 qua
861 699 1004 728 constituti

215 745 328 779 fuerint,
342 746 494 774 addicitur;

449 800 539 848 Leges
550 814 582 841 de
599 818 767 842 testamenta.

1060 240 1151 271 αἰτίας
1183 240 1253 275 ὑπὲρ
1280 240 1326 267 τοῦ
1355 242 1542 276 συμφέροντος
1574 244 1624 278 τῆς
1652 244 1720 276 ἰδίας
1752 245 1857 282 ἐκκλη-

1061 286 1121 317 σίας
1132 294 1138 302 ·
1155 286 1190 312 τὰ
1207 286 1263 321 γὰρ
1283 287 1352 321 μετά
1367 287 1416 319 τὴν
1443 289 1533 315 αὐτῶν
1547 289 1680 325 τελευτὴν
1695 292 1728 317 ἐκ
1744 292 1852 319 τούτων

1061 338 1254 366 περιττευοντα
1276 333 1293 367 ἡ
1315 333 1377 360 κατ’
1406 334 1505 365 αὐτοὺς
1528 335 1663 369 ἐκκλησία
1689 338 1851 366 οἰκειοῦται.

1062 377 1172 404 Ἀδειαν
1192 378 1221 404 δὲ
1243 379 1352 414 ἔχουσιν
1368 380 1490 406 ἐκποιεϊν
1507 381 1587 407 ἅτινα
1603 382 1636 408 ἂν
1659 383 1711 417 πρὸ
1726 385 1776 419 τῆς
1791 385 1855 411 επι-

1061 423 1167 458 σκοπῆς
1189 424 1337 459 ἐσχηκότες
1361 425 1562 459 ἀποδειχθῶσι,
1586 427 1634 453 καὶ
1649 427 1699 453 ὅσα
1720 428 1790 461 μετὰ
1805 429 1854 463 τὴν

1059 469 1213 505 ἐπισκοπὴν
1226 471 1385 503 είς-αὐτοὺς
1400 471 1454 498 ἀπὸ
1476 473 1620 506 συγγενῶν
1643 475 1788 511 περιέλθῃ,
1807 477 1855 507 οὓς

1058 515 1088 548 ἐξ
1108 515 1250 542 ἀδιαθέτου
1282 517 1363 552 μέχρι
1392 518 1524 553 τετάρτου
1556 518 1661 556 βαθμοῦ
1678 521 1855 556 διαδέχεσθαι

1058 561 1200 588 δύνανται.
1220 561 1314 589 Ταῦτα
1332 563 1359 590 δὲ
1377 565 1476 599 κρατεῖ
1489 565 1537 591 καὶ
1552 565 1666 592 ἐπὶτῶν
1678 567 1767 593 ἄλλων
1786 568 1854 595 διοι-

1057 605 1151 641 κητῶν
1175 607 1230 633 τῶν
1254 607 1411 643 σεϐασμίων
1428 609 1528 644 μονῶν.
1558 611 1622 638 Ἐὰν
1647 612 1676 638 δὲ
1700 613 1854 645 ἐπίσκοπος

1057 649 1073 685 ἢ
1099 650 1230 686 κληρικὸς
1248 653 1405 688 οἱανδήποτε
1435 655 1540 690 βαθμοῦ
1570 657 1634 684 ἄνευ
1661 658 1798 693 διαθήκης
1835 660 1851 694 ἢ

1057 697 1180 732 νομίμων
1203 699 1335 734 διαδόχων
1366 701 1516 739 τελευτήσῃ
1531 722 1539 734 ,
1559 703 1577 739 ἢ
1605 704 1707 731 τούτων
1737 705 1851 740 διαδοχὴ

1056 743 1259 779 προσκυροῦται
1287 746 1320 780 τῇ
1353 746 1499 782 ἐκκλησίᾳ,
1530 748 1558 774 ὲν
1582 742 1850 785 ᾗκειειροτόνηται.

1269 812 1361 847 Νόμοι
1386 813 1455 848 περὶ
1474 814 1631 848 διαθήκης.

251 869 456 898 Testamentum
481 874 522 898 est
544 871 620 905 justa
645 871 794 898 voluntatis
821 871 996 899 sententiatli

1060 875 1069 879 ί
1089 867 1213 901 Διοθήκη
1229 868 1286 894 ἐστὶ
1298 868 1390 910 δικαία
1407 869 1536 904 βούλησις
1548 873 1612 906 περὶ
1625 868 1663 898 ὧν
1676 871 1709 898 ἄν
1724 881 1766 904 τις
1780 873 1848 910 θέλῃ

216 915 251 943 iis
267 923 327 949 quae
344 916 406 950 quis
421 921 482 951 post
499 921 615 945 mortem
631 924 708 944 suam
723 916 780 957 ﬁeri
800 916 875 944 velit.

247 961 278 988 ln
299 969 332 989 eo
353 962 400 996 qui
425 966 552 994 testatur,
577 962 721 997 integritas
734 963 845 995 mentis,
868 970 923 990 non
942 970 1004 990 cor-

211 1008 287 1042 poris
302 1007 408 1035 sanitas
420 1008 552 1043 exigitur.

247 1053 302 1092 92
321 1053 459 1092 lliasculns
485 1055 531 1089 qui
569 1062 671 1092 annum
706 1055 842 1092 decimum
869 1059 1001 1092 Aquarium

212 1089 358 1122 complevit
374 1093 569 1116 testamentum
583 1089 673 1117 facere
688 1089 799 1125 potest;
813 1089 913 1118 femina
927 1099 1001 1124 vero,

213 1142 273 1169 quae
287 1135 492 1163 duodecimum.

251 1179 278 1207 Si
297 1185 373 1215 pater
393 1182 435 1208 vel
458 1187 545 1209 mater
563 1182 589 1209 in
609 1182 814 1210 matrimonium
839 1183 903 1210 dent
916 1181 1000 1210 ﬁliam

214 1227 258 1253 vel
280 1227 377 1259 ﬁlium,
401 1232 429 1255 et
455 1236 516 1255 eum
543 1228 612 1255 mori
630 1229 781 1263 contingatI
807 1231 1000 1256 testamentum

212 1274 331 1302 faciendi
354 1280 517 1310 potestatem
542 1284 596 1303 non
619 1277 712 1308 habet,
735 1277 793 1304 sive
808 1278 856 1304 dos
876 1277 923 1308 sit.
943 1277 1002 1305 sive

211 1320 323 1348 donatio
342 1327 405 1348 ante
418 1322 538 1355 nuptias,
563 1323 626 1349 dum
643 1327 771 1356 parentes
791 1323 881 1350 adhuc
900 1330 1000 1357 supcr-
1016 1328 1026 1337 ⁴

210 1372 288 1394 sunt.
316 1368 394 1401 Quod
418 1368 440 1395 si
467 1368 552 1395 altera
578 1375 674 1396 eorum
708 1376 773 1403 pars
802 1369 946 1402 moriatur,
973 1369 999 1396 in

211 1413 311 1440 mortui
329 1413 400 1441 bona
424 1418 549 1442 testatur.

244 1458 337 1493 Neque
355 1458 549 1487 llttnsfamilias
580 1463 711 1491 testatur.
727 1467 777 1487 nec
796 1459 933 1498 impubes,
950 1468 1000 1489 nec

209 1503 343 1537 furiosus,
371 1512 421 1532 nec
442 1505 592 1540 prodigus;
615 1509 709 1532 mutus
730 1509 822 1533 autem
847 1510 874 1533 et
897 1505 999 1533 surdus

207 1550 355 1585 aliquando
372 1550 466 1578 testari
486 1555 613 1585 possunt.

183 1627 187 1632 γ
243 1596 324 1624 Prius
352 1601 548 1625 testamentum
574 1605 588 1624 a
616 1597 764 1633 posteriori
804 1598 925 1633 perfecto
955 1605 999 1625 re-

205 1643 353 1671 scinditur.

242 1689 450 1717 Testamentum
465 1690 559 1725 elapso
576 1691 710 1718 decennio
723 1699 758 1718 ne
769 1691 927 1726 abrogetur,
942 1692 996 1719 nisi

207 1735 279 1762 aliud
300 1736 448 1770 perlectum
460 1735 560 1764 factum
577 1737 664 1765 sitvel
691 1738 718 1764 in
746 1739 854 1773 scriptis
867 1739 908 1766 vel
930 1739 997 1766 citra

207 1781 385 1814 scripturam,
403 1781 567 1809 contrariam
583 1783 708 1810 testantis
731 1784 898 1810 voluntatem
925 1783 997 1811 iudi-

207 1833 274 1852 cans
288 1826 315 1852 in
344 1827 490 1860 praesentia
509 1833 612 1862 septem
630 1829 671 1855 rei
691 1829 810 1864 quinque
827 1830 950 1857 testium.

243 1883 272 1910 Si
302 1888 418 1911 testator
446 1885 567 1912 moriens
597 1893 625 1913 sc
656 1886 724 1912 nihil
750 1886 823 1913 aliud
854 1887 996 1921 possidere

205 1930 342 1964 juraverit
362 1936 460 1964 prazter
484 1940 514 1958 ea
533 1940 594 1966 quse
620 1933 646 1959 in
665 1937 828 1960 testamento
852 1934 996 1968 disposuit,

206 1985 260 2003 non
276 1975 339 2003 licet
355 1976 454 2004 hmredi
466 1978 655 2012 qualicunque
672 1978 878 2013 inquisitionem
893 1978 994 2013 facere,

206 2028 233 2049 et
250 2031 359 2050 servum
378 2030 426 2057 per
442 2028 578 2050 tormenta
593 2025 762 2056 examinare,
775 2025 817 2051 vel
834 2032 849 2051 a
867 2025 994 2056 testibus.

200 2066 255 2103 'qni
280 2069 307 2096 in
334 2072 499 2095 testamento
523 2069 709 2103 reperiuntur,
732 2069 917 2104 juramentum
938 2072 996 2098 exi-

208 2123 281 2147 gere.
322 2114 374 2141 Sed
414 2115 515 2142 invitus
555 2117 693 2143 testatoris
724 2115 879 2150 juramento
915 2117 994 2146 iidem

209 2161 316 2191 habeat.
333 2160 354 2187 si
367 2161 447 2188 modo
462 2169 515 2188 non
529 2162 716 2196 deprehensus
730 2162 765 2189 sit
781 2163 855 2190 circa
869 2165 993 2192 eamdem

208 2213 264 2233 rem
282 2206 360 2233 aliter
373 2212 455 2241 atque
468 2207 546 2234 aliter
556 2207 660 2242 jurare.

242 2296 445 2324 Testamentum
473 2297 542 2324 citra
573 2298 738 2333 scripturam
767 2301 904 2334 comlitnr,
930 2310 992 2329 cum

207 2350 298 2370 coram
309 2348 410 2376 septem
423 2344 540 2371 testibus
552 2352 605 2371 una
616 2346 774 2374 constitutis
789 2352 903 2375 testator
913 2357 991 2376 suam

208 2389 374 2416 voluntatem
393 2389 524 2417 declarat.
551 2390 628 2424 Quod
648 2392 670 2420 si
688 2400 720 2420 eo
745 2393 771 2420 in
796 2394 865 2425 loco.
887 2395 913 2421 in
937 2403 992 2430 quo

195 2437 353 2471 ‘qnisquam
369 2438 438 2464 citra
455 2438 618 2472 scripturam
635 2444 760 2473 testatur,
781 2447 883 2476 septem
909 2447 992 2470 testes

207 2490 259 2509 non
287 2482 471 2515 inveniantur,
498 2484 665 2512 voluntatem
693 2494 770 2513 suam
791 2495 883 2514 coram
910 2488 991 2523 quin-

206 2529 403 2564 que'testibus
435 2534 464 2557 et
494 2539 548 2558 non
577 2532 752 2566 paucioribus
781 2539 872 2561 notam
901 2533 992 2562 facere

205 2580 303 2611 potest.
963 2604 981 2613 .,

239 2622 291 2656 Qui
307 2626 497 2650 testamentum
526 2624 622 2650 scribit
638 2629 707 2652 recte
725 2625 751 2651 in
766 2632 798 2652 eo
815 2626 891 2653 testis
907 2627 947 2655 lit.

237 2714 446 2741 Testamentum
466 2718 568 2748 septem
584 2717 670 2740 testes
687 2713 789 2741 habere
806 2714 896 2746 debet,
913 2715 990 2742 codi-

201 2762 281 2788 cillus
293 2765 383 2787 autem
398 2761 530 2795 quinque.
546 2759 597 2792 Qui
610 2766 673 2786 vero
687 2759 713 2785 in
726 2767 815 2794 pugna
830 2760 989 2788 vulneratus

201 2813 254 2839 eu,
270 2811 296 2833 et
312 2806 376 2833 dum
403 2807 429 2833 in
449 2807 491 2833 via
520 2807 570 2832 iter
595 2804 661 2832 facit
679 2812 692 2831 a
711 2810 799 2832 morte
816 2813 869 2832 non
891 2808 988 2840 procul

202 2854 287 2884 BIN'Sl,
312 2861 364 2879 non
391 2853 481 2880 solum
508 2859 602 2880 coram
631 2851 717 2878 tribus
744 2851 868 2886 personis
893 2853 985 2880 testari

1057 913 1129 948 μετὰ
1149 913 1266 940 Θάνατον
1293 914 1377 941 αὑτοῦ
1402 915 1452 950 τὴν
1465 915 1601 950 διοίκησιν
1614 918 1754 950 γενέσθαι.

1096 960 1126 985 '0
1141 959 1330 994 διατιθέμενος
1357 961 1459 996 ὀφείλει
1475 962 1522 988 τὸν
1540 963 1614 995 νοῦνά
1637 964 1669 991 οὐ
1685 965 1739 1000 μὴν
1754 966 1803 993 καὶ
1817 966 1846 992 τδ

1055 1005 1146 1040 σῶμα,
1167 1006 1317 1042 ἐρρῶσθαι.

1094 1051 1124 1078 Ὀ
1140 1052 1230 1088 ἇρῤην
1253 1053 1404 1089 πληρώσας
1423 1055 1458 1082 τὰ
1476 1054 1506 1082 ιδ’
1522 1055 1569 1091 ἔτη
1590 1055 1758 1084 διατίθεται·
1778 1058 1796 1093 ἡ
1815 1058 1843 1085 δὲ

1054 1097 1153 1134 θήλεια
1169 1100 1204 1126 τὰ
1223 1099 1269 1135 ιβί

1095 1188 1158 1217 Ἐὰν
1176 1191 1302 1227 πατὴρῆ
1332 1193 1423 1229 μήτηρ
1448 1194 1488 1226 είς
1512 1195 1602 1230 γάμον
1625 1196 1731 1232 ἐκδώσῃ
1758 1197 1842 1224 παῖδα

1053 1235 1164 1270 θήλειαν
1188 1236 1204 1271 ἢ
1230 1237 1344 1273 ἄρρενα,
1360 1239 1407 1266 καὶ
1427 1240 1518 1276 συμϐῇ
1537 1241 1665 1276 τελευτᾷν
1682 1242 1728 1269 τὸν
1746 1243 1842 1278 παῖδα,

1053 1282 1102 1309 οὐκ
1117 1282 1174 1317 ἔχει
1197 1284 1324 1316 ἐξουσίαν
1338 1285 1491 1319 διαθέσθαι,
1513 1287 1569 1317 εἴτε
1582 1287 1664 1323 προὶξ
1682 1289 1769 1322 ἐστὶν,
1784 1290 1841 1316 stu

1053 1327 1196 1360 ὕπόϐολον,
1211 1328 1251 1355 ἔτι
1264 1330 1319 1356 τῶν
1334 1331 1435 1364 γονέων
1449 1331 1611 1367 περιόντων.
1627 1333 1694 1359 Eia!
1706 1333 1736 1360 ἓν
1754 1335 1842 1370 μέρος

1052 1373 1081 1407 ἐξ
1097 1374 1188 1401 αὐτῶν
1210 1375 1398 1412 ἐτελεύτησεν,
1415 1378 1455 1410 είς
1471 1378 1501 1405 τδ
1525 1378 1572 1405 τοῦ
1596 1379 1725 1412 θανόντος
1750 1381 1840 1408 διατίο

1052 1417 1139 1445 θιται.

1087 1465 1156 1492 Οὔτε
1182 1466 1343 1499 ὑπεξούσιος
1363 1468 1522 1501 διατίθεται,
1546 1469 1608 1496 οὔτε
1636 1471 1748 1506 ἄνηϐος,
1775 1472 1839 1500 οὔτε

1053 1511 1230 1546 μαινόμενος,
1242 1512 1304 1539 οὗτε
1320 1513 1436 1546 ἄσωτος·
1451 1515 1549 1547 ἄλαλος
1559 1516 1587 1542 δὲ
1601 1517 1647 1544 καὶ
1657 1517 1749 1552 κωφὸς
1764 1518 1840 1545 ἔστιν

1010 1545 1031 1574 c
1050 1557 1094 1584 ὅτε
1118 1557 1292 1586 διατίθενται.

1093 1602 1126 1629 Ἦ
1142 1606 1343 1641 προγενεστέρα
1367 1606 1485 1642 διαθήκη
1514 1607 1695 1643 ἀνατρέπεται
1718 1611 1772 1638 ὑπὸ
1790 1613 1839 1647 τῆς

1052 1651 1296 1686 μεταγενεστέρας,
1310 1652 1416 1684 τελείας
1428 1653 1520 1689 οὔσης.

1085 1695 1132 1731 Μὴ
1149 1696 1314 1732 ἀναιρείσθω
1340 1699 1372 1733 τῇ
1398 1699 1446 1733 τῆς
1468 1701 1611 1733 δεκαετίας
1633 1703 1800 1740 παραδρομῇ
1819 1705 1836 1740 ἡ

1050 1740 1179 1777 διαθήκη,
1198 1744 1221 1769 ει
1243 1743 1280 1778 μὴ
1305 1744 1358 1779 ἂρα
1372 1745 1479 1777 τελείας
1505 1747 1656 1783 γενομένης
1676 1749 1775 1784 ἑτέρας
1789 1751 1837 1783 ἑγ-

1049 1788 1169 1822 γράφου,
1188 1789 1205 1822 ὴ
1226 1789 1363 1823 ἀγράφου,
1384 1791 1510 1818 ἐναντίαν
1525 1792 1637 1827 γνώμην
1655 1794 1701 1820 τοῦ
1719 1795 1839 1822 διατιθε-

1050 1834 1132 1863 μένου
1145 1834 1289 1869 δηλούσης.
1306 1836 1352 1862 ἐπὶ
1374 1836 1442 1863 ἑπτὰ
1456 1837 1471 1872 ἢ
1488 1838 1569 1864 πέντε
1588 1840 1746 1875 μαρτύρων.

1083 1888 1273 1921 Τελευτῶντος
1298 1891 1351 1931 τοῦ.
1371 1892 1578 1927 διατιθεμένου,
1595 1894 1642 1920 καὶ
1666 1896 1838 1929 ὲπομνὺντος

1050 1934 1133 1969 μηδὲν
1151 1935 1214 1961 ἄλλο
1233 1937 1400 1970 κεκτῆσθαι,
1419 1939 1444 1964 εί
1462 1939 1499 1973 μὴ
1521 1938 1593 1975 ἆπερ
1607 1941 1635 1966 ὲν
1656 1942 1688 1975 τῇ
1716 1941 1838 1979 διαθήκῃ

1048 1980 1199 2016 ἐντέταχεν,
1222 1982 1271 2008 οὐκ
1289 1982 1345 2017 ἔχει
1368 1983 1460 2011 ἄδειαν
1484 1985 1641 2020 οἱοσδήποτε
1665 1987 1839 2023 κληρονόμος

1047 2026 1160 2062 ἑρευνᾷν
1184 2029 1230 2054 καὶ
1248 2028 1365 2062 βάσανον
1390 2029 1493 2056 δούλων
1521 2032 1666 2064 ποιεῖσθαι,
1694 2034 1710 2069 ἢ
1735 2034 1839 2069 ὅρκους

1047 2071 1227 2099 ἀπαιτεῖσθαι
1247 2074 1311 2106 τοὺς
1328 2077 1541 2111 συνευρεθέντας
1566 2079 1595 2104 ὲν
1611 2079 1642 2113 τῇ
1659 2079 1730 2115 αὐτῇ
1749 2089 1837 2108 κατα-

1046 2119 1140 2152 γραφῇ
1162 2119 1325 2154 μὰρτυρας·
1351 2121 1420 2148 ἀλλὰ
1447 2123 1493 2148 καὶ
1520 2124 1557 2158 μὴ
1591 2123 1755 2159 βουλόμενος
1791 2133 1837 2154 πμ

1048 2163 1172 2191 στούσθω
1193 2167 1226 2200 τῇ
1246 2166 1295 2193 τοῦ
1307 2166 1520 2202 τελευτήσαντος
1548 2169 1697 2206 ἐξωμοσία,
1710 2171 1834 2206 δηλονότι

1007 2222 1031 2251 D
1048 2209 1086 2245 μὴ
1104 2210 1277 2244 φωραθέντος
1295 2212 1342 2237 τοῦ
1358 2213 1546 2247 διατιθεμένου
1565 2215 1653 2248 ἄλὶως
1676 2217 1724 2243 καὶ
1745 2218 1836 2250 ἄλλως

1045 2256 1157 2291 ὀμνύειν
1172 2257 1218 2283 ἐπὶ
1230 2258 1269 2292 τῷ
1280 2258 1355 2293 αὐτῷ
1373 2259 1530 2294 πράγματι.

1081 2302 1223 2337 ’Δγραφος
1238 2304 1396 2331 συνίσταται
1408 2305 1538 2341 διαθήκη,
1554 2307 1619 2333 ὅταν
1635 2308 1706 2336 ἑπτὰ
1725 2311 1833 2344 μαρτύ-

1044 2356 1100 2382 ρων
1126 2348 1184 2383 ἆμα
1211 2349 1427 2385 εὑρισκομένων,
1445 2351 1495 2387 τὴν
1511 2352 1595 2379 αὐτοῦ
1613 2354 1627 2380 ὁ
1643 2354 1834 2390 διατιθέμενος

1043 2393 1190 2429 φανερὼσῃ
1208 2394 1345 2429 βούλησιν.
1368 2396 1399 2422 Εἰ
1413 2396 1441 2422 δὲ
1454 2397 1483 2422 ὲν
1506 2394 1528 2431 ᾦ
1541 2406 1581 2428 τις
1598 2398 1731 2434 ἀγράφως
1743 2401 1833 2428 διατί-

1043 2437 1119 2465 θεται
1133 2439 1220 2474 τόπῳ,
1240 2440 1310 2466 ἑπτὰ
1326 2441 1376 2476 οὐχ
1390 2442 1575 2476 εὑρίσκονται,
1591 2443 1703 2471 δύναται
1719 2446 1768 2473 καὶ
1786 2448 1833 2474 ἐπὶ

1043 2485 1124 2512 πέντε
1144 2486 1292 2521 μαρτύρων
1309 2487 1359 2514 οὐκ
1374 2488 1485 2516 ἔλαττον
1505 2490 1555 2525 τὴν
1585 2491 1691 2518 οἰκείαν
1706 2496 1833 2530 φανερὰν

1043 2533 1129 2558 ποιεῖν
1145 2531 1284 2567 βούλησιν.

1082 2624 1112 2649 '0
1124 2625 1254 2659 ,γραφεὺς
1270 2625 1320 2660 τῆς
1335 2624 1467 2662 διαθήκης
1493 2627 1585 2660 καλῶς
1615 2629 1645 2656 ἐν
1667 2631 1737 2667 αὐτῇ
1758 2641 1831 2668 μαρ‹

1040 2671 1127 2698 τυρεῐ.

1093 2679 1127 2698 ει.

1076 2679 1113 2743 εἴη
1128 2717 1247 2752 διαθήκη
1271 2718 1343 2745 ἑπτὰ
1360 2719 1502 2755 μάρτυρας
1528 2720 1602 2756 ἔχειν
1629 2722 1738 2757 ὁςρείλει
1751 2733 1757 2740 ·
1771 2726 1785 2752 ὁ
1801 2727 1829 2753 δὲ

1040 2762 1199 2794 κωδίκελλος
1214 2767 1244 2790 ε’.
1264 2764 1295 2790 '0
1310 2764 1402 2799 μέντοι
1425 2766 1456 2792 ὲν
1479 2767 1590 2802 πολέμῳ
1617 2769 1748 2805 πληγεὶς,
1780 2774 1828 2800 καὶ

1040 2808 1068 2833 ἐν
1087 2807 1141 2842 ὁδῷ
1161 2809 1333 2842 περιπατῶν,
1364 2810 1412 2837 καὶ
1430 2811 1499 2846 πρὸς
1526 2812 1556 2838 τὸ
1581 2813 1674 2842 θανεῖν
1701 2817 1824 2850 ἐγγίσας,

1039 2853 1068 2879 οὖ
1085 2853 1164 2888 μόνον
1185 2854 1233 2880 ἐπὶ
1257 2855 1340 2891 τριῶν
1362 2856 1496 2894 διαθήκην
1513 2859 1623 2887 δύναται
1640 2863 1740 2889 ποιεῖν.
1759 2863 1825 2891 ἀλλὰ
