1948 3064
108 141 173 174 1221

583 140 785 171 SYN'I‘AGMA
796 137 1114 172 ,ALPHABETICUM.
1132 149 1165 158 ε-
1186 138 1216 166 Δ.

1654 138 1724 173 1222

105 200 152 226 καὶ
179 200 226 226 ἐπὶ
250 199 298 227 δύο
316 199 470 236 προσώπων
495 200 539 227 διὰ
560 201 610 236 τὴν
639 200 783 234 συμῦἆσαν
811 197 887 233 περε-

953 200 1038 229 ιοιθεῑ,
1053 197 1100 224 sed
1110 196 1194 224 etiam
1205 204 1297 224 coram
1312 197 1419 225 duobus
1434 202 1546 232 propter
1558 197 1723 226 incidentem

105 254 210 273 στασιν,

144 291 176 318 Ἦ
201 291 229 319 δὲ
242 291 336 329 Νεαρὰ
357 292 403 320 τοῦ
431 293 564 328 βασιλέως
589 292 703 324 Λέοντος
718 291 765 318 τοῦ
786 289 886 324 Σοφοῦ,

105 336 290 372 Θεσπίζομιν,
316 338 395 374 φησὶ,
419 339 448 365 ὲν
471 338 546 374 πάσῃ
560 338 637 373 χώρᾳ
667 337 716 364 καὶ
740 336 828 368 πόλει,
844 335 889 362 καὶ

105 382 151 408 ὑπ’
177 383 293 417 ἀμαθῶν
308 384 459 420 κυροῦσθαι
483 384 532 416 τὰς
561 383 704 418 διαθήκας,
724 382 748 408 sl.
766 383 847 416 μόνον
857 381 890 408 ὲκ

104 427 151 453 τοῦ
164 428 264 462 τρόπον
279 429 312 456 τὺ
327 429 484 461 ἀξιόπιστον
502 431 525 456 οἱ
541 428 680 464 μάρτυρες
694 427 888 462 ἀποφέροντσιο

105 474 152 500 καὶ
168 473 213 499 τὸν
237 474 355 509 ἀριθμόν
372 474 400 501 δὲ
421 476 452 501 οὐ
470 475 550 509 μόνον
566 474 630 509 ἄχρι
646 473 699 500 τῶν
711 473 792 499 πέντε
808 480 889 507 περι-

107 519 249 555 ορίζομεν,
265 521 324 547 ἀλλ’
337 522 365 548 ὲν
378 521 484 554 τόποις,
510 522 539 547 ὲν
554 519 603 553 οἷς,
621 520 658 552 ὡς
671 519 755 551 εἰκὸς,
772 517 889 553 συμϐαί·

106 575 147 592 νει
175 567 274 594 σπάνιν
298 568 405 603 ἀνδρῶν
425 569 466 600 είς
490 568 644 603 μαρτυρίαν
659 567 742 599 ἀξίων
764 566 889 597 εἰσιέναι,

106 612 155 638 καὶ
178 612 259 646 μέχρι
277 613 361 647 τριῶν
383 613 518 647 φθάνοντα
547 613 577 639 τὺ
596 613 792 640 εὐαπόδεικτον
806 611 889 646 ἔχειν,

107 657 156 683 καὶ
174 655 244 684 εἶναι
261 658 419 694 ἀθετήσεως
433 659 550 694 κρείττω
564 659 616 693 τὴν
633 657 795 693 μαρτυρίαν.
809 657 890 691 Ζήτει

107 704 154 730 καὶ
171 704 201 730 τὸ
223 703 263 738 λη’
291 713 353 738 κεφ.
375 705 423 732 τοῦ
446 705 470 732 Κ
489 705 636 739 στοιχείου.
664 704 711 730 καὶ
730 703 794 734 τοὺς
809 704 838 729 ιν
852 702 891 737 τῷ

107 745 220 784 ις’κεφ.
242 750 289 776 τοῦ
311 751 338 777 Μ
353 751 488 785 στοιχείου
511 751 624 785 νόμους.
644 752 646 754 ’

282 797 407 823 ΚΕΦΛΛ.
424 797 461 824 Ε’.
478 797 544 830 Περὶ
557 797 716 823 διακόνων.

147 841 177 868 'O
193 842 223 868 ιδ’
236 842 284 877 τῆς
299 841 325 875 ς’
339 843 449 870 συνόδου
461 844 562 877 κανὼν,
578 844 690 878 προσέτι
703 842 751 869 καὶ
761 843 774 869 ό
787 841 827 875 ιε’,
844 841 892 873 τὰς

109 888 214 922 ἡλικίας
238 875 377 923 ὁρίζοντες
404 889 460 915 τῶν
486 875 741 924 χειροτονουμένων,
764 888 810 915 τὸν
843 888 893 922 μὲν
910 875 930 902 Β
945 879 1098 906 “amorum
1139 877 1299 905 δεθηίθηίθε
1321 897 1329 910 ο

108 934 296 970 πρεσὸύτερον
335 935 403 961 ἐτῶν
427 934 600 967 θεσπίζουσιν
625 933 694 961 εἶναι
719 933 750 965 λ’,
772 935 796 960 εί
811 933 859 960 καὶ
880 934 894 959 ό

109 981 166 1015 βίος
195 982 227 1007 ὲκ
254 981 415 1014 περιουσίας
437 981 579 1016 συμϐαίνει
597 981 636 1015 τῷ
651 979 800 1015 ἀξιώματι.
819 979 891 1015 Πρὸς

112 1027 163 1061 γὰρ
185 1027 340 1063 ἀρχέτυπον
358 1027 534 1062 παράδειγμα
568 1027 619 1059 τὴν
633 1026 680 1053 τοῦ
699 1027 824 1061 Σωτῆρος
841 1025 894 1061 χρὴ

104 1072 219 1107 ,βλέπειν
230 1073 399 1107 οἰκονομίαν,
413 1073 443 1104 ὂς
456 1074 666 1108 τριακοντούτης
681 1072 893 1107 βαπτισάμενος,

108 1118 190 1149 εὐθὺς
208 1118 255 1144 τοῦ
271 1118 407 1146 διδάσκειν
427 1119 569 1154 ἁπήρξατο
581 1126 588 1133 ·
611 1118 657 1144 τὸν
677 1118 705 1144 δέ
724 1126 756 1152 γε
771 1118 894 1145 διάκονον

107 1167 128 1191 ε’
140 1161 211 1190 εἷναι
227 1165 272 1190 καὶ
285 1167 318 1196 κ’,
331 1164 536 1199 τεσσαράκοντα
547 1164 574 1191 δὲ
587 1164 636 1199 τὴν
649 1164 771 1191 διάκονον
782 1172 790 1180 ·
806 1163 852 1190 τὸν
866 1163 894 1190 δὲ

108 1209 285 1236 ὑποδιάκονον
311 1210 348 1244 μὴ
363 1209 513 1241 ἐλαττόνως
528 1208 602 1244 ἔχειν
613 1209 668 1236 τῶν
679 1208 713 1236 κ’.
730 1209 782 1235 Τόν
795 1217 827 1243 γε
841 1208 895 1243 μὴν

108 1257 163 1292 πρὸ
179 1256 233 1283 τῶν
249 1256 388 1291 ῥηθέντων
402 1255 625 1291 χειροτονηθέντα
641 1255 748 1290 χρόνων
776 1254 895 1289 ἀφειδῶς

107 1301 302 1336 καθαιρεῖσθαι
315 1301 468 1328 κελεύουσι.

146 1348 216 1379 Τοὺς
232 1347 331 1380 αὐτοὺς
343 1347 394 1382 τῆς
407 1346 516 1383 ἡλικίας
526 1347 573 1374 τοῦ
588 1346 711 1374 διακόνου
725 1347 836 1382 χρόνους
849 1347 895 1373 καὶ

108 1395 123 1420 ὁ
141 1397 181 1426 ις’
207 1394 296 1420 κανὼν
318 1393 367 1428 τῆς
388 1393 416 1419 ὲν
431 1393 597 1429 Καρθαγένῃ
619 1392 729 1419 συνόδου
753 1392 893 1428 ὁρίζεται·

108 1441 160 1475 τῆς
176 1441 205 1467 δὲ
219 1440 340 1467 διακόνου
369 1439 383 1464 ὁ
397 1441 428 1465 ιε’
443 1439 493 1473 τῆς
506 1437 525 1465 δ’
538 1439 648 1466 συνόδου
659 1459 665 1467 .
682 1439 762 1474 Ζήτει
782 1439 817 1465 τὰ
832 1438 896 1473 περὶ

109 1487 164 1514 τῶν
173 1486 306 1513 διακόνων
321 1485 460 1520 γυναικῶν
474 1484 669 1521 ἀκριϐέστερον
684 1486 713 1512 ὲν
729 1485 766 1520 τῷ
783 1484 818 1512 ια’
832 1493 894 1519 κεφ.

108 1532 156 1559 τοῦ
173 1533 192 1559 Γ
209 1532 354 1568 στοιχείου.

146 1580 200 1606 Καὶ
212 1580 226 1605 ό
239 1579 289 1614 μὲν
304 1578 354 1614 τῆς
375 1579 404 1606 ὲν
425 1577 628 1613 Νεοκαισαρείᾳ
644 1576 685 1609 ιε’,
702 1577 735 1612 τῇ
752 1577 896 1612 όμωνυμξᾳ

109 1624 165 1649 τῶν
180 1624 209 1649 ἐν
224 1625 283 1655 ταῖς
304 1624 440 1658 Πράξεσιν
460 1623 531 1650 ἑπτὰ
546 1623 680 1649 διακόνων
697 1621 896 1657 καθυπαχθεὶς,

112 1671 150 1705 μὴ
166 1669 292 1700 πλείονας
307 1667 378 1696 εἶναι
390 1669 445 1696 τῶν
461 1670 483 1702 ζ’
494 1668 626 1696 διακόνων
641 1667 791 1699 ἒτύπωσεν,
810 1669 834 1694 εί
850 1669 897 1694 καὶ

63 1737 67 1740 .
110 1715 169 1745 ταῖς
184 1714 289 1749 μεέζοσι
299 1713 353 1741 τῶν
366 1714 471 1741 πόλεων
480 1715 510 1741 τὸ
520 1713 569 1749 τὴν
585 1712 748 1747 Ἐκκλησίαν
759 1713 820 1748 ἕχον
830 1713 898 1740 ἂστυ

112 1759 324 1794 συναμιλλᾶται.

153 1806 182 1832 Ὀ
198 1806 225 1832 δὲ
241 1806 290 1841 τῆς
312 1805 339 1839 ς’
356 1805 468 1833 συνόδου
487 1807 525 1838 ις(
539 1806 585 1832 τὸν
601 1807 723 1842 παρόντα
738 1806 898 1842 διαγράφων

111 1851 224 1883 κανόνα,
240 1854 288 1878 καὶ
307 1852 341 1879 τὰ
362 1852 432 1886 ῥητὰ
445 1851 495 1886 τῆς
507 1850 599 1885 βίϐλου
615 1852 670 1878 τῶν
690 1852 820 1887 Πρὰξεων
835 1851 899 1885 ἐξη-

111 1897 256 1932 γούμενος.
277 1897 325 1925 καὶ
342 1898 389 1925 τὸν
409 1898 460 1934 τὴν
475 1898 599 1932 γλῶτταν
618 1898 752 1933 παράγων
770 1898 898 1932 χρυσοῦν,

112 1944 168 1970 τῶν
195 1944 285 1978 ῥητῶν
299 1943 347 1980 τὴν
363 1944 484 1972 διάνοιαν
500 1945 601 1976 παντὸς
618 1944 720 1978 μᾶλλον
737 1944 898 1979 ἀκριϐέστε-

113 1998 160 2025 ρον
187 1989 405 2024 ἀναπτύσσοντα,
426 1991 545 2017 δείκνυσι
585 1991 622 2026 μὴ
647 1991 786 2021 διακόνους
809 1990 899 2024 λέγειν

111 2035 231 2063 ἐνταῦθα
247 2037 296 2071 τὴν
311 2036 386 2064 Θείαν
400 2037 511 2072 Γραφὴν
539 2036 601 2068 τοὺς
620 2037 649 2064 ἐν
666 2037 721 2068 τοῖς
740 2036 823 2068 Θείοις
839 2037 898 2063 δια-

111 2082 294 2116 κονουμένους
322 2082 494 2118 μυστηρίοις,
524 2082 633 2108 οὐδέπω
659 2084 714 2116 γὰρ
739 2080 809 2118 ἦσαν
838 2081 899 2109 οὔτε

112 2129 270 2161 ἐπίσκοποι,
287 2127 351 2155 οὔτε
376 2129 570 2164 πρεσϐύτεροι,
598 2127 659 2155 οὔτε
691 2128 745 2163 μὴν
768 2128 898 2161 διάκονοι,

112 2174 184 2209 πλὴν
217 2175 306 2208 μόνων
335 2174 390 2200 τῶν
424 2174 594 2206 ἀποστόλων,
626 2174 685 2200 ἀλλ’
720 2171 760 2205 οἷς
790 2174 896 2208 ἔμελεν,

939 242 1181 270 circumstantiam.

973 286 1084 315 Novella
1114 293 1205 315 autem
1234 288 1407 323 imperatoris
1438 289 1538 317 Leonis
1565 289 1722 323 Sapientis,

940 333 1097 366 Sancimus,
1123 334 1221 368 inquit,
1237 337 1266 360 ut
1288 334 1406 361 inomni
1429 335 1537 369 regione
1563 339 1589 361 et
1613 334 1722 361 civitate

939 379 1022 406 etiam
1042 380 1075 406 ab
1092 379 1225 414 imperitis
1240 384 1399 407 testamenta
1420 381 1626 411 continuentur,
1641 381 1721 406 dum-

941 425 1021 452 modo
1050 432 1139 452 mores
1168 424 1278 452 testium
1303 425 1381 452 tidem
1409 431 1576 452 mereantur.
1602 425 1671 457 Quin
1696 432 1723 451 et

942 478 1082 497 numerum
1100 478 1152 497 non
1168 471 1255 497 solum
1271 470 1304 497 ad
1318 471 1438 505 quinque
1457 471 1656 501 contrahimus,
1674 471 1721 497 sed

942 515 974 542 iis
999 515 1025 542 in
1050 515 1115 542 locis
1138 515 1164 542 in
1189 515 1288 550 quibus
1311 523 1389 543 raros
1416 515 1469 542 lide
1494 515 1590 550 dignos
1616 516 1724 550 prodire

941 563 1057 590 Constat,
1075 564 1130 588 tres
1154 566 1264 594 quoque
1281 560 1399 591 admitti,
1416 564 1443 587 et
1462 559 1648 586 testimonium
1669 559 1728 585 illo-

942 612 999 631 rum
1015 613 1069 632 non
1085 606 1225 640 reprobari
1240 607 1375 633 volumus.
1390 607 1486 640 Quer
1503 607 1584 634 etiam
1610 607 1644 634 58
1662 614 1724 641 cap.

943 651 995 679 litt.
1013 651 1046 684 Κ,
1065 657 1093 679 et
1110 652 1182 687 leges
1200 653 1227 680 in
1247 653 1279 680 16
1292 661 1353 688 cap.
1378 653 1429 680 litt.
1445 653 1482 680 Μ.

1172 784 1248 812 CAP.
1270 783 1300 812 ν.
1318 784 1353 811 De
1367 785 1496 811 diaconis.

978 831 1070 859 Canon
1093 831 1126 858 H
1145 839 1204 865 syn.
1227 839 1263 864 vt,
1295 839 1344 858 nec
1366 839 1420 858 non
1453 832 1497 863 15,
1525 836 1618 860 anates
1653 833 1729 860 ordi-

1367 877 1555 913 p-‘esbyterum
1592 887 1727 905 annorum

947 923 1057 958 triginta
1072 931 1134 951 esse
1152 924 1315 955 decernunt,
1333 924 1440 951 etiamsi
1458 925 1512 951 vita
1529 925 1588 958 ejus
1602 925 1727 960 dignitati

946 969 1052 996 abunde
1066 970 1221 997 conveniat.
1240 970 1282 996 Ad
1299 970 1438 1004 exemplar
1461 970 1533 996 enim
1553 970 1686 1004 originale
1703 975 1729 998 et

948 1014 1100 1042 Servatoris
1127 1015 1213 1042 nostri
1240 1016 1423 1042 oeconomiam
1448 1016 1585 1050 respicere
1610 1020 1727 1050 oportet,

946 1061 992 1095 qui
1006 1060 1144 1087 tricesimo
1166 1068 1238 1088 anno
1268 1060 1431 1095 baptizatus,
1452 1062 1541 1088 statim
1564 1061 1662 1088 docere
1674 1069 1730 1088 ραι-

951 1107 1004 1140 pit;
1015 1107 1159 1133 diacoitum
1171 1111 1262 1134 autent
1271 1106 1306 1133 25
1315 1114 1449 1133 annorum
1460 1114 1533 1138 esse,
1544 1107 1729 1135 diaconissam

946 1151 997 1184 4ος
1022 1151 1217 1178 subdiaconum
1242 1159 1294 1179 non
1319 1153 1462 1186 pauciores
1476 1160 1556 1188 agere
1578 1161 1660 1187 quam
1684 1153 1732 1180 9.0.

948 1197 1016 1224 Eum
1038 1205 1104 1224 vero
1125 1198 1171 1232 qui
1188 1203 1251 1225 ante
1283 1198 1428 1230 praedictos
1459 1206 1546 1226 annos
1575 1199 1729 1233 ordinatur,

947 1244 1103 1272 omnitnode
1120 1245 1216 1279 deponi
1236 1245 1343 1280 iubent.

980 1335 1034 1370 93
1062 1328 1178 1363 Eosdem
1209 1335 1291 1363 etiam
1321 1344 1369 1372 pro
1399 1336 1508 1364 diaconi
1534 1341 1612 1364 aetate
1643 1345 1731 1365 annos

947 1389 1008 1409 can.
1031 1381 1064 1408 16
1091 1389 1152 1416 syn.
1181 1382 1310 1418 (larthag.
1336 1383 1452 1417 delinit;
1479 1383 1639 1411 diaconissre
1666 1385 1743 1411 vero'

946 1434 1008 1454 can.
1036 1427 1069 1455 15
1089 1435 1148 1462 syn.
1166 1435 1204 1455 tv.
1217 1427 1329 1462 Quaeras
1347 1428 1453 1464 plenius
1470 1429 1504 1457 de
1526 1430 1690 1458 diaconissis
1704 1430 1731 1457 in

948 1473 978 1500 11
991 1481 1050 1508 cap.
1069 1473 1164 1501 littera:
1180 1473 1210 1501 Γ.

983 1564 1065 1591 Porro
1077 1571 1139 1591 can.
1157 1564 1190 1591 13
1213 1571 1272 1600 syn.
1301 1563 1532 1593 Neocaesariensis
1554 1566 1730 1602 liomonymia

947 1614 1051 1645 septem
1085 1611 1111 1637 in
1130 1611 1244 1639 Actibus
1274 1611 1451 1639 diaconorum
1485 1620 1644 1647 persuasus.
1675 1620 1729 1641 non

947 1657 1039 1692 plures
1052 1664 1113 1684 esse
1127 1662 1228 1691 septem
1241 1657 1362 1685 diaconis
1376 1658 1504 1690 decrevit,
1520 1659 1645 1693 quamvis
1661 1658 1731 1686 civi.

948 1706 990 1730 tas
1016 1710 1076 1737 quae
1104 1702 1247 1730 ecclesiam
1282 1702 1364 1730 habet
1403 1703 1584 1730 maximarum
1623 1703 1731 1730 urbium

948 1748 1046 1776 tantula
1067 1749 1157 1776 fuerit.

984 1795 1077 1822 Canon
1090 1800 1179 1822 autem
1198 1794 1232 1823 16
1257 1803 1318 1828 syn.
1348 1803 1386 1828 vr,
1406 1790 1538 1823 canonem
1571 1801 1732 1831 praesentem

948 1841 1100 1875 corrigens,
1119 1845 1145 1868 et
1164 1849 1224 1876 quae
1242 1841 1268 1867 in
1289 1841 1357 1868 libro
1373 1842 1487 1868 Actuum
1504 1841 1576 1868 dicta
1607 1846 1671 1869 sunt
1687 1842 1731 1868 in-

948 1889 1110 1920 terpretans,
1122 1891 1149 1913 et
1167 1886 1404 1921 Clirysostomum,
1425 1888 1471 1921 qui
1501 1887 1648 1914 Verborum
1668 1894 1734 1915 sen-

950 1939 1010 1959 sam
1027 1931 1201 1958 exactissime
1214 1931 1340 1965 explicat,
1357 1932 1506 1964 adducens,
1537 1932 1657 1959 ostendit
1690 1939 1735 1959 sa-

950 1985 1024 2005 cram
1041 1976 1208 2011 Scripturam
1224 1977 1278 2004 illic
1293 1977 1424 2004 diaconos
1439 1977 1529 2004 diecre
1556 1984 1669 2004 noneos
1686 1977 1733 2011 qui

950 2023 1049 2051 divinis
1064 2023 1202 2057 mysteriis
1230 2023 1389 2050 ministrant
1405 2022 1537 2057 (nondum
1567 2024 1640 2050 enim
1656 2029 1734 2050 erant

950 2068 1083 2104 episcOpi,
1100 2068 1140 2096 vel
1155 2067 1319 2102 presbyteri,
1336 2068 1377 2095 vel
1394 2068 1513 2098 diaconi,
1532 2068 1578 2095 sed
1594 2068 1644 2094 soli
1665 2076 1734 2102 apo-

952 2115 1041 2150 stoli),
1058 2122 1151 2141 verum
1165 2120 1213 2140 eos
1228 2114 1273 2147 qui
1288 2113 1449 2140 hominibus
1464 2113 1656 2148 amplectenda:
1673 2113 1734 2140 ﬁdei

953 2160 1043 2188 studio
1060 2159 1092 2186 ad
1112 2160 1250 2194 apostolos
1260 2159 1368 2186 assidue
1379 2159 1596 2186 commeantibus
1606 2160 1735 2186 alimenta

111 2205 186 2251 ὅπως
213 2205 355 2255 τρέφοιντο
381 2220 405 2246 οἱ
434 2220 498 2254 περὶ
525 2219 590 2251 τοὺς
618 2219 786 2250 ἀποστόλους
806 2205 895 2254 2:1er.

953 2206 1148 2242 prospicerent,
1163 2213 1178 2233 a
1190 2205 1288 2240 quibus
1303 2206 1455 2240 exemplum
1472 2213 1582 2240 quoque
1595 2206 1620 2232 in
1634 2213 1735 2239 egenos

112 2266 223 2300 ζόμενοι
251 2265 297 2292 καὶ
324 2264 510 2298 πιστεύοντες,
532 2264 579 2297 οὓς
601 2265 649 2292 καὶ
666 2266 707 2297 είς
728 2265 812 2292 τύπον
833 2266 900 2300 ἡμῖν

111 2311 254 2346 γεγονέναι
274 2311 325 2346 τῆς
346 2311 412 2346 περὶ⁵
423 2311 487 2343 τοὺς
500 2310 646 2345 δεομένους
667 2311 784 2346 σπουδῆς
803 2319 833 2337 τε
853 2311 901 2338 καὶ

115 2357 300 2392 μεταδόσεως.

155 2404 185 2430 '0
198 2403 290 2430 τοίνυν
307 2403 356 2437 τῆς
371 2403 400 2429 ὲν
419 2403 621 2439 Νεοκαισαρείᾳ
639 2402 730 2430 κανὼν
752 2403 790 2438 μὴ
806 2403 901 2430 εὐστό-

113 2458 169 2485 χως
183 2449 288 2484 ῥηθεὶς,
302 2449 362 2476 οὐδὲ
378 2449 431 2484 πρὸ
443 2449 491 2484 τῆς
503 2452 529 2481 ς’
543 2450 668 2483 ἐτηρεῖτο
681 2449 799 2482 συνόδου..
810 2448 841 2476 '0
853 2449 902 2484 μὲν

113 2498 170 2530 γὰρ
197 2496 386 2526 Ὶουστινιανὺς
411 2494 464 2529 πρὸ
494 2494 598 2529 ταύτης
620 2494 751 2529 γεγονὼς,
769 2494 902 2529 ἑξήκοντα

113 2540 331 2576 περισσοτέρους,
357 2540 406 2567 καὶ
431 2539 575 2570 διακόνους
598 2539 694 2566 ἑκατὸν
715 2540 904 2575 ἄρῤενας,καὶ

114 2586 226 2622 θηλείας
253 2585 280 2620 μ’
299 2587 329 2612 ἐν
351 2586 384 2621 τῇ
415 2585 522 2621 μεγάλῃ
547 2585 716 2620 κατέστησεν
740 2585 901 2621 Ἐκκλησίᾳ·

119 2631 281 2667 Ἡράκλειος
309 2631 348 2663 δὲ.
366 2631 419 2666 πρὸ
436 2632 484 2666 τῆς
510 2633 537 2663 ς’
557 2630 595 2656 ὢν
616 2631 663 2657 καὶ
684 2630 765 2662 αὐτὸς
780 2631 901 2662 συνόδου,

114 2681 163 2707 καὶ
180 2679 322 2714 ἐπηύξησε
340 2678 443 2705 τούτων
458 2678 504 2704 τὸν
525 2675 653 2711 ἀριθμόν.
675 2675 760 2702 Τοῦτο
773 2676 821 2702 aut
837 2677 902 2712 περὶ

113 2729 166 2757 τὰς
192 2726 275 2758 ἄλλας
300 2725 354 2752 τῶν
377 2723 530 2759 ἐκκλησιῶν
558 2722 678 2756 ἐγένετο,
700 2722 749 2748 τοῦ
772 2723 801 2748 ἐν
837 2723 905 2749 Νεο-

115 2772 263 2808 καισαρείᾳ
281 2771 395 2802 κανόνος
416 2770 497 2805 μέχρι
514 2768 562 2796 τοῦ
576 2768 714 2804 γραφῆναι
734 2768 816 2802 μόνον
837 2777 903 2804 προ-

115 2819 260 2853 κόψαντος.

158 2864 188 2890 Ὀ
203 2863 231 2890 δὲ
245 2863 294 2895 τῆς
310 2859 422 2896 πρώτης
435 2859 545 2886 συνόδου
581 2857 616 2893 ιη’
633 2856 725 2885 κανὼν
736 2856 798 2888 τοὺς
813 2855 903 2884 διακό-

952 2252 1094 2281 eliaritatis
1111 2253 1216 2287 piaeque
1232 2252 1404 2279 liberalitatis
1416 2251 1449 2279 ad
1461 2257 1554 2279 nostra
1569 2259 1655 2286 usque
1667 2257 1736 2278 lcm-

951 2306 1018 2334 pora
1033 2298 1158 2325 ductum.

988 2399 1084 2428 Canon
1111 2399 1194 2434 igitur
1219 2398 1317 2433 synodi
1348 2397 1581 2425 Neoeaisariensis
1610 2405 1663 2424 non
1676 2401 1737 2432 apte

952 2447 1041 2474 dictus
1060 2449 1123 2473 ante
1146 2451 1278 2472 canonem
1308 2451 1368 2479 syn.
1396 2450 1424 2470 vi
1451 2450 1504 2470 non
1530 2443 1736 2471 observabatur.

952 2493 1124 2521 Justinianus
1146 2492 1231 2523 enim,
1249 2491 1296 2526 qui
1322 2495 1386 2517 ante
1413 2490 1483 2517 hanc
1504 2490 1636 2525 synodum
1660 2489 1737 2522 vixit,

953 2539 1094 2575 sexaginta
1107 2537 1289 2573 presbyteros,
1299 2541 1407 2564 centum
1424 2536 1569 2568 diaconos,
1579 2540 1605 2562 et
1620 2535 1740 2570 quadra-

934 2586 1026 2620 ,ginta
1051 2584 1224 2613 diaconissas
1246 2583 1273 2611 in
1307 2582 1402 2619 Magna
1429 2581 1550 2610 Ecclesia
1583 2581 1738 2609 constituit.

954 2631 1097 2659 lleraclius
1115 2631 1208 2662 etiam,
1225 2630 1271 2664 qui
1287 2634 1351 2657 ante
1365 2637 1391 2656 vr
1406 2628 1540 2663 synodum
1552 2627 1630 2660 vixit,
1642 2634 1739 2654 eorum

955 2684 1099 2705 numerum
1131 2676 1253 2703 adauxit.
1272 2675 1343 2703 idem
1360 2675 1443 2703 etiam
1471 2674 1499 2701 in
1526 2673 1587 2701 aliis
1615 2673 1741 2700 ecclesiis

958 2724 1060 2751 factum
1073 2727 1126 2754 est.
1143 2729 1206 2749 cum
1220 2729 1308 2749 canon
1321 2718 1550 2750 Neocwsariensis
1577 2721 1684 2745 tantum
1711 2722 1741 2744 ut

956 2769 1122 2798 scriberetur
1135 2767 1293 2803 profecerit.

982 2856 1067 2884 Porro
1080 2861 1168 2883 canon
1181 2853 1216 2882 18
1227 2853 1309 2890 prim.
1320 2861 1380 2888 syn.
1396 2853 1528 2880 diaconos
1538 2850 1738 2879 Eucharistiam

1816 2890 1848 2908 λ’·
