1948 3064
155 121 226 154 1Ξ25

650 124 853 156 SYNTAGMA
874 123 1190 155 ALPHABETICUM.
1209 136 1244 142 -
1264 123 1292 155 Δ.

1704 123 1771 156 1226

152 180 217 207 λαὸν
229 181 259 207 ὲν
271 181 304 216 τῇ
316 181 476 218 ὑγιαινούσῃ
493 181 664 218 διδασκαλίᾳ,
685 186 734 208 καὶ
754 190 817 214 τους
831 179 936 208 ἀντιλέ-

998 179 1114 207 'el'cllere
1123 183 1272 214 potentem.
1303 179 1456 216 Episcopus
1483 180 1556 209 enim
1573 181 1673 209 dicitur
1698 172 1772 217 quod

151 235 249 261 γοντας
269 225 410 262 ὶλέγχεινα
432 228 579 260 ἐπίσκοπος
600 228 655 263 γὰρ
677 228 835 263 ὠνόμασται
863 227 938 262 παρά

151 272 183 299 τδ
198 273 310 299 σκοπεῖν
335 273 469 307 ἀκριϐῶς,
484 274 522 305 ὡς
543 273 572 307 ἐξ
595 274 719 300 ἀπόπτου
738 274 785 300 καὶ
798 273 937 308 μετεώρου

151 319 186 345 τὰ
199 317 247 344 τοῦ
261 318 336 346 λαοῦ.
357 319 451 355 Ταύτῃ
473 327 514 346 τοι
532 319 583 345 κάν
598 320 655 350 τοῖς
668 318 777 351 ἀδύτοις
797 318 844 345 τοῦ
863 317 938 353 ἱεροῦ

153 363 301 399 ἠκαθέδρα
314 363 487 398 συμσολικῶς
504 364 545 398 ἐφ’
563 363 647 399 ὕψους
664 363 769 398 ἵδρυται
790 363 828 398 τῷ
842 363 938 398 ἀρχιε-

155 410 206 443 ρεῖ,
236 410 284 436 καὶ
311 410 368 440 τοῖς
397 409 595 444 πρεσϐυτέροις
627 408 745 435 ἐνταῦθα
779 407 939 435 συνεστάναι

152 454 240 489 τούτῳ
261 455 309 482 καὶ
333 454 523 489 ωγκαθῆσθαι
545 454 669 481 δέδοται·
688 453 778 481 κοινὸν
793 453 847 488 γὰρ
859 452 940 488 ἔργον

153 499 255 534 ἀμφοῖν
269 500 285 534 ή
299 500 347 526 τοῦ
363 500 450 536 δήμου
466 499 534 536 πρὸς
543 500 575 527 τδ
586 501 713 536 κρεῖττον
725 499 856 530 ἐπίδοσις.
870 498 939 530 Τοὺς

152 545 182 571 δὲ
200 545 264 580 περὶ
279 545 329 581 τὴν
342 545 388 572 τοῦ
407 546 473 573 λαοῦ
493 545 669 573 διδασκαλίαν
679 545 820 581 ὀλιγώρως
840 545 941 572 διακει-

155 590 254 624 μένους
265 590 461 625 ἀφορίζεσθαι,
476 591 656 627 ὲπιμένοντας
668 591 696 618 δὲ
707 592 741 627 τῇ
753 590 879 627 ἀμελείᾳ,
893 591 940 618 καὶ

154 635 317 669 καθαιρέσει
330 636 437 663 κελεύει
451 637 595 672 ἐπιτιμᾷν.

133 699 137 704 .
190 674 284 708 Ταῦτα
312 682 361 709 καὶ
390 682 404 708 ὀ
429 682 461 708 ιθ¹
487 682 537 717 τῆς
564 685 591 714 ς’
615 682 726 709 συνόδου
752 680 843 708 κανὼν
868 689 941 716 παρ-

154 727 299 761 ιγγυᾶται,
312 727 341 754 ὃν
350 728 396 754 καὶ
409 726 486 762 ζήτει
496 728 524 754 ὲν
537 728 575 763 τῷ
585 727 619 754 ια’
629 736 692 762 κεφ.
702 727 748 754 τοῦ
760 726 780 754 Β
795 726 939 762 στοιχείου.

195 772 225 799 '0
235 772 263 799 δὲ
274 773 322 808 τῆς
333 774 362 799 ἐν
378 773 544 809 Καρθαγένῃ
557 776 626 808 ρκα¹,
637 774 699 806 Τοῖς
714 773 940 810 κατολιγωροῦσι,

154 819 233 854 φησὶ,
246 819 300 846 τῶν
315 819 425 847 οἰκείων
443 820 577 856 ποιμνίων
592 820 765 853 ἐπισκόποις,
781 820 831 847 καὶ
847 820 885 855 μὴ
900 819 941 846 δι-

153 864 283 891 δάσκουσι
302 865 337 891 τὰ
353 865 486 901 σωτήρια,
504 865 716 901 παρεγγυᾶσθαι
736 865 777 892 δεῖ
798 865 867 900 πρὸς
887 865 941 891 τῶν

154 910 363 947 πλησιοχώρων,
395 911 557 946 μεθεμένοις
579 911 614 938 τά
640 912 690 946 τῆς
714 911 869 947 ῥᾳστώνης,
893 911 943 946 τῆς

154 958 350 992 προσηκούσης
368 957 494 992 γενέσθαι
510 957 825 993 σπουδῆς.-Ἐξήκοντος
840 957 868 984 δὲ
883 965 944 984 και-

156 1003 205 1038 ροῦ
221 1003 314 1038 μηνῶν
331 1003 371 1036 ἐξ,
384 1004 433 1030 καὶ
451 1003 519 1039 μετά
535 1003 680 1039 ῥᾳστώνης
693 1003 734 1030 ἔτι
751 998 891 1038 βιούντων,
906 1002 944 1037 τῷ

155 1048 270 1082 ἔγγιστα
281 1049 426 1085 ὲπισκόπῳ
438 1049 488 1085 τὴν
501 1050 595 1085 χώραν
609 1049 657 1075 καὶ
670 1049 716 1076 τὸν
728 1048 793 1076 λαὸν
807 1055 945 1084 προσανα-

154 1094 268 1128 τιθέναι,
280 1094 318 1130 τῷ
327 1095 468 1130 δυναμένῳ
478 1103 508 1121 τε
518 1095 565 1121 καὶ
573 1094 793 1130 προθυμουμένῳ
802 1095 835 1130 τῇ
849 1094 944 1130 διδαχῇ

154 1140 265 1172 τούτους
274 1141 342 1175 πρὸς
351 1141 381 1168 τὺ
395 1143 519 1177 κρεῖττον
533 1141 687 1177 ῥυθμίζειν.
698 1141 729 1167 Et
737 1140 767 1168 δι
774 1140 820 1167 καὶ
827 1140 861 1167 δι’
873 1141 945 1167 οἱκο-

153 1186 316 1221 νομίαντινά
324 1186 373 1222 τὴν
383 1187 462 1222 σιγὴν
468 1186 604 1222 αἱρεῖσθαί
612 1194 706 1221 φησιν,
713 1186 750 1218 ὡς
758 1185 792 1212 ἂν
799 1185 870 1212 οὕτω
877 1186 946 1220 μᾶλ-

155 1232 201 1258 λον
215 1232 303 1264 ἐνίους
318 1233 373 1259 τῶν
387 1233 535 1269 αίρετικῶν
550 1232 744 1267 ὲφελκύσηται,
759 1233 806 1258 καὶ
823 1232 861 1267 μὴ
874 1231 945 1267 πρὸς

154 1278 298 1305 ἀπείθειαν
329 1278 450 1315 ὲρεθίσῃ,
485 1279 561 1313 τρεῖς
593 1277 647 1305 τῶν
677 1277 838 1304 ἐπισκόπων
864 1277 943 1303 ἐκλέ-

154 1323 252 1358 γεσθαι
277 1324 353 1359 παρά
379 1323 426 1350 τοῦ
453 1323 504 1359 τῆς
525 1324 659 1358 ἐπαρχίας
691 1323 878 1358 πρωτεύοντος
904 1324 945 1355 είς

154 1370 206 1404 τὴν
237 1369 302 1405 περὶ
332 1370 428 1396 τούτου
462 1370 618 1404 ἐπίκρισιν·
643 1369 691 1396 καὶ
714 1370 740 1395 ει
761 1368 839 1395 ταῦθ’
857 1368 945 1400 οὕτως

155 1415 228 1451 ἔχειν
240 1415 372 1452 δειχθείη,
390 1415 458 1453 πρὸς
475 1416 557 1443 αὑτὸν
572 1412 650 1447 αὖθις
665 1415 715 1450 τὴν
732 1414 825 1450 χώραν
839 1414 942 1442 ιπανα-

156 1461 333 1496 στρέφεσθαι.

197 1507 228 1533 '0
250 1507 279 1533 δὲ
304 1506 364 1542 ρκγ¹
382 1507 430 1534 καὶ
451 1515 502 1542 της
522 1507 577 1534 τῶν
599 1506 701 1534 λοιπῶν
727 1507 870 1538 κοινωνίας
898 1505 943 1533 τὸν

154 1552 264 1586 ἀμελῶς
283 1553 458 1586 διακείμενον
473 1552 663 1587 ὲξοστρακίζει
693 1552 762 1587 μετὰ
779 1552 830 1588 τὴν
843 1552 898 1579 τῶν
912 1552 944 1584 ἓξ

157 1597 250 1632 μηνῶν
279 1597 469 1634 παραδρομὴν,
494 1598 520 1624 εί
540 1598 577 1632 μὴ
600 1599 718 1630 πιστοῖς,
738 1598 806 1625 ἀλλά
832 1598 866 1633 δὴ
896 1599 944 1625 καὶ

155 1643 283 1675 ἀπίστοις
296 1643 330 1670 τὰ
344 1645 410 1678 ὑγιᾶ
421 1643 475 1671 τῶν
486 1644 631 1679 δογμάτων
642 1644 761 1680 ὲνηχοίη,
778 1645 826 1671 καὶ
841 1645 942 1680 ὁσημέ-

157 1699 202 1725 ραι
220 1692 443 1727 διαμαρτύροιτο,
468 1692 542 1723 ὅπως
562 1691 598 1718 τὰ
619 1693 669 1723 τῆς
685 1691 813 1726 ἀληθείας
833 1691 900 1727 ἔχει,
919 1693 944 1719 εί

158 1739 194 1772 μή
204 1746 256 1764 που
271 1737 366 1773 ἥνόσῳ
378 1738 556 1772 κατείληπτο,
568 1737 584 1772 ἢ
597 1737 704 1772 μείζοσι
715 1738 766 1773 τῆς
778 1737 943 1773 Ἐκκλησίας

156 1783 319 1810 ὑποθέσεσιν
336 1783 512 1820 ὲνησχόλητο,
531 1783 547 1818 ἢ
564 1784 578 1810 ὁ
591 1784 677 1811 ταῦτα
691 1784 836 1812 διεκδικῶν
850 1786 943 1822 ἄρχων

155 1830 240 1864 ἀπῆν.

197 1876 227 1903 '0
242 1876 270 1903 δὲ
284 1876 318 1908 ξδ’
335 1876 385 1911 τῆς
405 1879 432 1909 ς’
461 1877 571 1904 συνόδου
594 1876 632 1911 τῷ
651 1876 769 1912 δημοσίᾳ
791 1877 942 1908 διδάσκοντι

156 1921 244 1955 λαῖκῷ
259 1921 294 1948 τὰ
308 1921 372 1956 περὶ
385 1920 434 1956 τῆς
454 1921 572 1952 πίστεως
591 1921 726 1956 δόγματα,
737 1922 783 1947 καὶ
798 1921 835 1956 μὴ
850 1921 880 1948 τὸ
895 1921 943 1953 οὒς

156 1967 281 2002 ἐπέχοντι
295 1967 394 2002 μᾶλλον
407 1968 464 1999 τοῖς
478 1969 510 2003 τῇ
527 1967 587 2003 θείᾳ
600 1967 683 2002 ψήφῳ
700 1968 887 1994 διδασκαλεῖον
899 1967 943 1994 ἐπ’

155 2013 306 2048 ἐκκλησίας
330 2014 532 2048 ἀνοιξαμένοις,
555 2015 579 2040 εί
602 2015 650 2041 καὶ
669 2013 713 2040 ἐπ’
729 2014 814 2049 ἄκρον
831 2014 942 2048 ἀπάσης

157 2059 287 2095 nam“
302 2060 408 2094 σοφίας,
425 2059 581 2094 ἀφορισμδν
591 2060 631 2090 είς
648 2057 674 2093 μ’
690 2059 797 2094 ἡμέρας
812 2059 943 2094 ἐπιτιμᾶ-

155 2115 199 2134 ται
209 2114 216 2122 ·
235 2106 287 2141 ιδίᾳ
303 2106 332 2133 δέ
348 2114 389 2137 τις
401 2106 600 2142 ἀποκρίνασθαι
612 2107 668 2138 τοῖς
680 2105 894 2142 πυνθανομένοις
909 2106 941 2133 οὐ

156 2152 357 2188 κωλυθήσεται.

491 2208 518 2236 Ν
520 2209 556 2244 ὀμ
561 2217 605 2242 ος.

190 2266 293 2302 Μηδεὶς
308 2265 448 2302 κληρικὸς,
467 2266 483 2301 ἢ
501 2265 631 2301 μοναχὸς,
647 2265 664 2301 ἢ
681 2266 907 2302 στρατευόμενος,
924 2265 941 2302 ἢ

152 2313 312 2347 οῑοσδήποτε
328 2311 434 2346 πληθὺν
453 2312 588 2346 συνάγων,
604 2312 722 2348 δημοσίᾳ
739 2312 803 2347 περὶ
827 2312 877 2348 τῆς
895 2312 941 2338 πί-

153 2365 240 2388 στεως
265 2356 442 2390 διαλεγέσθω.
460 2356 597 2391 ’Υὸρίζειν
607 2357 661 2392 γὰρ
673 2356 748 2384 δοκεῖ
762 2357 812 2392 τὴν
825 2358 854 2384 ὲν
868 2357 940 2384 Χαλ-

152 2403 244 2439 κηδόνι
262 2403 383 2435 σύνοδον,
407 2402 455 2438 τὴν
474 2403 588 2434 δεόντως
607 2404 697 2430 πάντα
715 2403 939 2436 διατυπώσασαν,

151 2449 233 2481 ὥστε,
251 2450 275 2476 εί
290 2449 339 2484 μὲν
354 2449 481 2484 κληρικδς
493 2448 536 2482 εἴη
551 2448 662 2476 ὸταῦτα
677 2449 770 2483 ποιῶν,
786 2449 832 2476 τοῦ
846 2450 940 2476 συλλό-

151 2503 200 2528 γου
213 2494 267 2521 τῶν
281 2494 420 2530 κληρικῶν
435 2495 604 2527 ἐκπεσεῖται,
624 2495 648 2520 εί
668 2494 696 2521 δὲ
712 2495 940 2530 στρατευόμενος,

149 2541 200 2576 τῆς
215 2541 361 2575 στρατείας
372 2549 379 2556 ·
394 2541 419 2567 οῖ
441 2540 469 2567 δὲ
483 2540 572 2567 λοιποὶ
584 2541 656 2568 κατὰ
668 2542 719 2574 τὴν
732 2542 836 2569 οἰκείαν
853 2541 940 2578 τύχην

150 2588 402 2624 τιμωρηθὴσονται.

256 2645 382 2672 ΚΕΦΛΛ.
400 2644 436 2679 q’
454 2643 521 2680 [ll'].
534 2643 832 2679 Hsplﬁtxatoa’c‘rnc.

187 2701 351 2736 Δικαιοσύνη
371 2701 433 2728 ἐστὶ
459 2700 584 2735 σταθηρά
599 2700 647 2727 καὶ
662 2699 790 2736 διηνεκὴς
812 2698 939 2735 βούλησις

149 2747 259 2781 ἑκάστῳ
268 2746 299 2773 τδ
314 2747 380 2774 tam
393 2746 571 2780 ἀπονέμουσα
579 2745 695 2773 δίκαιον.
786 2776 790 2780 ν

188 2793 256 2819 Ἰδια
269 2790 444 2826 δικαιοσύνης
458 2793 489 2818 τὸ
513 2793 634 2825 κοσμίως
646 2792 707 2827 ζῇν,
724 2792 803 2820 ἀλλον
822 2791 859 2827 μὴ
873 2790 939 2827 βλά-

149 2848 239 2874 πτειν,
256 2839 365 2873 ὲκάστῳ
378 2837 410 2864 τὸ
425 2838 491 2865 ἴδιον
509 2838 671 2870 ἀπονέμειν.

311 2886 446 2918 Persen.
463 2886 521 2917 Gn.
539 2884 679 2917 CXLIV.

989 233 1021 253 ea
1033 226 1078 261 qui
1095 226 1137 254 sui
1151 231 1217 253 sunt
1233 226 1324 261 populi
1350 232 1479 261 tanquam
1497 235 1529 254 ex
1542 226 1598 254 alto
1612 232 1639 255 et
1662 228 1773 255 excelso

991 271 1052 300 loco
1067 272 1160 300 sedule
1173 273 1332 307 prospiciat.
1357 273 1391 300 Et
1404 272 1439 300 ob
1457 273 1526 300 hanc
1535 280 1645 301 causam
1662 273 1689 299 in
1705 277 1774 299 tem—

990 317 1028 352 pli
1039 317 1126 352 adytis
1143 317 1273 344 cathedra
1293 317 1423 346 antistitis
1434 318 1585 354 symbolice
1614 319 1639 345 in
1662 318 1772 346 sublimi

991 361 1052 388 loco
1063 361 1251 391 constituitur.
1274 366 1302 389 et
1316 363 1480 398 presbyteris
1506 363 1564 391 illic
1591 364 1617 392 ei
1643 364 1775 392 assistere

991 415 1100 442 unaque
1128 407 1225 436 sedere
1254 415 1416 436 concessum
1446 413 1506 443 est;
1535 410 1672 437 communi
1700 410 1773 437 enim

991 453 1117 488 utrisque
1139 461 1212 481 curae
1232 458 1274 482 est
1298 455 1386 489 populi
1418 455 1446 482 in
1479 456 1589 483 meliora
1623 456 1773 492 proiectus.

990 498 1044 526 Eos
1061 498 1154 533 igitur,
1165 499 1211 534 qui
1228 507 1300 527 eirea
1321 500 1414 535 populi
1439 501 1619 529 eruditionem
1639 502 1776 537 negligen-

992 548 1033 570 ter
1049 543 1137 573 allecti
1151 550 1225 578 sunt,
1237 546 1382 581 segregari,
1395 546 1421 574 in
1449 547 1611 582 negligentia
1632 555 1697 576 vero
1715 555 1776 583 per—

991 595 1146 619 severantes
1159 591 1328 626 depositione
1343 592 1434 627 puniri
1447 593 1536 628 jubet.

1028 677 1129 706 Eadem
1147 678 1230 706 etiam
1249 687 1310 707 can.
1332 681 1366 708 l9
1380 688 1441 716 syn.
1457 689 1482 708 vr
1493 681 1583 714 jubet,
1597 689 1679 718 quem
1698 690 1775 718 quae-

991 730 1037 751 ras
1054 724 1081 751 in
1099 732 1160 760 cap.
1176 725 1208 752 11
1230 725 1283 753 litt.
1296 727 1328 754 Β.

1026 769 1120 798 Canon
1135 775 1226 799 autem
1241 771 1291 799 121
1330 780 1389 808 syn.
1409 773 1550 810 Carthag.,
1570 774 1708 810 Episcopi.
1736 775 1778 802 in-

993 815 1063 849 quit,
1080 816 1124 851 qui
1142 825 1236 852 greges
1249 825 1315 846 suos
1327 823 1517 852 contemnunt,
1533 825 1561 848 et
1577 821 1709 848 salutaria
1722 829 1776 848 non

992 861 1100 895 docent,
1116 863 1221 890 moueri
1244 863 1343 892 debent
1365 871 1379 891 θ
1393 865 1491 893 vicinis
1520 866 1656 901 episcopis
1677 871 1706 893 ut
1728 874 1774 893 so-

993 907 1114 934 cordiam
1136 915 1202 936 cura
1231 909 1404 937 convenienti
1429 916 1608 940 commutent.
1640 910 1774 946 Tempore

994 956 1084 980 autem
1103 961 1150 981 sex
1161 954 1297 983 mensium
1315 955 1418 989 elapso,
1443 955 1531 991 iisque
1542 957 1569 984 in
1585 957 1713 985 socordia
1729 958 1778 984 ad-

994 998 1049 1026 huc
1071 999 1236 1032 viventibus.
1271 1001 1379 1030 vicinus
1411 1002 1556 1038 episcopus
1580 1003 1719 1038 regionem
1749 1009 1778 1031 et

994 1043 1123 1078 populum
1150 1044 1228 1072 alteri
1249 1046 1414 1078 committat,
1441 1046 1488 1081 qui
1509 1046 1598 1082 possit
1624 1053 1650 1075 et
1667 1049 1778 1075 studeat

994 1089 1116 1118 doetrina
1133 1098 1183 1119 sua
1210 1099 1272 1119 eum
1297 1092 1331 1119 ad
1361 1093 1460 1120 melius
1485 1093 1614 1129 dirigere.
1644 1093 1722 1127 Quod
1751 1095 1775 1122 si

994 1139 1105 1169 propter
1115 1135 1298 1163 oeconomiam
1308 1143 1337 1164 se
1347 1136 1485 1164 silentium
1495 1138 1583 1172 egisse
1595 1137 1678 1170 dicat,
1688 1142 1716 1164 ut
1728 1139 1778 1166 hac

995 1181 1102 1208 ratione
1113 1181 1255 1209 haereticos
1271 1182 1379 1217 aliquos
1401 1182 1435 1209 ad
1449 1190 1478 1210 se
1494 1184 1674 1218 pertraheret,
1687 1189 1713 1211 et
1724 1191 1778 1211 non

994 1226 1028 1254 ad
1042 1226 1252 1254 iuobedientiam
1271 1228 1400 1262 irritaret,
1425 1233 1481 1257 trcs
1497 1229 1616 1264 episcopi
1631 1230 1664 1257 ad
1680 1230 1777 1257 harum

995 1280 1085 1301 rerum
1111 1274 1340 1302 examinationem
1363 1283 1379 1303 a
1407 1276 1554 1311 provincias
1580 1277 1696 1312 primate
1727 1277 1779 1304 eli-

994 1325 1103 1355 gantur,
1116 1324 1143 1348 et
1158 1320 1180 1347 si
1195 1320 1251 1348 haec
1270 1321 1307 1348 ita
1324 1328 1352 1349 se
1369 1321 1469 1349 habere
1497 1328 1639 1351 ostensum
1675 1323 1721 1356 sit,
1744 1323 1779 1351 ab

994 1372 1028 1393 eo
1051 1373 1147 1394 rursus
1164 1366 1190 1393 in
1207 1367 1345 1402 regionem
1363 1368 1534 1397 restituatur.

1030 1497 1101 1532 Quin
1114 1503 1144 1538 et
1157 1507 1218 1528 can.
1235 1500 1288 1528 125
1302 1508 1363 1528 eum
1376 1502 1423 1535 qui
1438 1502 1606 1537 negligenter
1622 1510 1652 1532 se
1678 1502 1747 1538 gerit
1763 1511 1779 1531 a

996 1544 1163 1578 reliquorum
1188 1546 1384 1574 communione
1415 1549 1604 1581 exterminat,
1632 1540 1778 1584 postquam

995 1597 1041 1617 sex
1066 1597 1174 1618 menses
1200 1592 1391 1626 praeterierint,
1413 1593 1436 1620 si
1465 1601 1519 1621 non
1544 1594 1648 1627 iideles,
1670 1595 1725 1622 imo
1753 1601 1778 1622 et

994 1635 1118 1663 inﬁdeles
1132 1644 1197 1664 sana
1217 1638 1343 1673 dogmata
1369 1638 1494 1672 edoceat,
1511 1639 1563 1667 nisi
1591 1641 1687 1668 morbo
1706 1641 1778 1674 deti:

995 1687 1102 1714 neatur,
1118 1682 1160 1709 vel
1171 1683 1322 1717 majoribus
1335 1683 1463 1712 Ecclesia:
1476 1686 1674 1720 quaestionibus
1700 1693 1779 1714 vaca-

995 1728 1075 1763 verit,
1092 1728 1134 1756 vel
1147 1729 1323 1765 magistratus
1339 1730 1438 1758 horum
1452 1730 1582 1760 defensor
1597 1731 1730 1760 abfuerit.

1028 1864 1122 1893 Conon
1142 1870 1232 1894 autem
1248 1866 1283 1894 64
1295 1875 1355 1904 syn.
1369 1876 1396 1896 vr
1413 1869 1494 1902 laico,
1509 1870 1555 1904 qui
1572 1870 1634 1898 ﬁdei
1652 1871 1778 1906 dogmata

994 1912 1104 1946 publice
1119 1913 1208 1945 docet,
1230 1919 1257 1941 et
1273 1921 1326 1942 non
1337 1915 1427 1949 potius
1439 1923 1520 1944 aures
1548 1917 1583 1944 iis
1594 1918 1707 1951 prtebet,
1732 1919 1778 1952 qui

994 1957 1087 1985 divina
1099 1959 1272 1986 ordinatione
1287 1959 1411 1987 scholam
1446 1961 1472 1988 in
1499 1962 1616 1990 ecclesia
1641 1963 1778 1998 aperiunt.

995 2004 1121 2038 quamvis
1136 2012 1246 2032 omnem
1262 2006 1426 2040 sapientiam
1452 2006 1478 2034 in
1495 2015 1602 2035 summo
1618 2009 1704 2043 gradu
1721 2016 1780 2036 sor-

994 2050 1060 2077 titus
1074 2050 1120 2081 sit.
1136 2058 1183 2085 seg
1192 2051 1359 2085 regationem
1380 2052 1415 2080 40
1430 2052 1536 2080 dierum
1553 2053 1660 2088 inﬂigit.
1679 2053 1777 2081 l’riva—

994 2097 1040 2123 tim
1055 2104 1118 2124 vero
1135 2097 1368 2132 interrogantibus
1392 2099 1559 2134 respondere
1585 2106 1666 2128 nemo
1684 2100 1779 2134 prohi-

993 2143 1112 2170 bebitur.

955 2203 983 2233 D
1351 2201 1418 2230 Lex.

1029 2257 1126 2286 Nullus
1148 2259 1276 2292 clericus,
1307 2260 1350 2288 vel
1374 2260 1534 2293 monachus,
1568 2261 1610 2288 vel
1623 2261 1712 2296 miles,
1737 2262 1778 2289 vel

993 2305 1193 2340 qualiscunque
1231 2306 1338 2333 turbam
1370 2313 1541 2342 congregans
1572 2307 1679 2342 publice
1706 2308 1778 2336 circa

994 2352 1074 2379 iidem
1106 2352 1235 2379 disserat.
1257 2351 1396 2387 Synodum
1424 2352 1497 2379 enim
1526 2351 1779 2381 Clialcedonensem

994 2397 1159 2424 contumelia
1192 2396 1300 2424 aﬂicere
1317 2397 1437 2429 videtur,
1464 2405 1525 2433 quae
1551 2406 1646 2426 revera
1673 2401 1779 2431 statuit,

992 2443 1064 2478 quod
1082 2443 1104 2471 si
1120 2443 1235 2470 clericus
1245 2443 1281 2470 sit
1295 2442 1349 2478 95
1362 2443 1408 2478 qui
1425 2443 1476 2470 hoc
1491 2442 1597 2476 fecerit,
1614 2445 1778 2472 clericorum

992 2496 1107 2516 numero
1122 2488 1248 2521 excidet;
1279 2489 1301 2515 si
1318 2496 1382 2516 vero
1399 2488 1489 2521 mileS,
1510 2491 1630 2517 exercitu
1646 2511 1653 2523 ,
1684 2491 1779 2526 reliqui

991 2540 1083 2563 autem
1103 2534 1254 2563 secundum
1269 2541 1347 2562 suam
1365 2534 1501 2563 fortunam
1520 2537 1678 2571 punientur.

1172 2635 1250 2664 CAP.
1272 2635 1305 2663 Vl
1322 2635 1420 2673 [Vill];
1435 2635 1474 2663 De
1485 2636 1603 2670 iustitia.

1026 2693 1136 2723 Iustitia
1154 2699 1198 2722 est
1215 2698 1347 2722 constans
1372 2699 1400 2723 et
1428 2697 1559 2730 perpetua
1577 2693 1717 2728 voluntas,
1732 2695 1778 2730 jus

989 2749 1071 2769 suum
1088 2741 1188 2775 cuique
1200 2740 1338 2768 tribuens.

1025 2787 1145 2815 Iustitia:
1161 2786 1270 2822 propria
1284 2791 1359 2819 sunt,
1376 2787 1489 2814 haueste
1505 2785 1607 2818 vivere,
1639 2786 1777 2814 neminem

991 2835 1100 2868 laedere,
1118 2834 1163 2870 jus
1184 2833 1375 2867 suum‘cuique
1391 2833 1522 2860 tribucre.

1576 2879 1616 2912 39
