1948 3064
139 139 208 171 1229

636 141 837 172 SYNTAGMA
860 142 1174 173 ALPHABETICUM.
1197 155 1231 160 -
1252 141 1280 173 Α.

1696 139 1762 172 1230

130 195 227 230 πρῶτα
256 194 348 230 φέρων
376 195 426 229 τῆς
453 195 587 232 ἐπαρχίας
611 197 796 233 ὲκλέξεται,ἣ
821 197 868 230 οὓς
888 198 922 224 ἂν

986 203 1094 234 utraque
1119 203 1196 234 parte
1209 199 1305 227 allatas
1334 206 1395 227 cum
1415 198 1537 234 diligenti
1556 197 1763 225 examinatione

129 241 215 276 ἄμφω
237 242 262 267 oi.
279 242 411 268 ἀντίδικοι
427 243 661 277 συμφωνήσαντες
678 243 807 275 ἕλωνται,
828 245 865 275 ὡς
886 243 919 271 ἂν

129 288 180 320 τὰς
211 288 277 323 παρ’
300 288 439 323 ἑκατέρων
472 289 601 324 ἀλλήλοις
629 289 805 324 ἐπαγομένας
830 291 919 321 αἰτίας

131 333 255 368 ἀκριϐῶς
284 333 481 368 βασανίσαντες
518 334 712 362 διαλύσωνται.
746 335 920 370 Πλημμελῶς

130 380 160 406 δέ
170 389 243 412 τινος
255 380 408 406 ἐπισκόπου
422 380 456 407 τὰ
472 381 521 415 τῆς
538 380 704 414 Ἐκκλησίας
719 381 803 408 αὑτοῦ
819 375 923 416 διοική-

132 434 240 459 σαντος,
253 427 299 453 καὶ
313 426 416 461 ἑτέροις
428 426 477 459 τὰς
494 426 561 459 ιδίας
577 427 685 462 ὲνορίας
704 427 923 463 παραχωρήσαν-

131 481 188 503 τος,
204 473 228 499 εί
244 473 291 499 καὶ
307 473 460 508 γράμματα
477 473 650 509 προΰΰησαν,
668 473 719 500 οὐκ
737 473 923 509 ἀποκλεισοή-

132 528 209 547 σεται
233 520 248 546 ό
265 521 335 555 μετὰ
350 520 445 547 τοῦτον
471 521 748 556 χειροτονησάμενος,
771 520 921 555 ἀναζητεῖν

973 246 1112 273 dirimunt.
1131 245 1158 273 Si
1175 253 1239 272 vero
1262 246 1409 280 cpiscopus
1439 246 1585 280 quisquam
1617 244 1762 272 ecclesiam

975 299 1052 319 suam
1086 291 1156 318 male
1185 291 1370 324 administret,
1404 296 1430 318 et
1455 291 1516 318 aliis
1543 291 1691 326 provinciae
1707 298 1764 317 suae

975 338 1064 369 cedat,
1077 338 1519 372 quamvislittermprxcesserint,
1535 346 1587 365 non
1601 337 1764 364 excludetur

977 383 1022 417 qui
1041 387 1101 418 post
1111 391 1173 410 eum
1190 383 1359 411 ordinandus
1369 389 1411 410 est
1428 385 1582 419 episcopus,
1595 391 1650 418 quo
1672 383 1764 410 minus

975 429 1039 464 jura
1059 429 1183 457 ecclesiae
1198 437 1253 457 sua:
1266 430 1424 466 perquirere
1436 431 1534 464 possit,
1564 430 1672 458 etiamsi
1693 429 1765 456 mut»

980 480 1035 503 tum
1053 475 1158 503 interea
1185 477 1317 511 temporis
1344 476 1516 512 przeterierit.
1544 476 1658 510 Qumras
1683 476 1765 503 etiam

978 520 1005 547 in
1019 520 1054 547 52
1069 527 1130 554 cap.
1147 521 1198 548 litt.
1215 520 1236 547 E
1265 529 1326 550 can.
1343 521 1376 549 10
1391 521 1481 556 magni
1499 521 1602 550 Basilii.

123 567 181 601 ιτῆς
196 566 295 594 ἑαυτοῦ
310 567 474 602 Ἐκκλησίας
500 568 534 595 τὰ
549 568 653 600 δίκαια,
679 567 732 595 κᾶν
758 568 782 595 εί
800 567 884 599 πολὺς
906 567 920 593 ὁ
942 566 1045 601 μεταξὺ
1064 566 1209 602 παρελθὼν
1228 567 1270 604 εἴη
1285 567 1391 603 χρόνος.
1411 568 1492 604 Ζήτει
1508 569 1554 596 καὶ
1595 568 1624 595 ἐν
1648 568 1687 604 τῷ
1726 567 1767 603 λβ¹

132 625 197 650 κεφ.
217 616 265 643 τοῦ
290 617 309 643 Ε
326 617 461 651 στοιχείου
489 617 592 644 κανόνα
608 620 622 643 ι’
644 616 692 644 τοῦ
707 617 834 652 ’μεγάλου
853 616 1008 645 Βασιλεὶου.

176 662 206 689 '0
223 662 250 690 δὲ
272 662 293 689 θ’
315 663 365 696 τῆς
380 661 400 688 δ’
418 662 527 690 συνόδου
550 662 615 694 τοὺς
637 662 786 698 κληρικοὺς
808 662 926 697 ὲπισκήε

133 717 196 735 πτει
222 709 268 734 καὶ
299 708 446 743 μοναχοὺς,
463 707 617 743 πράγματα
640 708 710 744 πρὸς
725 707 858 744 ἀλλήλους
877 709 925 735 καὶ

133 754 212 785 δίκας
224 753 346 789 ἔχοντας,
365 753 434 786 πρὸς
451 753 500 780 τοῦ
513 753 579 780 ίδίου
598 753 751 781 ἐπισκόπου
767 753 921 790 κρίνεσθαι,

134 801 242 835 χαίρειν
256 799 359 832 ἐῶντας
373 799 407 825 τὰ
420 800 542 834 κοσμικὰ
557 799 733 834 δικαστήρια,
744 800 782 832 ὼς
797 800 811 826 ὅ
821 808 852 835 γε
865 799 926 827 τού-

134 853 191 876 τοις
217 845 394 880 προστρέχων
410 846 475 881 περὶ
496 846 638 882 ἐλαχίστου
660 846 765 873 τιθέναι
783 846 830 873 καὶ
848 846 926 880 ὑδρί-

135 889 194 922 ζειν
208 890 282 917 δοκεῖ
294 890 340 917 τὸν
358 890 423 917 ίδιον
440 891 569 926 ποιμένα.
583 891 655 918 Ἀλλ’
670 892 726 919 ἔσθ’
741 892 794 927 ὅπη
809 893 842 928 τῇ
856 892 927 919 ὲκεί-

135 945 181 962 νου
203 936 300 972 γνώμῃ
315 938 421 971 ἐφεῖται
440 938 505 969 τοὺς
523 939 663 970 τοιούτους
683 938 859 972 δικάσασθαι,
879 939 928 966 καὶ

136 983 204 1018 παρ’
217 980 257 1015 οἷς
268 983 401 1018 ἄμφωτὰ
418 983 547 1011 ἀντίθετα
560 985 632 1021 μέρη
648 985 799 1021 ἀρέσκεται
811 993 818 1001 ⁸
837 985 883 1013 τὸν
898 985 927 1012 δὲ

136 1028 213 1063 παρὰ
228 1028 315 1055 ταῦτα
329 1028 468 1060 ποιοῦντα,
490 1029 639 1064 ἐπιτιμίοις
663 1028 825 1056 ὑποκεῖσθαι
848 1038 928 1056 κανο-

137 1074 234 1105 νικοῖς.
251 1075 283 1101 Et
298 1075 326 1101 δὲ
351 1075 417 1110 πρὸς
441 1075 487 1101 τὸν
506 1075 572 1102 ἴδιον
595 1075 745 1103 ἐπίσκοπον
762 1076 776 1103 ὁ
795 1076 928 1111 κληρικὸς

137 1121 196 1156 ἔχει
212 1121 261 1157 τὴν
275 1122 368 1156 δίκην,
390 1123 414 1149 οἱ
439 1123 488 1157 τῆς
504 1123 639 1158 ἐπαρχίας
654 1123 801 1151 ἐπίσκοποι
816 1124 928 1156 τούτους

137 1169 206 1203 φησὶ
225 1167 426 1200 δικαζέτωσαν.
453 1167 485 1194 Εἰ
500 1169 527 1196 δὲ
543 1170 611 1204 πρὸς
623 1169 669 1196 τὸν
679 1169 729 1201 τῆς
744 1170 828 1204 αὐτῆς
844 1171 929 1205 ἐπαρ-

137 1214 200 1250 χίας
217 1214 420 1250 μητροπολίτην
436 1215 585 1247 ἐπίσκοπος
607 1215 623 1251 ἢ
650 1215 781 1251 κληρικδς
798 1216 855 1251 ἔχει
878 1217 928 1251 τὴν

137 1259 357 1296 ἀμφισϐήτησιν,
372 1261 386 1287 ὁ
397 1261 445 1293 τῆς
456 1260 618 1296 διοικήσεως
631 1260 744 1297 ἔξαρχος
760 1261 775 1297 ἢ
792 1262 806 1288 ὁ
819 1262 870 1297 τῆς
883 1262 930 1296 βα-

139 1306 298 1342 σιλευούσης
323 1307 498 1343 πατριάρχης
511 1308 645 1341 δικαζέτω
659 1316 666 1324 ·
686 1309 821 1344 διοίκησις
842 1309 871 1335 δὲ
886 1309 931 1335 λέ-

138 1361 218 1385 γεται
232 1353 249 1388 ὴ
266 1353 402 1390 ἐπαρχίας
416 1355 518 1386 πολλὰς
536 1355 714 1390 περιέχουσα.
730 1355 766 1381 Τὸ
778 1354 807 1381 δὲ
822 1354 877 1381 τῶν
888 1354 930 1386 ἐξ-

138 1399 231 1434 άρχων
246 1399 406 1434 προνόμιον,
429 1400 459 1426 τὸ
473 1400 521 1427 νῦν
535 1400 596 1435 ἕχον
615 1401 666 1427 οὐκ
687 1401 794 1436 ἐνεργεῖ
806 1408 812 1416 ’
829 1401 854 1427 εί
876 1401 930 1436 γὰρ

139 1444 188 1470 καὶ
203 1443 328 1478 λέγονταί
341 1453 414 1476 τινες
430 1445 484 1471 τῶν
499 1444 706 1480 μητροπολιτῶν
722 1444 844 1479 ἓξιιρχοι,
862 1443 930 1470 ἀλλὰ

140 1490 202 1522 τοὺς
223 1491 252 1517 ὲν
267 1491 327 1522 ταῖς
340 1490 507 1525 διοικήσεσιν
524 1491 635 1526 ἐτέρους
658 1489 860 1526 μητροπολίτας
880 1490 930 1516 οὐκ

140 1536 250 1571 ἔχουσιν
263 1536 332 1568 ὅλως
348 1536 545 1570 ὑποκειμένους
561 1537 663 1567 αὐτοῖς.

181 1581 213 1608 '0
239 1582 267 1608 δὲ
292 1582 341 1617 τῆς
366 1582 394 1609 ὲν
417 1583 582 1620 Καρθαγένῃ
601 1582 631 1610 ιε’
663 1582 826 1618 ίερωμένοις
845 1583 933 1610 ἅπασι

142 1627 190 1653 καὶ
207 1628 346 1662 μοναχοῖς,
362 1628 490 1661 ἐνάγουσι
503 1628 549 1655 καὶ
562 1628 751 1663 ὲναγομένοις,
768 1628 798 1656 τὸ
813 1628 935 1663 τῆς-Ἐκ-

142 1673 259 1706 κλησίας
281 1673 386 1707 ἀνοίγει
412 1673 599 1709 δικαστήριον,
618 1674 672 1700 εἴτε
685 1674 862 1710 ἐγκλήματα,
879 1673 934 1700 εἴτε

142 1720 274 1754 χρήματα
293 1719 323 1746 τδ
341 1710 507 1755 ζητούμενον
524 1719 578 1756 εἴη.
597 1721 645 1746 ‘Av
663 1719 692 1747 δέ
713 1728 755 1752 τις
769 1721 872 1757 τουτων
888 1728 935 1747 πο-

142 1766 246 1792 λιτικὴν
268 1766 362 1802 ἕληται
380 1766 566 1803 δικαστήριον,
583 1767 690 1794 ἐκείνου
709 1767 933 1803 καταφρονήσας,

144 1813 209 1848 πχρ*
235 1813 301 1839 αὑτό
324 1821 356 1848 γε
381 1812 470 1846 τοῦτο,
496 1813 573 1850 φησὶ,
601 1813 648 1841 τοῦ
680 1814 746 1840 ίδίου
774 1815 934 1841 ἐκπεσεῖται

145 1859 263 1894 βαθμοῦ,
280 1860 328 1887 καὶ
341 1859 366 1886 εί
382 1859 470 1891 ἀθῶος
483 1861 512 1887 ἐν
528 1851 614 1896 τοότῳ
626 1860 745 1896 δειχθείη
762 1861 816 1888 τῶν
834 1861 935 1895 ἐγκλη-

145 1906 240 1941 μάτων
262 1906 278 1942 ἣ
300 1906 351 1940 τῆς
369 1907 545 1942 χρηματικῆς
569 1907 692 1942 ἀγωγῆς.
709 1907 884 1934 Ἐπισκὸπων
906 1907 935 1933 δὲ

144 1953 191 1980 ἐπί
204 1961 257 1980 τινι
273 1954 363 1988 κρίσει
378 1946 590 1989 ψηφισαμένων,
606 1955 652 1980 καὶ
667 1953 800 1988 ἔκκλητον
813 1954 873 1980 κατ’
887 1954 937 1980 αὺ-

144 2000 199 2025 τῶν
214 2000 342 2033 γενέσθαι
355 2000 466 2035 δεῆσαν,
480 2001 540 2036 ἣτις
552 2001 597 2026 ἐπὶ
611 1999 739 2034 μείζονας
751 1999 846 2034 κριτὰς
857 1999 937 2026 εἴωθε

145 2044 279 2078 γίνεσθαι,
310 2045 511 2080 μητροπολίτας
536 2045 618 2080 τυχὸν
642 2045 658 2080 ἢ
685 2045 869 2080 πατριάρχας,
889 2045 936 2071 καὶ

145 2091 194 2125 τῆς
210 2091 364 2122 ὑπουέσεως
387 2090 498 2126 βασάνῳ
518 2091 652 2126 δοθείσης,
669 2091 777 2126 καὶτῆς
795 2090 849 2117 τῶν
868 2099 936 2125 προ-

147 2136 286 2162 λαϐόντων
307 2137 409 2172 κριτῶν
422 2137 515 2172 ψήφου
531 2136 749 2172 ἀνατραπείσης,
768 2137 797 2162 οὗ
813 2136 854 2162 δεῖ
869 2135 935 2171 βλά-

147 2182 263 2209 πτεσθαι
287 2182 351 2214 τοὺς
381 2183 476 2217 πρώην
503 2183 740 2218 ἀποφηναμένους,
767 2183 790 2208 εἰ
813 2181 935 2218 μήπουῆ

991 659 995 664 ’
1014 662 1108 691 Nonus
1124 670 1188 691 vero
1203 671 1231 691 ιν
1253 671 1313 699 syn.
1326 671 1413 691 canon
1434 663 1551 692 clericos
1569 668 1596 692 et
1620 665 1769 694 monachos

979 708 1026 744 qui
1050 709 1159 745 negotia
1187 714 1214 736 et
1244 709 1305 737 lites
1334 710 1404 737 inter
1431 718 1460 738 se
1485 711 1595 742 habent,
1623 719 1637 738 a
1656 714 1770 747 proprio

979 754 1109 790 episcopo
1122 754 1241 790 judicari
1262 755 1352 789 jubet,
1383 756 1524 783 saecularia
1556 757 1660 791 judicia
1686 765 1769 793 repn-

980 800 1086 828 diantcs
1099 809 1106 832 ;
1120 800 1221 828 etenim
1239 801 1286 836 qui
1302 801 1335 828 ad
1356 808 1388 828 ea
1407 802 1541 833 excurrit,
1561 810 1640 829 suum
1671 808 1766 837 pasto-

981 853 1038 872 rem
1053 845 1129 881 parvi
1149 846 1251 875 habere
1282 851 1310 874 ct
1325 847 1492 875 contumelia
1508 847 1617 876 allicere
1651 849 1768 878 videtur.

981 890 1136 925 Aliquando
1167 896 1258 918 autem
1293 891 1414 927 episcopi
1449 892 1590 920 voluntate
1620 895 1692 928 apud
1721 902 1769 922 eos

978 935 1112 970 judicium
1125 936 1223 973 agitari
1238 937 1402 972 permissum
1417 942 1469 972 est,
1487 947 1556 974 quos
1574 944 1690 975 utraque
1705 948 1771 975 pars

981 984 1105 1019 opposita
1120 984 1242 1019 elegerit.
1268 983 1320 1018 Qui
1355 993 1419 1012 vero
1444 993 1524 1013 secus
1550 985 1658 1018 fecerit,
1679 987 1769 1022 poenis

980 1030 1123 1058 etinonicis
1141 1030 1314 1066 subjiciatur.
1329 1031 1407 1064 Quod
1435 1031 1457 1060 si
1477 1032 1595 1060 clericus
1623 1040 1685 1060 cum
1703 1040 1769 1068 pro-

982 1077 1041 1111 prio
1053 1077 1179 1112 episcopo
1195 1077 1267 1105 litem
1281 1078 1390 1111 habeat,
1408 1079 1565 1113 provinciae,
1592 1079 1689 1113 inquit,
1713 1079 1771 1114 epi-

983 1122 1058 1156 scopi
1072 1129 1120 1149 eos
1135 1117 1270 1157 judicent.
1284 1121 1332 1149 Sin
1348 1130 1411 1149 vero
1428 1123 1576 1158 episcopus
1593 1123 1633 1150 vel
1657 1123 1773 1152 clericus

981 1177 1043 1197 cum
1055 1170 1203 1205 provinciae
1211 1169 1422 1204 metropolitano
1432 1169 1648 1198 contraversiam
1662 1170 1773 1202 habeat,

982 1215 1119 1242 exarchus
1134 1215 1275 1248 (licecesis,
1291 1215 1333 1243 vel
1349 1215 1425 1244 urbis
1438 1216 1588 1251 imperialis
1616 1216 1773 1252 patriarcha

981 1261 1095 1295 judieet.
1115 1261 1250 1289 Dimeesis
1263 1266 1355 1289 autem
1372 1261 1485 1295 dicitur,
1504 1269 1565 1297 quae
1590 1263 1693 1289 multas
1708 1270 1774 1290 con-

983 1308 1051 1335 tinet
1066 1307 1240 1342 provincias;
1256 1308 1368 1335 exarehi
1382 1315 1446 1336 vero
1468 1308 1642 1343 privilegium
1662 1317 1717 1336 nun
1733 1313 1774 1336 est

983 1350 1064 1378 hodie
1079 1351 1106 1381 in
1134 1359 1197 1379 usu.
1227 1345 1359 1384 Quamvis
1383 1352 1456 1380 enim
1477 1353 1589 1388 quidam
1607 1361 1638 1380 ex
1672 1358 1774 1382 metro-

984 1398 1114 1433 politanis
1142 1398 1254 1426 exarchi
1286 1399 1427 1433 dicuntur,
1459 1403 1550 1427 tamen
1579 1399 1649 1427 alios
1666 1400 1691 1427 in
1712 1408 1774 1436 pro-

984 1445 1083 1473 vinciis
1110 1445 1335 1480 metropolitauos
1363 1453 1416 1473 non
1446 1446 1547 1474 habent
1577 1446 1691 1474 omnino
1723 1447 1775 1474 sibi

985 1491 1132 1526 subjectos.

1021 1584 1115 1612 Canon
1128 1590 1217 1613 autem
1234 1585 1267 1612 l5
1297 1594 1358 1622 syn.
1393 1585 1618 1622 Carthaginensis
1645 1586 1776 1615 omnibus

985 1630 1129 1658 ordinibus
1144 1631 1257 1659 initiatis
1274 1636 1327 1659 tam
1344 1632 1483 1660 actoribus
1497 1640 1580 1667 quam
1597 1632 1652 1660 reis
1675 1631 1777 1660 Eccle—

987 1677 1034 1704 sia:
1051 1676 1138 1704 forum
1156 1678 1254 1712 aperit,
1270 1678 1328 1705 sive
1351 1677 1503 1705 criminalis
1532 1678 1591 1706 sive
1618 1678 1777 1713 pecuniaria

985 1723 1103 1758 quaestio
1125 1723 1218 1751 fuerit.
1238 1723 1316 1757 Quod
1334 1723 1356 1751 si
1374 1724 1435 1758 quis
1451 1731 1546 1752 eorum
1558 1731 1598 1752 .eo
1621 1729 1778 1759 contempto

988 1769 1075 1796 forum
1092 1770 1171 1798 civile
1191 1769 1312 1805 elegerit,
1326 1774 1481 1805 propterea,
1502 1769 1600 1805 inquit,
1624 1770 1710 1805 gradu
1727 1778 1778 1798 sua

986 1815 1103 1848 excidet,
1124 1816 1178 1842 imo
1191 1816 1253 1843 licet
1285 1816 1311 1843 in
1329 1824 1362 1844 eo
1384 1824 1398 1844 a
1422 1816 1585 1844 criminibus
1603 1817 1644 1844 vel
1671 1816 1779 1844 actione

988 1862 1144 1896 pecuniaria
1158 1862 1327 1891 absolvatur.
1348 1863 1395 1890 Sin
1414 1871 1479 1891 vero
1491 1864 1524 1890 ab
1535 1863 1671 1898 episcopis
1685 1863 1711 1890 in
1733 1863 1779 1898 ju-

988 1908 1061 1935 (licio
1076 1909 1168 1943 aliquo
1185 1909 1348 1936 sententiam
1367 1908 1518 1936 ferentibus
1549 1909 1696 1944 appellatio
1720 1910 1778 1941 liat,

988 1961 1048 1988 qua
1062 1954 1094 1981 ad
1105 1954 1211 1989 judices
1225 1955 1343 1990 majores
1365 1955 1423 1982 fieri
1450 1955 1529 1987 solet,
1548 1955 1775 1989 mctrnpolitanos

988 2000 1057 2027 forte
1070 2000 1109 2028 vel
1134 2001 1315 2034 patriarchas,
1339 2004 1365 2028 et
1391 2001 1508 2036 quaestio
1543 2001 1730 2033 examinetur,
1748 2006 1775 2028 et

988 2045 1109 2082 priorum
1126 2045 1393 2080 judicumjudicium
1412 2046 1598 2079 rescindatur,
1613 2054 1666 2073 non
1697 2054 1778 2081 opor-

989 2096 1026 2119 tet
1038 2099 1085 2120 eos
1103 2092 1164 2119 laedi
1179 2092 1226 2127 qui
1243 2093 1359 2127 primam
1376 2093 1539 2120 sententiam
1561 2093 1694 2125 tulerunt,
1725 2093 1778 2121 nisi

990 2136 1133 2171 probatum
1149 2137 1241 2170 fuerit,
1257 2146 1304 2165 eos
1330 2138 1371 2165 vel
1388 2139 1475 2174 gratia
1506 2143 1650 2174 corruptos
1681 2139 1778 2171 fuisse.

990 2183 1030 2210 vel
1045 2184 1254 2218 propterodium
1267 2183 1379 2212 alterius
1394 2185 1480 2219 partis
1494 2184 1658 2212 sententiam
1671 2185 1778 2216 tulisse.

145 2224 380 2263 δωροδοκηθέντες
404 2229 567 2264 ὲλεγχθεῖεν,
601 2229 616 2264 ἢ
643 2229 676 2255 δι’
699 2228 802 2264 ἔχθραν
819 2228 931 2262 θατέρου

989 2229 1030 2256 vel
1047 2229 1138 2256 studio
1158 2234 1184 2257 et
1198 2229 1386 2258 benevolentia
1411 2238 1475 2265 erga
1491 2237 1552 2257 eum
1572 2229 1618 2264 qui
1649 2229 1779 2265 injuriam

147 2273 405 2308 καταψηφισάμενοι
425 2274 536 2309 μέρους,
559 2274 575 2309 ἢ
592 2274 760 2309 προσπαθῶς
777 2273 825 2300 καὶ
839 2273 936 2306 φιλίως

147 2319 216 2355 πρὸς
229 2320 274 2346 τὸν
292 2320 459 2355 ἀδικήσαντα
469 2320 646 2354 διακείμενοι.
667 2321 701 2346 Ei
713 2320 741 2347 δὲ
754 2321 837 2355 ἄμφω
850 2320 936 2354 δήπου

77 2386 80 2390 .
129 2387 136 2393 ,
146 2364 182 2391 τὰ
196 2365 266 2400 μέρη
279 2364 408 2396 δικαστὰς
424 2364 538 2396 ἕλοιντο,
554 2366 577 2391 εἰ
591 2366 636 2392 καὶ
651 2364 794 2396 ἐλάττονες
811 2362 867 2389 εἷεν
881 2363 936 2389 τῶν

146 2413 175 2437 ὲν
198 2410 289 2442 ἄλλοις
314 2412 491 2445 δρισθέντων,
508 2411 611 2438 δώδεκα
630 2411 732 2446 δηλαδὴ
755 2410 802 2437 ἐπὶ
826 2410 939 2437 ἐπισκό-

146 2466 217 2490 πων,
233 2457 281 2484 καὶ
292 2457 322 2490 ’ἐξ
337 2458 384 2484 ἐπὶ
400 2448 605 2493 πρεσϐυτέρων,
623 2458 669 2485 καὶ
686 2458 770 2494 τριῶν
785 2458 832 2484 ἐπὶ
847 2457 938 2485 διακό-

146 2514 210 2536 νων,
223 2506 237 2531 ὁ
254 2505 467 2536 καταδικασθεὶς
483 2504 529 2531 ὑπ’
543 2505 656 2531 ἐκείνων
672 2505 701 2530 οὑ
718 2505 830 2531 δύναται
843 2505 936 2539 ζητεῖν

147 2549 289 2584 ἔκκλητον.
313 2550 350 2575 Οὐ
374 2549 415 2575 δεῖ
438 2549 466 2576 δὲ
488 2549 637 2584 κληρικοὺς
663 2549 754 2581 ὄντας,
779 2548 937 2580 πολιτικοὺς

147 2593 296 2629 αἱρεῖσθαι,
321 2593 390 2620 ἀλλὰ
416 2594 466 2629 τῆς
482 2593 645 2629 Ἐκκλησίας
671 2594 812 2626 δικαστὰς,
835 2594 878 2620 ἵνα
898 2593 937 2629 μὴ

147 2641 305 2672 κανονικαῖς
323 2640 516 2675 ὑποϐληοῶσιν
531 2640 670 2672 εὐθύναις.

188 2686 218 2712 ’0
233 2686 260 2713 δὲ
271 2685 314 2722 κη’
332 2686 400 2721 πρὸς
412 2687 441 2713 δὲ
454 2688 502 2714 καὶ
516 2688 529 2714 ὁ
542 2689 597 2721 ρκε¹
617 2689 674 2719 τοῖς
692 2687 834 2723 κληρικοῖς
845 2688 938 2715 αἰτιω-

150 2732 242 2767 μένοις
253 2732 302 2769 τὴν
314 2733 361 2759 τοῦ
379 2732 444 2760 ἰδίου
461 2734 612 2760 ἐπισκόπου
626 2733 774 2769 ἀπόφασιν,
792 2734 831 2766 ὡς
849 2735 882 2762 ἂν
900 2733 938 2770 μὴ

148 2779 261 2811 δικαίως
276 2779 473 2815 ὲξενεχθεῐσαν,
491 2781 554 2812 τοὺς
574 2781 606 2808 ὲκ
622 2781 749 2815 γειτόνων
769 2781 938 2814 ἐπισκόπους

148 2825 245 2860 κριτὰς
264 2826 368 2854 κελεύει
383 2826 517 2859 καθίζειν,
531 2826 644 2863 θελήσει
660 2828 705 2855 τοῦ
723 2828 774 2864 ήδη
791 2828 937 2864 κρίναντος

148 2872 309 2900 ἐπισκόπου.
325 2873 355 2899 Ei
376 2873 404 2899 δὲ
427 2874 472 2900 καὶ
488 2873 558 2908 μετᾶ
580 2875 692 2906 τούτους
707 2875 800 2910 ἔφεσιν
815 2875 937 2902 αἰτοῦσιν

991 2275 1055 2303 fecit
1066 2275 1209 2304 adductos.
1228 2275 1305 2310 Quod
1323 2276 1345 2304 si
1359 2278 1445 2304 amba:
1460 2282 1551 2311 partes
1563 2276 1670 2311 judiccs
1689 2276 1778 2311 elege-

990 2322 1190 2357 rint,quam\'is
1204 2323 1357 2358 pauciores.
1368 2331 1450 2358 quant
1465 2323 1490 2349 in
1504 2323 1564 2350 aliis
1575 2323 1717 2350 definitum
1727 2326 1779 2355 est,

991 2367 1103 2401 fuerint,
1119 2376 1220 2404 nempe
1254 2369 1282 2396 in
1309 2370 1503 2404 episcoporum
1526 2376 1608 2397 causa
1633 2367 1780 2401 duodenis,

991 2413 1211 2449 presbyterorum
1240 2421 1300 2446 sex,
1326 2414 1505 2442 diacouorum
1541 2414 1640 2447 tribus,
1672 2414 1706 2442 ab
1739 2414 1782 2442 his

989 2459 1129 2494 judicibus
1144 2460 1274 2488 damnato
1306 2460 1472 2495 provocandi
1504 2460 1620 2489 facultas
1651 2469 1704 2488 non
1728 2466 1780 2488 est.

991 2505 1114 2534 Clericos
1129 2511 1221 2533 autem
1235 2506 1343 2542 judices
1359 2506 1457 2534 civiles
1473 2507 1574 2542 eligere
1592 2515 1646 2534 non
1661 2511 1781 2542 oportrt,

991 2553 1037 2580 sed
1054 2552 1264 2584 ecclesiasticos,
1281 2561 1314 2580 ne
1331 2553 1420 2588 poenis
1433 2553 1575 2581 canonicis
1585 2554 1779 2589 subjiciantur.

1026 2691 1120 2718 Canon
1145 2695 1234 2717 autem
1250 2691 1286 2718 28
1299 2698 1359 2718 cum
1375 2691 1426 2718 195
1444 2691 1560 2719 clericos
1586 2691 1632 2726 qui
1659 2691 1779 2726 episcopi

993 2739 1035 2765 sui
1053 2737 1197 2766 sentcntiw
1215 2745 1269 2765 non
1288 2739 1483 2773 acquiescunt,
1497 2743 1625 2773 tanquam
1642 2737 1782 2772 noujuste

991 2785 1063 2817 latae,
1081 2784 1187 2812 vicinos
1209 2785 1476 2820 episcoposjudices
1498 2784 1667 2811 constituere
1691 2784 1780 2818 jubet,

992 2838 1054 2858 cum
1071 2838 1208 2858 consensu
1226 2831 1346 2866 episcopi
1364 2831 1410 2865 qui
1430 2830 1505 2864 prius
1534 2830 1677 2864 judiCavit.
1702 2830 1782 2863 Quod

991 2877 1012 2905 si
1022 2882 1114 2912 postea
1128 2877 1347 2912 provocationem
1358 2877 1412 2911 97
1423 2877 1473 2904 sibi
1484 2877 1542 2904 dari
1553 2877 1690 2912 postulent
1702 2872 1719 2904 ii
1733 2878 1779 2912 qni
