1948 3064
193 94 259 149 123i

783 113 1203 160 MATTH/EI'BLASTARIS

1748 134 1822 166 1232

188 174 358 208 iudicantur,
377 172 409 200 ad
427 174 574 208 provinciae
600 176 844 211 metropolitanum
878 181 966 214 abire;

1023 184 1047 209 oi
1063 183 1250 219 δικαζόμενοι,
1269 185 1337 221 πρὸς
1351 186 1398 213 τδν
1410 187 1460 222 τῆς
1474 188 1610 225 ἐπαρχίας
1628 190 1741 219 ἀπιέναι
1762 201 1819 227 μη-

189 219 231 245 sin
245 225 310 245 vero
323 222 399 246 trans
427 226 501 246 mare
526 220 559 247 ad
587 221 655 249 alias
682 223 839 257 provincias
865 226 976 260 proiici-

188 268 310 295 scantur,
326 265 474 300 segregari,
494 265 529 293 iis
549 266 595 300 qui
614 271 680 294 sunt
697 268 724 295 in
744 269 834 296 Africa
866 278 914 298 eos
941 272 973 299 ad

187 310 407 337 communionem
424 318 477 337 non
494 311 718 341 admittentibus.
746 313 819 343 Hinc
851 317 976 344 ostendi-

188 359 242 388 tur,
261 363 314 383 non
332 356 414 384 licere
430 364 506 392 papae
529 357 653 386 Romano
680 361 804 388 omnium
835 362 974 390 Ecclesia-

187 409 247 428 rum
281 402 477 436 appellationes
510 405 678 433 examinare.
709 405 738 433 Si
775 407 848 434 enim
879 409 974 443 appel-

186 447 304 475 lationes
318 449 344 474 in
360 449 450 476 Africa
478 450 647 483 examinare,
668 459 729 486 qum
745 457 870 487 respectu
883 453 976 482 Roma:

187 497 264 520 trans
277 501 353 522 mare
373 495 425 522 sita
448 500 500 530 est,
527 504 614 523 canon
644 499 859 531 non‘conccdit,
889 501 975 528 multo

188 540 279 567 minus
298 540 325 567 in
358 541 426 568 alias
445 542 569 577 regiones
592 542 643 570 hoc
672 543 715 574 ius
747 545 866 573 habcbit.

221 585 315 614 Cauon
347 586 460 621 insuper
493 587 543 615 104
558 590 646 616 sacris
672 590 816 618 ordinibus
838 592 973 626 initiatos,

186 632 232 667 qtti
262 633 297 660 ad
327 640 417 668 regem
445 634 557 668 abeunt,
576 640 603 662 et
623 641 718 671 petunt
746 643 773 664 ut
802 638 908 673 judices
936 640 974 667 ci-

186 678 254 706 viles
288 687 397 706 causam
416 687 493 707 suam
528 681 698 715 examinent,
712 682 848 716 judicium
869 685 976 713 scilicet

186 725 403 753 ceclesiasticum
433 727 617 762 repudiantes,
634 728 754 762 deponit;
772 736 819 757 eos
835 738 898 757 vero
913 731 973 766 epi-

186 771 295 807 scopale
315 772 447 808 judicium
474 781 490 801 a
517 780 580 809 rege
607 775 787 810 postulantes,
801 784 854 804 non
884 777 972 812 punit.

220 862 313 890 Canon
343 870 408 891 vero
423 864 467 897 30,
488 864 516 891 Si
533 865 596 897 duo,
609 861 710 902 inquit,
723 867 838 904 litigent,
855 876 970 904 quorum

185 910 254 937 alter
282 910 308 937 in
335 910 397 937 loco
425 911 453 938 in
483 919 538 947 quo
566 912 686 940 tribunal
713 914 838 949 erigitur,
866 917 972 943 exami-

184 956 322 983 nationem
359 962 477 990 recuset,
521 962 646 987 metuens
684 959 755 988 forte
785 969 820 989 ne
855 962 970 996 populus

183 1010 318 1037 propenso
348 1003 375 1030 in
406 1003 593 1032 adversarium
623 1006 682 1041 ejus
711 1007 805 1037 animo
837 1008 968 1043 impetum

183 1050 211 1076 in
241 1049 315 1076 illum
343 1051 467 1078 facturus
479 1050 515 1077 sit
547 1051 663 1086 (utpote
690 1053 737 1086 qui
754 1052 808 1080 illic
823 1054 969 1087 potentiam

184 1095 319 1129 habeat),
341 1096 383 1122 vel
410 1100 490 1124 testes
517 1097 667 1131 producere
695 1105 757 1124 cum
794 1106 847 1126 non
878 1100 969 1133 sinat,

184 1139 221 1166 illi
253 1140 416 1174 permissum
444 1146 485 1168 cst
515 1142 597 1168 alium
630 1142 719 1169 locum
748 1143 859 1178 eligere,
879 1145 968 1179 ibique

182 1192 292 1212 causam
310 1186 519 1214 examinandam
546 1188 654 1222 sistere;
669 1189 789 1217 vicinum
813 1195 916 1222 tamen.
935 1199 969 1219 ne

182 1232 297 1261 tliﬂicilis
327 1233 363 1260 sit
383 1233 520 1268 judicibus
538 1235 744 1270 peregrinatio,
759 1240 786 1264 et
811 1237 968 1266 adversario

183 1280 293 1307 testium
325 1280 479 1315 productio.

542 1326 606 1355 Lex.

212 1371 363 1399 Justiniani
378 1371 488 1400 Novella
517 1373 580 1405 125,
602 1372 630 1400 Si
652 1374 709 1409 qui,
727 1373 825 1409 inquit,
842 1375 964 1411 ejusdem

183 1419 278 1453 synodi
319 1419 488 1446 sanctissimi
522 1419 656 1454 episcopi,
671 1422 884 1449 controversiam
915 1423 965 1450 ali-

181 1472 261 1499 quam
293 1464 364 1492 intcr
392 1472 422 1492 se
452 1465 580 1498 habeant,
613 1466 672 1493 sive
697 1466 730 1493 de
743 1466 806 1501 jure
829 1468 962 1495 ecclesia-

1026 228 1202 264 τροπολίτην.
1227 230 1258 257 ΕΙ
1275 231 1303 257 δὲ
1320 233 1408 267 πέραν
1423 234 1472 268 τῆς
1487 234 1626 270 Θαλάσσης
1647 238 1715 272 πρὸς
1732 239 1819 272 ἄλλας

1031 273 1168 309 ἐπαρχίας
1183 275 1305 309 ἀπίοιεν,
1321 278 1512 313 ἀφορίζεσθαι,
1527 281 1582 308 τῶν
1599 282 1626 308 ἐν
1636 282 1753 320 Ἀφρικῇ
1777 287 1820 317 εἰς

1026 321 1171 347 κοινωνίαν
1182 322 1281 354 αὐτοὺς
1294 324 1331 357 μὴ
1344 326 1542 359 προσιεμένων.
1557 326 1700 355 Ἐντεῦθεν
1711 329 1819 356 δείκνυ-

1026 372 1069 390 ται
1090 365 1127 400 μὴ
1148 365 1250 398 ἐξεῖναι
1276 368 1315 403 τῷ
1336 368 1458 404 Ῥώμης,
1476 371 1568 403 πάσας
1581 373 1631 404 τὰς
1645 373 1818 409 ,Ἒ-κκλησίας

1026 410 1182 446 ἐπιτηρεῖν.
1198 413 1229 438 Εἰ
1248 414 1301 448 γὰρ
1313 415 1362 446 τὰς
1379 415 1408 441 ἐν
1420 415 1538 452 Ἀφρικῇ
1554 419 1649 453 τηρεῖν
1659 419 1689 445 οὐ
1706 420 1818 448 δίδωσιν

1026 455 1040 481 ὀ
1063 455 1164 490 κανὼν,
1186 457 1282 492 πέραν’
1305 459 1354 494 τῆς
1380 460 1519 494 θαλάσσης
1547 462 1615 497 πρὸς
1633 464 1683 498 τὴν
1705 464 1817 501 Ῥώμην

1025 501 1211 536 διακειμένας,
1237 504 1318 540 σχολῇ
1345 505 1373 539 γ’
1399 505 1432 534 ἂν
1453 507 1515 534 καθ’
1538 507 1642 543 ἐτέρων
1658 510 1756 544 χωρῶν
1784 513 1817 537 τὺ

1024 547 1146 574 τοιοῦτον
1162 548 1265 576 δίκαιον
1285 550 1373 586 σχοίη.

1067 591 1096 617 '0
1123 591 1152 618 δὲ
1177 591 1213 627 ρδ¹
1237 593 1369 630 καθαιρεῖ
1385 595 1449 628 τοὺς
1467 599 1631 633 προσιόντας
1648 601 1816 637 ίερωμένους

1024 636 1062 671 τῷ
1091 636 1210 672 βασιλεῖ,
1236 639 1284 665 καὶ
1318 641 1463 674 αἰτοῦντας
1498 644 1653 678 πολιτικοὺς
1681 647 1815 680 δικαστὰς

1024 680 1058 706 τὰ
1075 681 1125 716 τῆς
1140 682 1296 715 ὑποθέσεως
1312 685 1402 712 αὐτῶν
1419 687 1558 721 ἐξετάσαι,
1581 690 1612 717 τὺ
1633 693 1682 726 τῆς
1697 693 1816 730 Ἐκκλη-

1025 727 1084 758 σίας
1101 729 1340 763 παραιτουμένους
1360 731 1536 767 δικαστήριον
1547 744 1553 751 ·
1568 737 1728 765 ἐπισκόπων
1749 727 1815 774 μέν-

1024 781 1065 799 τοι
1082 772 1257 809 δικαστήριον
1275 776 1352 810 παρὰ
1369 776 1503 812 βασιλέως
1519 780 1663 815 αἰτοῦντας
1682 784 1733 811 οὐκ
1749 772 1812 812 ἐπι-

1025 818 1147 853 πλήττει.
1232 827 1237 833 ·
1285 825 1290 831 “

1062 863 1093 911 ’9
1107 864 1136 891 δὲ
1155 864 1187 898 λ’,
1199 865 1265 893 Ἐὰν
1287 866 1344 900 δύο,
1362 870 1440 903 φησὶ,
1459 870 1634 905 δικάζωνται,
1651 870 1688 901 ὧν
1705 874 1810 911 ἕτερος,

1022 909 1051 935 ἐν
1065 906 1087 943 ᾦ
1100 911 1131 937 τὸ
1144 911 1320 948 δικαστήριον
1334 915 1497 943 συνίσταται
1513 917 1602 954 τόπῳ,
1620 920 1670 955 τὴν
1685 921 1811 954 ἐξέτασιν

1021 959 1208 992 παραιτεῖται,
1227 960 1404 995 ὑπειδόμενος
1417 961 1482 994 ἴσως
1496 963 1545 998 τὴν
1561 965 1607 991 τοῦ
1624 965 1690 993 λαοῦ
1707 968 1811 995 ἐπανά-

1022 1009 1129 1035 στασιν,
1146 1004 1185 1039 τῷ
1200 1005 1330 1041 ἀντιδίκῳ
1352 1006 1433 1033 αὐτοῦ
1460 1011 1670 1045 προσκειμένου,
1691 1013 1728 1045 ὼς
1749 1015 1810 1041 ἐκεῖ

1021 1048 1319 1085 παραδυναστεῦοντος,
1346 1052 1363 1088 ἦ
1391 1053 1436 1079 καὶ
1460 1054 1603 1091 μάρτυρας
1630 1058 1680 1085 οὐκ
1707 1059 1809 1092 ἐῶντος

1020 1097 1204 1130 παραγαγεῖν,
1220 1097 1328 1130 ἐφεῖται
1345 1098 1433 1133 τούτῳ
1447 1100 1531 1126 τόπον
1552 1102 1728 1135 ἐπιλέξασθαι
1749 1105 1810 1132 ἔτε-

1018 1147 1078 1174 ρον,
1091 1141 1174 1167 κάκεῖ
1183 1141 1218 1168 τὰ
1229 1142 1280 1177 τῆς
1292 1143 1369 1179 δίκης
1379 1143 1568 1180 ἐξετασθῆναι,
1581 1148 1697 1183 ἔγγιστα
1714 1151 1808 1185 μέντοι

1019 1189 1200 1224 διακείμενον,
1218 1192 1261 1219 ἵνα
1281 1194 1319 1228 μὴ
1333 1194 1467 1230 δυσχερὴς
1483 1196 1539 1227 τοῖς
1556 1197 1663 1229 κριταῖς
1680 1198 1696 1231 ὴ
1715 1198 1806 1224 ἐκεῖσε

1018 1235 1061 1269 εῐη
1081 1236 1231 1271 ἀποδημία,
1256 1238 1295 1273 τῷ
1317 1248 1347 1265 τε
1364 1240 1557 1277 ἀντιδίκῳνκαὶ
1571 1243 1603 1279 τῇ
1624 1242 1680 1269 τῶν
1702 1243 1809 1279 μαρτύ-

1018 1290 1074 1317 ρων
1088 1284 1202 1318 προσέτι
1220 1287 1389 1322 παραγωγῇ.

1358 1335 1468 1369 Νόμος.

1057 1373 1090 1400 Ἦ
1108 1374 1167 1410 ρκγ¹
1180 1376 1397 1410 ’Ῐουστινιάνειος
1418 1380 1514 1415 νεαρὰ,
1533 1379 1564 1406 El
1579 1381 1606 1407 δέ
1623 1389 1705 1413 τινες,
1725 1382 1804 1415 φησὶ,

1015 1420 1157 1448 όσιώτατοι
1183 1422 1328 1450 ἐπίσκοποι
1351 1425 1400 1459 τῆς
1416 1426 1502 1460 αὐτῆς
1521 1427 1643 1458 συνόδου.
1665 1428 1808 1462 ἀμφισῦή-

1014 1466 1094 1500 τησίν
1112 1475 1172 1494 τινα
1195 1469 1264 1503 πρὸς
1282 1469 1412 1505 ἀλλήλους
1428 1471 1529 1506 ἔχοιεν,
1542 1472 1597 1499 εἴτε
1614 1472 1685 1508 ὑπὲρ
1702 1473 1806 1508 ἐκκλη-

180 1511 262 1543 stico,
278 1511 335 1538 sive
366 1510 399 1538 de
433 1510 493 1538 aliis
519 1511 683 1545 quibusdam
703 1513 830 1547 negotiis,
846 1515 963 1548 primum

1021 1513 1162 1540 σιαστικοῢ
1178 1514 1295 1547 δικαίου,
1311 1516 1365 1542 εἴτε
1384 1517 1454 1552 ὑπὲρ
1471 1517 1560 1544 ἄλλων
1576 1519 1659 1545 τινῶν
1674 1519 1807 1554 πραγμά-

180 1554 407 1589 metropolitanus
444 1562 538 1582 eorum
569 1563 629 1582 cum
661 1556 771 1585 duobus
799 1558 861 1586 aliis
895 1559 969 1594 ejus-

180 1598 241 1625 dem
269 1599 367 1634 synodi
405 1599 553 1634 episcopis,
571 1607 682 1628 causam
707 1602 819 1635 judicet.
837 1603 914 1636 Quod
944 1604 968 1631 si

179 1649 295 1680 utraque
319 1652 381 1679 pars
408 1645 442 1672 iis
458 1653 518 1680 quae
542 1645 662 1681 judicata
681 1652 745 1675 sunt
780 1656 834 1676 non
859 1649 968 1684 acquie-

179 1695 250 1723 scat,
281 1695 344 1718 tunc
359 1691 534 1719 beatissimus
558 1693 619 1727 ejus
645 1693 797 1722 diceceseos
811 1697 967 1730 patriarcha

179 1736 250 1764 inter
278 1744 326 1764 eos
351 1737 455 1770 audiat,
472 1745 560 1771 eaque
584 1738 708 1771 deliniat,
725 1747 786 1774 quae
809 1741 966 1770 canonibus

179 1782 376 1810 ecclesiasticis
408 1787 436 1809 et
465 1783 570 1816 legibus
595 1790 780 1813 consentanea
808 1791 883 1819 sunt,
901 1795 967 1815 neu-

179 1833 220 1855 tra
255 1834 330 1863 parte
366 1829 506 1856 sententia:
533 1830 592 1865 ejus
619 1832 807 1860 contradicere
847 1834 964 1862 valente.

177 1873 342 1902 Patriarchae
365 1875 437 1902 enim
466 1876 607 1903 sententiae
623 1877 797 1913 appellationi
820 1887 875 1908 non
902 1880 966 1908 sub-

174 1921 277 1956 jacent.

212 1967 240 1994 Si
267 1969 327 2002 quis
365 1975 430 1996 vero
458 1971 492 1996 ab
514 1969 650 2004 episcopis
671 1969 811 2005 judicatus
831 1971 901 2000 intra
916 1973 964 2001 de-

176 2021 234 2040 cem
249 2014 308 2041 dics
323 2014 427 2048 judicio
444 2015 653 2046 contradixerit,
670 2020 726 2042 tum
757 2017 877 2045 locorum
894 2026 963 2053 pra:-

178 2059 264 2087 lectus
280 2061 416 2095 negotium
443 2061 589 2094 examinet,
605 2065 632 2088 et
647 2061 690 2089 vel
716 2063 876 2090 sententiam
896 2072 963 2092 con-

176 2106 282 2139 lirmct,
303 2107 343 2133 vel
360 2107 499 2135 rescindat
515 2115 522 2140 ;
543 2111 571 2134 et
593 2115 626 2134 ne
644 2108 723 2135 liceat
736 2108 760 2135 ei
772 2109 817 2143 qui
843 2111 963 2138 secundo

176 2151 203 2178 iu
234 2153 327 2179 eadem
358 2160 388 2180 re
416 2153 505 2180 victus
530 2158 582 2186 est,
602 2161 760 2188 provocare.
779 2154 808 2181 Si
833 2162 896 2190 vero
919 2155 963 2190 ju-

1018 1566 1083 1592 των,
1099 1559 1234 1595 πρότερον
1258 1562 1272 1587 ό
1294 1563 1495 1598 μητροπολίτης
1519 1564 1609 1590 αὐτῶν
1626 1565 1687 1599 μεθ’
1701 1565 1806 1600 ἐτέρων

1017 1603 1064 1631 δύο
1075 1605 1108 1631 ἐκ
1123 1605 1179 1632 τῶν
1192 1608 1241 1642 τῆς
1253 1607 1338 1642 αὐτῆς
1351 1609 1463 1635 συνόδου
1473 1610 1632 1637 ἐπισκόπων
1642 1612 1672 1637 τὸ
1685 1612 1806 1646 πρᾶγμα

1018 1651 1146 1685 κρινέτω.
1171 1652 1232 1678 Κᾶν
1254 1653 1291 1688 μὴ
1308 1653 1424 1690 ἐμμείνῃ
1441 1655 1572 1690 ἑκάτερον
1590 1656 1672 1691 μέρος
1686 1657 1743 1688 τοῖς
1759 1665 1806 1683 κε-

1016 1696 1172 1731 κριμένοις,
1194 1699 1346 1733 τηνικαῦτα
1362 1701 1375 1726 ὁ
1398 1700 1608 1736 μακαριώτατος
1627 1703 1805 1737 πατριάρχης

1015 1741 1065 1775 τῆς
1087 1741 1248 1777 διοικήσεως
1271 1745 1378 1779 ἐκείνης
1404 1746 1507 1780 μεταξὺ
1529 1746 1619 1773 αὐτῶν
1643 1747 1803 1781 ἀκροάσθω,

1016 1787 1132 1815 κάκεῖνα
1145 1789 1272 1824 ὁριζέτω,
1289 1789 1370 1817 ἅτινα
1383 1793 1440 1823 τοῖς
1455 1792 1692 1827 ἐκκλησιαπικοίς
1705 1793 1803 1820 κανόσι

1016 1834 1064 1860 καὶ
1078 1834 1173 1869 νόμοις
1190 1836 1308 1871 συνᾴδει,
1322 1837 1430 1869 οὐδενὸς
1447 1839 1547 1873 μέρους
1558 1838 1630 1864 κατὰ
1643 1838 1693 1873 τῆς
1708 1838 1802 1873 ψήφου

1015 1878 1096 1905 αὑτοῦ
1110 1879 1262 1914 ἀντιλέγειν
1280 1881 1442 1915 δυναμένου.
1457 1883 1493 1908 Οὐ
1505 1882 1559 1917 γὰρ
1569 1883 1617 1909 καὶ
1632 1882 1759 1919 ἐκκλήτῳ
1774 1885 1803 1910 αι

1014 1925 1068 1952 τῶν
1085 1925 1263 1960 πατριαρχῶν
1277 1926 1439 1954 ὑπόκεινται
1452 1928 1547 1962 ψῆφοι.

1048 1971 1081 1997 Et
1091 1971 1119 1997 δέ
1132 1980 1175 2004 τις
1190 1972 1245 1998 τῶν
1260 1972 1336 2007 παρὰ
1353 1974 1410 2004 τοῖς
1434 1974 1594 2006 ἐπισκόποις
1615 1975 1804 2012 δικαζομένων

1014 2016 1092 2047 ἐντὸς
1112 2017 1178 2043 δέκα
1199 2018 1310 2053 ἡμερῶν
1326 2018 1442 2055 ἀντείπῃ
1452 2014 1509 2051 τοῖς
1524 2021 1712 2055 κεκριμένοις,
1726 2031 1803 2057 τηνι-

1013 2065 1101 2092 καῦτα
1130 2066 1144 2092 ό
1169 2066 1223 2092 τῶν
1239 2066 1330 2092 τόπων
1346 2066 1438 2102 ἄρχων
1456 2067 1486 2094 τδ
1503 2069 1622 2103 πρᾶγμα
1637 2069 1800 2103 ἐξεταζέτω,

1013 2110 1061 2137 καὶ
1088 2110 1104 2146 ἥ
1134 2110 1286 2146 βεδαιοὺτω
1306 2112 1356 2147 τὴν
1381 2112 1518 2148 ψῆφον,ῆ
1547 2114 1730 2148 ἐκὸιῦαζέτω,
1753 2117 1802 2143 καὶ

1014 2155 1051 2191 μὴ
1079 2156 1182 2189 ἐξέστω
1210 2157 1249 2192 τῷ
1273 2158 1402 2192 δεύτερον
1423 2159 1452 2185 ἐν
1471 2159 1509 2194 τῷ
1524 2160 1638 2194 τοιούτῳ
1656 2161 1802 2196 πράγματι

176 2199 228 2224 dcx
258 2198 422 2225 contrariam
453 2199 582 2233 episcopo
615 2199 778 2226 sententiam
806 2198 885 2232 ferat,
900 2200 959 2235 ejus

1021 2201 1155 2237 jttqeévu
1185 2204 1373 2231 ἐκκαλεῖσθαι.
1399 2204 1544 2236 Ἐναντίως
1565 2205 1594 2232 δὲ
1625 2206 1673 2232 τοῦ
1702 2207 1802 2242 ἄρχον.

174 2246 309 2272 sententia
339 2243 513 2278 appellationi
537 2244 656 2270 obnoxia
689 2247 742 2276 est,
758 2249 785 2272 et
810 2245 959 2273 secundum

173 2291 259 2326 legem
293 2290 421 2322 refertur,
439 2293 466 2316 ct
503 2289 688 2316 exam‘inatur.
716 2289 800 2322 Quod
830 2290 852 2317 si
887 2291 960 2326 regis

174 2338 312 2370 mandato,
331 2337 371 2364 vel
395 2336 474 2371 jussu
496 2335 654 2371 judiciario,
676 2337 820 2372 episcopus
843 2337 958 2372 judicat,

109 2403 118 2412 .
172 2385 208 2411 ad
233 2392 294 2411 eum
325 2382 372 2417 qui
396 2389 507 2410 causam
541 2382 626 2415 misit,
644 2383 791 2417 appellatio
815 2384 958 2411 releratur.

175 2430 205 2456 Si
234 2437 298 2456 vero
323 2436 368 2456 rcs
396 2427 579 2456 ecclesiastica
619 2427 711 2460 fuerit,
747 2428 840 2456 civiles
875 2429 960 2464 magi—

173 2479 277 2503 stratus
292 2481 354 2500 cum
383 2473 434 2500 hac
467 2480 550 2500 causa
578 2472 646 2500 nihil
666 2473 785 2501 habeant
796 2481 957 2514 commune,

171 2521 219 2548 sed
251 2519 417 2547 sanctissimi
448 2519 568 2554 episcopi
597 2518 674 2554 juxta
705 2519 814 2548 divinos
838 2527 958 2548 canones

171 2566 364 2595 controversiae
391 2565 473 2593 ﬁnem
503 2565 655 2599 imponant.

205 2708 358 2744 lmpcrialis
379 2713 405 2736 et
428 2706 589 2743 principalis
611 2707 745 2734 sententia
780 2708 956 2743 appellationi

167 2764 221 2784 non
239 2755 371 2790 subjacet,
388 2762 476 2789 nequc
489 2753 522 2780 ab
535 2753 588 2780 alio
603 2757 767 2780 retractatur
791 2753 842 2781 nisi
858 2762 871 2781 a
888 2754 958 2790 seip-

167 2809 223 2834 so;
249 2800 477 2835 quemadmodum
509 2803 535 2826 et
575 2797 663 2825 Moses
688 2798 734 2832 qui
764 2798 848 2826 Deum
875 2799 955 2834 vidit,

166 2847 225 2881 lege
250 2847 303 2874 luta
335 2847 414 2882 dixit,
431 2845 601 2874 Rctractabis
620 2844 721 2880 judicia
742 2848 799 2873 tua.

1013 2253 1058 2277 τος
1076 2245 1124 2272 τοῦ
1147 2247 1300 2274 ἐπισκόπου
1324 2248 1526 2283 ψηφιζομένου,
1547 2250 1564 2278 ἡ
1593 2249 1640 2276 τοῦ
1668 2250 1802 2286 ἄρχοντος

1013 2290 1102 2326 ψῆφος
1131 2292 1274 2319 ὑπόκειται
1299 2293 1436 2329 ἐκκλήτῳ,
1460 2295 1508 2321 καὶ
1536 2295 1609 2321 κατὰ
1640 2295 1686 2322 τὸν
1716 2297 1801 2331 νόμον

1013 2337 1179 2372 ἀναφέρεται
1199 2340 1246 2366 καὶ
1266 2340 1446 2374 γυμνάζεται.
1463 2341 1495 2367 Ei
1516 2341 1608 2376 μέντοι
1625 2350 1658 2376 γε
1678 2343 1711 2369 ἐκ
1726 2343 1802 2377 βασι-

1012 2382 1092 2418 λικῆς
1107 2384 1291 2420 κελεύσεωςῆ
1315 2386 1478 2421 δικαστικῆς
1495 2388 1672 2421 προστάξεως
1690 2389 1803 2415 ἐπίσκο-

1012 2437 1064 2460 πος
1078 2431 1177 2465 κρίνει,
1194 2431 1211 2465 ὴ
1227 2431 1361 2467 ἔκκλητος
1382 2433 1428 2458 ἐπὶ
1443 2432 1487 2459 τὸν
1505 2433 1731 2468 παραπέμψαντα
1751 2436 1802 2470 τὴν

1013 2475 1142 2502 ὑπόθεσιν
1160 2477 1353 2511 ἀναφερέσθω.
1371 2478 1402 2504 Εἰ
1418 2478 1447 2504 δὲ
1461 2477 1691 2512 ἐκκλησιαστικὸν
1712 2480 1756 2515 εἴη
1771 2481 1802 2507 τδ

1012 2522 1142 2556 πρᾶγμα,
1163 2523 1299 2557 μηδεμίαν
1312 2523 1459 2549 κοινωνίαν
1471 2523 1609 2558 ἐχέτωσαν
1624 2524 1648 2549 οἱ
1664 2524 1802 2552 πολιτικοὶ

1011 2568 1143 2603 ᾇρχοντες
1164 2569 1232 2604 πρὸς
1249 2569 1299 2604 τὴν
1312 2569 1441 2604 τοιαύτην
1456 2568 1598 2600 ὑπόθεσιν,
1617 2568 1674 2594 ἀλλ’
1684 2569 1708 2595 οἱ
1721 2571 1802 2597 ὁσιώ-

1011 2621 1087 2640 τατοι
1103 2615 1249 2641 ἐπίσκοποι
1263 2607 1347 2641 ’κατὰ
1361 2614 1424 2646 τοὺς
1438 2614 1530 2650 ἱεροὺς
1540 2614 1658 2646 κανόνας
1671 2614 1711 2649 τῷ
1729 2617 1803 2651 πρά-

1011 2666 1099 2693 γματι
1115 2659 1202 2694 πέρας
1217 2660 1428 2686 ἐπιτιθὲτωσαν.

1045 2703 1083 2730 Τὸ
1112 2705 1346 2740 αὑτοκρατορικον
1371 2706 1419 2732 καὶ
1439 2705 1581 2740 βασιλικὸν
1596 2706 1743 2742 κριτήριον
1756 2708 1801 2734 ἐκ·

1011 2749 1103 2784 κλήτῳ
1115 2751 1162 2785 οὐχ
1174 2750 1328 2784 ὑπόκειται,
1341 2751 1400 2776 οῦδέ
1413 2750 1623 2785 ἀναψηλαφᾶται
1635 2751 1681 2785 ὑφ’
1693 2751 1798 2786 ἐτέρου,

1011 2796 1070 2822 ἀλλ’
1085 2795 1130 2829 ὑφ’
1144 2796 1242 2822 ἑαυτοῦ
1259 2797 1302 2823 ἀεὶ
1316 2797 1543 2831 ἐπανακρίνεται,
1560 2798 1635 2824 καθὰ
1655 2798 1702 2824 καὶ
1715 2799 1730 2824 ὁ
1744 2798 1802 2825 θεό-

1011 2850 1084 2873 πτης
1099 2842 1220 2875 Μωῡσῆς
1230 2842 1394 2879 νομοθετῶν,
1408 2842 1619 2879 Ἐπανακρινεῖς
1631 2844 1682 2876 τὰς
1695 2844 1801 2881 κρίσεις

1012 2896 1072 2920 σου,
1085 2886 1274 2920 διηγόρευσεν.
