  <div class='ocr_page' id='page_1' title='image "/cluster/home/n/w/nwhite01/storage/ocr_20150623/144/njp.32101010942892/660.png"; bbox 0 0 1948 3064; ppageno 0'>
   <div class='ocr_carea' id='block_1_1' title="bbox 133 163 202 195">
    <p class='ocr_par' dir='ltr' id='par_1_1' title="bbox 133 163 202 195">
     <span class='ocr_line' id='line_1_1' title="bbox 133 163 202 195; baseline 0.014 -2"><span class='ocrx_word' id='word_1_1' title='bbox 133 163 202 195; x_wconf 64' lang='lat'><strong>1233</strong></span> 
     </span>
    </p>
   </div>
   <div class='ocr_carea' id='block_1_2' title="bbox 638 162 1286 197">
    <p class='ocr_par' dir='ltr' id='par_1_2' title="bbox 638 162 1286 197">
     <span class='ocr_line' id='line_1_2' title="bbox 638 162 1286 197; baseline 0 -1"><span class='ocrx_word' id='word_1_2' title='bbox 638 164 842 197; x_wconf 78' lang='lat' dir='ltr'><strong>SYNTAGMA</strong></span> <span class='ocrx_word' id='word_1_3' title='bbox 862 163 1178 196; x_wconf 80' lang='lat' dir='ltr'><strong>ALPHABETICUM.</strong></span> <span class='ocrx_word' id='word_1_4' title='bbox 1201 177 1236 184; x_wconf 89' lang='grc'><strong>-</strong></span> <span class='ocrx_word' id='word_1_5' title='bbox 1255 162 1286 196; x_wconf 75' lang='grc' dir='ltr'><strong>Δ.</strong></span> 
     </span>
    </p>
   </div>
   <div class='ocr_carea' id='block_1_3' title="bbox 1704 158 1772 190">
    <p class='ocr_par' dir='ltr' id='par_1_3' title="bbox 1704 158 1772 190">
     <span class='ocr_line' id='line_1_3' title="bbox 1704 158 1772 190; baseline 0 0"><span class='ocrx_word' id='word_1_6' title='bbox 1704 158 1772 190; x_wconf 64' lang='grc'><strong>1234</strong></span> 
     </span>
    </p>
   </div>
   <div class='ocr_carea' id='block_1_4' title="bbox 168 211 926 259">
    <p class='ocr_par' dir='ltr' id='par_1_4' title="bbox 168 220 921 259">
     <span class='ocr_line' id='line_1_4' title="bbox 168 220 921 259; baseline 0.001 -12"><span class='ocrx_word' id='word_1_7' title='bbox 168 221 205 247; x_wconf 68' lang='grc' dir='ltr'><strong>Τὸ</strong></span> <span class='ocrx_word' id='word_1_8' title='bbox 221 220 269 248; x_wconf 81' lang='grc' dir='ltr'>τοῦ</span> <span class='ocrx_word' id='word_1_9' title='bbox 289 221 458 257; x_wconf 79' lang='grc' dir='ltr'><strong>πατριάρχου</strong></span> <span class='ocrx_word' id='word_1_10' title='bbox 479 223 625 258; x_wconf 82' lang='grc' dir='ltr'><strong>κριτήριον</strong></span> <span class='ocrx_word' id='word_1_11' title='bbox 642 223 768 259; x_wconf 84' lang='grc' dir='ltr'>ὲκκλητῳ</span> <span class='ocrx_word' id='word_1_12' title='bbox 791 223 840 258; x_wconf 82' lang='grc' dir='ltr'>οὐχ</span> <span class='ocrx_word' id='word_1_13' title='bbox 857 221 921 248; x_wconf 82' lang='grc' dir='ltr'>ὑπό-</span> 
     </span>
    </p>
   </div>
   <div class='ocr_carea' id='block_1_5' title="bbox 987 211 1770 259">
    <p class='ocr_par' dir='ltr' id='par_1_5' title="bbox 1009 211 1770 257">
     <span class='ocr_line' id='line_1_5' title="bbox 1009 211 1770 257; baseline -0.001 -9"><span class='ocrx_word' id='word_1_14' title='bbox 1009 221 1177 250; x_wconf 75' lang='lat' dir='ltr'><strong>Patriarclue</strong></span> <span class='ocrx_word' id='word_1_15' title='bbox 1204 211 1344 250; x_wconf 67' lang='lat' dir='ltr'><strong>sententia</strong></span> <span class='ocrx_word' id='word_1_16' title='bbox 1359 220 1534 257; x_wconf 81' lang='lat' dir='ltr'><strong>appellationi</strong></span> <span class='ocrx_word' id='word_1_17' title='bbox 1562 227 1616 248; x_wconf 88' lang='lat' dir='ltr'><strong>non</strong></span> <span class='ocrx_word' id='word_1_18' title='bbox 1637 219 1770 255; x_wconf 77' lang='lat' dir='ltr'><strong>subjaeet,</strong></span> 
     </span>
    </p>
   </div>
   <div class='ocr_carea' id='block_1_6' title="bbox 132 268 922 304">
    <p class='ocr_par' dir='ltr' id='par_1_6' title="bbox 132 268 922 304">
     <span class='ocr_line' id='line_1_6' title="bbox 132 268 922 304; baseline 0 -9"><span class='ocrx_word' id='word_1_19' title='bbox 132 276 232 300; x_wconf 86' lang='grc' dir='ltr'>κειται,</span> <span class='ocrx_word' id='word_1_20' title='bbox 249 268 537 304; x_wconf 37' lang='grc' dir='ltr'>οὐδὲλάναψηλαφᾶται</span> <span class='ocrx_word' id='word_1_21' title='bbox 553 269 598 304; x_wconf 76' lang='grc' dir='ltr'><strong>ὑφ’</strong></span> <span class='ocrx_word' id='word_1_22' title='bbox 613 269 721 304; x_wconf 80' lang='grc' dir='ltr'>ἐτέρου,</span> <span class='ocrx_word' id='word_1_23' title='bbox 734 269 773 301; x_wconf 85' lang='grc' dir='ltr'><strong>ὡς</strong></span> <span class='ocrx_word' id='word_1_24' title='bbox 790 269 862 304; x_wconf 83' lang='grc' dir='ltr'>ἀρχὴ</span> <span class='ocrx_word' id='word_1_25' title='bbox 875 269 922 295; x_wconf 83' lang='grc' dir='ltr'>καὶ</span> 
     </span>
    </p>
   </div>
   <div class='ocr_carea' id='block_1_7' title="bbox 132 314 922 351">
    <p class='ocr_par' dir='ltr' id='par_1_7' title="bbox 132 314 922 351">
     <span class='ocr_line' id='line_1_7' title="bbox 132 314 922 351; baseline 0.001 -11"><span class='ocrx_word' id='word_1_26' title='bbox 132 315 198 341; x_wconf 79' lang='grc' dir='ltr'>αὐτὸ</span> <span class='ocrx_word' id='word_1_27' title='bbox 206 315 260 342; x_wconf 90' lang='grc' dir='ltr'><strong>τῶν</strong></span> <span class='ocrx_word' id='word_1_28' title='bbox 276 314 517 350; x_wconf 84' lang='grc' dir='ltr'>ὲκκλησιαστικῶν</span> <span class='ocrx_word' id='word_1_29' title='bbox 535 315 695 351; x_wconf 75' lang='grc' dir='ltr'><strong>κριτηρίων.</strong></span> <span class='ocrx_word' id='word_1_30' title='bbox 712 315 758 349; x_wconf 83' lang='grc' dir='ltr'><strong>Ἐξ</strong></span> <span class='ocrx_word' id='word_1_31' title='bbox 771 315 853 342; x_wconf 83' lang='grc' dir='ltr'>αὑτοῦ</span> <span class='ocrx_word' id='word_1_32' title='bbox 868 314 922 350; x_wconf 83' lang='grc' dir='ltr'>γὰρ</span> 
     </span>
    </p>
   </div>
   <div class='ocr_carea' id='block_1_8' title="bbox 132 360 923 397">
    <p class='ocr_par' dir='ltr' id='par_1_8' title="bbox 132 360 923 397">
     <span class='ocr_line' id='line_1_8' title="bbox 132 360 923 397; baseline 0 -10"><span class='ocrx_word' id='word_1_33' title='bbox 132 362 224 387; x_wconf 84' lang='grc' dir='ltr'>πάντα</span> <span class='ocrx_word' id='word_1_34' title='bbox 246 360 282 387; x_wconf 84' lang='grc' dir='ltr'><strong>τὰ</strong></span> <span class='ocrx_word' id='word_1_35' title='bbox 310 360 528 396; x_wconf 70' lang='grc' dir='ltr'>ἐκκλησιαστικὰ</span> <span class='ocrx_word' id='word_1_36' title='bbox 547 362 687 397; x_wconf 84' lang='grc' dir='ltr'>κριτήρια,</span> <span class='ocrx_word' id='word_1_37' title='bbox 718 361 765 388; x_wconf 86' lang='grc' dir='ltr'>καὶ</span> <span class='ocrx_word' id='word_1_38' title='bbox 791 361 833 392; x_wconf 84' lang='grc' dir='ltr'><strong>είς</strong></span> <span class='ocrx_word' id='word_1_39' title='bbox 857 360 923 387; x_wconf 80' lang='grc' dir='ltr'>αὐτὸ</span> 
     </span>
    </p>
   </div>
   <div class='ocr_carea' id='block_1_9' title="bbox 132 406 921 441">
    <p class='ocr_par' dir='ltr' id='par_1_9' title="bbox 132 406 921 441">
     <span class='ocr_line' id='line_1_9' title="bbox 132 406 921 441; baseline 0.001 -9"><span class='ocrx_word' id='word_1_40' title='bbox 132 406 255 439; x_wconf 76' lang='grc' dir='ltr'><strong>ἀναλύει,</strong></span> <span class='ocrx_word' id='word_1_41' title='bbox 281 407 328 432; x_wconf 72' lang='grc' dir='ltr'><strong>καὶ</strong></span> <span class='ocrx_word' id='word_1_42' title='bbox 347 407 560 441; x_wconf 80' lang='grc' dir='ltr'><strong>ἀναστρέφεται,</strong></span> <span class='ocrx_word' id='word_1_43' title='bbox 578 407 645 434; x_wconf 70' lang='grc' dir='ltr'>αὐτὸ</span> <span class='ocrx_word' id='word_1_44' title='bbox 659 407 688 434; x_wconf 68' lang='grc' dir='ltr'>δὲ</span> <span class='ocrx_word' id='word_1_45' title='bbox 710 407 774 434; x_wconf 79' lang='grc' dir='ltr'>οὔτε</span> <span class='ocrx_word' id='word_1_46' title='bbox 794 407 826 434; x_wconf 70' lang='grc' dir='ltr'>ἐκ</span> <span class='ocrx_word' id='word_1_47' title='bbox 839 415 921 439; x_wconf 84' lang='grc' dir='ltr'>τινος,</span> 
     </span>
    </p>
   </div>
   <div class='ocr_carea' id='block_1_10' title="bbox 132 452 925 489">
    <p class='ocr_par' dir='ltr' id='par_1_10' title="bbox 132 452 925 489">
     <span class='ocr_line' id='line_1_10' title="bbox 132 452 925 489; baseline 0.001 -10"><span class='ocrx_word' id='word_1_48' title='bbox 132 452 197 480; x_wconf 80' lang='grc' dir='ltr'>οὔτε</span> <span class='ocrx_word' id='word_1_49' title='bbox 212 452 279 488; x_wconf 79' lang='grc' dir='ltr'>πρὸς</span> <span class='ocrx_word' id='word_1_50' title='bbox 293 453 403 489; x_wconf 70' lang='grc' dir='ltr'>ἕτερον·</span> <span class='ocrx_word' id='word_1_51' title='bbox 424 453 546 480; x_wconf 83' lang='grc' dir='ltr'>τοιοῦτον</span> <span class='ocrx_word' id='word_1_52' title='bbox 561 453 616 488; x_wconf 86' lang='grc' dir='ltr'>γὰρ</span> <span class='ocrx_word' id='word_1_53' title='bbox 631 454 647 487; x_wconf 84' lang='grc' dir='ltr'>ἠ</span> <span class='ocrx_word' id='word_1_54' title='bbox 664 454 753 489; x_wconf 82' lang='grc' dir='ltr'>ἀρχή·</span> <span class='ocrx_word' id='word_1_55' title='bbox 769 453 925 489; x_wconf 84' lang='grc' dir='ltr'>ὲπανακρί-</span> 
     </span>
    </p>
   </div>
   <div class='ocr_carea' id='block_1_11' title="bbox 133 498 923 535">
    <p class='ocr_par' dir='ltr' id='par_1_11' title="bbox 133 498 923 535">
     <span class='ocr_line' id='line_1_11' title="bbox 133 498 923 535; baseline 0.004 -11"><span class='ocrx_word' id='word_1_56' title='bbox 133 507 208 525; x_wconf 84' lang='grc' dir='ltr'>νεται</span> <span class='ocrx_word' id='word_1_57' title='bbox 231 499 259 525; x_wconf 63' lang='grc' dir='ltr'>δὲ</span> <span class='ocrx_word' id='word_1_58' title='bbox 280 498 477 534; x_wconf 77' lang='grc' dir='ltr'><strong>πνευματικῶς</strong></span> <span class='ocrx_word' id='word_1_59' title='bbox 497 500 543 526; x_wconf 78' lang='grc' dir='ltr'>καὶ</span> <span class='ocrx_word' id='word_1_60' title='bbox 565 499 633 526; x_wconf 82' lang='grc' dir='ltr'>αὐτὸ</span> <span class='ocrx_word' id='word_1_61' title='bbox 649 500 695 534; x_wconf 73' lang='grc' dir='ltr'><strong>ὑφ’</strong></span> <span class='ocrx_word' id='word_1_62' title='bbox 711 499 820 527; x_wconf 78' lang='grc' dir='ltr'>ἑαυτοῦ.</span> <span class='ocrx_word' id='word_1_63' title='bbox 841 500 923 535; x_wconf 82' lang='grc' dir='ltr'>Ζήτει</span> 
     </span>
    </p>
   </div>
   <div class='ocr_carea' id='block_1_12' title="bbox 133 544 833 580">
    <p class='ocr_par' dir='ltr' id='par_1_12' title="bbox 133 544 833 580">
     <span class='ocr_line' id='line_1_12' title="bbox 133 544 833 580; baseline 0.006 -10"><span class='ocrx_word' id='word_1_64' title='bbox 133 544 181 571; x_wconf 75' lang='grc' dir='ltr'>καὶ</span> <span class='ocrx_word' id='word_1_65' title='bbox 194 545 226 571; x_wconf 74' lang='grc' dir='ltr'>τὸ</span> <span class='ocrx_word' id='word_1_66' title='bbox 241 547 265 580; x_wconf 91' lang='grc' dir='ltr'>η’</span> <span class='ocrx_word' id='word_1_67' title='bbox 279 553 343 579; x_wconf 85' lang='grc' dir='ltr'>κεφ.</span> <span class='ocrx_word' id='word_1_68' title='bbox 357 544 404 571; x_wconf 82' lang='grc' dir='ltr'>τοῦ</span> <span class='ocrx_word' id='word_1_69' title='bbox 417 545 442 571; x_wconf 88' lang='grc' dir='ltr'>Π</span> <span class='ocrx_word' id='word_1_70' title='bbox 459 545 604 580; x_wconf 83' lang='grc' dir='ltr'>στοιχείου.</span> <span class='ocrx_word' id='word_1_71' title='bbox 830 574 833 576; x_wconf 66' lang='grc'><strong>,</strong></span> 
     </span>
    </p>
   </div>
   <div class='ocr_carea' id='block_1_13' title="bbox 169 591 925 629">
    <p class='ocr_par' dir='ltr' id='par_1_13' title="bbox 169 591 925 629">
     <span class='ocr_line' id='line_1_13' title="bbox 169 591 925 629; baseline 0.001 -10"><span class='ocrx_word' id='word_1_72' title='bbox 169 591 274 619; x_wconf 81' lang='grc' dir='ltr'><strong>Οὐδένα</strong></span> <span class='ocrx_word' id='word_1_73' title='bbox 289 592 343 618; x_wconf 86' lang='grc' dir='ltr'><strong>τῶν</strong></span> <span class='ocrx_word' id='word_1_74' title='bbox 358 593 414 624; x_wconf 83' lang='grc' dir='ltr'>τοῖς</span> <span class='ocrx_word' id='word_1_75' title='bbox 433 592 674 627; x_wconf 65' lang='grc' dir='ltr'><strong>ἐκκλησιαστικαῖς</strong></span> <span class='ocrx_word' id='word_1_76' title='bbox 689 593 843 621; x_wconf 81' lang='grc' dir='ltr'><strong>τελούντων</strong></span> <span class='ocrx_word' id='word_1_77' title='bbox 860 593 925 629; x_wconf 82' lang='grc' dir='ltr'>βαθ-</span> 
     </span>
    </p>
   </div>
   <div class='ocr_carea' id='block_1_14' title="bbox 135 637 923 675">
    <p class='ocr_par' dir='ltr' id='par_1_14' title="bbox 135 637 923 675">
     <span class='ocr_line' id='line_1_14' title="bbox 135 637 923 675; baseline 0.001 -11"><span class='ocrx_word' id='word_1_78' title='bbox 135 638 195 672; x_wconf 86' lang='grc' dir='ltr'>μοῖς</span> <span class='ocrx_word' id='word_1_79' title='bbox 221 637 392 671; x_wconf 77' lang='grc' dir='ltr'>ἐπίσκοπον,</span> <span class='ocrx_word' id='word_1_80' title='bbox 417 639 433 674; x_wconf 80' lang='grc' dir='ltr'>ἢ</span> <span class='ocrx_word' id='word_1_81' title='bbox 469 639 668 675; x_wconf 75' lang='grc' dir='ltr'>πρεσϐύτερον,</span> <span class='ocrx_word' id='word_1_82' title='bbox 699 639 716 674; x_wconf 78' lang='grc' dir='ltr'>ἦ</span> <span class='ocrx_word' id='word_1_83' title='bbox 744 639 879 671; x_wconf 73' lang='grc' dir='ltr'>διάκονον,</span> <span class='ocrx_word' id='word_1_84' title='bbox 906 638 923 673; x_wconf 82' lang='grc' dir='ltr'>ἢ</span> 
     </span>
    </p>
   </div>
   <div class='ocr_carea' id='block_1_15' title="bbox 133 683 923 719">
    <p class='ocr_par' dir='ltr' id='par_1_15' title="bbox 133 683 923 719">
     <span class='ocr_line' id='line_1_15' title="bbox 133 683 923 719; baseline 0.001 -10"><span class='ocrx_word' id='word_1_85' title='bbox 133 683 227 714; x_wconf 81' lang='grc' dir='ltr'>ἁπλῶς</span> <span class='ocrx_word' id='word_1_86' title='bbox 251 691 314 709; x_wconf 78' lang='grc' dir='ltr'>τινα</span> <span class='ocrx_word' id='word_1_87' title='bbox 327 683 376 710; x_wconf 77' lang='grc' dir='ltr'>τοῦ</span> <span class='ocrx_word' id='word_1_88' title='bbox 391 684 546 718; x_wconf 75' lang='grc' dir='ltr'>καταλόγου</span> <span class='ocrx_word' id='word_1_89' title='bbox 562 685 610 711; x_wconf 79' lang='grc' dir='ltr'>τοῦ</span> <span class='ocrx_word' id='word_1_90' title='bbox 623 683 773 719; x_wconf 75' lang='grc' dir='ltr'>ἱερατικοῦ,</span> <span class='ocrx_word' id='word_1_91' title='bbox 787 684 889 711; x_wconf 79' lang='grc' dir='ltr'>ἄκοντα</span> <span class='ocrx_word' id='word_1_92' title='bbox 906 683 923 719; x_wconf 81' lang='grc' dir='ltr'>ἢ</span> 
     </span>
    </p>
   </div>
   <div class='ocr_carea' id='block_1_16' title="bbox 133 729 925 766">
    <p class='ocr_par' dir='ltr' id='par_1_16' title="bbox 133 729 925 766">
     <span class='ocr_line' id='line_1_16' title="bbox 133 729 925 766; baseline 0.001 -11"><span class='ocrx_word' id='word_1_93' title='bbox 133 729 242 762; x_wconf 76' lang='grc' dir='ltr'>ἑκόντα,</span> <span class='ocrx_word' id='word_1_94' title='bbox 265 729 423 765; x_wconf 79' lang='grc' dir='ltr'>κριτηρίοις</span> <span class='ocrx_word' id='word_1_95' title='bbox 445 732 589 765; x_wconf 75' lang='grc' dir='ltr'><strong>κοσμικαῖς</strong></span> <span class='ocrx_word' id='word_1_96' title='bbox 617 730 805 766; x_wconf 74' lang='grc' dir='ltr'>παρίστασθαι</span> <span class='ocrx_word' id='word_1_97' title='bbox 833 730 925 765; x_wconf 78' lang='grc' dir='ltr'>ἀνεκό-</span> 
     </span>
    </p>
   </div>
   <div class='ocr_carea' id='block_1_17' title="bbox 136 775 926 811">
    <p class='ocr_par' dir='ltr' id='par_1_17' title="bbox 136 775 926 811">
     <span class='ocr_line' id='line_1_17' title="bbox 136 775 926 811; baseline 0 -9"><span class='ocrx_word' id='word_1_98' title='bbox 136 775 220 810; x_wconf 76' lang='grc' dir='ltr'>μεθα.</span> <span class='ocrx_word' id='word_1_99' title='bbox 235 776 265 802; x_wconf 77' lang='lat' dir='ltr'><strong>Et</strong></span> <span class='ocrx_word' id='word_1_100' title='bbox 279 775 333 810; x_wconf 84' lang='grc' dir='ltr'>γὰρ</span> <span class='ocrx_word' id='word_1_101' title='bbox 344 775 448 803; x_wconf 76' lang='grc' dir='ltr'>ἄκοντά</span> <span class='ocrx_word' id='word_1_102' title='bbox 459 785 503 808; x_wconf 84' lang='grc' dir='ltr'><strong>τις</strong></span> <span class='ocrx_word' id='word_1_103' title='bbox 513 776 668 811; x_wconf 83' lang='grc' dir='ltr'>ἀπαγαγών</span> <span class='ocrx_word' id='word_1_104' title='bbox 683 785 743 803; x_wconf 87' lang='grc' dir='ltr'>τινα</span> <span class='ocrx_word' id='word_1_105' title='bbox 757 776 812 802; x_wconf 88' lang='grc' dir='ltr'><strong>τῶν</strong></span> <span class='ocrx_word' id='word_1_106' title='bbox 827 776 926 811; x_wconf 76' lang='grc' dir='ltr'>ἐκκλη-</span> 
     </span>
    </p>
   </div>
   <div class='ocr_carea' id='block_1_18' title="bbox 137 819 924 858">
    <p class='ocr_par' dir='ltr' id='par_1_18' title="bbox 137 819 924 858">
     <span class='ocr_line' id='line_1_18' title="bbox 137 819 924 858; baseline 0 -10"><span class='ocrx_word' id='word_1_107' title='bbox 137 821 285 848; x_wconf 83' lang='grc' dir='ltr'>σιαστικῶν</span> <span class='ocrx_word' id='word_1_108' title='bbox 296 822 425 857; x_wconf 84' lang='grc' dir='ltr'>κοσμικῷ</span> <span class='ocrx_word' id='word_1_109' title='bbox 440 823 576 858; x_wconf 87' lang='grc' dir='ltr'>κριτηρίῳ</span> <span class='ocrx_word' id='word_1_110' title='bbox 593 823 769 858; x_wconf 81' lang='grc' dir='ltr'>παραστῆναι</span> <span class='ocrx_word' id='word_1_111' title='bbox 783 819 924 858; x_wconf 79' lang='grc' dir='ltr'>βιάσηται,</span> 
     </span>
    </p>
   </div>
   <div class='ocr_carea' id='block_1_19' title="bbox 135 867 926 904">
    <p class='ocr_par' dir='ltr' id='par_1_19' title="bbox 135 867 926 904">
     <span class='ocr_line' id='line_1_19' title="bbox 135 867 926 904; baseline 0.003 -11"><span class='ocrx_word' id='word_1_112' title='bbox 135 867 213 902; x_wconf 81' lang='grc' dir='ltr'>παρὰ</span> <span class='ocrx_word' id='word_1_113' title='bbox 237 869 288 903; x_wconf 85' lang='grc' dir='ltr'><strong>τῆς</strong></span> <span class='ocrx_word' id='word_1_114' title='bbox 313 869 455 902; x_wconf 75' lang='grc' dir='ltr'>ἡμετέρας</span> <span class='ocrx_word' id='word_1_115' title='bbox 481 868 667 904; x_wconf 84' lang='grc' dir='ltr'>γαληνότητος</span> <span class='ocrx_word' id='word_1_116' title='bbox 691 869 741 903; x_wconf 84' lang='grc' dir='ltr'>τὴν</span> <span class='ocrx_word' id='word_1_117' title='bbox 765 869 926 903; x_wconf 81' lang='grc' dir='ltr'>πρέπουσαν</span> 
     </span>
    </p>
   </div>
   <div class='ocr_carea' id='block_1_20' title="bbox 137 913 925 949">
    <p class='ocr_par' dir='ltr' id='par_1_20' title="bbox 137 913 925 949">
     <span class='ocr_line' id='line_1_20' title="bbox 137 913 925 949; baseline 0.003 -11"><span class='ocrx_word' id='word_1_118' title='bbox 137 913 280 939; x_wconf 80' lang='grc' dir='ltr'>παίδευσιν</span> <span class='ocrx_word' id='word_1_119' title='bbox 308 913 427 945; x_wconf 79' lang='grc' dir='ltr'>δέξεται.</span> <span class='ocrx_word' id='word_1_120' title='bbox 456 914 487 940; x_wconf 71' lang='grc' dir='ltr'>Εἰ</span> <span class='ocrx_word' id='word_1_121' title='bbox 510 913 538 940; x_wconf 76' lang='grc' dir='ltr'>δὲ</span> <span class='ocrx_word' id='word_1_122' title='bbox 556 913 628 940; x_wconf 75' lang='grc' dir='ltr'>ἑκὼν</span> <span class='ocrx_word' id='word_1_123' title='bbox 641 914 655 940; x_wconf 82' lang='grc' dir='ltr'>ὁ</span> <span class='ocrx_word' id='word_1_124' title='bbox 671 913 809 949; x_wconf 80' lang='grc' dir='ltr'>ίερατικδς</span> <span class='ocrx_word' id='word_1_125' title='bbox 827 913 866 948; x_wconf 81' lang='grc' dir='ltr'>τῷ</span> <span class='ocrx_word' id='word_1_126' title='bbox 881 922 925 940; x_wconf 87' lang='grc' dir='ltr'>κο-</span> 
     </span>
    </p>
   </div>
   <div class='ocr_carea' id='block_1_21' title="bbox 138 959 925 995">
    <p class='ocr_par' dir='ltr' id='par_1_21' title="bbox 138 959 925 995">
     <span class='ocr_line' id='line_1_21' title="bbox 138 959 925 995; baseline 0 -10"><span class='ocrx_word' id='word_1_127' title='bbox 138 959 230 994; x_wconf 86' lang='grc' dir='ltr'>σμικῷ</span> <span class='ocrx_word' id='word_1_128' title='bbox 250 959 387 994; x_wconf 87' lang='grc' dir='ltr'>κριτηρίῳ</span> <span class='ocrx_word' id='word_1_129' title='bbox 414 959 617 995; x_wconf 80' lang='grc' dir='ltr'>παρασταίη,ῆ</span> <span class='ocrx_word' id='word_1_130' title='bbox 645 961 692 986; x_wconf 77' lang='grc' dir='ltr'>καὶ</span> <span class='ocrx_word' id='word_1_131' title='bbox 714 959 794 991; x_wconf 75' lang='grc' dir='ltr'>αὐτὸς</span> <span class='ocrx_word' id='word_1_132' title='bbox 816 959 925 994; x_wconf 84' lang='grc' dir='ltr'>πρῶτος</span> 
     </span>
    </p>
   </div>
   <div class='ocr_carea' id='block_1_22' title="bbox 136 1004 924 1041">
    <p class='ocr_par' dir='ltr' id='par_1_22' title="bbox 136 1004 924 1041">
     <span class='ocr_line' id='line_1_22' title="bbox 136 1004 924 1041; baseline 0.001 -10"><span class='ocrx_word' id='word_1_133' title='bbox 136 1004 188 1039; x_wconf 75' lang='grc' dir='ltr'>τὴν</span> <span class='ocrx_word' id='word_1_134' title='bbox 215 1004 320 1031; x_wconf 71' lang='grc' dir='ltr'>ἐκεῖθεν</span> <span class='ocrx_word' id='word_1_135' title='bbox 344 1004 436 1041; x_wconf 85' lang='grc' dir='ltr'>κρίσιν</span> <span class='ocrx_word' id='word_1_136' title='bbox 463 1006 510 1032; x_wconf 84' lang='grc' dir='ltr'>τοῦ</span> <span class='ocrx_word' id='word_1_137' title='bbox 534 1005 764 1040; x_wconf 82' lang='grc' dir='ltr'>ὲκκλησιαστικοῦ</span> <span class='ocrx_word' id='word_1_138' title='bbox 781 1005 924 1041; x_wconf 77' lang='grc' dir='ltr'>κριτηρίου</span> 
     </span>
    </p>
   </div>
   <div class='ocr_carea' id='block_1_23' title="bbox 138 1047 926 1087">
    <p class='ocr_par' dir='ltr' id='par_1_23' title="bbox 138 1047 926 1087">
     <span class='ocr_line' id='line_1_23' title="bbox 138 1047 926 1087; baseline 0.003 -11"><span class='ocrx_word' id='word_1_139' title='bbox 138 1050 353 1085; x_wconf 84' lang='grc' dir='ltr'>προτιμήσαιτο,</span> <span class='ocrx_word' id='word_1_140' title='bbox 369 1047 448 1081; x_wconf 73' lang='grc' dir='ltr'>οὗτος</span> <span class='ocrx_word' id='word_1_141' title='bbox 467 1050 520 1077; x_wconf 72' lang='grc' dir='ltr'>κᾶν</span> <span class='ocrx_word' id='word_1_142' title='bbox 532 1050 637 1077; x_wconf 79' lang='grc' dir='ltr'>ἐκεῖθεν</span> <span class='ocrx_word' id='word_1_143' title='bbox 651 1051 752 1087; x_wconf 84' lang='grc' dir='ltr'>νομίσῃ</span> <span class='ocrx_word' id='word_1_144' title='bbox 773 1051 803 1078; x_wconf 72' lang='grc' dir='ltr'>τὸ</span> <span class='ocrx_word' id='word_1_145' title='bbox 819 1051 926 1078; x_wconf 84' lang='grc' dir='ltr'>δίκαιον</span> 
     </span>
    </p>
   </div>
   <div class='ocr_carea' id='block_1_24' title="bbox 137 1095 925 1130">
    <p class='ocr_par' dir='ltr' id='par_1_24' title="bbox 137 1095 925 1130">
     <span class='ocr_line' id='line_1_24' title="bbox 137 1095 925 1130; baseline 0.004 -9"><span class='ocrx_word' id='word_1_146' title='bbox 137 1095 240 1127; x_wconf 77' lang='grc' dir='ltr'>λαόεἶν,</span> <span class='ocrx_word' id='word_1_147' title='bbox 270 1095 323 1122; x_wconf 77' lang='grc' dir='ltr'><strong>ὑπὸ</strong></span> <span class='ocrx_word' id='word_1_148' title='bbox 350 1095 403 1122; x_wconf 86' lang='grc' dir='ltr'><strong>τῶν</strong></span> <span class='ocrx_word' id='word_1_149' title='bbox 430 1096 512 1130; x_wconf 79' lang='grc' dir='ltr'>ἱερῶν</span> <span class='ocrx_word' id='word_1_150' title='bbox 547 1096 670 1122; x_wconf 79' lang='grc' dir='ltr'>κανόνων</span> <span class='ocrx_word' id='word_1_151' title='bbox 701 1096 925 1129; x_wconf 82' lang='grc' dir='ltr'>καταδικάζεται.</span> 
     </span>
    </p>
   </div>
   <div class='ocr_carea' id='block_1_25' title="bbox 139 1139 926 1178">
    <p class='ocr_par' dir='ltr' id='par_1_25' title="bbox 139 1139 926 1178">
     <span class='ocr_line' id='line_1_25' title="bbox 139 1139 926 1178; baseline 0.001 -10"><span class='ocrx_word' id='word_1_152' title='bbox 139 1140 195 1168; x_wconf 84' lang='grc' dir='ltr'><strong>Ποῦ</strong></span> <span class='ocrx_word' id='word_1_153' title='bbox 214 1141 269 1175; x_wconf 76' lang='grc' dir='ltr'>γὰρ</span> <span class='ocrx_word' id='word_1_154' title='bbox 296 1141 370 1174; x_wconf 76' lang='grc' dir='ltr'>ἄξιος</span> <span class='ocrx_word' id='word_1_155' title='bbox 393 1143 488 1175; x_wconf 82' lang='grc' dir='ltr'>τυχεῖν</span> <span class='ocrx_word' id='word_1_156' title='bbox 506 1139 544 1168; x_wconf 85' lang='grc' dir='ltr'>ὧν</span> <span class='ocrx_word' id='word_1_157' title='bbox 568 1141 645 1176; x_wconf 84' lang='grc' dir='ltr'>ζητεῖ</span> <span class='ocrx_word' id='word_1_158' title='bbox 669 1143 684 1169; x_wconf 79' lang='grc' dir='ltr'><strong>ὁ</strong></span> <span class='ocrx_word' id='word_1_159' title='bbox 701 1142 752 1176; x_wconf 81' lang='grc' dir='ltr'>τὴν</span> <span class='ocrx_word' id='word_1_160' title='bbox 773 1143 861 1178; x_wconf 83' lang='grc' dir='ltr'>ἀρχὴν</span> <span class='ocrx_word' id='word_1_161' title='bbox 879 1142 926 1170; x_wconf 79' lang='grc' dir='ltr'>τοῦ</span> 
     </span>
    </p>
   </div>
   <div class='ocr_carea' id='block_1_26' title="bbox 139 1186 927 1224">
    <p class='ocr_par' dir='ltr' id='par_1_26' title="bbox 139 1186 927 1224">
     <span class='ocr_line' id='line_1_26' title="bbox 139 1186 927 1224; baseline 0.004 -12"><span class='ocrx_word' id='word_1_162' title='bbox 139 1187 245 1219; x_wconf 86' lang='grc' dir='ltr'>ἀγῶνος</span> <span class='ocrx_word' id='word_1_163' title='bbox 259 1186 313 1213; x_wconf 79' lang='grc' dir='ltr'><strong>ἀπὸ</strong></span> <span class='ocrx_word' id='word_1_164' title='bbox 325 1188 375 1222; x_wconf 81' lang='grc' dir='ltr'>τῆς</span> <span class='ocrx_word' id='word_1_165' title='bbox 391 1187 448 1213; x_wconf 88' lang='grc' dir='ltr'><strong>τῶν</strong></span> <span class='ocrx_word' id='word_1_166' title='bbox 464 1187 544 1214; x_wconf 81' lang='grc' dir='ltr'>θείων</span> <span class='ocrx_word' id='word_1_167' title='bbox 561 1187 672 1223; x_wconf 82' lang='grc' dir='ltr'>θεσμῶν</span> <span class='ocrx_word' id='word_1_168' title='bbox 689 1188 927 1224; x_wconf 80' lang='grc' dir='ltr'>καταὸαλλόμενος</span> 
     </span>
    </p>
   </div>
   <div class='ocr_carea' id='block_1_27' title="bbox 139 1232 265 1268">
    <p class='ocr_par' dir='ltr' id='par_1_27' title="bbox 139 1232 265 1268">
     <span class='ocr_line' id='line_1_27' title="bbox 139 1232 265 1268; baseline 0 -9"><span class='ocrx_word' id='word_1_169' title='bbox 139 1232 265 1268; x_wconf 79' lang='grc' dir='ltr'>ὖὸριωςς</span> 
     </span>
    </p>
   </div>
   <div class='ocr_carea' id='block_1_28' title="bbox 180 1277 928 1314">
    <p class='ocr_par' dir='ltr' id='par_1_28' title="bbox 180 1277 928 1314">
     <span class='ocr_line' id='line_1_28' title="bbox 180 1277 928 1314; baseline 0.004 -10"><span class='ocrx_word' id='word_1_170' title='bbox 180 1278 261 1304; x_wconf 76' lang='grc' dir='ltr'>Ἀλλὰ</span> <span class='ocrx_word' id='word_1_171' title='bbox 289 1277 339 1304; x_wconf 78' lang='grc' dir='ltr'>καὶ</span> <span class='ocrx_word' id='word_1_172' title='bbox 371 1278 387 1312; x_wconf 82' lang='grc' dir='ltr'><strong>ἠ</strong></span> <span class='ocrx_word' id='word_1_173' title='bbox 419 1278 474 1305; x_wconf 86' lang='grc' dir='ltr'><strong>τῶν</strong></span> <span class='ocrx_word' id='word_1_174' title='bbox 508 1279 644 1314; x_wconf 75' lang='grc' dir='ltr'>βασιλέων</span> <span class='ocrx_word' id='word_1_175' title='bbox 682 1279 848 1314; x_wconf 70' lang='grc' dir='ltr'>’Ἡρακλείου</span> <span class='ocrx_word' id='word_1_176' title='bbox 881 1279 928 1307; x_wconf 77' lang='grc' dir='ltr'>καὶ</span> 
     </span>
    </p>
   </div>
   <div class='ocr_carea' id='block_1_29' title="bbox 139 1323 927 1361">
    <p class='ocr_par' dir='ltr' id='par_1_29' title="bbox 139 1323 927 1361">
     <span class='ocr_line' id='line_1_29' title="bbox 139 1323 927 1361; baseline 0.004 -12"><span class='ocrx_word' id='word_1_177' title='bbox 139 1323 346 1350; x_wconf 80' lang='grc' dir='ltr'>Κωνσταντίνου</span> <span class='ocrx_word' id='word_1_178' title='bbox 371 1324 466 1358; x_wconf 77' lang='grc' dir='ltr'>νεαρὰ,</span> <span class='ocrx_word' id='word_1_179' title='bbox 495 1325 563 1359; x_wconf 86' lang='grc' dir='ltr'>μήτε</span> <span class='ocrx_word' id='word_1_180' title='bbox 591 1325 742 1352; x_wconf 78' lang='grc' dir='ltr'>ἐπίσκοπον</span> <span class='ocrx_word' id='word_1_181' title='bbox 767 1326 927 1361; x_wconf 78' lang='grc' dir='ltr'>διορίζεται,</span> 
     </span>
    </p>
   </div>
   <div class='ocr_carea' id='block_1_30' title="bbox 141 1369 928 1407">
    <p class='ocr_par' dir='ltr' id='par_1_30' title="bbox 141 1369 928 1407">
     <span class='ocr_line' id='line_1_30' title="bbox 141 1369 928 1407; baseline 0.004 -12"><span class='ocrx_word' id='word_1_182' title='bbox 141 1369 211 1403; x_wconf 85' lang='grc' dir='ltr'>μήτε</span> <span class='ocrx_word' id='word_1_183' title='bbox 234 1369 374 1404; x_wconf 80' lang='grc' dir='ltr'>κληρικδν,</span> <span class='ocrx_word' id='word_1_184' title='bbox 399 1370 468 1404; x_wconf 82' lang='grc' dir='ltr'>μήτε</span> <span class='ocrx_word' id='word_1_185' title='bbox 498 1370 625 1405; x_wconf 78' lang='grc' dir='ltr'>μοναχὸν,</span> <span class='ocrx_word' id='word_1_186' title='bbox 645 1372 821 1407; x_wconf 75' lang='grc' dir='ltr'>χρηματικῆς</span> <span class='ocrx_word' id='word_1_187' title='bbox 843 1372 859 1407; x_wconf 85' lang='grc' dir='ltr'><strong>ἢ</strong></span> <span class='ocrx_word' id='word_1_188' title='bbox 883 1373 928 1406; x_wconf 81' lang='grc' dir='ltr'><strong>ἐγ-</strong></span> 
     </span>
    </p>
   </div>
   <div class='ocr_carea' id='block_1_31' title="bbox 139 1415 929 1453">
    <p class='ocr_par' dir='ltr' id='par_1_31' title="bbox 139 1415 929 1453">
     <span class='ocr_line' id='line_1_31' title="bbox 139 1415 929 1453; baseline 0.006 -13"><span class='ocrx_word' id='word_1_189' title='bbox 139 1415 315 1449; x_wconf 80' lang='grc' dir='ltr'>κληματικῆς</span> <span class='ocrx_word' id='word_1_190' title='bbox 344 1415 423 1450; x_wconf 85' lang='grc' dir='ltr'>χάριν</span> <span class='ocrx_word' id='word_1_191' title='bbox 446 1416 536 1447; x_wconf 86' lang='grc' dir='ltr'>αίτίας</span> <span class='ocrx_word' id='word_1_192' title='bbox 565 1416 642 1452; x_wconf 83' lang='grc' dir='ltr'>παρὰ</span> <span class='ocrx_word' id='word_1_193' title='bbox 655 1417 786 1451; x_wconf 71' lang='grc' dir='ltr'>πολιτικῷ</span> <span class='ocrx_word' id='word_1_194' title='bbox 811 1418 828 1453; x_wconf 82' lang='grc' dir='ltr'>ἦ</span> <span class='ocrx_word' id='word_1_195' title='bbox 847 1426 929 1451; x_wconf 83' lang='grc' dir='ltr'>στρα-</span> 
     </span>
    </p>
   </div>
   <div class='ocr_carea' id='block_1_32' title="bbox 121 1461 927 1499">
    <p class='ocr_par' dir='ltr' id='par_1_32' title="bbox 121 1461 927 1499">
     <span class='ocr_line' id='line_1_32' title="bbox 121 1461 927 1499; baseline 0.005 -12"><span class='ocrx_word' id='word_1_196' title='bbox 121 1461 258 1495; x_wconf 64' lang='grc' dir='ltr'>ετιωτικῷ</span> <span class='ocrx_word' id='word_1_197' title='bbox 284 1461 437 1494; x_wconf 80' lang='grc' dir='ltr'>ἀνάγεσθαι</span> <span class='ocrx_word' id='word_1_198' title='bbox 469 1462 591 1498; x_wconf 79' lang='grc' dir='ltr'>ἄρχοντι,</span> <span class='ocrx_word' id='word_1_199' title='bbox 624 1463 694 1490; x_wconf 80' lang='grc' dir='ltr'>ἀλλὰ</span> <span class='ocrx_word' id='word_1_200' title='bbox 724 1464 801 1499; x_wconf 74' lang='grc' dir='ltr'>παρὰ</span> <span class='ocrx_word' id='word_1_201' title='bbox 834 1465 927 1498; x_wconf 86' lang='grc' dir='ltr'>μόνοις</span> 
     </span>
    </p>
   </div>
   <div class='ocr_carea' id='block_1_33' title="bbox 139 1506 928 1546">
    <p class='ocr_par' dir='ltr' id='par_1_33' title="bbox 139 1506 928 1546">
     <span class='ocr_line' id='line_1_33' title="bbox 139 1506 928 1546; baseline 0.005 -13"><span class='ocrx_word' id='word_1_202' title='bbox 139 1508 194 1538; x_wconf 86' lang='grc' dir='ltr'>τοῖς</span> <span class='ocrx_word' id='word_1_203' title='bbox 211 1506 289 1538; x_wconf 81' lang='grc' dir='ltr'>ίδίοις</span> <span class='ocrx_word' id='word_1_204' title='bbox 303 1507 476 1541; x_wconf 73' lang='grc' dir='ltr'><strong>ἐπισκόποις⁷</strong></span> <span class='ocrx_word' id='word_1_205' title='bbox 490 1508 506 1543; x_wconf 80' lang='grc' dir='ltr'>ἢ</span> <span class='ocrx_word' id='word_1_206' title='bbox 523 1509 747 1544; x_wconf 83' lang='grc' dir='ltr'>μητροπολίταις,</span> <span class='ocrx_word' id='word_1_207' title='bbox 763 1510 779 1545; x_wconf 84' lang='grc' dir='ltr'>ἢ</span> <span class='ocrx_word' id='word_1_208' title='bbox 792 1510 928 1546; x_wconf 83' lang='grc' dir='ltr'>πατριάρ-</span> 
     </span>
    </p>
   </div>
   <div class='ocr_carea' id='block_1_34' title="bbox 139 1562 213 1589">
    <p class='ocr_par' dir='ltr' id='par_1_34' title="bbox 139 1562 213 1589">
     <span class='ocr_line' id='line_1_34' title="bbox 139 1562 213 1589; baseline 0.027 -10"><span class='ocrx_word' id='word_1_209' title='bbox 139 1562 213 1589; x_wconf 84' lang='grc' dir='ltr'>χαις.</span> 
     </span>
    </p>
   </div>
   <div class='ocr_carea' id='block_1_35' title="bbox 175 1599 925 1638">
    <p class='ocr_par' dir='ltr' id='par_1_35' title="bbox 175 1599 925 1638">
     <span class='ocr_line' id='line_1_35' title="bbox 175 1599 925 1638; baseline 0.004 -12"><span class='ocrx_word' id='word_1_210' title='bbox 175 1599 213 1626; x_wconf 82' lang='grc' dir='ltr'><strong>Ἦ</strong></span> <span class='ocrx_word' id='word_1_211' title='bbox 234 1600 263 1626; x_wconf 70' lang='grc' dir='ltr'>δὲ</span> <span class='ocrx_word' id='word_1_212' title='bbox 280 1600 327 1627; x_wconf 80' lang='grc' dir='ltr'>τοῦ</span> <span class='ocrx_word' id='word_1_213' title='bbox 344 1600 478 1636; x_wconf 69' lang='grc' dir='ltr'>βασιλέως</span> <span class='ocrx_word' id='word_1_214' title='bbox 490 1600 623 1633; x_wconf 80' lang='grc' dir='ltr'>Ἀλεξίου,</span> <span class='ocrx_word' id='word_1_215' title='bbox 639 1601 669 1628; x_wconf 83' lang='lat' dir='ltr'><strong>El</strong></span> <span class='ocrx_word' id='word_1_216' title='bbox 687 1602 834 1637; x_wconf 72' lang='grc' dir='ltr'>μερισμὸς,</span> <span class='ocrx_word' id='word_1_217' title='bbox 847 1604 925 1638; x_wconf 77' lang='grc' dir='ltr'>φησὶ,</span> 
     </span>
    </p>
   </div>
   <div class='ocr_carea' id='block_1_36' title="bbox 139 1646 927 1686">
    <p class='ocr_par' dir='ltr' id='par_1_36' title="bbox 139 1646 927 1686">
     <span class='ocr_line' id='line_1_36' title="bbox 139 1646 927 1686; baseline 0.005 -14"><span class='ocrx_word' id='word_1_218' title='bbox 139 1646 169 1672; x_wconf 79' lang='grc' dir='ltr'>ἑν</span> <span class='ocrx_word' id='word_1_219' title='bbox 183 1648 239 1677; x_wconf 86' lang='grc' dir='ltr'>τοῖς</span> <span class='ocrx_word' id='word_1_220' title='bbox 253 1647 467 1682; x_wconf 82' lang='grc' dir='ltr'>διαμαχομένοις</span> <span class='ocrx_word' id='word_1_221' title='bbox 484 1649 555 1682; x_wconf 72' lang='grc' dir='ltr'>ἐστὶ,</span> <span class='ocrx_word' id='word_1_222' title='bbox 569 1648 617 1686; x_wconf 49' lang='grc' dir='ltr'>καὶ</span> <span class='ocrx_word' id='word_1_223' title='bbox 629 1648 643 1674; x_wconf 85' lang='grc' dir='ltr'><strong>ὁ</strong></span> <span class='ocrx_word' id='word_1_224' title='bbox 658 1647 709 1682; x_wconf 80' lang='grc' dir='ltr'><strong>μὲν</strong></span> <span class='ocrx_word' id='word_1_225' title='bbox 723 1649 775 1682; x_wconf 84' lang='grc' dir='ltr'>τῆς</span> <span class='ocrx_word' id='word_1_226' title='bbox 790 1650 927 1685; x_wconf 84' lang='grc' dir='ltr'>κοσμικῆς</span> 
     </span>
    </p>
   </div>
   <div class='ocr_carea' id='block_1_37' title="bbox 139 1692 928 1729">
    <p class='ocr_par' dir='ltr' id='par_1_37' title="bbox 139 1692 928 1729">
     <span class='ocr_line' id='line_1_37' title="bbox 139 1692 928 1729; baseline 0.005 -11"><span class='ocrx_word' id='word_1_227' title='bbox 139 1692 266 1726; x_wconf 78' lang='grc' dir='ltr'>φαίνεται</span> <span class='ocrx_word' id='word_1_228' title='bbox 277 1693 483 1727; x_wconf 76' lang='grc' dir='ltr'>καταστάσεως,</span> <span class='ocrx_word' id='word_1_229' title='bbox 492 1695 506 1720; x_wconf 85' lang='grc' dir='ltr'><strong>ό</strong></span> <span class='ocrx_word' id='word_1_230' title='bbox 518 1693 548 1720; x_wconf 77' lang='grc' dir='ltr'>δὲ</span> <span class='ocrx_word' id='word_1_231' title='bbox 562 1693 601 1729; x_wconf 85' lang='grc' dir='ltr'>τῷ</span> <span class='ocrx_word' id='word_1_232' title='bbox 615 1693 679 1729; x_wconf 87' lang='grc' dir='ltr'>θείῳ</span> <span class='ocrx_word' id='word_1_233' title='bbox 690 1695 784 1729; x_wconf 85' lang='grc' dir='ltr'>κλήρῳ</span> <span class='ocrx_word' id='word_1_234' title='bbox 800 1695 928 1729; x_wconf 73' lang='grc' dir='ltr'>ἐγκατει-</span> 
     </span>
    </p>
   </div>
   <div class='ocr_carea' id='block_1_38' title="bbox 140 1738 929 1776">
    <p class='ocr_par' dir='ltr' id='par_1_38' title="bbox 140 1738 929 1776">
     <span class='ocr_line' id='line_1_38' title="bbox 140 1738 929 1776; baseline 0.005 -12"><span class='ocrx_word' id='word_1_235' title='bbox 140 1738 246 1772; x_wconf 77' lang='grc' dir='ltr'>λεκται,</span> <span class='ocrx_word' id='word_1_236' title='bbox 264 1739 278 1765; x_wconf 87' lang='grc' dir='ltr'><strong>ὸ</strong></span> <span class='ocrx_word' id='word_1_237' title='bbox 296 1739 401 1773; x_wconf 75' lang='grc' dir='ltr'><strong>ἑνάγων</strong></span> <span class='ocrx_word' id='word_1_238' title='bbox 420 1740 573 1773; x_wconf 79' lang='grc' dir='ltr'>τηνικαῦτα</span> <span class='ocrx_word' id='word_1_239' title='bbox 589 1740 629 1775; x_wconf 87' lang='grc' dir='ltr'>τῷ</span> <span class='ocrx_word' id='word_1_240' title='bbox 644 1740 721 1776; x_wconf 82' lang='grc' dir='ltr'>φόρῳ</span> <span class='ocrx_word' id='word_1_241' title='bbox 733 1741 781 1767; x_wconf 87' lang='grc' dir='ltr'>τοῦ</span> <span class='ocrx_word' id='word_1_242' title='bbox 796 1742 929 1776; x_wconf 52' lang='grc' dir='ltr'>ἑναγομέί</span> 
     </span>
    </p>
   </div>
   <div class='ocr_carea' id='block_1_39' title="bbox 140 1785 930 1823">
    <p class='ocr_par' dir='ltr' id='par_1_39' title="bbox 140 1785 930 1823">
     <span class='ocr_line' id='line_1_39' title="bbox 140 1785 930 1823; baseline 0.004 -12"><span class='ocrx_word' id='word_1_243' title='bbox 140 1793 186 1811; x_wconf 85' lang='grc' dir='ltr'><strong>νου</strong></span> <span class='ocrx_word' id='word_1_244' title='bbox 200 1786 232 1811; x_wconf 76' lang='grc' dir='ltr'>ὲκ</span> <span class='ocrx_word' id='word_1_245' title='bbox 245 1785 346 1817; x_wconf 80' lang='grc' dir='ltr'>παντὸς</span> <span class='ocrx_word' id='word_1_246' title='bbox 355 1785 544 1819; x_wconf 81' lang='grc' dir='ltr'>ὑποκείσεται,</span> <span class='ocrx_word' id='word_1_247' title='bbox 558 1787 606 1813; x_wconf 80' lang='grc' dir='ltr'>καὶ</span> <span class='ocrx_word' id='word_1_248' title='bbox 622 1786 739 1819; x_wconf 74' lang='grc' dir='ltr'>ἕκαστος</span> <span class='ocrx_word' id='word_1_249' title='bbox 750 1788 790 1819; x_wconf 78' lang='grc' dir='ltr'><strong>είς</strong></span> <span class='ocrx_word' id='word_1_250' title='bbox 801 1788 832 1814; x_wconf 83' lang='grc' dir='ltr'><strong>τὺ</strong></span> <span class='ocrx_word' id='word_1_251' title='bbox 846 1788 930 1823; x_wconf 76' lang='grc' dir='ltr'>πρόσ-</span> 
     </span>
    </p>
   </div>
   <div class='ocr_carea' id='block_1_40' title="bbox 140 1831 627 1866">
    <p class='ocr_par' dir='ltr' id='par_1_40' title="bbox 140 1831 627 1866">
     <span class='ocr_line' id='line_1_40' title="bbox 140 1831 627 1866; baseline 0.004 -10"><span class='ocrx_word' id='word_1_252' title='bbox 140 1836 225 1865; x_wconf 68' lang='grc' dir='ltr'>φορον</span> <span class='ocrx_word' id='word_1_253' title='bbox 241 1831 423 1858; x_wconf 72' lang='grc' dir='ltr'>ἀπελεύσεται</span> <span class='ocrx_word' id='word_1_254' title='bbox 437 1832 627 1866; x_wconf 80' lang='grc' dir='ltr'>δικαστήριον.</span> 
     </span>
    </p>
   </div>
   <div class='ocr_carea' id='block_1_41' title="bbox 176 1875 929 1912">
    <p class='ocr_par' dir='ltr' id='par_1_41' title="bbox 176 1875 929 1912">
     <span class='ocr_line' id='line_1_41' title="bbox 176 1875 929 1912; baseline 0.005 -10"><span class='ocrx_word' id='word_1_255' title='bbox 176 1876 246 1907; x_wconf 78' lang='grc' dir='ltr'>Τοὺς</span> <span class='ocrx_word' id='word_1_256' title='bbox 275 1875 408 1910; x_wconf 72' lang='grc' dir='ltr'>ἔκκλητον</span> <span class='ocrx_word' id='word_1_257' title='bbox 433 1876 545 1912; x_wconf 79' lang='grc' dir='ltr'>ἔχοντας</span> <span class='ocrx_word' id='word_1_258' title='bbox 559 1877 692 1909; x_wconf 75' lang='grc' dir='ltr'>δικαστὰς</span> <span class='ocrx_word' id='word_1_259' title='bbox 709 1877 838 1912; x_wconf 78' lang='grc' dir='ltr'>μείζονας</span> <span class='ocrx_word' id='word_1_260' title='bbox 858 1875 929 1906; x_wconf 78' lang='grc' dir='ltr'>εἶναι</span> 
     </span>
    </p>
   </div>
   <div class='ocr_carea' id='block_1_42' title="bbox 140 1921 590 1956">
    <p class='ocr_par' dir='ltr' id='par_1_42' title="bbox 140 1921 590 1956">
     <span class='ocr_line' id='line_1_42' title="bbox 140 1921 590 1956; baseline 0.007 -10"><span class='ocrx_word' id='word_1_261' title='bbox 140 1921 182 1947; x_wconf 84' lang='grc' dir='ltr'><strong>δεῖ</strong></span> <span class='ocrx_word' id='word_1_262' title='bbox 197 1921 254 1947; x_wconf 82' lang='grc' dir='ltr'><strong>τῶν</strong></span> <span class='ocrx_word' id='word_1_263' title='bbox 269 1921 298 1954; x_wconf 78' lang='grc' dir='ltr'><strong>ἐξ</strong></span> <span class='ocrx_word' id='word_1_264' title='bbox 309 1921 396 1956; x_wconf 77' lang='grc' dir='ltr'>ἀρχῆς</span> <span class='ocrx_word' id='word_1_265' title='bbox 408 1922 590 1949; x_wconf 81' lang='grc' dir='ltr'>δικασάντων.</span> 
     </span>
    </p>
   </div>
   <div class='ocr_carea' id='block_1_43' title="bbox 177 1967 930 2005">
    <p class='ocr_par' dir='ltr' id='par_1_43' title="bbox 177 1967 930 2005">
     <span class='ocr_line' id='line_1_43' title="bbox 177 1967 930 2005; baseline 0.004 -11"><span class='ocrx_word' id='word_1_266' title='bbox 177 1967 256 1994; x_wconf 80' lang='grc' dir='ltr'>Πᾶσα</span> <span class='ocrx_word' id='word_1_267' title='bbox 273 1967 370 2003; x_wconf 76' lang='grc' dir='ltr'><strong>ἀγωγὴ</strong></span> <span class='ocrx_word' id='word_1_268' title='bbox 382 1968 540 2003; x_wconf 79' lang='grc' dir='ltr'>ἁρμόζουσα</span> <span class='ocrx_word' id='word_1_269' title='bbox 555 1968 651 2004; x_wconf 80' lang='grc' dir='ltr'>σεπτῷ</span> <span class='ocrx_word' id='word_1_270' title='bbox 662 1969 731 2004; x_wconf 74' lang='grc' dir='ltr'>οἴκῳ</span> <span class='ocrx_word' id='word_1_271' title='bbox 741 1970 782 2000; x_wconf 76' lang='grc' dir='ltr'>εἰς</span> <span class='ocrx_word' id='word_1_272' title='bbox 794 1978 930 2005; x_wconf 81' lang='grc' dir='ltr'>τεσσαρα-</span> 
     </span>
    </p>
   </div>
   <div class='ocr_carea' id='block_1_44' title="bbox 141 2010 931 2052">
    <p class='ocr_par' dir='ltr' id='par_1_44' title="bbox 141 2010 931 2052">
     <span class='ocr_line' id='line_1_44' title="bbox 141 2010 931 2052; baseline 0.005 -13"><span class='ocrx_word' id='word_1_273' title='bbox 141 2011 476 2041; x_wconf 70' lang='grc' dir='ltr'>κονταετίανὲκτείνεται.</span> <span class='ocrx_word' id='word_1_274' title='bbox 492 2010 569 2042; x_wconf 72' lang='grc' dir='ltr'>Ἀντὶ</span> <span class='ocrx_word' id='word_1_275' title='bbox 582 2016 638 2050; x_wconf 84' lang='grc' dir='ltr'>γὰρ</span> <span class='ocrx_word' id='word_1_276' title='bbox 651 2015 769 2050; x_wconf 85' lang='grc' dir='ltr'>χρονίων</span> <span class='ocrx_word' id='word_1_277' title='bbox 786 2025 931 2052; x_wconf 84' lang='grc' dir='ltr'>παραγρα-</span> 
     </span>
    </p>
   </div>
   <div class='ocr_carea' id='block_1_45' title="bbox 142 2060 933 2096">
    <p class='ocr_par' dir='ltr' id='par_1_45' title="bbox 142 2060 933 2096">
     <span class='ocr_line' id='line_1_45' title="bbox 142 2060 933 2096; baseline 0.005 -10"><span class='ocrx_word' id='word_1_278' title='bbox 142 2061 200 2094; x_wconf 67' lang='lat' dir='ltr'><strong>qui»</strong></span> <span class='ocrx_word' id='word_1_279' title='bbox 216 2060 271 2088; x_wconf 86' lang='grc' dir='ltr'><strong>τῶν</strong></span> <span class='ocrx_word' id='word_1_280' title='bbox 290 2064 305 2087; x_wconf 91' lang='grc' dir='ltr'>ι¹</span> <span class='ocrx_word' id='word_1_281' title='bbox 321 2061 368 2088; x_wconf 77' lang='grc' dir='ltr'>καὶ</span> <span class='ocrx_word' id='word_1_282' title='bbox 383 2066 407 2088; x_wconf 87' lang='grc' dir='ltr'>κ’</span> <span class='ocrx_word' id='word_1_283' title='bbox 421 2062 469 2088; x_wconf 76' lang='grc' dir='ltr'>καὶ</span> <span class='ocrx_word' id='word_1_284' title='bbox 490 2061 512 2088; x_wconf 85' lang='grc' dir='ltr'>λ’</span> <span class='ocrx_word' id='word_1_285' title='bbox 529 2062 662 2088; x_wconf 68' lang='grc' dir='ltr'>ἐνιαυτῶν</span> <span class='ocrx_word' id='word_1_286' title='bbox 682 2063 852 2096; x_wconf 49' lang='grc' dir='ltr'>τατςτὰγίαις</span> <span class='ocrx_word' id='word_1_287' title='bbox 869 2063 933 2090; x_wconf 84' lang='grc' dir='ltr'>Ἑκ-</span> 
     </span>
    </p>
   </div>
   <div class='ocr_carea' id='block_1_46' title="bbox 141 2106 930 2143">
    <p class='ocr_par' dir='ltr' id='par_1_46' title="bbox 141 2106 930 2143">
     <span class='ocr_line' id='line_1_46' title="bbox 141 2106 930 2143; baseline 0.003 -10"><span class='ocrx_word' id='word_1_288' title='bbox 141 2106 269 2142; x_wconf 71' lang='grc' dir='ltr'>κληπίαις</span> <span class='ocrx_word' id='word_1_289' title='bbox 292 2108 340 2134; x_wconf 78' lang='grc' dir='ltr'>καὶ</span> <span class='ocrx_word' id='word_1_290' title='bbox 359 2109 416 2139; x_wconf 85' lang='grc' dir='ltr'>τοῖς</span> <span class='ocrx_word' id='word_1_291' title='bbox 431 2107 524 2139; x_wconf 79' lang='grc' dir='ltr'>ἄλλοις</span> <span class='ocrx_word' id='word_1_292' title='bbox 536 2107 625 2135; x_wconf 75' lang='grc' dir='ltr'>ἅπασι</span> <span class='ocrx_word' id='word_1_293' title='bbox 642 2109 807 2143; x_wconf 78' lang='grc' dir='ltr'>σεόασμίοις</span> <span class='ocrx_word' id='word_1_294' title='bbox 827 2109 930 2142; x_wconf 85' lang='grc' dir='ltr'>τόποις,</span> 
     </span>
    </p>
   </div>
   <div class='ocr_carea' id='block_1_47' title="bbox 143 2153 932 2190">
    <p class='ocr_par' dir='ltr' id='par_1_47' title="bbox 143 2153 932 2190">
     <span class='ocr_line' id='line_1_47' title="bbox 143 2153 932 2190; baseline 0.004 -11"><span class='ocrx_word' id='word_1_295' title='bbox 143 2153 229 2188; x_wconf 84' lang='grc' dir='ltr'>μόνην</span> <span class='ocrx_word' id='word_1_296' title='bbox 255 2154 305 2188; x_wconf 79' lang='grc' dir='ltr'>τὴν</span> <span class='ocrx_word' id='word_1_297' title='bbox 331 2154 386 2180; x_wconf 78' lang='grc' dir='ltr'><strong>τῶν</strong></span> <span class='ocrx_word' id='word_1_298' title='bbox 411 2157 436 2189; x_wconf 84' lang='grc' dir='ltr'><strong>μ’</strong></span> <span class='ocrx_word' id='word_1_299' title='bbox 452 2154 522 2181; x_wconf 74' lang='grc' dir='ltr'>ἑτῶν</span> <span class='ocrx_word' id='word_1_300' title='bbox 542 2155 733 2190; x_wconf 80' lang='grc' dir='ltr'>παραγραφὴν</span> <span class='ocrx_word' id='word_1_301' title='bbox 756 2154 932 2182; x_wconf 78' lang='grc' dir='ltr'>ἀνατίθεσθαι</span> 
     </span>
    </p>
   </div>
   <div class='ocr_carea' id='block_1_48' title="bbox 142 2199 932 2236">
    <p class='ocr_par' dir='ltr' id='par_1_48' title="bbox 142 2199 932 2236">
     <span class='ocr_line' id='line_1_48' title="bbox 142 2199 932 2236; baseline 0.004 -10"><span class='ocrx_word' id='word_1_302' title='bbox 142 2199 349 2235; x_wconf 78' lang='grc' dir='ltr'>προστάττομεν</span> <span class='ocrx_word' id='word_1_303' title='bbox 359 2208 368 2216; x_wconf 76' lang='grc' dir='ltr'><strong>ο</strong></span> <span class='ocrx_word' id='word_1_304' title='bbox 381 2199 478 2227; x_wconf 85' lang='grc' dir='ltr'>τούτου</span> <span class='ocrx_word' id='word_1_305' title='bbox 494 2201 579 2228; x_wconf 81' lang='grc' dir='ltr'>αὐτοῦ</span> <span class='ocrx_word' id='word_1_306' title='bbox 595 2202 811 2236; x_wconf 71' lang='grc' dir='ltr'>φυλαττομένου,</span> <span class='ocrx_word' id='word_1_307' title='bbox 824 2203 873 2229; x_wconf 82' lang='grc' dir='ltr'>καὶ</span> <span class='ocrx_word' id='word_1_308' title='bbox 885 2203 932 2229; x_wconf 73' lang='grc' dir='ltr'><strong>ἐπὶ</strong></span> 
     </span>
    </p>
   </div>
   <div class='ocr_carea' id='block_1_49' title="bbox 975 267 1772 303">
    <p class='ocr_par' dir='ltr' id='par_1_49' title="bbox 975 267 1772 303">
     <span class='ocr_line' id='line_1_49' title="bbox 975 267 1772 303; baseline -0.003 -8"><span class='ocrx_word' id='word_1_309' title='bbox 975 276 1063 302; x_wconf 90' lang='lat' dir='ltr'><strong>neque</strong></span> <span class='ocrx_word' id='word_1_310' title='bbox 1078 272 1240 295; x_wconf 80' lang='lat' dir='ltr'><strong>retractatur</strong></span> <span class='ocrx_word' id='word_1_311' title='bbox 1256 268 1290 295; x_wconf 85' lang='lat' dir='ltr'><strong>ab</strong></span> <span class='ocrx_word' id='word_1_312' title='bbox 1305 268 1371 302; x_wconf 78' lang='lat' dir='ltr'><strong>alio,</strong></span> <span class='ocrx_word' id='word_1_313' title='bbox 1388 273 1483 303; x_wconf 85' lang='lat' dir='ltr'><strong>utpote</strong></span> <span class='ocrx_word' id='word_1_314' title='bbox 1500 267 1680 296; x_wconf 86' lang='lat' dir='ltr'><strong>ecclesiastici</strong></span> <span class='ocrx_word' id='word_1_315' title='bbox 1698 267 1772 302; x_wconf 90' lang='lat' dir='ltr'><strong>judi-</strong></span> 
     </span>
    </p>
   </div>
   <div class='ocr_carea' id='block_1_50' title="bbox 975 313 1772 349">
    <p class='ocr_par' dir='ltr' id='par_1_50' title="bbox 975 313 1772 349">
     <span class='ocr_line' id='line_1_50' title="bbox 975 313 1772 349; baseline -0.004 -7"><span class='ocrx_word' id='word_1_316' title='bbox 975 314 1010 342; x_wconf 89' lang='lat' dir='ltr'><strong>cii</strong></span> <span class='ocrx_word' id='word_1_317' title='bbox 1026 314 1164 349; x_wconf 84' lang='lat' dir='ltr'><strong>princeps.</strong></span> <span class='ocrx_word' id='word_1_318' title='bbox 1175 313 1212 341; x_wconf 78' lang='lat' dir='ltr'><strong>Ex</strong></span> <span class='ocrx_word' id='word_1_319' title='bbox 1227 321 1258 341; x_wconf 83' lang='lat' dir='ltr'><strong>ea</strong></span> <span class='ocrx_word' id='word_1_320' title='bbox 1271 314 1344 342; x_wconf 83' lang='lat' dir='ltr'><strong>enim</strong></span> <span class='ocrx_word' id='word_1_321' title='bbox 1365 315 1457 342; x_wconf 86' lang='lat' dir='ltr'><strong>omnia</strong></span> <span class='ocrx_word' id='word_1_322' title='bbox 1469 314 1656 342; x_wconf 83' lang='lat' dir='ltr'><strong>ecclesiastica</strong></span> <span class='ocrx_word' id='word_1_323' title='bbox 1669 313 1772 348; x_wconf 83' lang='lat' dir='ltr'><strong>judicia</strong></span> 
     </span>
    </p>
   </div>
   <div class='ocr_carea' id='block_1_51' title="bbox 975 360 1773 395">
    <p class='ocr_par' dir='ltr' id='par_1_51' title="bbox 975 360 1773 395">
     <span class='ocr_line' id='line_1_51' title="bbox 975 360 1773 395; baseline 0 -8"><span class='ocrx_word' id='word_1_324' title='bbox 975 365 1002 388; x_wconf 88' lang='lat' dir='ltr'><strong>et</strong></span> <span class='ocrx_word' id='word_1_325' title='bbox 1018 361 1044 387; x_wconf 94' lang='lat' dir='ltr'><strong>in</strong></span> <span class='ocrx_word' id='word_1_326' title='bbox 1065 360 1152 394; x_wconf 84' lang='lat' dir='ltr'><strong>ipsam</strong></span> <span class='ocrx_word' id='word_1_327' title='bbox 1171 362 1357 394; x_wconf 82' lang='lat' dir='ltr'><strong>resolvuntur,</strong></span> <span class='ocrx_word' id='word_1_328' title='bbox 1378 365 1404 389; x_wconf 92' lang='lat' dir='ltr'><strong>et</strong></span> <span class='ocrx_word' id='word_1_329' title='bbox 1429 365 1616 394; x_wconf 87' lang='lat' dir='ltr'><strong>revertuntur;</strong></span> <span class='ocrx_word' id='word_1_330' title='bbox 1632 360 1690 395; x_wconf 87' lang='lat' dir='ltr'><strong>ipsa</strong></span> <span class='ocrx_word' id='word_1_331' title='bbox 1707 368 1773 387; x_wconf 85' lang='lat' dir='ltr'><strong>vero</strong></span> 
     </span>
    </p>
   </div>
   <div class='ocr_carea' id='block_1_52' title="bbox 975 405 1773 442">
    <p class='ocr_par' dir='ltr' id='par_1_52' title="bbox 975 405 1773 442">
     <span class='ocr_line' id='line_1_52' title="bbox 975 405 1773 442; baseline 0 -10"><span class='ocrx_word' id='word_1_332' title='bbox 975 413 1064 440; x_wconf 87' lang='lat' dir='ltr'><strong>neque</strong></span> <span class='ocrx_word' id='word_1_333' title='bbox 1076 406 1110 433; x_wconf 80' lang='lat' dir='ltr'><strong>ab</strong></span> <span class='ocrx_word' id='word_1_334' title='bbox 1129 406 1231 441; x_wconf 80' lang='lat' dir='ltr'><strong>aliquo,</strong></span> <span class='ocrx_word' id='word_1_335' title='bbox 1248 414 1336 442; x_wconf 88' lang='lat' dir='ltr'><strong>neque</strong></span> <span class='ocrx_word' id='word_1_336' title='bbox 1353 407 1386 434; x_wconf 88' lang='lat' dir='ltr'><strong>ad</strong></span> <span class='ocrx_word' id='word_1_337' title='bbox 1402 407 1521 442; x_wconf 84' lang='lat' dir='ltr'><strong>aliquem</strong></span> <span class='ocrx_word' id='word_1_338' title='bbox 1540 405 1659 434; x_wconf 79' lang='lat' dir='ltr'><strong>refertur</strong></span> <span class='ocrx_word' id='word_1_339' title='bbox 1673 415 1680 438; x_wconf 86' lang='lat'><strong>;</strong></span> <span class='ocrx_word' id='word_1_340' title='bbox 1699 406 1773 440; x_wconf 84' lang='lat' dir='ltr'><strong>prin-</strong></span> 
     </span>
    </p>
   </div>
   <div class='ocr_carea' id='block_1_53' title="bbox 975 451 1772 487">
    <p class='ocr_par' dir='ltr' id='par_1_53' title="bbox 975 451 1772 487">
     <span class='ocr_line' id='line_1_53' title="bbox 975 451 1772 487; baseline 0.001 -9"><span class='ocrx_word' id='word_1_341' title='bbox 975 459 1040 486; x_wconf 82' lang='lat' dir='ltr'><strong>ceps</strong></span> <span class='ocrx_word' id='word_1_342' title='bbox 1068 451 1141 479; x_wconf 89' lang='lat' dir='ltr'><strong>enim</strong></span> <span class='ocrx_word' id='word_1_343' title='bbox 1155 456 1197 479; x_wconf 88' lang='lat' dir='ltr'><strong>est</strong></span> <span class='ocrx_word' id='word_1_344' title='bbox 1214 460 1222 487; x_wconf 82' lang='lat'><strong>;</strong></span> <span class='ocrx_word' id='word_1_345' title='bbox 1241 457 1406 480; x_wconf 81' lang='lat' dir='ltr'><strong>retractatur</strong></span> <span class='ocrx_word' id='word_1_346' title='bbox 1423 461 1489 480; x_wconf 86' lang='lat' dir='ltr'><strong>vero</strong></span> <span class='ocrx_word' id='word_1_347' title='bbox 1506 453 1686 487; x_wconf 80' lang='lat' dir='ltr'><strong>spiritualitcr</strong></span> <span class='ocrx_word' id='word_1_348' title='bbox 1712 451 1772 486; x_wconf 82' lang='lat' dir='ltr'><strong>ipsa</strong></span> 
     </span>
    </p>
   </div>
   <div class='ocr_carea' id='block_1_54' title="bbox 975 498 1568 535">
    <p class='ocr_par' dir='ltr' id='par_1_54' title="bbox 975 498 1568 535">
     <span class='ocr_line' id='line_1_54' title="bbox 975 498 1568 535; baseline 0.005 -10"><span class='ocrx_word' id='word_1_349' title='bbox 975 505 991 525; x_wconf 74' lang='grc' dir='ltr'><strong>ε</strong></span> <span class='ocrx_word' id='word_1_350' title='bbox 1015 498 1116 533; x_wconf 81' lang='lat' dir='ltr'><strong>seipsa.</strong></span> <span class='ocrx_word' id='word_1_351' title='bbox 1129 498 1227 532; x_wconf 68' lang='lat' dir='ltr'><strong>Quare</strong></span> <span class='ocrx_word' id='word_1_352' title='bbox 1240 499 1322 527; x_wconf 87' lang='lat' dir='ltr'><strong>etiam</strong></span> <span class='ocrx_word' id='word_1_353' title='bbox 1352 507 1414 535; x_wconf 86' lang='lat' dir='ltr'><strong>cap.</strong></span> <span class='ocrx_word' id='word_1_354' title='bbox 1430 499 1447 528; x_wconf 89' lang='lat'><strong>8</strong></span> <span class='ocrx_word' id='word_1_355' title='bbox 1462 499 1514 527; x_wconf 83' lang='lat' dir='ltr'><strong>litt.</strong></span> <span class='ocrx_word' id='word_1_356' title='bbox 1531 500 1568 528; x_wconf 87' lang='grc' dir='ltr'><strong>Π.</strong></span> 
     </span>
    </p>
   </div>
   <div class='ocr_carea' id='block_1_55' title="bbox 1010 588 1774 626">
    <p class='ocr_par' dir='ltr' id='par_1_55' title="bbox 1010 588 1774 626">
     <span class='ocr_line' id='line_1_55' title="bbox 1010 588 1774 626; baseline 0.003 -10"><span class='ocrx_word' id='word_1_357' title='bbox 1010 588 1067 624; x_wconf 75' lang='lat'><strong><em>93</em></strong></span> <span class='ocrx_word' id='word_1_358' title='bbox 1079 588 1221 617; x_wconf 86' lang='lat' dir='ltr'><strong>Neminem</strong></span> <span class='ocrx_word' id='word_1_359' title='bbox 1232 590 1258 617; x_wconf 83' lang='lat' dir='ltr'><strong>in</strong></span> <span class='ocrx_word' id='word_1_360' title='bbox 1269 590 1460 619; x_wconf 86' lang='lat' dir='ltr'><strong>ecclesiastico</strong></span> <span class='ocrx_word' id='word_1_361' title='bbox 1472 591 1565 626; x_wconf 88' lang='lat' dir='ltr'><strong>aliquo</strong></span> <span class='ocrx_word' id='word_1_362' title='bbox 1575 591 1660 626; x_wconf 77' lang='lat' dir='ltr'><strong>gradu</strong></span> <span class='ocrx_word' id='word_1_363' title='bbox 1671 591 1774 618; x_wconf 88' lang='lat' dir='ltr'><strong>consti—</strong></span> 
     </span>
    </p>
   </div>
   <div class='ocr_carea' id='block_1_56' title="bbox 976 628 1775 672">
    <p class='ocr_par' dir='ltr' id='par_1_56' title="bbox 976 628 1775 672">
     <span class='ocr_line' id='line_1_56' title="bbox 976 628 1775 672; baseline 0.004 -12"><span class='ocrx_word' id='word_1_364' title='bbox 976 628 1077 667; x_wconf 58' lang='lat' dir='ltr'><strong>‘utum,</strong></span> <span class='ocrx_word' id='word_1_365' title='bbox 1103 635 1146 662; x_wconf 80' lang='lat' dir='ltr'><strong>vel</strong></span> <span class='ocrx_word' id='word_1_366' title='bbox 1168 635 1340 670; x_wconf 84' lang='lat' dir='ltr'><strong>episcopum.</strong></span> <span class='ocrx_word' id='word_1_367' title='bbox 1365 637 1406 669; x_wconf 77' lang='lat' dir='ltr'><strong>vel</strong></span> <span class='ocrx_word' id='word_1_368' title='bbox 1422 637 1622 672; x_wconf 83' lang='lat' dir='ltr'><strong>presbyterum,</strong></span> <span class='ocrx_word' id='word_1_369' title='bbox 1648 636 1690 663; x_wconf 84' lang='lat' dir='ltr'><strong>vel</strong></span> <span class='ocrx_word' id='word_1_370' title='bbox 1716 636 1775 663; x_wconf 84' lang='lat' dir='ltr'><strong>dia-</strong></span> 
     </span>
    </p>
   </div>
   <div class='ocr_carea' id='block_1_57' title="bbox 976 680 1773 717">
    <p class='ocr_par' dir='ltr' id='par_1_57' title="bbox 976 680 1773 717">
     <span class='ocr_line' id='line_1_57' title="bbox 976 680 1773 717; baseline 0.001 -10"><span class='ocrx_word' id='word_1_371' title='bbox 976 687 1088 713; x_wconf 84' lang='lat' dir='ltr'><strong>conum,</strong></span> <span class='ocrx_word' id='word_1_372' title='bbox 1104 680 1146 708; x_wconf 87' lang='lat' dir='ltr'><strong>vel</strong></span> <span class='ocrx_word' id='word_1_373' title='bbox 1163 681 1290 715; x_wconf 84' lang='lat' dir='ltr'><strong>quemvis</strong></span> <span class='ocrx_word' id='word_1_374' title='bbox 1309 682 1392 708; x_wconf 88' lang='lat' dir='ltr'><strong>alium</strong></span> <span class='ocrx_word' id='word_1_375' title='bbox 1410 690 1443 709; x_wconf 81' lang='lat' dir='ltr'><strong>ex</strong></span> <span class='ocrx_word' id='word_1_376' title='bbox 1459 683 1584 717; x_wconf 82' lang='lat' dir='ltr'><strong>catalogo</strong></span> <span class='ocrx_word' id='word_1_377' title='bbox 1596 682 1773 714; x_wconf 74' lang='lat' dir='ltr'><strong>sacerdotali,</strong></span> 
     </span>
    </p>
   </div>
   <div class='ocr_carea' id='block_1_58' title="bbox 976 726 1773 764">
    <p class='ocr_par' dir='ltr' id='par_1_58' title="bbox 976 726 1773 764">
     <span class='ocr_line' id='line_1_58' title="bbox 976 726 1773 764; baseline 0.003 -10"><span class='ocrx_word' id='word_1_378' title='bbox 976 726 1115 754; x_wconf 77' lang='lat' dir='ltr'><strong>volentem</strong></span> <span class='ocrx_word' id='word_1_379' title='bbox 1126 728 1169 754; x_wconf 85' lang='lat' dir='ltr'><strong>vel</strong></span> <span class='ocrx_word' id='word_1_380' title='bbox 1185 727 1299 754; x_wconf 87' lang='lat' dir='ltr'><strong>invitum</strong></span> <span class='ocrx_word' id='word_1_381' title='bbox 1317 728 1496 756; x_wconf 68' lang='lat' dir='ltr'><strong>saecularibus</strong></span> <span class='ocrx_word' id='word_1_382' title='bbox 1507 729 1621 764; x_wconf 88' lang='lat' dir='ltr'><strong>judiciis</strong></span> <span class='ocrx_word' id='word_1_383' title='bbox 1637 729 1697 756; x_wconf 83' lang='lat' dir='ltr'><strong>sisti</strong></span> <span class='ocrx_word' id='word_1_384' title='bbox 1710 737 1773 756; x_wconf 79' lang='lat' dir='ltr'><strong>sus-</strong></span> 
     </span>
    </p>
   </div>
   <div class='ocr_carea' id='block_1_59' title="bbox 977 773 1772 809">
    <p class='ocr_par' dir='ltr' id='par_1_59' title="bbox 977 773 1772 809">
     <span class='ocr_line' id='line_1_59' title="bbox 977 773 1772 809; baseline 0.001 -9"><span class='ocrx_word' id='word_1_385' title='bbox 977 773 1108 802; x_wconf 79' lang='lat' dir='ltr'><strong>tinemus.</strong></span> <span class='ocrx_word' id='word_1_386' title='bbox 1126 773 1154 801; x_wconf 89' lang='lat' dir='ltr'><strong>Si</strong></span> <span class='ocrx_word' id='word_1_387' title='bbox 1185 774 1247 809; x_wconf 88' lang='lat' dir='ltr'><strong>quis</strong></span> <span class='ocrx_word' id='word_1_388' title='bbox 1267 774 1341 802; x_wconf 90' lang='lat' dir='ltr'><strong>enim</strong></span> <span class='ocrx_word' id='word_1_389' title='bbox 1363 774 1481 809; x_wconf 80' lang='lat' dir='ltr'><strong>aliquem</strong></span> <span class='ocrx_word' id='word_1_390' title='bbox 1520 775 1772 802; x_wconf 85' lang='lat' dir='ltr'><strong>ecclesiaslieorum</strong></span> 
     </span>
    </p>
   </div>
   <div class='ocr_carea' id='block_1_60' title="bbox 977 820 1773 856">
    <p class='ocr_par' dir='ltr' id='par_1_60' title="bbox 977 820 1773 856">
     <span class='ocr_line' id='line_1_60' title="bbox 977 820 1773 856; baseline 0.003 -10"><span class='ocrx_word' id='word_1_391' title='bbox 977 820 1092 847; x_wconf 88' lang='lat' dir='ltr'><strong>invitum</strong></span> <span class='ocrx_word' id='word_1_392' title='bbox 1111 821 1144 848; x_wconf 84' lang='lat' dir='ltr'><strong>ad</strong></span> <span class='ocrx_word' id='word_1_393' title='bbox 1169 824 1301 849; x_wconf 72' lang='lat' dir='ltr'><strong>sreculare</strong></span> <span class='ocrx_word' id='word_1_394' title='bbox 1329 821 1464 856; x_wconf 82' lang='lat' dir='ltr'><strong>judicium</strong></span> <span class='ocrx_word' id='word_1_395' title='bbox 1511 822 1643 855; x_wconf 86' lang='lat' dir='ltr'><strong>trabat,a</strong></span> <span class='ocrx_word' id='word_1_396' title='bbox 1677 826 1773 848; x_wconf 84' lang='lat' dir='ltr'><strong>nostra</strong></span> 
     </span>
    </p>
   </div>
   <div class='ocr_carea' id='block_1_61' title="bbox 978 865 1771 901">
    <p class='ocr_par' dir='ltr' id='par_1_61' title="bbox 978 865 1771 901">
     <span class='ocr_line' id='line_1_61' title="bbox 978 865 1771 901; baseline 0 -9"><span class='ocrx_word' id='word_1_397' title='bbox 978 865 1126 893; x_wconf 82' lang='lat' dir='ltr'><strong>serenitate</strong></span> <span class='ocrx_word' id='word_1_398' title='bbox 1166 870 1366 901; x_wconf 80' lang='lat' dir='ltr'><strong>competentem</strong></span> <span class='ocrx_word' id='word_1_399' title='bbox 1402 866 1596 894; x_wconf 89' lang='lat' dir='ltr'><strong>coercitionem</strong></span> <span class='ocrx_word' id='word_1_400' title='bbox 1642 865 1771 900; x_wconf 79' lang='lat' dir='ltr'><strong>accipiet.</strong></span> 
     </span>
    </p>
   </div>
   <div class='ocr_carea' id='block_1_62' title="bbox 977 911 1774 948">
    <p class='ocr_par' dir='ltr' id='par_1_62' title="bbox 977 911 1774 948">
     <span class='ocr_line' id='line_1_62' title="bbox 977 911 1774 948; baseline -0.005 -8"><span class='ocrx_word' id='word_1_401' title='bbox 977 911 1005 939; x_wconf 86' lang='lat' dir='ltr'><strong>Si</strong></span> <span class='ocrx_word' id='word_1_402' title='bbox 1027 920 1092 940; x_wconf 89' lang='lat' dir='ltr'><strong>vero</strong></span> <span class='ocrx_word' id='word_1_403' title='bbox 1109 912 1210 948; x_wconf 84' lang='lat' dir='ltr'><strong>aliquis</strong></span> <span class='ocrx_word' id='word_1_404' title='bbox 1239 913 1414 940; x_wconf 82' lang='lat' dir='ltr'><strong>sacerdotum</strong></span> <span class='ocrx_word' id='word_1_405' title='bbox 1451 912 1576 940; x_wconf 73' lang='lat' dir='ltr'><strong>smculari</strong></span> <span class='ocrx_word' id='word_1_406' title='bbox 1607 911 1727 946; x_wconf 83' lang='lat' dir='ltr'><strong>judicio-</strong></span> <span class='ocrx_word' id='word_1_407' title='bbox 1745 918 1774 937; x_wconf 81' lang='lat' dir='ltr'><strong>se</strong></span> 
     </span>
    </p>
   </div>
   <div class='ocr_carea' id='block_1_63' title="bbox 977 956 1773 994">
    <p class='ocr_par' dir='ltr' id='par_1_63' title="bbox 977 956 1773 994">
     <span class='ocr_line' id='line_1_63' title="bbox 977 956 1773 994; baseline -0.003 -10"><span class='ocrx_word' id='word_1_408' title='bbox 977 958 1073 986; x_wconf 85' lang='lat' dir='ltr'><strong>volens</strong></span> <span class='ocrx_word' id='word_1_409' title='bbox 1103 958 1217 992; x_wconf 80' lang='lat' dir='ltr'><strong>stiterit,</strong></span> <span class='ocrx_word' id='word_1_410' title='bbox 1240 963 1287 986; x_wconf 88' lang='lat' dir='ltr'><strong>aut</strong></span> <span class='ocrx_word' id='word_1_411' title='bbox 1314 958 1396 986; x_wconf 81' lang='lat' dir='ltr'><strong>etiam</strong></span> <span class='ocrx_word' id='word_1_412' title='bbox 1414 958 1488 994; x_wconf 83' lang='lat' dir='ltr'><strong>prior</strong></span> <span class='ocrx_word' id='word_1_413' title='bbox 1514 958 1573 992; x_wconf 88' lang='lat' dir='ltr'><strong>ipse</strong></span> <span class='ocrx_word' id='word_1_414' title='bbox 1607 956 1773 984; x_wconf 87' lang='lat' dir='ltr'><strong>sententiam</strong></span> 
     </span>
    </p>
   </div>
   <div class='ocr_carea' id='block_1_64' title="bbox 977 1002 1776 1038">
    <p class='ocr_par' dir='ltr' id='par_1_64' title="bbox 977 1002 1776 1038">
     <span class='ocr_line' id='line_1_64' title="bbox 977 1002 1776 1038; baseline -0.005 -6"><span class='ocrx_word' id='word_1_415' title='bbox 977 1003 1034 1032; x_wconf 85' lang='lat' dir='ltr'><strong>illic</strong></span> <span class='ocrx_word' id='word_1_416' title='bbox 1072 1003 1157 1031; x_wconf 84' lang='lat' dir='ltr'><strong>latam</strong></span> <span class='ocrx_word' id='word_1_417' title='bbox 1194 1004 1382 1032; x_wconf 87' lang='lat' dir='ltr'><strong>ecclesiastico</strong></span> <span class='ocrx_word' id='word_1_418' title='bbox 1423 1004 1562 1032; x_wconf 76' lang='lat' dir='ltr'><strong>auditorio</strong></span> <span class='ocrx_word' id='word_1_419' title='bbox 1612 1002 1776 1038; x_wconf 61' lang='lat' dir='ltr'><strong>praetulerit,</strong></span> 
     </span>
    </p>
   </div>
   <div class='ocr_carea' id='block_1_65' title="bbox 978 1045 1767 1085">
    <p class='ocr_par' dir='ltr' id='par_1_65' title="bbox 978 1045 1767 1085">
     <span class='ocr_line' id='line_1_65' title="bbox 978 1045 1767 1085; baseline -0.003 -9"><span class='ocrx_word' id='word_1_420' title='bbox 978 1045 1088 1077; x_wconf 62' lang='lat' dir='ltr'><strong>tametsi</strong></span> <span class='ocrx_word' id='word_1_421' title='bbox 1110 1050 1163 1077; x_wconf 86' lang='lat' dir='ltr'><strong>sibi</strong></span> <span class='ocrx_word' id='word_1_422' title='bbox 1194 1049 1241 1085; x_wconf 86' lang='lat' dir='ltr'><strong>jus</strong></span> <span class='ocrx_word' id='word_1_423' title='bbox 1256 1050 1318 1077; x_wconf 88' lang='lat' dir='ltr'><strong>inde</strong></span> <span class='ocrx_word' id='word_1_424' title='bbox 1338 1049 1414 1077; x_wconf 90' lang='lat' dir='ltr'><strong>reddi</strong></span> <span class='ocrx_word' id='word_1_425' title='bbox 1441 1054 1527 1085; x_wconf 87' lang='lat' dir='ltr'><strong>putet,</strong></span> <span class='ocrx_word' id='word_1_426' title='bbox 1546 1057 1560 1076; x_wconf 89' lang='lat' dir='ltr'><strong>a</strong></span> <span class='ocrx_word' id='word_1_427' title='bbox 1577 1049 1663 1076; x_wconf 84' lang='lat' dir='ltr'><strong>sacris</strong></span> <span class='ocrx_word' id='word_1_428' title='bbox 1679 1056 1767 1075; x_wconf 86' lang='lat' dir='ltr'><strong>eano-</strong></span> 
     </span>
    </p>
   </div>
   <div class='ocr_carea' id='block_1_66' title="bbox 977 1094 1776 1129">
    <p class='ocr_par' dir='ltr' id='par_1_66' title="bbox 977 1094 1776 1129">
     <span class='ocr_line' id='line_1_66' title="bbox 977 1094 1776 1129; baseline -0.001 -8"><span class='ocrx_word' id='word_1_429' title='bbox 977 1095 1060 1122; x_wconf 90' lang='lat' dir='ltr'><strong>nibus</strong></span> <span class='ocrx_word' id='word_1_430' title='bbox 1084 1094 1296 1122; x_wconf 81' lang='lat' dir='ltr'><strong>condemnatur.</strong></span> <span class='ocrx_word' id='word_1_431' title='bbox 1326 1094 1375 1122; x_wconf 86' lang='lat' dir='ltr'><strong>Ubi</strong></span> <span class='ocrx_word' id='word_1_432' title='bbox 1404 1095 1478 1122; x_wconf 87' lang='lat' dir='ltr'><strong>enim</strong></span> <span class='ocrx_word' id='word_1_433' title='bbox 1505 1094 1605 1129; x_wconf 68' lang='lat' dir='ltr'><strong>dignus</strong></span> <span class='ocrx_word' id='word_1_434' title='bbox 1638 1098 1681 1121; x_wconf 91' lang='lat' dir='ltr'><strong>est</strong></span> <span class='ocrx_word' id='word_1_435' title='bbox 1710 1102 1776 1120; x_wconf 84' lang='lat' dir='ltr'><strong>con-</strong></span> 
     </span>
    </p>
   </div>
   <div class='ocr_carea' id='block_1_67' title="bbox 978 1140 1774 1176">
    <p class='ocr_par' dir='ltr' id='par_1_67' title="bbox 978 1140 1774 1176">
     <span class='ocr_line' id='line_1_67' title="bbox 978 1140 1774 1176; baseline -0.003 -7"><span class='ocrx_word' id='word_1_436' title='bbox 978 1142 1056 1176; x_wconf 87' lang='lat' dir='ltr'><strong>sequi</strong></span> <span class='ocrx_word' id='word_1_437' title='bbox 1081 1149 1144 1175; x_wconf 61' lang='lat' dir='ltr'><strong>qua‘.</strong></span> <span class='ocrx_word' id='word_1_438' title='bbox 1171 1141 1320 1172; x_wconf 83' lang='lat' dir='ltr'><strong>desiderat,</strong></span> <span class='ocrx_word' id='word_1_439' title='bbox 1339 1141 1386 1176; x_wconf 89' lang='lat' dir='ltr'><strong>qui</strong></span> <span class='ocrx_word' id='word_1_440' title='bbox 1406 1141 1441 1168; x_wconf 87' lang='lat' dir='ltr'><strong>ab</strong></span> <span class='ocrx_word' id='word_1_441' title='bbox 1466 1141 1545 1168; x_wconf 87' lang='lat' dir='ltr'><strong>initio</strong></span> <span class='ocrx_word' id='word_1_442' title='bbox 1575 1140 1774 1168; x_wconf 57' lang='lat' dir='ltr'><strong>controversiae</strong></span> 
     </span>
    </p>
   </div>
   <div class='ocr_carea' id='block_1_68' title="bbox 978 1187 1773 1224">
    <p class='ocr_par' dir='ltr' id='par_1_68' title="bbox 978 1187 1773 1224">
     <span class='ocr_line' id='line_1_68' title="bbox 978 1187 1773 1224; baseline -0.003 -8"><span class='ocrx_word' id='word_1_443' title='bbox 978 1189 1014 1217; x_wconf 85' lang='lat' dir='ltr'><strong>ob</strong></span> <span class='ocrx_word' id='word_1_444' title='bbox 1040 1188 1169 1224; x_wconf 86' lang='lat' dir='ltr'><strong>iujuriam</strong></span> <span class='ocrx_word' id='word_1_445' title='bbox 1202 1188 1301 1216; x_wconf 86' lang='lat' dir='ltr'><strong>divinis</strong></span> <span class='ocrx_word' id='word_1_446' title='bbox 1320 1188 1438 1216; x_wconf 80' lang='lat' dir='ltr'><strong>decretis</strong></span> <span class='ocrx_word' id='word_1_447' title='bbox 1465 1188 1587 1221; x_wconf 87' lang='lat' dir='ltr'><strong>illatam,</strong></span> <span class='ocrx_word' id='word_1_448' title='bbox 1602 1187 1773 1222; x_wconf 78' lang='lat' dir='ltr'><strong>deponitur?</strong></span> 
     </span>
    </p>
   </div>
   <div class='ocr_carea' id='block_1_69' title="bbox 1014 1280 1774 1316">
    <p class='ocr_par' dir='ltr' id='par_1_69' title="bbox 1014 1280 1774 1316">
     <span class='ocr_line' id='line_1_69' title="bbox 1014 1280 1774 1316; baseline -0.003 -7"><span class='ocrx_word' id='word_1_449' title='bbox 1014 1282 1086 1316; x_wconf 83' lang='lat' dir='ltr'><strong>Quin</strong></span> <span class='ocrx_word' id='word_1_450' title='bbox 1113 1287 1140 1310; x_wconf 91' lang='lat' dir='ltr'><strong>et</strong></span> <span class='ocrx_word' id='word_1_451' title='bbox 1164 1283 1360 1316; x_wconf 86' lang='lat' dir='ltr'><strong>imperatorum</strong></span> <span class='ocrx_word' id='word_1_452' title='bbox 1390 1281 1507 1309; x_wconf 83' lang='lat' dir='ltr'><strong>lleraclii</strong></span> <span class='ocrx_word' id='word_1_453' title='bbox 1542 1285 1570 1309; x_wconf 92' lang='lat' dir='ltr'><strong>et</strong></span> <span class='ocrx_word' id='word_1_454' title='bbox 1597 1280 1774 1308; x_wconf 74' lang='lat' dir='ltr'><strong>Constantini</strong></span> 
     </span>
    </p>
   </div>
   <div class='ocr_carea' id='block_1_70' title="bbox 979 1328 1774 1364">
    <p class='ocr_par' dir='ltr' id='par_1_70' title="bbox 979 1328 1774 1364">
     <span class='ocr_line' id='line_1_70' title="bbox 979 1328 1774 1364; baseline -0.003 -8"><span class='ocrx_word' id='word_1_455' title='bbox 979 1330 1097 1362; x_wconf 87' lang='lat' dir='ltr'><strong>novella,</strong></span> <span class='ocrx_word' id='word_1_456' title='bbox 1118 1337 1167 1356; x_wconf 91' lang='lat' dir='ltr'><strong>nec</strong></span> <span class='ocrx_word' id='word_1_457' title='bbox 1201 1329 1372 1364; x_wconf 87' lang='lat' dir='ltr'><strong>episcopum,</strong></span> <span class='ocrx_word' id='word_1_458' title='bbox 1388 1336 1439 1355; x_wconf 88' lang='lat' dir='ltr'><strong>nec</strong></span> <span class='ocrx_word' id='word_1_459' title='bbox 1466 1328 1609 1360; x_wconf 86' lang='lat' dir='ltr'><strong>clericum,</strong></span> <span class='ocrx_word' id='word_1_460' title='bbox 1628 1336 1678 1356; x_wconf 87' lang='lat' dir='ltr'><strong>nec</strong></span> <span class='ocrx_word' id='word_1_461' title='bbox 1713 1336 1774 1355; x_wconf 87' lang='lat' dir='ltr'><strong>mo-</strong></span> 
     </span>
    </p>
   </div>
   <div class='ocr_carea' id='block_1_71' title="bbox 977 1374 1774 1408">
    <p class='ocr_par' dir='ltr' id='par_1_71' title="bbox 977 1374 1774 1408">
     <span class='ocr_line' id='line_1_71' title="bbox 977 1374 1774 1408; baseline -0.003 -6"><span class='ocrx_word' id='word_1_462' title='bbox 977 1375 1110 1407; x_wconf 87' lang='lat' dir='ltr'><strong>nachum,</strong></span> <span class='ocrx_word' id='word_1_463' title='bbox 1127 1382 1176 1408; x_wconf 91' lang='lat' dir='ltr'><strong>pro</strong></span> <span class='ocrx_word' id='word_1_464' title='bbox 1192 1382 1273 1402; x_wconf 86' lang='lat' dir='ltr'><strong>causa</strong></span> <span class='ocrx_word' id='word_1_465' title='bbox 1295 1374 1451 1408; x_wconf 75' lang='lat' dir='ltr'><strong>pecuniaria</strong></span> <span class='ocrx_word' id='word_1_466' title='bbox 1468 1374 1509 1401; x_wconf 88' lang='lat' dir='ltr'><strong>vel</strong></span> <span class='ocrx_word' id='word_1_467' title='bbox 1531 1374 1665 1401; x_wconf 90' lang='lat' dir='ltr'><strong>criminali</strong></span> <span class='ocrx_word' id='word_1_468' title='bbox 1680 1381 1774 1401; x_wconf 87' lang='lat' dir='ltr'><strong>coram</strong></span> 
     </span>
    </p>
   </div>
   <div class='ocr_carea' id='block_1_72' title="bbox 979 1421 1773 1456">
    <p class='ocr_par' dir='ltr' id='par_1_72' title="bbox 979 1421 1773 1456">
     <span class='ocr_line' id='line_1_72' title="bbox 979 1421 1773 1456; baseline -0.004 -6"><span class='ocrx_word' id='word_1_469' title='bbox 979 1421 1052 1450; x_wconf 89' lang='lat' dir='ltr'><strong>civili</strong></span> <span class='ocrx_word' id='word_1_470' title='bbox 1076 1421 1118 1449; x_wconf 89' lang='lat' dir='ltr'><strong>vel</strong></span> <span class='ocrx_word' id='word_1_471' title='bbox 1139 1421 1248 1448; x_wconf 88' lang='lat' dir='ltr'><strong>militari</strong></span> <span class='ocrx_word' id='word_1_472' title='bbox 1264 1421 1358 1456; x_wconf 89' lang='lat' dir='ltr'><strong>judice</strong></span> <span class='ocrx_word' id='word_1_473' title='bbox 1386 1422 1447 1449; x_wconf 87' lang='lat' dir='ltr'><strong>sisti</strong></span> <span class='ocrx_word' id='word_1_474' title='bbox 1471 1422 1606 1454; x_wconf 78' lang='lat' dir='ltr'><strong>decernit,</strong></span> <span class='ocrx_word' id='word_1_475' title='bbox 1634 1422 1681 1448; x_wconf 89' lang='lat' dir='ltr'><strong>sed</strong></span> <span class='ocrx_word' id='word_1_476' title='bbox 1712 1425 1773 1448; x_wconf 66' lang='lat' dir='ltr'><strong>tam</strong></span> 
     </span>
    </p>
   </div>
   <div class='ocr_carea' id='block_1_73' title="bbox 980 1467 1773 1503">
    <p class='ocr_par' dir='ltr' id='par_1_73' title="bbox 980 1467 1773 1503">
     <span class='ocr_line' id='line_1_73' title="bbox 980 1467 1773 1503; baseline -0.001 -8"><span class='ocrx_word' id='word_1_477' title='bbox 980 1472 1038 1496; x_wconf 91' lang='lat' dir='ltr'><strong>tum</strong></span> <span class='ocrx_word' id='word_1_478' title='bbox 1061 1476 1154 1495; x_wconf 86' lang='lat' dir='ltr'><strong>coram</strong></span> <span class='ocrx_word' id='word_1_479' title='bbox 1179 1468 1298 1503; x_wconf 86' lang='lat' dir='ltr'><strong>propriis</strong></span> <span class='ocrx_word' id='word_1_480' title='bbox 1322 1467 1470 1503; x_wconf 83' lang='lat' dir='ltr'><strong>episcopis,</strong></span> <span class='ocrx_word' id='word_1_481' title='bbox 1485 1468 1526 1496; x_wconf 87' lang='lat' dir='ltr'><strong>vel</strong></span> <span class='ocrx_word' id='word_1_482' title='bbox 1543 1467 1773 1503; x_wconf 83' lang='lat' dir='ltr'><strong>metropolitanis,</strong></span> 
     </span>
    </p>
   </div>
   <div class='ocr_carea' id='block_1_74' title="bbox 978 1515 1228 1550">
    <p class='ocr_par' dir='ltr' id='par_1_74' title="bbox 978 1515 1228 1550">
     <span class='ocr_line' id='line_1_74' title="bbox 978 1515 1228 1550; baseline 0 -8"><span class='ocrx_word' id='word_1_483' title='bbox 978 1515 1023 1542; x_wconf 76' lang='lat' dir='ltr'><strong>Vel</strong></span> <span class='ocrx_word' id='word_1_484' title='bbox 1054 1515 1228 1550; x_wconf 89' lang='lat' dir='ltr'><strong>patriarchis.</strong></span> 
     </span>
    </p>
   </div>
   <div class='ocr_carea' id='block_1_75' title="bbox 1015 1601 1771 1638">
    <p class='ocr_par' dir='ltr' id='par_1_75' title="bbox 1015 1601 1771 1638">
     <span class='ocr_line' id='line_1_75' title="bbox 1015 1601 1771 1638; baseline 0.001 -9"><span class='ocrx_word' id='word_1_485' title='bbox 1015 1603 1104 1629; x_wconf 83' lang='lat' dir='ltr'><strong>Porro</strong></span> <span class='ocrx_word' id='word_1_486' title='bbox 1137 1602 1243 1630; x_wconf 87' lang='lat' dir='ltr'><strong>novella</strong></span> <span class='ocrx_word' id='word_1_487' title='bbox 1277 1602 1453 1638; x_wconf 82' lang='lat' dir='ltr'><strong>imperatoris</strong></span> <span class='ocrx_word' id='word_1_488' title='bbox 1482 1601 1581 1635; x_wconf 76' lang='lat' dir='ltr'><strong>Alexu,</strong></span> <span class='ocrx_word' id='word_1_489' title='bbox 1599 1602 1628 1629; x_wconf 91' lang='lat' dir='ltr'><strong>Si</strong></span> <span class='ocrx_word' id='word_1_490' title='bbox 1659 1602 1771 1630; x_wconf 62' lang='lat' dir='ltr'><strong>divisio.</strong></span> 
     </span>
    </p>
   </div>
   <div class='ocr_carea' id='block_1_76' title="bbox 978 1648 1772 1684">
    <p class='ocr_par' dir='ltr' id='par_1_76' title="bbox 978 1648 1772 1684">
     <span class='ocr_line' id='line_1_76' title="bbox 978 1648 1772 1684; baseline -0.001 -8"><span class='ocrx_word' id='word_1_491' title='bbox 978 1648 1077 1684; x_wconf 87' lang='lat' dir='ltr'><strong>inquit,</strong></span> <span class='ocrx_word' id='word_1_492' title='bbox 1110 1649 1179 1677; x_wconf 90' lang='lat' dir='ltr'><strong>inter</strong></span> <span class='ocrx_word' id='word_1_493' title='bbox 1211 1649 1348 1684; x_wconf 72' lang='lat' dir='ltr'><strong>litigantes</strong></span> <span class='ocrx_word' id='word_1_494' title='bbox 1375 1649 1466 1680; x_wconf 80' lang='lat' dir='ltr'><strong>fuerit,</strong></span> <span class='ocrx_word' id='word_1_495' title='bbox 1483 1655 1635 1683; x_wconf 88' lang='lat' dir='ltr'><strong>eorumque</strong></span> <span class='ocrx_word' id='word_1_496' title='bbox 1672 1648 1772 1675; x_wconf 82' lang='lat' dir='ltr'><strong>altere</strong></span> 
     </span>
    </p>
   </div>
   <div class='ocr_carea' id='block_1_77' title="bbox 978 1695 1773 1724">
    <p class='ocr_par' dir='ltr' id='par_1_77' title="bbox 978 1695 1773 1724">
     <span class='ocr_line' id='line_1_77' title="bbox 978 1695 1773 1724; baseline -0.001 -2"><span class='ocrx_word' id='word_1_497' title='bbox 978 1700 1050 1723; x_wconf 80' lang='lat' dir='ltr'><strong>statu</strong></span> <span class='ocrx_word' id='word_1_498' title='bbox 1073 1696 1197 1723; x_wconf 69' lang='lat' dir='ltr'><strong>saeculari</strong></span> <span class='ocrx_word' id='word_1_499' title='bbox 1227 1696 1272 1724; x_wconf 84' lang='lat' dir='ltr'><strong>sit.</strong></span> <span class='ocrx_word' id='word_1_500' title='bbox 1289 1695 1359 1723; x_wconf 85' lang='lat' dir='ltr'><strong>alter</strong></span> <span class='ocrx_word' id='word_1_501' title='bbox 1376 1703 1442 1723; x_wconf 86' lang='lat' dir='ltr'><strong>vero</strong></span> <span class='ocrx_word' id='word_1_502' title='bbox 1471 1703 1552 1723; x_wconf 85' lang='lat' dir='ltr'><strong>sacro</strong></span> <span class='ocrx_word' id='word_1_503' title='bbox 1584 1696 1659 1723; x_wconf 90' lang='lat' dir='ltr'><strong>clero</strong></span> <span class='ocrx_word' id='word_1_504' title='bbox 1684 1695 1773 1722; x_wconf 89' lang='lat' dir='ltr'><strong>adnu-</strong></span> 
     </span>
    </p>
   </div>
   <div class='ocr_carea' id='block_1_78' title="bbox 979 1741 1773 1775">
    <p class='ocr_par' dir='ltr' id='par_1_78' title="bbox 979 1741 1773 1775">
     <span class='ocr_line' id='line_1_78' title="bbox 979 1741 1773 1775; baseline -0.006 -5"><span class='ocrx_word' id='word_1_505' title='bbox 979 1748 1110 1775; x_wconf 82' lang='lat' dir='ltr'><strong>meretur.</strong></span> <span class='ocrx_word' id='word_1_506' title='bbox 1128 1748 1205 1770; x_wconf 88' lang='lat' dir='ltr'><strong>actor</strong></span> <span class='ocrx_word' id='word_1_507' title='bbox 1234 1743 1262 1770; x_wconf 94' lang='lat' dir='ltr'><strong>in</strong></span> <span class='ocrx_word' id='word_1_508' title='bbox 1289 1751 1321 1770; x_wconf 92' lang='lat' dir='ltr'><strong>eo</strong></span> <span class='ocrx_word' id='word_1_509' title='bbox 1338 1751 1403 1770; x_wconf 83' lang='lat' dir='ltr'><strong>casu</strong></span> <span class='ocrx_word' id='word_1_510' title='bbox 1426 1742 1465 1770; x_wconf 88' lang='lat' dir='ltr'><strong>rei</strong></span> <span class='ocrx_word' id='word_1_511' title='bbox 1495 1742 1554 1770; x_wconf 81' lang='lat' dir='ltr'><strong>fero</strong></span> <span class='ocrx_word' id='word_1_512' title='bbox 1581 1741 1694 1769; x_wconf 83' lang='lat' dir='ltr'><strong>omnino</strong></span> <span class='ocrx_word' id='word_1_513' title='bbox 1709 1741 1773 1768; x_wconf 86' lang='lat' dir='ltr'><strong>sub-</strong></span> 
     </span>
    </p>
   </div>
   <div class='ocr_carea' id='block_1_79' title="bbox 978 1789 1773 1826">
    <p class='ocr_par' dir='ltr' id='par_1_79' title="bbox 978 1789 1773 1826">
     <span class='ocr_line' id='line_1_79' title="bbox 978 1789 1773 1826; baseline 0 -9"><span class='ocrx_word' id='word_1_514' title='bbox 978 1790 1101 1825; x_wconf 84' lang='lat' dir='ltr'><strong>jicietur.</strong></span> <span class='ocrx_word' id='word_1_515' title='bbox 1121 1795 1150 1818; x_wconf 90' lang='lat' dir='ltr'><strong>et</strong></span> <span class='ocrx_word' id='word_1_516' title='bbox 1172 1791 1363 1826; x_wconf 78' lang='lat' dir='ltr'><strong>unusquisque</strong></span> <span class='ocrx_word' id='word_1_517' title='bbox 1386 1790 1419 1818; x_wconf 82' lang='lat' dir='ltr'><strong>ad</strong></span> <span class='ocrx_word' id='word_1_518' title='bbox 1443 1789 1578 1825; x_wconf 86' lang='lat' dir='ltr'><strong>judicium</strong></span> <span class='ocrx_word' id='word_1_519' title='bbox 1605 1789 1773 1817; x_wconf 78' lang='lat' dir='ltr'><strong>conveniens</strong></span> 
     </span>
    </p>
   </div>
   <div class='ocr_carea' id='block_1_80' title="bbox 981 1837 1106 1864">
    <p class='ocr_par' dir='ltr' id='par_1_80' title="bbox 981 1837 1106 1864">
     <span class='ocr_line' id='line_1_80' title="bbox 981 1837 1106 1864; baseline 0 0"><span class='ocrx_word' id='word_1_520' title='bbox 981 1837 1106 1864; x_wconf 76' lang='lat' dir='ltr'><strong>accedet.</strong></span> 
     </span>
    </p>
   </div>
   <div class='ocr_carea' id='block_1_81' title="bbox 1015 1881 1773 1918">
    <p class='ocr_par' dir='ltr' id='par_1_81' title="bbox 1015 1881 1773 1918">
     <span class='ocr_line' id='line_1_81' title="bbox 1015 1881 1773 1918; baseline 0 -10"><span class='ocrx_word' id='word_1_521' title='bbox 1015 1881 1127 1910; x_wconf 74' lang='lat' dir='ltr'><strong>Judiccs</strong></span> <span class='ocrx_word' id='word_1_522' title='bbox 1145 1883 1177 1909; x_wconf 88' lang='lat' dir='ltr'><strong>ad</strong></span> <span class='ocrx_word' id='word_1_523' title='bbox 1201 1891 1270 1918; x_wconf 88' lang='lat' dir='ltr'><strong>quos</strong></span> <span class='ocrx_word' id='word_1_524' title='bbox 1291 1883 1373 1910; x_wconf 77' lang='lat' dir='ltr'><strong>datur</strong></span> <span class='ocrx_word' id='word_1_525' title='bbox 1395 1882 1542 1917; x_wconf 85' lang='lat' dir='ltr'><strong>appellatio</strong></span> <span class='ocrx_word' id='word_1_526' title='bbox 1568 1881 1688 1916; x_wconf 82' lang='lat' dir='ltr'><strong>majores</strong></span> <span class='ocrx_word' id='word_1_527' title='bbox 1713 1889 1773 1909; x_wconf 77' lang='lat' dir='ltr'><strong>esse</strong></span> 
     </span>
    </p>
   </div>
   <div class='ocr_carea' id='block_1_82' title="bbox 981 1926 1586 1961">
    <p class='ocr_par' dir='ltr' id='par_1_82' title="bbox 981 1926 1586 1961">
     <span class='ocr_line' id='line_1_82' title="bbox 981 1926 1586 1961; baseline 0.002 -10"><span class='ocrx_word' id='word_1_528' title='bbox 981 1931 1088 1960; x_wconf 84' lang='lat' dir='ltr'><strong>oportet</strong></span> <span class='ocrx_word' id='word_1_529' title='bbox 1118 1926 1151 1954; x_wconf 88' lang='lat' dir='ltr'><strong>iis</strong></span> <span class='ocrx_word' id='word_1_530' title='bbox 1179 1927 1226 1961; x_wconf 80' lang='lat' dir='ltr'><strong>qui</strong></span> <span class='ocrx_word' id='word_1_531' title='bbox 1252 1928 1286 1954; x_wconf 88' lang='lat' dir='ltr'><strong>ab</strong></span> <span class='ocrx_word' id='word_1_532' title='bbox 1314 1927 1390 1954; x_wconf 86' lang='lat' dir='ltr'><strong>initio</strong></span> <span class='ocrx_word' id='word_1_533' title='bbox 1413 1927 1586 1960; x_wconf 79' lang='lat' dir='ltr'><strong>judicabant.</strong></span> 
     </span>
    </p>
   </div>
   <div class='ocr_carea' id='block_1_83' title="bbox 1015 1971 1774 2007">
    <p class='ocr_par' dir='ltr' id='par_1_83' title="bbox 1015 1971 1774 2007">
     <span class='ocr_line' id='line_1_83' title="bbox 1015 1971 1774 2007; baseline 0 -9"><span class='ocrx_word' id='word_1_534' title='bbox 1015 1971 1112 1999; x_wconf 85' lang='lat' dir='ltr'><strong>Omnis</strong></span> <span class='ocrx_word' id='word_1_535' title='bbox 1145 1972 1218 2000; x_wconf 86' lang='lat' dir='ltr'><strong>actio</strong></span> <span class='ocrx_word' id='word_1_536' title='bbox 1252 1979 1312 2007; x_wconf 57' lang='lat' dir='ltr'><strong>quae</strong></span> <span class='ocrx_word' id='word_1_537' title='bbox 1345 1972 1440 1999; x_wconf 87' lang='lat' dir='ltr'><strong>domui</strong></span> <span class='ocrx_word' id='word_1_538' title='bbox 1466 1972 1615 1999; x_wconf 77' lang='lat' dir='ltr'><strong>venerabili</strong></span> <span class='ocrx_word' id='word_1_539' title='bbox 1645 1972 1774 1999; x_wconf 85' lang='lat' dir='ltr'><strong>convenit</strong></span> 
     </span>
    </p>
   </div>
   <div class='ocr_carea' id='block_1_84' title="bbox 982 2016 1773 2053">
    <p class='ocr_par' dir='ltr' id='par_1_84' title="bbox 982 2016 1773 2053">
     <span class='ocr_line' id='line_1_84' title="bbox 982 2016 1773 2053; baseline 0.003 -11"><span class='ocrx_word' id='word_1_540' title='bbox 982 2016 1010 2042; x_wconf 92' lang='lat' dir='ltr'><strong>in</strong></span> <span class='ocrx_word' id='word_1_541' title='bbox 1029 2017 1210 2051; x_wconf 78' lang='lat' dir='ltr'><strong>quadraginta</strong></span> <span class='ocrx_word' id='word_1_542' title='bbox 1228 2025 1315 2044; x_wconf 87' lang='lat' dir='ltr'><strong>annos</strong></span> <span class='ocrx_word' id='word_1_543' title='bbox 1337 2018 1503 2045; x_wconf 70' lang='lat' dir='ltr'><strong>cxtemlilur.</strong></span> <span class='ocrx_word' id='word_1_544' title='bbox 1521 2018 1626 2045; x_wconf 88' lang='lat' dir='ltr'><strong>Etenim</strong></span> <span class='ocrx_word' id='word_1_545' title='bbox 1646 2026 1695 2053; x_wconf 91' lang='lat' dir='ltr'><strong>pro</strong></span> <span class='ocrx_word' id='word_1_546' title='bbox 1711 2018 1773 2044; x_wconf 90' lang='lat' dir='ltr'><strong>diu-</strong></span> 
     </span>
    </p>
   </div>
   <div class='ocr_carea' id='block_1_85' title="bbox 983 2063 1771 2098">
    <p class='ocr_par' dir='ltr' id='par_1_85' title="bbox 983 2063 1771 2098">
     <span class='ocr_line' id='line_1_85' title="bbox 983 2063 1771 2098; baseline 0 -8"><span class='ocrx_word' id='word_1_547' title='bbox 983 2063 1073 2090; x_wconf 80' lang='lat' dir='ltr'><strong>turnis</strong></span> <span class='ocrx_word' id='word_1_548' title='bbox 1086 2063 1342 2098; x_wconf 69' lang='lat' dir='ltr'><strong>praaseriptiouibus</strong></span> <span class='ocrx_word' id='word_1_549' title='bbox 1370 2064 1401 2091; x_wconf 87' lang='lat' dir='ltr'><strong>l0</strong></span> <span class='ocrx_word' id='word_1_550' title='bbox 1420 2068 1446 2090; x_wconf 90' lang='lat' dir='ltr'><strong>et</strong></span> <span class='ocrx_word' id='word_1_551' title='bbox 1468 2064 1504 2090; x_wconf 75' lang='lat'><strong>20</strong></span> <span class='ocrx_word' id='word_1_552' title='bbox 1521 2069 1548 2091; x_wconf 89' lang='lat' dir='ltr'><strong>et</strong></span> <span class='ocrx_word' id='word_1_553' title='bbox 1559 2063 1595 2091; x_wconf 75' lang='lat'><strong>30</strong></span> <span class='ocrx_word' id='word_1_554' title='bbox 1624 2071 1771 2095; x_wconf 83' lang='lat' dir='ltr'><strong>annorum,</strong></span> 
     </span>
    </p>
   </div>
   <div class='ocr_carea' id='block_1_86' title="bbox 982 2108 1770 2142">
    <p class='ocr_par' dir='ltr' id='par_1_86' title="bbox 982 2108 1770 2142">
     <span class='ocr_line' id='line_1_86' title="bbox 982 2108 1770 2142; baseline 0.001 -7"><span class='ocrx_word' id='word_1_555' title='bbox 982 2109 1085 2136; x_wconf 75' lang='lat' dir='ltr'><strong>sanctis</strong></span> <span class='ocrx_word' id='word_1_556' title='bbox 1100 2108 1273 2142; x_wconf 76' lang='lat' dir='ltr'><strong>Eeeiesiis,et</strong></span> <span class='ocrx_word' id='word_1_557' title='bbox 1285 2110 1349 2137; x_wconf 86' lang='lat' dir='ltr'><strong>aliis</strong></span> <span class='ocrx_word' id='word_1_558' title='bbox 1365 2110 1491 2138; x_wconf 85' lang='lat' dir='ltr'><strong>omnibus</strong></span> <span class='ocrx_word' id='word_1_559' title='bbox 1509 2111 1673 2137; x_wconf 84' lang='lat' dir='ltr'><strong>venerandis</strong></span> <span class='ocrx_word' id='word_1_560' title='bbox 1692 2110 1770 2142; x_wconf 77' lang='lat' dir='ltr'><strong>locis,</strong></span> 
     </span>
    </p>
   </div>
   <div class='ocr_carea' id='block_1_87' title="bbox 983 2155 1771 2191">
    <p class='ocr_par' dir='ltr' id='par_1_87' title="bbox 983 2155 1771 2191">
     <span class='ocr_line' id='line_1_87' title="bbox 983 2155 1771 2191; baseline 0 -9"><span class='ocrx_word' id='word_1_561' title='bbox 983 2156 1069 2182; x_wconf 81' lang='lat' dir='ltr'><strong>solam</strong></span> <span class='ocrx_word' id='word_1_562' title='bbox 1087 2155 1129 2183; x_wconf 35' lang='grc' dir='ltr'><strong>οὒκ</strong></span> <span class='ocrx_word' id='word_1_563' title='bbox 1150 2163 1285 2183; x_wconf 88' lang='lat' dir='ltr'><strong>annorum</strong></span> <span class='ocrx_word' id='word_1_564' title='bbox 1302 2156 1533 2191; x_wconf 70' lang='lat' dir='ltr'><strong>praescriptionem</strong></span> <span class='ocrx_word' id='word_1_565' title='bbox 1559 2157 1618 2184; x_wconf 83' lang='lat' dir='ltr'><strong>dari</strong></span> <span class='ocrx_word' id='word_1_566' title='bbox 1641 2156 1771 2184; x_wconf 81' lang='lat' dir='ltr'><strong>concedi-</strong></span> 
     </span>
    </p>
   </div>
   <div class='ocr_carea' id='block_1_88' title="bbox 984 2201 1771 2238">
    <p class='ocr_par' dir='ltr' id='par_1_88' title="bbox 984 2201 1771 2238">
     <span class='ocr_line' id='line_1_88' title="bbox 984 2201 1771 2238; baseline 0.004 -11"><span class='ocrx_word' id='word_1_567' title='bbox 984 2208 1057 2229; x_wconf 85' lang='lat' dir='ltr'><strong>mus.</strong></span> <span class='ocrx_word' id='word_1_568' title='bbox 1075 2201 1146 2228; x_wconf 87' lang='lat' dir='ltr'><strong>ldem</strong></span> <span class='ocrx_word' id='word_1_569' title='bbox 1165 2202 1329 2230; x_wconf 88' lang='lat' dir='ltr'><strong>observatur</strong></span> <span class='ocrx_word' id='word_1_570' title='bbox 1345 2208 1371 2230; x_wconf 89' lang='lat' dir='ltr'><strong>et</strong></span> <span class='ocrx_word' id='word_1_571' title='bbox 1388 2204 1414 2230; x_wconf 93' lang='lat' dir='ltr'><strong>in</strong></span> <span class='ocrx_word' id='word_1_572' title='bbox 1442 2204 1593 2238; x_wconf 74' lang='lat' dir='ltr'><strong>legatorum</strong></span> <span class='ocrx_word' id='word_1_573' title='bbox 1615 2204 1771 2234; x_wconf 78' lang='lat' dir='ltr'><strong>exactione,</strong></span> 
     </span>
    </p>
   </div>
   <div class='ocr_carea' id='block_1_89' title="bbox 141 2244 926 2283">
    <p class='ocr_par' dir='ltr' id='par_1_89' title="bbox 141 2245 926 2283">
     <span class='ocr_line' id='line_1_89' title="bbox 141 2245 926 2283; baseline 0.006 -13"><span class='ocrx_word' id='word_1_574' title='bbox 141 2246 176 2279; x_wconf 79' lang='grc' dir='ltr'>τῇ</span> <span class='ocrx_word' id='word_1_575' title='bbox 202 2245 352 2280; x_wconf 76' lang='grc' dir='ltr'>ἀπαιτήσει</span> <span class='ocrx_word' id='word_1_576' title='bbox 371 2246 427 2272; x_wconf 84' lang='grc' dir='ltr'><strong>τῶν</strong></span> <span class='ocrx_word' id='word_1_577' title='bbox 448 2246 569 2280; x_wconf 79' lang='grc' dir='ltr'>λεγάτων</span> <span class='ocrx_word' id='word_1_578' title='bbox 591 2248 639 2274; x_wconf 78' lang='grc' dir='ltr'>καὶ</span> <span class='ocrx_word' id='word_1_579' title='bbox 658 2247 714 2274; x_wconf 83' lang='grc' dir='ltr'><strong>τῶν</strong></span> <span class='ocrx_word' id='word_1_580' title='bbox 731 2247 926 2283; x_wconf 68' lang='grc' dir='ltr'>κληρονομιῶν,</span> 
     </span>
    </p>
   </div>
   <div class='ocr_carea' id='block_1_90' title="bbox 987 2244 1773 2283">
    <p class='ocr_par' dir='ltr' id='par_1_90' title="bbox 987 2244 1773 2281">
     <span class='ocr_line' id='line_1_90' title="bbox 987 2244 1773 2281; baseline 0.006 -11"><span class='ocrx_word' id='word_1_581' title='bbox 987 2249 1011 2271; x_wconf 77' lang='lat' dir='ltr'><strong>et</strong></span> <span class='ocrx_word' id='word_1_582' title='bbox 1036 2244 1227 2272; x_wconf 72' lang='lat' dir='ltr'><strong>brereditatum</strong></span> <span class='ocrx_word' id='word_1_583' title='bbox 1259 2246 1286 2272; x_wconf 93' lang='lat' dir='ltr'><strong>in</strong></span> <span class='ocrx_word' id='word_1_584' title='bbox 1305 2247 1365 2280; x_wconf 85' lang='lat' dir='ltr'><strong>pios</strong></span> <span class='ocrx_word' id='word_1_585' title='bbox 1393 2255 1461 2275; x_wconf 78' lang='lat' dir='ltr'><strong>usus</strong></span> <span class='ocrx_word' id='word_1_586' title='bbox 1488 2247 1656 2275; x_wconf 76' lang='lat' dir='ltr'><strong>relictarum.</strong></span> <span class='ocrx_word' id='word_1_587' title='bbox 1676 2247 1773 2281; x_wconf 73' lang='lat' dir='ltr'><strong>Quaeve</strong></span> 
     </span>
    </p>
   </div>
   <div class='ocr_carea' id='block_1_91' title="bbox 142 2290 930 2329">
    <p class='ocr_par' dir='ltr' id='par_1_91' title="bbox 142 2290 930 2329">
     <span class='ocr_line' id='line_1_91' title="bbox 142 2290 930 2329; baseline 0.008 -13"><span class='ocrx_word' id='word_1_588' title='bbox 142 2290 197 2316; x_wconf 86' lang='grc' dir='ltr'><strong>τῶν</strong></span> <span class='ocrx_word' id='word_1_589' title='bbox 214 2291 254 2320; x_wconf 82' lang='grc' dir='ltr'><strong>είς</strong></span> <span class='ocrx_word' id='word_1_590' title='bbox 267 2291 378 2322; x_wconf 75' lang='grc' dir='ltr'>ἀσεϐεῖς</span> <span class='ocrx_word' id='word_1_591' title='bbox 394 2291 487 2323; x_wconf 74' lang='grc' dir='ltr'>αἰτίας</span> <span class='ocrx_word' id='word_1_592' title='bbox 502 2293 773 2329; x_wconf 71' lang='grc' dir='ltr'>καταλελειμμένων,</span> <span class='ocrx_word' id='word_1_593' title='bbox 786 2295 871 2329; x_wconf 62' lang='grc' dir='ltr'><strong>Ζήςειη</strong></span> <span class='ocrx_word' id='word_1_594' title='bbox 882 2295 930 2322; x_wconf 74' lang='grc' dir='ltr'>καὶ</span> 
     </span>
    </p>
   </div>
   <div class='ocr_carea' id='block_1_92' title="bbox 142 2335 610 2372">
    <p class='ocr_par' dir='ltr' id='par_1_92' title="bbox 142 2335 610 2372">
     <span class='ocr_line' id='line_1_92' title="bbox 142 2335 610 2372; baseline 0.004 -10"><span class='ocrx_word' id='word_1_595' title='bbox 142 2337 171 2362; x_wconf 75' lang='grc' dir='ltr'>ἐν</span> <span class='ocrx_word' id='word_1_596' title='bbox 186 2336 225 2372; x_wconf 77' lang='grc' dir='ltr'>τῷ</span> <span class='ocrx_word' id='word_1_597' title='bbox 235 2335 261 2370; x_wconf 83' lang='grc' dir='ltr'>η’</span> <span class='ocrx_word' id='word_1_598' title='bbox 278 2345 340 2369; x_wconf 81' lang='grc' dir='ltr'>κεφ.</span> <span class='ocrx_word' id='word_1_599' title='bbox 359 2337 407 2363; x_wconf 79' lang='grc' dir='ltr'>τοῦ</span> <span class='ocrx_word' id='word_1_600' title='bbox 422 2337 449 2364; x_wconf 81' lang='grc' dir='ltr'>Μ</span> <span class='ocrx_word' id='word_1_601' title='bbox 462 2338 610 2372; x_wconf 81' lang='grc' dir='ltr'>στοιχείου.</span> 
     </span>
    </p>
   </div>
   <div class='ocr_carea' id='block_1_93' title="bbox 177 2383 928 2422">
    <p class='ocr_par' dir='ltr' id='par_1_93' title="bbox 177 2383 928 2422">
     <span class='ocr_line' id='line_1_93' title="bbox 177 2383 928 2422; baseline 0.008 -14"><span class='ocrx_word' id='word_1_602' title='bbox 177 2383 353 2416; x_wconf 80' lang='grc' dir='ltr'>Μονάστριαν</span> <span class='ocrx_word' id='word_1_603' title='bbox 383 2383 400 2418; x_wconf 80' lang='grc' dir='ltr'>ἢ</span> <span class='ocrx_word' id='word_1_604' title='bbox 428 2384 582 2419; x_wconf 78' lang='grc' dir='ltr'>ἀσκὴτριαν</span> <span class='ocrx_word' id='word_1_605' title='bbox 608 2385 644 2411; x_wconf 81' lang='grc' dir='ltr'>δι’</span> <span class='ocrx_word' id='word_1_606' title='bbox 660 2385 791 2421; x_wconf 82' lang='grc' dir='ltr'>οὐδεμίαν</span> <span class='ocrx_word' id='word_1_607' title='bbox 814 2388 928 2422; x_wconf 82' lang='grc' dir='ltr'><strong>ἀγωγὴν</strong></span> 
     </span>
    </p>
   </div>
   <div class='ocr_carea' id='block_1_94' title="bbox 142 2428 930 2470">
    <p class='ocr_par' dir='ltr' id='par_1_94' title="bbox 142 2428 930 2470">
     <span class='ocr_line' id='line_1_94' title="bbox 142 2428 930 2470; baseline 0.009 -16"><span class='ocrx_word' id='word_1_608' title='bbox 142 2428 341 2464; x_wconf 82' lang='grc' dir='ltr'>συγχωροῦμεν</span> <span class='ocrx_word' id='word_1_609' title='bbox 363 2429 534 2464; x_wconf 76' lang='grc' dir='ltr'>ἁφέλκεσθαι</span> <span class='ocrx_word' id='word_1_610' title='bbox 557 2430 590 2457; x_wconf 74' lang='grc' dir='ltr'>ὲκ</span> <span class='ocrx_word' id='word_1_611' title='bbox 611 2432 667 2458; x_wconf 80' lang='grc' dir='ltr'><strong>τῶν</strong></span> <span class='ocrx_word' id='word_1_612' title='bbox 692 2432 766 2460; x_wconf 83' lang='grc' dir='ltr'>ἰδίων</span> <span class='ocrx_word' id='word_1_613' title='bbox 794 2442 930 2470; x_wconf 76' lang='grc' dir='ltr'>μοναστη-</span> 
     </span>
    </p>
   </div>
   <div class='ocr_carea' id='block_1_95' title="bbox 163 2475 219 2501">
    <p class='ocr_par' dir='ltr' id='par_1_95' title="bbox 163 2475 219 2501">
     <span class='ocr_line' id='line_1_95' title="bbox 163 2475 219 2501; baseline 0.018 -1"><span class='ocrx_word' id='word_1_614' title='bbox 163 2475 219 2501; x_wconf 82' lang='grc' dir='ltr'><strong>ἰων-</strong></span> 
     </span>
    </p>
   </div>
   <div class='ocr_carea' id='block_1_96' title="bbox 143 2485 929 2560">
    <p class='ocr_par' dir='ltr' id='par_1_96' title="bbox 143 2485 929 2560">
     <span class='ocr_line' id='line_1_96' title="bbox 163 2485 219 2501; baseline 0.018 -1"><span class='ocrx_word' id='word_1_615' title='bbox 163 2485 219 2501; x_wconf 83' lang='grc' dir='ltr'>ιων.</span> 
     </span>
     <span class='ocr_line' id='line_1_97' title="bbox 143 2485 929 2560; baseline 0.008 -14"><span class='ocrx_word' id='word_1_616' title='bbox 143 2485 158 2510; x_wconf 68' lang='grc' dir='ltr'>ρ</span> <span class='ocrx_word' id='word_1_617' title='bbox 178 2520 258 2547; x_wconf 77' lang='grc' dir='ltr'>Πᾶσα</span> <span class='ocrx_word' id='word_1_618' title='bbox 289 2521 437 2555; x_wconf 74' lang='grc' dir='ltr'>ὑπόθεσις,</span> <span class='ocrx_word' id='word_1_619' title='bbox 462 2523 549 2558; x_wconf 80' lang='grc' dir='ltr'>χωρὶς</span> <span class='ocrx_word' id='word_1_620' title='bbox 577 2496 634 2550; x_wconf 65' lang='grc' dir='ltr'><strong>τῶν</strong></span> <span class='ocrx_word' id='word_1_621' title='bbox 659 2524 696 2559; x_wconf 80' lang='grc' dir='ltr'><strong>μὴ</strong></span> <span class='ocrx_word' id='word_1_622' title='bbox 729 2525 929 2560; x_wconf 77' lang='grc' dir='ltr'>ὲπιδεχομένων</span> 
     </span>
    </p>
   </div>
   <div class='ocr_carea' id='block_1_97' title="bbox 143 2566 928 2605">
    <p class='ocr_par' dir='ltr' id='par_1_97' title="bbox 143 2566 928 2605">
     <span class='ocr_line' id='line_1_98' title="bbox 143 2566 928 2605; baseline 0.008 -13"><span class='ocrx_word' id='word_1_623' title='bbox 143 2566 303 2601; x_wconf 73' lang='grc' dir='ltr'>ὑπέρθεσιν,</span> <span class='ocrx_word' id='word_1_624' title='bbox 319 2567 447 2602; x_wconf 73' lang='grc' dir='ltr'>ἐκκλήτῳ</span> <span class='ocrx_word' id='word_1_625' title='bbox 462 2568 607 2596; x_wconf 72' lang='grc' dir='ltr'>ὑπόκειται</span> <span class='ocrx_word' id='word_1_626' title='bbox 628 2570 677 2605; x_wconf 87' lang='grc' dir='ltr'>οὐχ</span> <span class='ocrx_word' id='word_1_627' title='bbox 692 2569 778 2603; x_wconf 78' lang='grc' dir='ltr'>ἅπαξ,</span> <span class='ocrx_word' id='word_1_628' title='bbox 793 2570 862 2598; x_wconf 75' lang='grc' dir='ltr'>ἀλλὰ</span> <span class='ocrx_word' id='word_1_629' title='bbox 880 2573 928 2598; x_wconf 71' lang='grc' dir='ltr'>καὶ</span> 
     </span>
    </p>
   </div>
   <div class='ocr_carea' id='block_1_98' title="bbox 141 2614 193 2645">
    <p class='ocr_par' dir='ltr' id='par_1_98' title="bbox 141 2614 193 2645">
     <span class='ocr_line' id='line_1_99' title="bbox 141 2614 193 2645; baseline 0.019 -5"><span class='ocrx_word' id='word_1_630' title='bbox 141 2614 193 2645; x_wconf 70' lang='grc' dir='ltr'>δίς.</span> 
     </span>
    </p>
   </div>
   <div class='ocr_carea' id='block_1_99' title="bbox 178 2659 929 2698">
    <p class='ocr_par' dir='ltr' id='par_1_99' title="bbox 178 2659 929 2698">
     <span class='ocr_line' id='line_1_100' title="bbox 178 2659 929 2698; baseline 0.007 -13"><span class='ocrx_word' id='word_1_631' title='bbox 178 2659 342 2692; x_wconf 82' lang='grc' dir='ltr'>Κελεύοντος</span> <span class='ocrx_word' id='word_1_632' title='bbox 365 2662 510 2696; x_wconf 77' lang='grc' dir='ltr'>ἄρχοντος,</span> <span class='ocrx_word' id='word_1_633' title='bbox 539 2661 653 2694; x_wconf 86' lang='grc' dir='ltr'>δικαιως</span> <span class='ocrx_word' id='word_1_634' title='bbox 679 2663 832 2698; x_wconf 80' lang='grc' dir='ltr'>νεμόμεθα,</span> <span class='ocrx_word' id='word_1_635' title='bbox 857 2665 871 2690; x_wconf 81' lang='grc' dir='ltr'>ὁ</span> <span class='ocrx_word' id='word_1_636' title='bbox 900 2664 929 2690; x_wconf 76' lang='grc' dir='ltr'>δὲ</span> 
     </span>
    </p>
   </div>
   <div class='ocr_carea' id='block_1_100' title="bbox 140 2706 823 2743">
    <p class='ocr_par' dir='ltr' id='par_1_100' title="bbox 140 2706 823 2743">
     <span class='ocr_line' id='line_1_101' title="bbox 140 2706 823 2743; baseline 0.006 -10"><span class='ocrx_word' id='word_1_637' title='bbox 140 2706 267 2741; x_wconf 82' lang='grc' dir='ltr'>ἀνάρχως</span> <span class='ocrx_word' id='word_1_638' title='bbox 282 2707 314 2733; x_wconf 80' lang='grc' dir='ltr'>τὸ</span> <span class='ocrx_word' id='word_1_639' title='bbox 330 2707 395 2734; x_wconf 77' lang='grc' dir='ltr'>[διον</span> <span class='ocrx_word' id='word_1_640' title='bbox 407 2707 576 2743; x_wconf 82' lang='grc' dir='ltr'>ἀφελόμενος</span> <span class='ocrx_word' id='word_1_641' title='bbox 588 2709 715 2736; x_wconf 77' lang='grc' dir='ltr'>ἐκπίπτει</span> <span class='ocrx_word' id='word_1_642' title='bbox 728 2710 823 2738; x_wconf 75' lang='grc' dir='ltr'>αὑτοῦ.</span> 
     </span>
    </p>
   </div>
   <div class='ocr_carea' id='block_1_101' title="bbox 176 2796 927 2836">
    <p class='ocr_par' dir='ltr' id='par_1_101' title="bbox 176 2796 927 2836">
     <span class='ocr_line' id='line_1_102' title="bbox 176 2796 927 2836; baseline 0.007 -13"><span class='ocrx_word' id='word_1_643' title='bbox 176 2796 216 2823; x_wconf 86' lang='grc' dir='ltr'><strong>Τὰ</strong></span> <span class='ocrx_word' id='word_1_644' title='bbox 230 2798 323 2829; x_wconf 83' lang='grc' dir='ltr'>κακῶς</span> <span class='ocrx_word' id='word_1_645' title='bbox 336 2798 467 2833; x_wconf 81' lang='grc' dir='ltr'>κριθέντα</span> <span class='ocrx_word' id='word_1_646' title='bbox 482 2799 529 2826; x_wconf 75' lang='grc' dir='ltr'>καὶ</span> <span class='ocrx_word' id='word_1_647' title='bbox 545 2800 717 2833; x_wconf 74' lang='grc' dir='ltr'>τυπωθέντα,</span> <span class='ocrx_word' id='word_1_648' title='bbox 735 2800 796 2827; x_wconf 76' lang='grc' dir='ltr'>οὔτε</span> <span class='ocrx_word' id='word_1_649' title='bbox 820 2800 927 2836; x_wconf 79' lang='grc' dir='ltr'>χρόνος,</span> 
     </span>
    </p>
   </div>
   <div class='ocr_carea' id='block_1_102' title="bbox 141 2841 662 2879">
    <p class='ocr_par' dir='ltr' id='par_1_102' title="bbox 141 2841 662 2879">
     <span class='ocr_line' id='line_1_103' title="bbox 141 2841 662 2879; baseline 0.01 -12"><span class='ocrx_word' id='word_1_650' title='bbox 141 2841 202 2868; x_wconf 65' lang='grc' dir='ltr'>οὔτε</span> <span class='ocrx_word' id='word_1_651' title='bbox 219 2843 310 2876; x_wconf 70' lang='grc' dir='ltr'>νόμος,</span> <span class='ocrx_word' id='word_1_652' title='bbox 323 2843 386 2869; x_wconf 77' lang='grc' dir='ltr'>οὔτε</span> <span class='ocrx_word' id='word_1_653' title='bbox 402 2844 531 2879; x_wconf 82' lang='grc' dir='ltr'>συνήθεια</span> <span class='ocrx_word' id='word_1_654' title='bbox 547 2844 662 2878; x_wconf 73' lang='grc' dir='ltr'>βεϐαιοῖ.</span> 
     </span>
    </p>
   </div>
   <div class='ocr_carea' id='block_1_103' title="bbox 177 2883 927 2922">
    <p class='ocr_par' dir='ltr' id='par_1_103' title="bbox 177 2883 927 2922">
     <span class='ocr_line' id='line_1_104' title="bbox 177 2883 927 2922; baseline 0.004 -9"><span class='ocrx_word' id='word_1_655' title='bbox 177 2888 348 2920; x_wconf 74' lang='grc' dir='ltr'>θῑσπίςομεν</span> <span class='ocrx_word' id='word_1_656' title='bbox 375 2883 472 2920; x_wconf 58' lang='grc' dir='ltr'>μηδενὶ</span> <span class='ocrx_word' id='word_1_657' title='bbox 505 2889 616 2921; x_wconf 77' lang='grc' dir='ltr'>ἐξεῖναι,</span> <span class='ocrx_word' id='word_1_658' title='bbox 641 2886 687 2916; x_wconf 61' lang='grc' dir='ltr'><strong>τῶ</strong></span> <span class='ocrx_word' id='word_1_659' title='bbox 715 2890 927 2922; x_wconf 70' lang='grc' dir='ltr'>τελευτήσαντος</span> 
     </span>
    </p>
   </div>
   <div class='ocr_carea' id='block_1_104' title="bbox 986 2288 1389 2325">
    <p class='ocr_par' dir='ltr' id='par_1_104' title="bbox 986 2288 1389 2325">
     <span class='ocr_line' id='line_1_105' title="bbox 986 2288 1389 2325; baseline 0.01 -10"><span class='ocrx_word' id='word_1_660' title='bbox 986 2288 1067 2315; x_wconf 83' lang='lat' dir='ltr'><strong>etiam</strong></span> <span class='ocrx_word' id='word_1_661' title='bbox 1082 2289 1109 2316; x_wconf 90' lang='lat' dir='ltr'><strong>iu</strong></span> <span class='ocrx_word' id='word_1_662' title='bbox 1125 2297 1187 2325; x_wconf 86' lang='lat' dir='ltr'><strong>cap.</strong></span> <span class='ocrx_word' id='word_1_663' title='bbox 1208 2290 1224 2317; x_wconf 90' lang='lat'><strong>8</strong></span> <span class='ocrx_word' id='word_1_664' title='bbox 1244 2291 1339 2319; x_wconf 76' lang='lat' dir='ltr'><strong>litterae</strong></span> <span class='ocrx_word' id='word_1_665' title='bbox 1352 2291 1389 2320; x_wconf 79' lang='grc' dir='ltr'><em>Μ.</em></span> 
     </span>
    </p>
   </div>
   <div class='ocr_carea' id='block_1_105' title="bbox 1002 2381 1771 2412">
    <p class='ocr_par' dir='ltr' id='par_1_105' title="bbox 1002 2381 1771 2412">
     <span class='ocr_line' id='line_1_106' title="bbox 1002 2381 1771 2412; baseline 0.004 -3"><span class='ocrx_word' id='word_1_666' title='bbox 1002 2381 1166 2410; x_wconf 64' lang='lat' dir='ltr'><strong>&#39;Moniaiem</strong></span> <span class='ocrx_word' id='word_1_667' title='bbox 1193 2383 1237 2410; x_wconf 81' lang='lat' dir='ltr'><strong>vel</strong></span> <span class='ocrx_word' id='word_1_668' title='bbox 1261 2383 1407 2410; x_wconf 77' lang='lat' dir='ltr'><strong>ast‘etrinm</strong></span> <span class='ocrx_word' id='word_1_669' title='bbox 1435 2383 1471 2410; x_wconf 89' lang='lat' dir='ltr'><strong>ob</strong></span> <span class='ocrx_word' id='word_1_670' title='bbox 1501 2384 1602 2410; x_wconf 88' lang='lat' dir='ltr'><strong>nullam</strong></span> <span class='ocrx_word' id='word_1_671' title='bbox 1637 2385 1771 2412; x_wconf 87' lang='lat' dir='ltr'><strong>actionem</strong></span> 
     </span>
    </p>
   </div>
   <div class='ocr_carea' id='block_1_106' title="bbox 985 2428 1654 2464">
    <p class='ocr_par' dir='ltr' id='par_1_106' title="bbox 985 2428 1654 2464">
     <span class='ocr_line' id='line_1_107' title="bbox 985 2428 1654 2464; baseline 0.003 -9"><span class='ocrx_word' id='word_1_672' title='bbox 985 2435 1018 2456; x_wconf 66' lang='lat' dir='ltr'><strong>ea</strong></span> <span class='ocrx_word' id='word_1_673' title='bbox 1043 2428 1220 2456; x_wconf 85' lang='lat' dir='ltr'><strong>monasteriis</strong></span> <span class='ocrx_word' id='word_1_674' title='bbox 1243 2430 1302 2456; x_wconf 85' lang='lat' dir='ltr'><strong>suis</strong></span> <span class='ocrx_word' id='word_1_675' title='bbox 1324 2430 1430 2456; x_wconf 78' lang='lat' dir='ltr'><strong>extrahi</strong></span> <span class='ocrx_word' id='word_1_676' title='bbox 1457 2430 1654 2464; x_wconf 88' lang='lat' dir='ltr'><strong>permittimus.</strong></span> 
     </span>
    </p>
   </div>
   <div class='ocr_carea' id='block_1_107' title="bbox 1020 2518 1770 2555">
    <p class='ocr_par' dir='ltr' id='par_1_107' title="bbox 1020 2518 1770 2555">
     <span class='ocr_line' id='line_1_108' title="bbox 1020 2518 1770 2555; baseline 0.003 -9"><span class='ocrx_word' id='word_1_677' title='bbox 1020 2518 1116 2546; x_wconf 85' lang='lat' dir='ltr'><strong>Omnis</strong></span> <span class='ocrx_word' id='word_1_678' title='bbox 1135 2526 1229 2550; x_wconf 83' lang='lat' dir='ltr'><strong>causa,</strong></span> <span class='ocrx_word' id='word_1_679' title='bbox 1243 2519 1366 2553; x_wconf 82' lang='lat' dir='ltr'><strong>exceptis</strong></span> <span class='ocrx_word' id='word_1_680' title='bbox 1392 2520 1426 2547; x_wconf 88' lang='lat' dir='ltr'><strong>iis</strong></span> <span class='ocrx_word' id='word_1_681' title='bbox 1455 2527 1516 2555; x_wconf 76' lang='lat' dir='ltr'><strong>quat</strong></span> <span class='ocrx_word' id='word_1_682' title='bbox 1532 2521 1689 2548; x_wconf 83' lang='lat' dir='ltr'><strong>dilationem</strong></span> <span class='ocrx_word' id='word_1_683' title='bbox 1718 2529 1770 2548; x_wconf 73' lang='lat' dir='ltr'><strong>non</strong></span> 
     </span>
    </p>
   </div>
   <div class='ocr_carea' id='block_1_108' title="bbox 985 2558 1771 2602">
    <p class='ocr_par' dir='ltr' id='par_1_108' title="bbox 985 2558 1771 2602">
     <span class='ocr_line' id='line_1_109' title="bbox 985 2558 1771 2602; baseline 0.003 -9"><span class='ocrx_word' id='word_1_684' title='bbox 985 2567 1144 2600; x_wconf 85' lang='lat' dir='ltr'><strong>admittunt,</strong></span> <span class='ocrx_word' id='word_1_685' title='bbox 1167 2566 1340 2601; x_wconf 80' lang='lat' dir='ltr'><strong>appellationi</strong></span> <span class='ocrx_word' id='word_1_686' title='bbox 1371 2558 1573 2602; x_wconf 43' lang='lat' dir='ltr'><strong>subjacetﬂion</strong></span> <span class='ocrx_word' id='word_1_687' title='bbox 1601 2569 1697 2600; x_wconf 79' lang='lat' dir='ltr'><strong>semel,</strong></span> <span class='ocrx_word' id='word_1_688' title='bbox 1724 2570 1771 2596; x_wconf 76' lang='lat' dir='ltr'><strong>sed</strong></span> 
     </span>
    </p>
   </div>
   <div class='ocr_carea' id='block_1_109' title="bbox 986 2613 1037 2640">
    <p class='ocr_par' dir='ltr' id='par_1_109' title="bbox 986 2613 1037 2640">
     <span class='ocr_line' id='line_1_110' title="bbox 986 2613 1037 2640; baseline -0.02 0"><span class='ocrx_word' id='word_1_689' title='bbox 986 2613 1037 2640; x_wconf 82' lang='lat' dir='ltr'><strong>bis.</strong></span> 
     </span>
    </p>
   </div>
   <div class='ocr_carea' id='block_1_110' title="bbox 1020 2661 1771 2698">
    <p class='ocr_par' dir='ltr' id='par_1_110' title="bbox 1020 2661 1771 2698">
     <span class='ocr_line' id='line_1_111' title="bbox 1020 2661 1771 2698; baseline 0.004 -11"><span class='ocrx_word' id='word_1_690' title='bbox 1020 2661 1126 2688; x_wconf 82' lang='lat' dir='ltr'><strong>Jndieis</strong></span> <span class='ocrx_word' id='word_1_691' title='bbox 1138 2662 1215 2696; x_wconf 83' lang='lat' dir='ltr'><strong>jussu</strong></span> <span class='ocrx_word' id='word_1_692' title='bbox 1227 2662 1301 2696; x_wconf 75' lang='lat' dir='ltr'><strong>jnste</strong></span> <span class='ocrx_word' id='word_1_693' title='bbox 1315 2663 1486 2698; x_wconf 79' lang='lat' dir='ltr'><strong>possidemus</strong></span> <span class='ocrx_word' id='word_1_694' title='bbox 1497 2672 1558 2698; x_wconf 68' lang='lat' dir='ltr'><strong>qum</strong></span> <span class='ocrx_word' id='word_1_695' title='bbox 1570 2664 1646 2690; x_wconf 86' lang='lat' dir='ltr'><strong>nobis</strong></span> <span class='ocrx_word' id='word_1_696' title='bbox 1659 2671 1690 2690; x_wconf 66' lang='lat' dir='ltr'><strong>ex</strong></span> <span class='ocrx_word' id='word_1_697' title='bbox 1708 2671 1771 2698; x_wconf 78' lang='lat' dir='ltr'><strong>par-</strong></span> 
     </span>
    </p>
   </div>
   <div class='ocr_carea' id='block_1_111' title="bbox 986 2707 1770 2743">
    <p class='ocr_par' dir='ltr' id='par_1_111' title="bbox 986 2707 1770 2743">
     <span class='ocr_line' id='line_1_112' title="bbox 986 2707 1770 2743; baseline 0.001 -9"><span class='ocrx_word' id='word_1_698' title='bbox 986 2708 1082 2734; x_wconf 89' lang='lat' dir='ltr'><strong>titione</strong></span> <span class='ocrx_word' id='word_1_699' title='bbox 1097 2708 1226 2735; x_wconf 84' lang='lat' dir='ltr'><strong>cveniunt</strong></span> <span class='ocrx_word' id='word_1_700' title='bbox 1242 2716 1250 2740; x_wconf 87' lang='lat'><strong>;</strong></span> <span class='ocrx_word' id='word_1_701' title='bbox 1267 2708 1315 2742; x_wconf 91' lang='lat' dir='ltr'><strong>qni</strong></span> <span class='ocrx_word' id='word_1_702' title='bbox 1331 2716 1397 2736; x_wconf 87' lang='lat' dir='ltr'><strong>vero</strong></span> <span class='ocrx_word' id='word_1_703' title='bbox 1412 2708 1471 2735; x_wconf 82' lang='lat' dir='ltr'><strong>sine</strong></span> <span class='ocrx_word' id='word_1_704' title='bbox 1488 2708 1566 2736; x_wconf 84' lang='lat' dir='ltr'><strong>venia</strong></span> <span class='ocrx_word' id='word_1_705' title='bbox 1579 2707 1680 2742; x_wconf 86' lang='lat' dir='ltr'><strong>judicis</strong></span> <span class='ocrx_word' id='word_1_706' title='bbox 1698 2709 1770 2743; x_wconf 76' lang='lat' dir='ltr'><strong>quod</strong></span> 
     </span>
    </p>
   </div>
   <div class='ocr_carea' id='block_1_112' title="bbox 985 2753 1451 2786">
    <p class='ocr_par' dir='ltr' id='par_1_112' title="bbox 985 2753 1451 2786">
     <span class='ocr_line' id='line_1_113' title="bbox 985 2753 1451 2786; baseline -0.002 -5"><span class='ocrx_word' id='word_1_707' title='bbox 985 2761 1064 2781; x_wconf 75' lang='lat' dir='ltr'><strong>Suum</strong></span> <span class='ocrx_word' id='word_1_708' title='bbox 1089 2758 1133 2781; x_wconf 79' lang='lat' dir='ltr'><strong>est</strong></span> <span class='ocrx_word' id='word_1_709' title='bbox 1166 2753 1268 2786; x_wconf 79' lang='lat' dir='ltr'><strong>aul‘e&#39;rt,</strong></span> <span class='ocrx_word' id='word_1_710' title='bbox 1286 2762 1320 2781; x_wconf 81' lang='lat' dir='ltr'><strong>eo</strong></span> <span class='ocrx_word' id='word_1_711' title='bbox 1339 2754 1451 2782; x_wconf 69' lang='lat' dir='ltr'><strong>excidit.</strong></span> 
     </span>
    </p>
   </div>
   <div class='ocr_carea' id='block_1_113' title="bbox 1020 2798 1770 2833">
    <p class='ocr_par' dir='ltr' id='par_1_113' title="bbox 1020 2798 1770 2833">
     <span class='ocr_line' id='line_1_114' title="bbox 1020 2798 1770 2833; baseline 0.003 -9"><span class='ocrx_word' id='word_1_712' title='bbox 1020 2798 1086 2831; x_wconf 72' lang='lat' dir='ltr'><strong>Qum</strong></span> <span class='ocrx_word' id='word_1_713' title='bbox 1127 2799 1197 2826; x_wconf 82' lang='lat' dir='ltr'><strong>male</strong></span> <span class='ocrx_word' id='word_1_714' title='bbox 1230 2798 1351 2833; x_wconf 82' lang='lat' dir='ltr'><strong>judicata</strong></span> <span class='ocrx_word' id='word_1_715' title='bbox 1380 2804 1407 2826; x_wconf 90' lang='lat' dir='ltr'><strong>et</strong></span> <span class='ocrx_word' id='word_1_716' title='bbox 1432 2799 1556 2827; x_wconf 87' lang='lat' dir='ltr'><strong>ordinata</strong></span> <span class='ocrx_word' id='word_1_717' title='bbox 1595 2803 1669 2833; x_wconf 86' lang='lat' dir='ltr'><strong>sunt,</strong></span> <span class='ocrx_word' id='word_1_718' title='bbox 1685 2807 1770 2833; x_wconf 62' lang='lat' dir='ltr'><strong>neque</strong></span> 
     </span>
    </p>
   </div>
   <div class='ocr_carea' id='block_1_114' title="bbox 986 2843 1686 2876">
    <p class='ocr_par' dir='ltr' id='par_1_114' title="bbox 986 2843 1686 2876">
     <span class='ocr_line' id='line_1_115' title="bbox 986 2843 1686 2876; baseline -0.001 -7"><span class='ocrx_word' id='word_1_719' title='bbox 986 2848 1103 2876; x_wconf 61' lang='lat' dir='ltr'><strong>tempus,</strong></span> <span class='ocrx_word' id='word_1_720' title='bbox 1120 2851 1168 2869; x_wconf 71' lang='lat' dir='ltr'><strong>net&#39;</strong></span> <span class='ocrx_word' id='word_1_721' title='bbox 1190 2843 1243 2871; x_wconf 83' lang='lat' dir='ltr'><strong>lex.</strong></span> <span class='ocrx_word' id='word_1_722' title='bbox 1261 2851 1311 2869; x_wconf 66' lang='lat' dir='ltr'><strong>nec</strong></span> <span class='ocrx_word' id='word_1_723' title='bbox 1335 2843 1504 2870; x_wconf 59' lang='lat' dir='ltr'><strong>consuetudo</strong></span> <span class='ocrx_word' id='word_1_724' title='bbox 1534 2843 1686 2869; x_wconf 71' lang='lat' dir='ltr'><strong>conﬁrmat.</strong></span> 
     </span>
    </p>
   </div>
   <div class='ocr_carea' id='block_1_115' title="bbox 1023 2889 1770 2924">
    <p class='ocr_par' dir='ltr' id='par_1_115' title="bbox 1023 2889 1770 2924">
     <span class='ocr_line' id='line_1_116' title="bbox 1023 2889 1770 2924; baseline -0.001 -8"><span class='ocrx_word' id='word_1_725' title='bbox 1023 2891 1168 2917; x_wconf 75' lang='lat' dir='ltr'><strong>Sancituus</strong></span> <span class='ocrx_word' id='word_1_726' title='bbox 1186 2889 1251 2916; x_wconf 80' lang='lat' dir='ltr'><strong>nulli</strong></span> <span class='ocrx_word' id='word_1_727' title='bbox 1267 2889 1348 2917; x_wconf 75' lang='lat' dir='ltr'><strong>licere</strong></span> <span class='ocrx_word' id='word_1_728' title='bbox 1365 2890 1464 2916; x_wconf 81' lang='lat' dir='ltr'><strong>mortui</strong></span> <span class='ocrx_word' id='word_1_729' title='bbox 1491 2890 1571 2924; x_wconf 77' lang='lat' dir='ltr'><strong>ﬁlios,</strong></span> <span class='ocrx_word' id='word_1_730' title='bbox 1589 2890 1629 2917; x_wconf 71' lang='lat' dir='ltr'><strong>vel</strong></span> <span class='ocrx_word' id='word_1_731' title='bbox 1645 2897 1770 2923; x_wconf 68' lang='lat' dir='ltr'><strong>uxorem,</strong></span> 
     </span>
    </p>
   </div>
   <div class='ocr_carea' id='block_1_116' title="bbox 1807 2920 1826 2927">
    <p class='ocr_par' dir='ltr' id='par_1_116' title="bbox 1807 2920 1826 2927">
     <span class='ocr_line' id='line_1_117' title="bbox 1807 2920 1826 2927; baseline 0 0"><span class='ocrx_word' id='word_1_732' title='bbox 1807 2920 1826 2927; x_wconf 56' lang='grc' dir='ltr'>ε</span> 
     </span>
    </p>
   </div>
  </div>
