1948 3064
145 183 161 203 Ι

204 139 274 172 1235

804 151 987 200 ΜΑᾟΤΗΚΕΙ
1007 154 1222 186 BLASTARIS

1764 154 1837 186 1236

198 199 240 225 vel
255 199 388 233 liacredes,
409 201 451 229 vel
481 209 641 238 sponsores,
659 210 805 241 antequam
833 199 931 236 novem
949 210 980 236 lui

1042 213 1104 244 τοὺς
1118 214 1219 247 γονεῖς,
1235 213 1251 249 ἢ
1273 213 1322 250 τὴν
1339 214 1467 248 γυναῖκα,
1481 213 1497 248 ἢ
1515 213 1579 245 τοὺς
1598 212 1797 250 κληρονόμους,
1815 216 1832 250 ἢ

198 250 260 271 ctus
275 243 380 273 deliniti
398 247 457 275 dies
471 249 538 284 lapsi
556 249 669 284 fuerim,
687 260 830 286 accusare,
843 259 891 282 aut
907 263 989 283 vexa.

199 297 239 321 rc,
257 291 298 318 vel
328 292 362 319 ad
388 293 524 328 judicium
560 298 680 330 trahere,
696 299 754 326 sive
771 301 882 328 nomine
900 301 986 330 debiti

198 343 213 362 a
230 341 339 365 mortuo
356 341 502 373 contracti,
521 342 578 370 sive
592 343 627 371 ob
643 344 725 372 aliam
734 346 854 381 aliquam
872 354 985 375 causam

198 383 230 409 ad
260 385 405 419 praedictas
435 395 569 422 personas
601 392 711 426 proprie
749 397 933 428 spectantem.
955 394 985 422 Si

196 428 260 461 quis
291 437 355 457 vero
374 431 443 459 intra
459 440 555 460 novem
572 435 632 463 dies
655 437 830 471 sponsionem
851 439 983 474 aliquam,

197 474 238 500 vel
265 476 449 510 promissum‘.
468 479 512 506 vel
527 479 733 515 ﬁdejussionem
749 486 873 519 accipere
898 492 985 514 ausus

197 519 290 553 fuerit,
308 521 366 549 haec
399 525 490 552 omnia
520 526 598 554 irrita
624 535 685 556 esse
701 529 888 564 decernimus;
907 531 984 558 insu-

196 572 245 599 per
274 571 302 594 et
328 574 438 598 actores
470 571 563 601 debito
594 578 622 602 et
643 575 751 604 actione
779 584 894 611 prorsus
918 577 985 605 alien

197 612 268 640 nari.
287 612 363 646 Quod
399 615 422 643 si
462 618 610 653 quisquam
650 627 788 649 mortuum
819 623 988 653 calumniare

197 658 339 687 convictus
363 660 455 696 fuerit,
475 669 609 698 quantum
630 667 665 694 ab
691 676 723 695 eo
748 670 908 702 postulavit,
926 675 986 698 tan-

197 708 253 731 tum
281 706 437 738 haeredibus
463 711 521 745 ejus
542 713 640 747 solvat;
658 721 718 749 post
743 716 802 744 dies
839 725 904 744 vero
934 725 985 746 no-

196 757 257 778 vem
273 753 390 788 elapsos,
407 756 429 783 si
445 758 508 791 quis
523 766 618 787 contra
639 761 688 788 llas
705 769 836 796 personas
860 763 984 791 actiones

196 797 302 833 aliquas
325 800 434 835 habeat,
448 810 495 831 eas
521 805 672 833 secundum
700 807 773 843 leges
807 809 951 843 producat.

1038 258 1102 289 τοὺς
1129 260 1280 295 ἐγγυητὰς,
1299 259 1354 296 πρὸ
1376 260 1428 295 τῆς
1454 259 1510 286 τῶν
1534 261 1612 286 ἐννέα
1630 261 1744 296 ἡμερῶν
1765 271 1834 297 προ-

1038 302 1157 337 θεσμίας
1183 305 1232 331 τοῦ
1259 305 1386 339 πένθους,
1417 305 1557 332 αἰτιᾶσθαι
1571 305 1588 341 ἢ
1603 307 1794 343 παρενοχλεῖν,
1814 308 1832 342 ἢ

1037 351 1078 381 εἰς
1097 350 1278 387 δικαστήριον
1303 352 1404 384 ἕλκειν,
1425 353 1481 378 εἴτε
1498 352 1613 386 ὀνόματι
1632 353 1730 387 χρέους
1756 355 1834 388 παρὰ

1036 396 1083 422 τοῦ
1101 397 1316 432 τελευτήσαντος
1333 399 1536 434 καταγομένου,
1551 399 1607 425 εἴτε
1621 398 1705 433 ἄλλης
1720 399 1834 425 αασοῦν

1037 442 1127 474 αίτίας
1145 443 1224 478 χάριν
1247 445 1288 474 εἰς
1308 444 1343 470 τὰ
1360 444 1583 479 μνημονευθέντα
1605 443 1697 475 ἰδικῶς
1722 445 1834 480 ὁρώσης

1038 488 1184 523 πρόσωπα.
1201 491 1233 517 Εἰ
1255 490 1282 516 δὲ
1304 490 1378 522 ἐντὸς
1400 490 1454 517 τῶν
1470 491 1550 518 ἐννέα
1569 491 1681 526 ἡμερῶν
1699 490 1834 524 τολμήσει

1038 534 1101 560 τινὰ
1117 535 1276 570 ὁμολογίαν,
1298 535 1315 570 ἢ
1334 536 1492 571 ὑπόσχεσιν,
1507 536 1524 570 ἢ
1541 536 1645 570 ἐγγύην
1666 535 1731 570 παρ’
1746 534 1833 562 αὑτοῦ

1039 580 1218 617 κομίσασθαι,
1238 583 1327 608 ταῦτα
1348 582 1438 609 πάντα
1455 582 1595 618 ἀνίσχυρα
1610 579 1682 608 εἶναι
1700 581 1834 613 θεσπίζο-

1040 634 1106 661 μεν·
1127 627 1158 654 οὑ
1181 627 1234 662 μὴν
1249 627 1319 655 ἀλλὰ
1338 630 1386 654 καὶ
1401 628 1449 655 τοῦ
1464 629 1563 664 χρέους
1581 629 1628 655 καὶ
1649 628 1700 662 τῆς
1717 628 1834 662 ἀγωγῆς

1037 673 1180 706 παντελῶς
1205 675 1269 706 τοὺς
1293 675 1441 708 ἐνάγοντας
1458 675 1678 710 ἀλλοτριοῦσθαι.
1697 675 1728 700 Et
1743 674 1772 701 δέ
1790 683 1835 706 τις

1038 719 1216 753 συκοφαντῶν
1241 720 1387 757 ἐλεγχθείη
1402 721 1447 748 τὸν
1463 721 1656 756 ἀποιχόμενον,
1676 721 1739 746 ὅσον
1764 721 1834 755 παρ’

1035 764 1142 791 ἐκείνου
1167 765 1279 802 ἀπῄτει,
1297 767 1425 794 τοσοῦτον
1452 766 1667 794 καταϐαλλέσθω
1689 767 1746 797 τοῖς
1767 766 1827 801 κλη-

1035 809 1162 844 ρονόμοις
1172 811 1279 838 ἐκείνου
1290 820 1297 828 ·
1316 814 1387 846 μετὰ
1399 812 1427 839 δὲ
1441 812 1491 847 τὴν
1503 813 1560 839 τῶν
1573 812 1650 838 ὲννέα
1663 811 1833 847 παρέλευσιν

194 847 324 881 ἡμερῶν,
336 849 363 876 εἴ
375 859 413 882 τις
434 853 504 879 κατὰ
519 853 572 880 τῶν
587 854 718 882 τοιούτων
735 850 889 891 προσώπων
908 857 984 889 τινὰς
1004 856 1078 892 ἔχειν
1102 859 1240 892 νομίσειεν
1256 860 1379 895 ἀγωγὰς,
1397 861 1500 892 ταύτας
1525 860 1598 887 κατὰ
1633 860 1698 891 τοὺς
1729 860 1832 894 νόμους

195 893 401 930 ἐγγυμναζὲτω.

347 942 386 970 De
408 943 546 979 judicibm
588 950 838 982 compromissariis.

230 985 322 1014 Canon
351 988 385 1015 99
412 989 555 1026 Carthag.,
572 992 600 1020 Si
621 994 666 1028 qui
707 996 864 1029 appellavit,
884 997 984 1032 inquit.

192 1030 300 1064 judices
321 1032 444 1067 elegerit,
461 1040 488 1063 et
507 1043 569 1063 cum
594 1038 642 1065 illo
665 1039 688 1066 is
712 1047 824 1075 quoque
848 1030 984 1069 adversus

195 1084 276 1110 quem
305 1080 461 1114 appellavit,
479 1082 513 1108 ab
540 1082 581 1109 bis
603 1083 731 1119 deinceps
758 1086 826 1114 nulli
843 1088 984 1122 appellare

196 1123 286 1152 liceat.
300 1124 327 1152 Si
340 1125 412 1153 enim
428 1127 484 1162 99
496 1136 530 1155 ex
546 1130 687 1158 communi
698 1138 847 1166 consensu,
867 1134 987 1169 quicon—

196 1172 358 1200 troversiam
375 1174 445 1202 inter
468 1182 497 1203 se
513 1176 625 1211 habent,
641 1178 750 1213 iudices
763 1181 876 1217 eligant,
892 1190 908 1210 a
924 1191 987 1211 sen-

197 1217 280 1245 tentia
309 1219 344 1246 ab
364 1220 397 1248 iis
422 1221 476 1248 lata
502 1230 652 1258 provocare
671 1233 725 1253 non
749 1223 851 1255 licebit.

231 1353 331 1381 Eadem
359 1363 446 1383 canon
478 1358 530 1386 H2
562 1360 697 1394 decernit,
721 1369 823 1398 eosque
852 1364 901 1399 qui
929 1373 984 1394 non

194 1403 303 1434 parent,
317 1403 453 1437 segregari
465 1403 552 1438 jubet.

545 1449 635 1485 Leges.

229 1489 338 1519 Arbiter
351 1498 432 1527 prout
445 1494 496 1522 sibi
512 1495 619 1524 videtur
633 1499 797 1526 sententiam
816 1500 900 1535 dicit;
915 1509 984 1537 qua-

194 1536 246 1564 lem
260 1543 352 1566 autern
366 1540 439 1568 dicat
458 1543 566 1576 praetori
583 1551 658 1571 cura;
673 1553 728 1572 non
746 1550 798 1574 est.

230 1584 293 1612 Sive
307 1594 395 1621 aqua,
411 1588 470 1616 sive
482 1588 575 1624 iniqua
592 1589 628 1618 sit
640 1591 737 1619 arbitri
759 1595 908 1625 sententia.
925 1603 984 1622 urn-

192 1631 258 1659 nino
274 1632 350 1660 ﬁrma
371 1638 475 1662 manet.

228 1679 249 1704 A
264 1679 399 1706 sententia
421 1681 518 1708 arbitri
538 1683 692 1717 appellandi
710 1685 861 1714 necessitas
888 1687 983 1715 remit-

193 1728 272 1750 tatur.

227 1768 465 1804 Compromissum
477 1772 587 1808 judicio
602 1774 743 1803 ordinario
759 1777 914 1812 proximum
928 1784 979 1812 est,

191 1820 218 1842 ct
236 1816 269 1842 ad
290 1816 425 1846 ﬁniendas
444 1818 505 1847 lites
517 1821 646 1854 pertinet.

229 1858 268 1887 Ex
284 1863 485 1897 compromisso
499 1871 589 1893 autem
616 1867 741 1902 exceptio
754 1875 809 1896 non
838 1870 980 1905 competit,

192 1907 239 1935 sed
251 1915 339 1943 poena:
353 1910 448 1944 petitio

227 1953 256 1981 Si
274 1955 328 1982 duo
340 1955 397 1983 sint
415 1957 524 1991 arbitri,
535 1963 562 1986 et
572 1959 747 1993 dissentiant,
761 1967 898 1997 coguntur
926 1967 982 1991 ter-

191 2000 259 2027 tium
274 2001 421 2036 quemdam
435 2003 548 2039 eligere,
560 2010 587 2033 et
603 2006 720 2034 arbitrio
737 2007 799 2043 ejus
824 2012 909 2036 stare.

225 2085 286 2119 Non
299 2092 329 2121 [it
346 2094 449 2122 arbiter
460 2102 522 2122 cum
533 2095 684 2130 juramenti
704 2098 849 2132 cautione;
866 2100 912 2128 sed
926 2101 981 2128 liti-

191 2143 287 2172 gattles
302 2143 348 2168 obs
363 2148 425 2168 cum
444 2149 524 2176 poena
543 2142 655 2177 eligant,
670 2149 698 2172 et
723 2152 837 2173 necesse
850 2147 979 2180 habeant.

190 2185 232 2212 vel
265 2186 407 2214 setttentite
442 2188 628 2223 acquiescere,
647 2189 689 2217 vel
718 2191 833 2219 multam
853 2192 920 2222 dare
946 2194 980 2222 de

190 2240 244 2267 qua
258 2233 346 2261 amba).
360 2238 451 2269 partes
464 2234 535 2262 inter
553 2242 582 2263 se
598 2238 804 2266 consenserint.

225 2323 299 2351 Licet
329 2332 409 2359 paena
446 2327 646 2361 compromisso
672 2328 778 2365 adjecta
804 2338 858 2359 non
886 2331 979 2366 fuerit.

189 2371 346 2406 promiserit
358 2375 450 2399 autem
464 2371 525 2406 quis
547 2374 702 2402 sententiae.
719 2380 802 2410 stare,
819 2377 979 2406 indetermi-

175 2420 253 2444 .nate
279 2420 394 2444 tenetur.
415 2415 620 2446 Validissimum
650 2423 740 2447 autem
758 2426 811 2455 est,
824 2422 898 2457 quod
923 2431 979 2452 me-

189 2462 269 2489 minit
283 2462 382 2497 capitis
395 2463 429 2490 de
445 2462 518 2492 dolo.

187 2518 264 2547 CAP.
283 2518 348 2546 Vill.
365 2519 424 2556 [X].
440 2519 478 2548 De
489 2521 614 2556 episcopi:
641 2527 666 2550 et
678 2524 783 2552 clericis
811 2526 843 2553 ob
864 2527 976 2554 crimina

508 2565 557 2584 sua
567 2558 709 2592 judicatis.

223 2600 318 2627 Canon
336 2600 371 2628 74
383 2606 471 2628 sanct.
495 2606 596 2635 apost.,
626 2603 776 2639 Episcopus
802 2606 898 2634 aviris
922 2607 976 2636 [ide

188 2646 278 2681 dignis
289 2653 434 2675 accusatus
447 2648 480 2675 ad
496 2648 633 2682 Ecclesiae,
655 2650 755 2685 inquit,
781 2651 900 2681 tribunal
930 2661 977 2681 ne-

187 2694 311 2721 cessario
329 2695 421 2722 vocari
437 2695 528 2729 debet,
553 2697 662 2725 duobus
685 2697 823 2732 episcopis
852 2699 885 2726 ad
913 2707 974 2728 eum

187 2739 298 2773 missis;
316 2741 376 2768 etsi
391 2741 482 2768 statim
507 2742 642 2777 paruerit,
658 2747 685 2769 et
698 2743 814 2771 crimina
827 2745 880 2773 sibi
897 2746 976 2780 obje-

187 2791 231 2812 cta
249 2786 355 2815 diluere
373 2795 427 2814 non
446 2789 734 2820 valens,coufileatur,
763 2791 807 2818 vel
834 2793 977 2821 convictus

188 2831 236 2862 sit,
253 2831 344 2860 debita
360 2833 384 2860 ci
402 2841 482 2868 pcena
499 2834 648 2869 inlligatur.
668 2835 696 2862 Si
722 2843 785 2863 vero
810 2838 902 2865 statim
919 2846 971 2866 non

189 2878 374 2912 pat‘ucrit,tcr
390 2886 517 2914 vocetur;
547 2882 589 2910 sin
615 2887 707 2910 autem
732 2883 759 2910 iu
791 2884 975 2915 inobedicntia

1239 951 1308 984 Περὶ
1326 950 1479 977 δικαστῶν
1498 949 1633 984 αίρετῶν,

1079 998 1109 1027 '0
1133 997 1180 1031 [ις’
1197 997 1246 1032 τῆς
1265 997 1294 1023 ὲν
1310 997 1477 1033 Καροαγένῃ
1499 995 1610 1022 συνόδου
1633 995 1733 1026 κανὼν,
1766 994 1830 1021 Ἐὰν

1036 1045 1207 1079 ἐπιλέξηται,
1225 1043 1318 1078 φησὶν,
1334 1044 1349 1069 ὁ
1369 1042 1591 1076 ὲκκαλεσάμενος
1610 1041 1755 1073 δικαστὰς,
1779 1041 1828 1067 καὶ
1867 1054 1871 1057 η

1037 1092 1096 1125 μετ’
1110 1090 1193 1117 αὐτοῦ
1207 1089 1333 1120 κάκεῖνος
1348 1088 1409 1115 καθ’
1419 1085 1451 1114 οὗ
1461 1087 1654 1120 ἐξεκαλέσατο,
1666 1085 1714 1112 τοῦ
1730 1086 1828 1112 λοιποῦ

1035 1138 1090 1165 ἀπὸ
1117 1136 1221 1164 τούτων
1247 1136 1343 1171 μηδενὶ
1365 1135 1468 1167 ἐξέστω
1483 1133 1670 1161 ἐκκαλεῖσθαι.
1693 1133 1757 1159 Ἐὰν
1776 1132 1827 1166 ,ἀρ

1035 1184 1108 1212 κατὰ
1135 1183 1230 1218 κοινὴν
1260 1182 1373 1216 γνώμην
1400 1182 1425 1208 οι
1452 1182 1531 1216 δίκην
1561 1180 1670 1216 ἔχοντες
1694 1180 1764 1215 πρὸς
1781 1179 1829 1206 ἀλ-

1036 1230 1136 1265 λήλους
1166 1228 1282 1255 ’ἐλωνται
1311 1227 1459 1259 δικαστὰς,
1494 1227 1544 1253 οὐκ
1579 1227 1688 1260 ἐξέσται
1721 1226 1827 1256 τούτοις

1036 1277 1109 1303 κατὰ
1136 1276 1188 1310 τῆς
1215 1274 1406 1310 ἐξενεχθείσης
1435 1272 1501 1309 παρ’
1529 1272 1620 1300 αὐτῶν
1646 1271 1827 1299 ἐκκαλεῖσθαι

1035 1324 1192 1373 ψήὲῗίῗυκ.
1253 1368 1293 1373 ..
1455 1366 1479 1373 .-
1606 1364 1672 1373 ..
1736 1365 1742 1373 .

1071 1370 1113 1397 Τὰ
1129 1369 1200 1396 αὐτὰ
1217 1369 1264 1396 καὶ
1280 1368 1295 1395 ὁ
1313 1367 1373 1404 ρκβ¹
1389 1366 1553 1402 ψηφίζεται,
1570 1364 1618 1392 καὶ
1632 1365 1696 1396 τοὺς
1712 1365 1751 1400 μὴ
1767 1373 1828 1392 πει-

1032 1416 1170 1452 θομένους
1183 1415 1365 1452 ἀφορίζεσθαι
1381 1415 1462 1447 ἀξιοῖ.

1376 1462 1479 1496 Νόμοι.

1077 1510 1107 1536 '0
1120 1509 1228 1544 αίρετδς
1253 1507 1383 1544 δικαστὴς
1403 1508 1434 1535 τὺ
1448 1507 1543 1535 δοκοῦν
1563 1507 1639 1542 αὐτῷ
1660 1505 1824 1542 ψηφίζεται,

1035 1556 1084 1582 καὶ
1100 1556 1130 1582 οὐ
1149 1555 1376 1591 πολυπραγμονεί
1390 1553 1438 1589 τὴν
1455 1554 1545 1589 ψῆφον
1559 1554 1574 1580 ό
1587 1553 1728 1587 πραίτωρ.

1071 1603 1134 1629 Ehe
1150 1601 1254 1632 δικαία,
1274 1601 1329 1627 εἴτε
1349 1600 1441 1631 ἄδικός
1460 1602 1534 1627 ἐστιν
1553 1600 1570 1635 ή
1588 1598 1635 1626 τοῦ
1658 1597 1770 1634 αἱρετοῦ
1786 1598 1826 1624 διο

1034 1648 1137 1676 καστοϋ
1152 1647 1253 1682 ψῆφος,
1271 1646 1369 1681 βεὸαξσ.
1385 1646 1462 1681 μένει
1480 1645 1607 1672 καθόλου.

1069 1695 1115 1730 Μὴ
1136 1695 1232 1730 χρείαν
1253 1694 1340 1729 ἐχέτω
1358 1692 1493 1727 ἐκκλήτου
1513 1692 1531 1728 ή
1549 1692 1597 1719 τοῦ
1612 1690 1723 1727 αἱρετοῦ
1745 1691 1825 1718 δικα-

1031 1740 1099 1767 στοῦ
1111 1740 1259 1774 ἀπόφασις.

1069 1787 1106 1814 Τὸ
1131 1787 1242 1822 αἱρετδν
1268 1786 1445 1820 δικαστήριον
1474 1784 1547 1811 ἔοικε
1572 1784 1661 1820 κυρίῳ
1692 1783 1825 1820 δικαστη-

1034 1833 1095 1868 ρίῳ,
1117 1833 1165 1859 καὶ
1182 1832 1281 1867 ἀνήκει
1307 1831 1377 1866 πρὸς
1400 1831 1431 1858 τὺ
1457 1830 1644 1865 περατοῖωθαι
1665 1830 1716 1862 τὰς
1731 1830 1821 1861 δίκας.

1030 1879 1089 1914 οὐχ
1106 1878 1221 1913 ἁρμόζει
1243 1878 1271 1904 δὲ
1287 1877 1317 1909 ἑξ
1331 1877 1414 1904 αὑτοῦ
1438 1877 1623 1912 παραγραφὴ,
1637 1876 1706 1903 ἀλλὰ
1722 1877 1822 1911 ποινῆς

1033 1923 1193 1958 ἀπαίτησις.

1073 1969 1136 1996 Ἐὰν
1149 1968 1195 1996 δύο
1215 1966 1283 1996 ὦσιν
1301 1968 1406 2004 αἱρετοὶ
1421 1969 1560 2000 δικασταὶ,
1577 1970 1624 1995 καὶ
1644 1968 1820 2004 διχονοῶσιν,

1028 2014 1234 2049 ἀναγκάζονται
1256 2015 1309 2042 καὶ
1322 2015 1415 2051 τρίτον
1429 2012 1491 2042 τιὯά
1513 2015 1702 2048 ἐπιλέξασθαι,
1723 2015 1773 2042 καὶ
1787 2016 1821 2049 τῇ

1026 2061 1116 2089 αὐτοῦ
1126 2062 1258 2097 ἐμμεῖναι
1269 2061 1431 2096 δοκιμασίᾳ..
1654 2070 1657 2073 ·

1067 2108 1105 2135 οὐ
1124 2109 1232 2142 γίνεται
1258 2108 1368 2143 αἱρετὸς
1388 2101 1520 2142 δικαστὴς
1538 2106 1608 2142 μετὰ
1622 2107 1674 2141 τῆς
1687 2107 1717 2139 ἐξ
1729 2107 1820 2142 ὅρκων

1030 2154 1195 2189 ἀσφαλείας,
1212 2153 1282 2180 ἀλλά
1298 2153 1369 2188 μιτά
1380 2154 1477 2188 ποινῆς
1490 2153 1590 2184 αὐτοὺς
1604 2153 1629 2179 οι
1644 2153 1820 2188 δικαζόμενοι

1030 2199 1266 2234 ὲπιλιγέσθωσαν,
1279 2200 1329 2226 καὶ
1345 2199 1470 2234 ἀνάγκην
1492 2199 1630 2233 ιχὲτωσαν
1653 2199 1670 2233 ἢ
1688 2199 1821 2233 ἐμμένειν

1031 2247 1071 2281 τῇ
1084 2246 1179 2281 ψήφῳ.
1200 2245 1217 2280 ἢ
1235 2245 1266 2272 τὸ
1285 2245 1437 2280 πρόστιμον
1462 2244 1575 2277 διδόναι,
1600 2245 1698 2271 ὁπόσον
1722 2244 1757 2271 ἂν
1784 2245 1819 2271 τὰ

995 2299 1017 2326 D
1033 2293 1104 2329 μέρη
1119 2292 1266 2328 ἀμφότερα
1280 2292 1514 2327 συμφωνήσωσιν.

1068 2339 1101 2366 Et
1123 2338 1161 2374 μὴ
1181 2338 1305 2372 ἔγκειται
1332 2337 1413 2372 ποινὴ
1441 2336 1481 2372 τῷ
1507 2336 1610 2372 αἱρετῷ
1634 2336 1818 2372 δικαστηρίῳ,

1029 2385 1196 2421 ὁμολογήσει
1221 2384 1251 2411 δέ
1274 2392 1317 2415 τις
1345 2383 1478 2418 ἐμμένειν
1500 2385 1535 2418 τῇ
1558 2383 1664 2418 ψήφῳ,
1690 2384 1818 2417 ὲνάγεται

1028 2428 1176 2464 ἀορίστως.
1197 2428 1392 2463 Πληρὲστατον
1413 2428 1442 2454 δέ
1457 2429 1516 2454 ἐστι
1534 2427 1565 2454 τὸ
1582 2428 1756 2463 μνημονεῦον
1771 2429 1818 2455 τοῦ

1030 2474 1179 2508 κεφαλαίου
1199 2474 1246 2500 τοῦ
1265 2474 1356 2501 δόλου.

1028 2530 1158 2572 ΚΕΦΛᾼ.
1176 2529 1212 2572 ξιξ
1227 2529 1279 2566 [l'].
1301 2529 1373 2572 ῌερὶ
1388 2530 1450 2572 τῷν
1460 2529 1662 2572 δικαζομένων·
1674 2531 1713 2572 (ξε
1723 2533 1818 2559 σικεῖα

1117 2564 1293 2600 ἐγκλήματα
1305 2565 1482 2592 ἐπισκόπων
1500 2567 1549 2593 καὶ
1561 2564 1728 2600 νκληριιῶν.

1071 2611 1099 2638 '0
1112 2610 1148 2638 οδ¹
1165 2611 1220 2637 τῶν
1237 2611 1322 2645 ἁγίων
1341 2611 1500 2638 ἀποστόλων
1517 2613 1607 2640 κανὼν
1635 2614 1682 2640 τὸν
1697 2622 1818 2650 κατηγο·

1028 2658 1148 2693 ρηθέντα
1177 2657 1328 2685 ἐπίσκοπον
1354 2658 1421 2692 πρὸς
1447 2658 1601 2693 ἀνθρώπιον
1627 2660 1817 2694 ἀξιοπίστων,

1027 2705 1074 2730 ἐπὶ
1089 2703 1120 2730 τὸ
1135 2704 1184 2739 τῆς
1207 2703 1372 2739 Ἐκκλησίας
1396 2705 1557 2738 ἀναγκαίως
1576 2707 1676 2740 χρῆναι
1694 2716 1816 2742 μετακα-

1027 2750 1132 2777 λεῐσθαί
1151 2759 1217 2785 φησι
1237 2751 1428 2785 δικαστήριον,
1444 2750 1491 2777 δύο
1508 2752 1667 2778 ἐπισκόπων
1678 2753 1722 2780 ἐπ’
1735 2755 1816 2780 αὺτὶν

1029 2797 1224 2832 στελλομένων·
1240 2797 1293 2824 κᾶν
1308 2797 1359 2831 μὲν
1374 2797 1456 2828 εὐθὺς
1476 2797 1635 2830 ὑπακούσας
1655 2800 1816 2835 παραγένη-

1029 2851 1085 2873 ται,
1103 2843 1150 2868 καὶ
1170 2842 1207 2877 μὴ
1223 2840 1278 2874 οἷός
1294 2851 1323 2868 τε
1336 2842 1374 2868 ὢν
1390 2843 1581 2870 ἀποδύσασθαι
1592 2845 1626 2870 τὰ
1639 2845 1814 2880 ἐγκλήματα,

1030 2887 1184 2923 ὁμολογήσῃ
1201 2888 1216 2923 ἢ
1239 2883 1366 2924 “ﬁlim,
1381 2888 1522 2924 ὁρίζεσθαι
1535 2890 1565 2916 τὸ
1585 2891 1727 2926 προσῆκον
1741 2892 1814 2927 αὐτῷ
