1948 3064
144 158 213 189 1237

644 167 848 199 SYNTAGMA
864 168 1172 205 ALPHABETICUM.
1187 156 1223 193 ;
1240 174 1269 208 Α.

1697 173 1764 207 1238

143 219 292 255 ἑπιτίμιοψ
312 221 350 258 μὴ
370 222 578 259 ἀπαντήσαντος
595 225 623 253 δὲ
640 228 810 262 παραυτίκα,
825 228 856 255 ὲκ
870 229 930 264 τρί-

1002 238 1149 266 erseveret,
1179 235 1300 269 synodus
1328 234 1408 271 juxta
1447 235 1571 263 criminis
1606 235 1766 270 qualitatem

142 272 189 291 του
202 267 253 301 τὴν
269 268 352 296 αὐτοῦ
366 270 533 306 μετάκλησιν
550 272 683 305 γίνεσθαι,
695 274 726 300 Εἰ
740 274 769 301 δὲ
784 274 832 301 καὶ
844 275 931 306 οὕτως

1002 286 1042 305 ua:
1059 278 1112 306 sibi
1132 267 1239 307 videtur
1249 267 1346 308 contra
1359 289 1421 309 eum
1449 281 1572 314 definiat,
1595 283 1767 310 contumacia

144 312 268 346 ἐπιμένει
285 315 316 349 τῇ
330 316 469 352 ἀπειθείᾳ,
484 318 535 353 τὴν
550 318 658 345 σύνοδον
681 320 715 347 τὰ
731 319 853 353 ¹δόξαντα
870 321 932 348 κατ’

146 358 228 385 αὐτοῦ
255 360 395 394 ὁρίζεσθαι
415 364 485 389 κατὰ
502 364 551 399 τὴν
576 365 708 400 ποιότητα
725 366 772 392 τοῦ
788 367 931 403 ἐγκλήμα-

147 412 202 435 τος,
226 405 309 440 μηδὲν
323 406 375 441 τῆς
390 408 534 442 ἀπειθείας
552 410 737 445 ἀποναμὲνου.

188 450 219 477 '0
230 451 258 478 δὲ
271 452 320 486 τῆς
331 454 359 479 ἐν
372 454 539 491 Καρθαγένῃ
554 456 599 491 ιβ’,
612 457 664 484 Τὸν
677 458 843 493 ἐγκλήμασι,
854 460 933 495 φησὶ,

149 498 336 533 περιπεσόντα
345 500 504 533 ἐπίσκοπον,
514 502 566 528 ὕπο
581 503 671 538 πάσης
690 505 826 540 προσήκει
842 498 934 541 κρίνεέ

150 542 212 569 σθαι
227 544 275 578 τῆς
301 546 423 580 συνόδου,
441 549 481 580 είς
505 549 539 584 ἢν
554 551 567 577 ό
582 550 704 582 τοιοῦτος
726 552 799 578 τελεῖ
822 551 934 587 δηλαδή.

149 589 180 615 Et
199 590 228 616 δὲ
245 590 377 627 δυσχερὲς
402 593 444 627 εἴη
467 596 532 627 τοὺς
552 596 659 627 πάντας
684 596 700 633 ἢ
724 597 787 628 τοὺς
810 598 936 631 πλείονας

150 635 299 670 συνελθεῖν,
310 638 500 673 μὴὲλάττονας
513 641 578 675 γοῦν
590 640 662 668 εἶναι
677 642 731 669 τῶν
744 642 789 678 ιβ’·
803 643 874 670 οὕτω
883 644 936 679 γὰρ

150 682 241 717 πάσης
257 685 480 721 περιαιρεθείσης
501 687 666 722 ἀμφισολίας
679 708 687 720 ,
712 689 742 715 ού
770 689 937 724 περιοπτέος

149 728 225 755 ἔσται
251 731 309 762 τοῖς
333 731 386 757 ῡπδ
409 734 499 768 χεῖρα.
521 733 573 760 Τὸν
587 734 615 760 δέ
648 743 680 768 γε
702 735 888 770 πρεσϐύτερον
908 735 938 768 ἓξ

150 775 288 809 κρίνουσιν
306 776 464 811 ἐπίσκοποι,
481 779 527 809 καὶ
544 781 620 816 τρεῖς
636 781 681 807 τὸν
695 781 831 808 διάκονον·
851 783 939 816 ἀσφα-

150 820 279 854 λέστερόν
298 831 357 854 πως
371 823 420 856 τὰς
437 824 491 851 τῶν
514 825 610 860 ίερέων
626 827 733 861 κρίσεις
758 829 811 863 τῆς,
830 829 938 855 συνόδου

150 866 251 902 ταύτης
268 866 392 901 γίνεσθαι
410 871 662 907 προμηθουμένης,
687 872 724 904 ὡς
741 873 940 908 ὑστεριζούσης

982 332 1031 352 sua
1052 325 1121 352 nihil
1137 325 1270 360 adiutum.

1019 457 1111 486 Canon
1130 452 1218 485 autem
1234 458 1266 486 l8
1282 466 1341 494 syn.
1357 458 1499 495 Carthag.l
1530 460 1706 496 Episcopum,
1729 462 1771 489 in-

985 504 1055 539 quit,
1077 504 1104 531 in
1129 504 1245 531 crimina
1273 505 1478 538 incidentem,a
1512 511 1568 534 tota
1596 509 1709 543 synodo,
1736 508 1771 536 ad

986 557 1068 584 quam
1087 557 1183 585 nempe
1197 551 1324 585 pertinet,
1341 551 1460 586 judicari
1485 557 1602 587 oportet.
1637 553 1715 586 Quod
1748 555 1771 582 si

987 595 1098 623 difficile
1110 596 1146 624 sit
1162 600 1190 623 ut
1205 604 1300 623 omnes
1329 597 1371 624 vel
1398 597 1506 632 plurimi
1535 599 1712 630 conveniam,
1741 607 1772 626 ne

988 637 1131 676 pauciores
1147 641 1378 669 sintduodecim:
1407 643 1447 669 sic
1474 642 1546 670 enim
1569 643 1642 670 omni
1665 647 1776 670 coritro-

988 687 1076 714 versia
1102 688 1208 715 sublata
1238 695 1252 714 a
1287 688 1387 722 populo
1413 696 1463 715 suo
1488 695 1542 716 non
1571 693 1773 716 contemnetur.

989 732 1182 768 Presbyterum
1199 738 1292 761 autem
1308 741 1354 760 sex
1373 734 1494 769 episcopi
1506 733 1644 769 indicant,
1665 739 1691 763 et
1718 735 1778 761 dia-

990 786 1089 806 conum
1104 784 1169 806 tres.
1187 777 1249 806 Hatc
1267 778 1370 806 scilicet
1385 779 1506 814 synodus
1518 780 1620 815 judicia
1646 780 1776 807 sacerdo-

991 829 1047 852 tum
1062 825 1169 852 cautius
1189 824 1247 851 lieri
1266 825 1432 859 procuravit,
1449 825 1530 860 longo
1546 833 1644 860 nempe
1669 829 1776 860 tempo-

991 879 1020 898 re
1035 876 1096 907 post
1113 871 1309 899 Antiochenam
1338 871 1439 904 habita,
1459 879 1520 905 quae
1541 872 1566 899 in
1582 879 1643 899 can.
1670 871 1686 898 4
1711 880 1776 906 pre-

150 911 190 945 τῷ
211 912 300 948 χρόνῳ
325 913 391 949 πρὸς
414 915 463 950 τὴν
489 917 519 942 ὲν
541 917 704 953 Ἀντιοχείᾳ,
727 907 847 953 ἥπερνὲν
864 907 938 952 τῷδ’

1002 918 1163 952 νὺγιειοτυῐιι
1175 917 1385 944 etdiaconorum
1397 917 1581 952 depositiones
1604 917 1638 945 ab
1655 926 1708 945 uno
1717 918 1775 952 cpi.

152 958 244 985 κανόνι
270 959 320 991 τὰς
339 960 392 986 τῶν
407 962 602 997 πρεσϐυτέρων
620 964 668 990 καὶ
688 963 820 990 διακόνων
841 965 936 992 καθαι-

153 1002 243 1037 ρέσεις
255 1005 300 1040 ὑφ’
314 1005 374 1036 ἐνὸς
386 1007 537 1035 ἐπισκόπου
561 1009 686 1042 γίνεσθαι
709 1009 870 1045 διορίζεται,
886 1011 938 1038 ὑπὸ

151 1049 202 1084 τῆς
218 1051 327 1078 συνόδου
343 1053 371 1080 δὲ
390 1054 440 1085 τὰς
457 1054 511 1081 τῶν
526 1056 695 1084 ἐπισκόπων.

402 1100 512 1134 Πρᾶξις
529 1102 691 1138 συνοδική,
716 1101 730 1106 ’⁴

189 1143 281 1179 Ταύτῃ
298 1151 339 1170 τοι
355 1145 401 1171 καὶ
416 1145 429 1171 ὁ
453 1146 608 1180 ἁγιώτατος
629 1149 806 1186 πατριάρχης
832 1150 940 1184 Λουκᾶς

154 1188 258 1223 ἄχυρον
287 1191 410 1225 ἡγήσατο
429 1192 478 1227 τὴν
499 1192 546 1219 τοῦ
572 1194 724 1223 ἐπισκόπου
757 1196 941 1232 Ἀμαθοῦντος

160 1235 286 1263 Ἰωάννου
303 1237 476 1271 καθαίρεσιν,
490 1240 524 1274 ἢν
536 1239 549 1265 ὸ
565 1240 782 1276 ἀρχιεπίσκοπος
794 1244 941 1280 ἐποιήσατο

155 1282 281 1316 Κύπρου,
304 1283 351 1326 ,ὅτι
377 1284 477 1311 ἕνδεκα
496 1285 589 1320 μόνοις
606 1288 694 1315 συνὼν
709 1289 881 1324 ἐπισκόποις,
904 1289 941 1326 μὴ

155 1326 286 1353 ἐπέκεινα
300 1325 335 1363 ἦν
355 1329 435 1362 αὐτὸς
454 1329 504 1365 τῆς
518 1331 574 1358 τῶν
587 1331 689 1360 λοιπῶν
708 1333 868 1367 δωδεκὰδος.

191 1373 272 1400 Καθὰ
286 1373 319 1408 δὴ
335 1375 382 1401 καὶ
396 1376 410 1401 ό
422 1375 453 1402 ιδ’
467 1376 515 1410 τῆς
536 1377 622 1413 αὐτῆς
637 1378 666 1405 ἐν
683 1379 850 1416 Καρθαγένῃ
859 1379 943 1416 διορί-

155 1417 244 1450 ζεται.
265 1419 385 1451 Ἐνδείας
403 1421 458 1455 γὰρ
477 1420 571 1456 οὔσης,
587 1423 680 1458 φησὶν,
703 1424 873 1458 ἐπισκόπων,
887 1425 943 1452 ἔσθ’

155 1466 200 1491 ὅτε
227 1466 274 1492 καὶ
293 1465 344 1492 ὑπὸ
359 1469 380 1492 ε’
401 1466 525 1502 κρίνεται
550 1468 564 1494 ό
590 1469 787 1504 πρεσὸύτερος,
814 1469 862 1496 καὶ
891 1470 944 1497 ύπδ

155 1511 241 1546 τριῶν
261 1513 275 1539 ό
300 1513 436 1546 διάκονος,
460 1513 508 1540 τοῦ
533 1515 599 1541 ίδίου
623 1515 712 1542 αὐτῶν
729 1516 881 1545 ἐπισκόπου
897 1517 944 1543 ὲπ-

992 971 1086 1000 sc0po,
1103 964 1292 999 episcoporum
1303 971 1368 992 vero
1380 971 1396 991 a
1413 964 1517 999 synodo
1535 964 1594 991 ﬁeri
1609 963 1740 991 decrevit.

1276 1101 1348 1128 Actio
1369 1101 1507 1137 synodica.

1028 1146 1199 1181 Quapropter
1215 1147 1405 1174 sanctissimus
1421 1146 1573 1182 patriarcha
1592 1145 1679 1173 Lucas
1696 1144 1777 1172 Ioan—

994 1191 1121 1227 nisloo
1132 1191 1308 1219 Amathuntis
1324 1192 1444 1227 episcopi
1460 1191 1657 1226 depositionem
1674 1190 1779 1217 irritam

995 1238 1081 1270 duxit,
1108 1245 1189 1274 quam
1205 1238 1286 1274 Cypri
1298 1238 1520 1273 archiepiscopus
1531 1236 1612 1271 fecit;
1627 1237 1699 1272 quod
1717 1244 1789 1264 cum»

995 1286 1121 1313 undecim
1134 1285 1269 1321 episcopis
1281 1285 1459 1318 conveniens,
1473 1286 1531 1321 ipse
1540 1293 1592 1314 non
1609 1285 1659 1313 nisi
1675 1285 1782 1312 duode-

996 1331 1083 1358 cimus
1098 1335 1181 1359 esset.

1031 1375 1266 1411 Quemadmodum
1276 1381 1303 1404 et
1314 1376 1348 1404 14
1363 1376 1484 1412 ejusdem
1497 1384 1557 1412 syn.
1570 1375 1703 1404 decernit.
1717 1375 1783 1402 Pro-

993 1425 1056 1458 pter
1079 1422 1256 1456 paucitatem,
1288 1422 1387 1457 inquit,
1414 1422 1617 1456 episcoporum,
1641 1421 1783 1456 presbyter

997 1466 1144 1502 aliquando
1157 1475 1171 1494 a
1188 1467 1319 1502 quinque,
1331 1471 1357 1494 et
1369 1467 1501 1495 diaconus
1511 1475 1525 1494 a
1539 1467 1625 1493 tribus
1634 1465 1782 1501 iudicatur,

998 1511 1108 1546 proprio
1124 1519 1218 1538 eorum
1233 1511 1362 1546 episcopo
1375 1512 1445 1538 ultra
1454 1519 1501 1538 eos
1529 1510 1701 1546 praesidente,
1715 1509 1783 1535 adeo

157 1560 249 1584 ἐκεινα
266 1558 371 1585 τούτων
384 1559 635 1595 προκαθεζομὲνου·
653 1560 723 1587 ὥστε
737 1561 762 1587 oi
775 1561 818 1597 ἐφ’
830 1562 943 1594 ἑαυτοὺς

1002 1561 1027 1583 ut
1044 1557 1089 1591 qui
1106 1558 1156 1584 sub
1175 1564 1204 1584 se
1220 1557 1321 1584 habent
1343 1557 1506 1592 litigatores,
1536 1561 1612 1583 extra
1640 1554 1787 1583 deﬁnitum.

156 1604 263 1639 ἔχοντες
290 1605 354 1636 τοὺς
372 1604 568 1640 δικαζομένους
597 1606 675 1637 ἐκτὺς
698 1606 853 1640 ὀφείλουσιν
875 1605 944 1635 εἶναι

155 1650 204 1677 τοῦ
220 1651 390 1686 τεταγμένου
408 1651 525 1686 ἀριθμοῦ
544 1651 598 1678 τῶν
621 1654 819 1682 συνδικαστῶν.

197 1696 228 1723 '0
243 1697 270 1724 δὲ
288 1697 337 1732 τῆς
361 1698 390 1723 ὲν
412 1697 564 1734 Ἀντιοχείᾳ
581 1699 621 1731 ιδ’,
648 1699 829 1734 Ἐπισκόπου,
845 1701 944 1736 φησὶν,

157 1743 204 1769 ἐπί
218 1750 289 1769 τισιν
298 1741 456 1778 ἐγκλήμασι
467 1745 632 1779 κρινομένου
646 1746 714 1778 πρὸς
728 1746 782 1773 τῶν
797 1747 848 1782 τῆς
862 1747 947 1782 ἐπαρ-

155 1787 217 1825 χίας
233 1789 403 1823 ἐπισκόπων,
430 1791 479 1817 καὶ
506 1791 575 1827 πρὸς
601 1791 734 1827 ἀλλήλους
759 1792 864 1819 τούτων
882 1793 942 1820 δια-

157 1834 328 1868 φωνούντων,
351 1835 407 1862 τῶν
438 1837 502 1870 μὲν,
531 1836 632 1869 ἀθῶον,
656 1838 711 1863 τῶν
740 1838 789 1869 δὲ,
820 1839 946 1867 ὑπαίτιον

156 1879 394 1916 ἆποφαινομένων,
410 1881 451 1909 δεῖ
462 1883 508 1911 τὸν
526 1883 732 1919 μητροπολίτην
745 1885 795 1919 τῆς
810 1885 946 1921 ἐπαρχίας

156 1924 266 1960 ἐκείνης
281 1926 328 1952 καὶ
344 1926 457 1961 ἑτέρους
481 1927 512 1953 ὲκ
531 1928 580 1962 τῆς
595 1927 695 1962 ὁμόρου
714 1929 946 1964 μεταπέμπεσθαι

157 1970 261 2006 χώρας,
280 1972 328 1998 καὶ
349 1972 399 2007 τὴν
414 1973 626 2008 ἀμφισὸήτησιν
649 1973 683 1999 δι’
699 1974 813 2002 ἐκείνων
835 1975 948 2002 λύεσθαι

156 2017 206 2051 τῆς
219 2017 274 2043 τῶν
293 2017 426 2044 πλειόνων
441 2017 532 2054 ψήφου
550 2018 761 2053 βεδαιωθείσης.

198 2063 228 2090 '0
241 2063 270 2089 δὲ
287 2066 328 2096 ιε’,
356 2063 387 2091 Εἰ
411 2064 440 2090 δὲ
467 2063 578 2096 πάντες,
598 2066 675 2100 φησι,
692 2066 765 2103 ,μίαν
783 2067 845 2094 κατ’
861 2067 948 2094 αὑτοῦ

158 2108 248 2143 ψῆφον
265 2108 447 2143 ἐξενέγκοιεν,
465 2111 565 2145 μηκέτι
591 2110 657 2146 παρ’
672 2111 778 2146 ἑτέροις
801 2112 897 2140 τοῦτον
911 2113 950 2140 δι-

165 2154 307 2187 κάζεσθαι,
321 2155 388 2182 ἀλλὰ
402 2155 494 2191 μένειν
511 2156 623 2191 βεὸαἰαν
636 2156 685 2192 τὴν
698 2157 845 2194 σύμφωνον
859 2159 950 2194 ψῆφον

167 2199 222 2226 τῶν
235 2200 283 2235 τῆς
302 2199 437 2236 ἐπαρχίας
451 2202 621 2229 ἐπισκόπων.

201 2244 285 2278 Οὗτος
305 2245 334 2272 δὲ
356 2246 493 2282 ἀνῄρηται
513 2248 592 2284 παρὰ
606 2248 654 2276 τοῦ
669 2249 690 2277 δ’
703 2250 752 2285 τῆς
767 2252 795 2279 ὲν
818 2252 950 2289 Σαρδικῇ,

163 2294 263 2321 οὑτωσὶ
274 2293 430 2327 διεξιόντος·
447 2295 501 2331 Τοῦ
518 2297 594 2332 κοινῇ
619 2295 704 2333 ψήφῳ
717 2297 772 2325 τῶν
792 2298 841 2333 τῆς
865 2300 951 2334 ἐπαρ-

162 2341 224 2376 χίας
244 2341 404 2367 ἐπισκόπων
420 2341 643 2377 καθαιρεθέντος,
671 2344 719 2371 καὶ
744 2345 777 2379 τῇ
804 2346 889 2380 ψήφῳ
912 2346 950 2382 μὴ

166 2385 380 2417 ὑποκύπτοντος,
398 2387 457 2413 ἀλλ’
477 2387 517 2414 ἔτι
542 2388 731 2415 ἀποδύσασθαι
755 2390 882 2424 λέγοντος
904 2390 952 2417 δύ-

165 2430 309 2458 νασθαιτὰ
321 2430 492 2467 ἐγκλήματα,
512 2433 550 2468 μὴ
572 2434 705 2470 πρότερον
730 2437 770 2468 είς
789 2436 833 2463 τὸν
855 2437 951 2472 θρόνον

162 2477 243 2504 αὑτοῦ
265 2478 478 2513 χειροτονεῖσθαι
493 2479 598 2514 ἕτερον,
609 2481 674 2516 πρὶν
687 2481 720 2508 ἂν
731 2482 745 2508 ὀ
758 2483 950 2515 πάππαςῬώ-

153 2531 216 2558 Γμης
236 2523 329 2557 μαθὼν
347 2524 380 2550 τὰ
399 2524 448 2558 τῆς
462 2524 629 2558 ὑποθέσεως,
657 2526 719 2562 ὅρον
743 2529 885 2565 ἐξενέγκῃ,
904 2530 950 2557 καὶ

162 2570 336 2605 ἁποφήνηται
355 2569 371 2605 ἢ
383 2571 554 2605 κυρωθῆναι,
571 2571 587 2607 ἢ
601 2572 794 2608 ἀνατραπῆναι
807 2577 855 2610 τὴν
869 2585 951 2603 κατα-

159 2617 249 2650 δίκην,
275 2617 325 2652 τῆς
347 2616 460 2652 δυτικῆς
479 2617 555 2649 ὄντος
583 2618 717 2654 ἐπαρχίας
731 2620 779 2647 τοῦ
795 2622 949 2649 ἐπισκόπου

158 2662 269 2699 δηλαδὴ,
287 2663 347 2698 ητις
366 2665 413 2690 καὶ
432 2664 499 2699 μόνη
527 2665 567 2700 τῷ
596 2665 707 2701 Ῥώμης
737 2669 853 2700 ἀνεῖται,
882 2669 949 2697 ἔνθα

160 2711 207 2734 καὶ
226 2709 242 2744 ἠ
268 2709 378 2740 σύνοδος
402 2709 473 2746 αὕτη
500 2710 688 2746 συνήθροιστο·
711 2714 758 2740 καὶ
775 2714 816 2746 δὶς
831 2715 886 2750 γὰρ
901 2716 949 2743 ὲκ-

160 2755 303 2781 καλείσθαι
316 2755 355 2790 τῷ
370 2755 526 2791 κρινομένῳ
546 2757 664 2791 ἐφεῖται.

200 2801 229 2827 Ὀ
255 2801 282 2827 δὲ
302 2800 333 2834 ε’,
361 2797 599 2837 Καθαιρεθὲντος,
624 2804 701 2838 φησι,
728 2805 777 2832 τοῦ
795 2806 946 2834 ἐπισκόπου

161 2844 246 2880 ψήφῳ
262 2849 338 2882 κοινῇ
354 2846 409 2873 τῶν
421 2847 470 2881 τῆς
485 2849 623 2884 ἐπαρχίας
649 2850 817 2884 ἐπισκόπων,
839 2853 886 2878 καὶ
901 2852 948 2879 ἐκ-

163 2890 261 2927 κλητον
269 2892 315 2918 ἐπὶ
326 2892 372 2919 τὸν
384 2893 501 2920 πάππαν
510 2895 836 2930 ποιησαμένου,κάκείνου
848 2897 951 2932 ἑτέροις

994 1602 1116 1638 judicum
1134 1610 1278 1630 numerum
1294 1611 1355 1631 esse
1369 1603 1497 1630 debeant.

1031 1692 1125 1720 Canon
1142 1697 1232 1719 autem
1250 1693 1293 1720 Μ.
1322 1700 1381 1728 syn.
1411 1692 1537 1720 Antioch.
1554 1711 1562 1725 ,
1581 1691 1609 1719 Si
1625 1691 1783 1727 episcopus,

997 1738 1097 1774 inquit,
1123 1739 1163 1766 ob'
1182 1740 1272 1774 aliqua
1301 1739 1417 1767 crimina
1442 1747 1457 1766 a
1482 1739 1628 1774 provincia:
1650 1738 1785 1774 episcopis

995 1785 1142 1820 iudicetur,
1154 1785 1225 1820 iique
1243 1786 1315 1813 inter
1329 1793 1359 1813 se
1373 1786 1548 1819 dissentiant,
1577 1785 1638 1812 aliis
1652 1784 1785 1812 innocen-

998 1834 1064 1863 tem,
1081 1830 1143 1858 aliis
1161 1838 1225 1858 vero
1254 1838 1331 1858 reum
1351 1831 1604 1865 pronuntiantibns,
1628 1829 1787 1865 metropoli.

998 1880 1093 1903 tanum
1112 1875 1186 1903 lllius
1209 1876 1358 1911 provinciae
1374 1876 1443 1903 alios
1471 1883 1503 1903 cx
1521 1876 1610 1903 vicina
1644 1876 1784 1910 provincia

998 1926 1238 1957 evocarepportet,
1251 1928 1278 1950 et
1286 1930 1333 1957 per
1345 1923 1406 1949 illos
1415 1913 1630 1950 controversiam
1641 1923 1782 1956 dirimere,

1000 1968 1181 2003 plurimorum
1198 1968 1328 2003 snﬂ‘ragio
1345 1968 1519 1996 conﬁrmato.

1034 2057 1120 2085 Porro
1130 2064 1193 2084 can.
1211 2057 1255 2090 l5,
1283 2057 1312 2084 Si
1323 2064 1388 2084 vero
1403 2064 1509 2089 omnes,
1529 2057 1628 2092 inquit,
1641 2058 1787 2093 unamad-

1000 2111 1097 2131 versus
1113 2111 1174 2131 eum
1191 2103 1354 2131 sententiam
1375 2103 1540 2134 tulerint.'is
1559 2111 1593 2131 ne
1618 2105 1736 2140 amplius
1754 2105 1790 2133 ab

1001 2149 1063 2177 aliis
1090 2148 1239 2183 iudicetur,
1271 2150 1319 2178 sed
1353 2150 1546 2185 episcoporum
1572 2149 1788 2185 provincialium

1003 2196 1081 2223 llrma
1098 2201 1206 2224 maneat
1221 2197 1366 2224 sententia.

1039 2242 1140 2270 Verum
1157 2249 1246 2270 canon
1265 2243 1309 2270 hic
1328 2251 1343 2270 a
1360 2242 1376 2269 4
1391 2250 1452 2280 syn.
1467 2243 1574 2271 Sardic.
1597 2245 1720 2272 sublatus
1736 2249 1788 2275 est.

1003 2289 1049 2324 qui
1067 2289 1106 2316 sic
1119 2289 1231 2317 statuit:
1249 2289 1300 2322 Qui
1312 2293 1452 2318 communi
1468 2291 1661 2326 episcoporum
1678 2292 1789 2326 provin-

1002 2333 1112 2362 cialium
1141 2336 1276 2363 sententia
1303 2335 1445 2372 depositus
1479 2336 1569 2370 fuerit,
1599 2343 1626 2367 et
1649 2339 1790 2366 sententia:

1004 2388 1058 2408 non
1073 2389 1102 2408 se
1118 2381 1273 2414 submittat,
1291 2382 1339 2410 sed
1357 2383 1473 2411 crimina
1488 2383 1593 2411 diluere
1613 2393 1694 2421 posse
1718 2385 1790 2413 atlir-

1003 2432 1067 2459 met,
1077 2427 1145 2454 alter
1159 2428 1186 2454 in
1199 2428 1328 2455 thronum
1341 2429 1402 2464 ejus
1418 2439 1450 2457 ne
1458 2430 1611 2461 Ordinetur.
1629 2433 1790 2466 priusquam

1002 2480 1070 2507 papa
1086 2473 1228 2502 Romanus
1242 2481 1324 2502 causa
1340 2476 1448 2510 cognita
1463 2483 1518 2503 rem
1529 2476 1698 2510 idclinivcrit,
1715 2485 1791 2504 cam-

1002 2527 1055 2554 que
1071 2520 1273 2547 damnationem
1305 2522 1470 2550 auctoritate
1491 2531 1541 2550 sna
1570 2523 1786 2554 continuandam

1002 2571 1048 2594 aut
1063 2566 1271 2594 rescindendam
1297 2567 1487 2603 declaraverit,
1507 2571 1530 2597 si
1547 2570 1651 2598 scilicet
1678 2571 1790 2604 provin-

1002 2613 1043 2640 cia
1057 2612 1178 2648 episcopi
1192 2614 1376 2642 occidentalis
1395 2615 1442 2647 sit,
1455 2623 1516 2650 qua:
1529 2616 1586 2643 sola
1602 2616 1694 2643 Roma:
1721 2617 1788 2643 sub-

999 2658 1071 2694 jecta
1086 2665 1139 2691 est,
1154 2659 1200 2687 ubi
1215 2664 1241 2686 et
1252 2660 1370 2695 synodus
1385 2661 1442 2689 hac
1463 2663 1697 2697 congregabatur;
1713 2660 1788 2697 judi-

1001 2711 1062 2733 cato
1079 2706 1151 2733 enim
1166 2706 1207 2734 bis
1224 2708 1361 2742 appellare
1377 2709 1542 2743 pennissum
1558 2714 1610 2736 est.

1036 2806 1150 2842 Insuper
1178 2808 1292 2842 quintus
1320 2816 1420 2842 canon,
1450 2808 1478 2836 Si
1508 2809 1660 2845 episcopus,
1690 2811 1787 2845 inquit,

1002 2854 1141 2881 communi
1177 2855 1371 2889 episcoporum
1408 2857 1614 2889 provincialium
1656 2858 1791 2886 sententia

1006 2900 1146 2935 depositus
1157 2901 1248 2934 fuerit,
1263 2906 1289 2928 et
1305 2902 1338 2929 ad
1356 2910 1452 2938 papam
1463 2903 1671 2938 appellationem
1685 2905 1790 2938 fecerit,
1833 2910 1835 2913 '
