1948 3064
188 147 256 178 1239

779 149 964 179 MATTHtEl
984 148 1194 181 BLASTARIS

1737 149 1810 183 1240

185 203 264 237 isque
279 204 341 232 aliis
359 204 455 233 vicinis
466 204 602 240 episcopis
614 211 723 232 causam
741 205 899 231 examinare
920 212 967 239 per

1023 206 1072 232 τῶν
1082 205 1284 240 ἀστυγειτόνων
1294 206 1458 240 ἐπισκόποις
1466 207 1515 243 τὴν
1526 207 1651 240 ἐξέτασιν
1661 207 1712 242 τῆς
1725 207 1806 243 δίκης

188 249 288 284 scripta
302 251 481 284 mandaverit,
511 251 656 286 episcopus
684 258 748 278 vero
772 250 806 277 ab
830 251 864 278 iis
884 250 967 276 etiam

187 294 329 323 damnatus
339 303 435 324 rursus
443 297 676 324 examinationem
693 295 860 331 quaesiverit,
872 295 895 323 si
909 302 968 330 quae

187 341 261 374 prius
276 341 397 376 indicata
415 347 479 371 sunt
499 350 575 378 papae
590 342 714 371 sufﬁcere
725 342 880 374 videamur,
909 341 968 376 epi-

187 393 332 421 scoporum
347 389 480 417 sententia
497 393 556 417 rata
570 389 616 417 sit.
634 388 663 416 Si
689 395 754 416 vero
770 388 795 415 ei
825 388 969 422 episcopus

186 440 282 461 rursus
306 434 471 469 jndicandus
495 436 573 463 visus
587 435 679 468 fuerit,
694 435 838 463 damnatus
860 433 894 461 ad
912 433 969 460 Ro-

187 486 259 506 mam
283 479 359 507 abire
382 488 416 508 ne
437 485 562 516 cogatur.
576 481 624 508 sed
645 488 712 516 papa
728 473 892 516 presbyteris
916 480 968 508 sibi

186 526 341 560 conjunctis
355 534 433 553 suam
453 531 612 562 potestatem
625 528 705 559 dans.
716 535 817 562 eosque
831 527 886 554 illic
903 533 965 554 cum

187 570 308 605 regionis
332 571 467 607 episcopis
483 573 593 600 mittens
604 593 612 605 .
627 573 842 601 controversiam
867 573 969 601 exami-

187 617 247 643 uari
264 617 384 650 mandet,
399 622 425 644 et
438 618 478 646 sic
496 617 612 653 perfecta
625 618 825 647 ﬁatsententia.

220 749 306 777 Porro
319 757 407 778 canon
431 751 463 779 l9
478 759 538 787 syn.
557 752 702 788 Carthag.,
732 752 784 787 Qui
799 754 966 790 episcopum,

185 796 286 831 inqttit,
304 802 426 830 accusat,
438 805 530 826 coram
547 799 667 833 regionis
690 800 806 834 prinmte
834 800 967 828 actionem

185 843 328 871 instituere
340 843 434 877 debet;
450 844 473 872 is
489 852 554 873 vero
563 846 609 880 qui
619 851 763 874 accusatur
783 851 846 874 ante
859 848 966 882 plenam

186 889 347 917 sententiam
369 898 382 917 a
396 891 527 926 dignitate
543 899 593 918 sua
607 899 659 919 nou
677 892 846 920 excludetur.
863 892 891 919 Si
904 900 968 920 vero

187 935 283 963 litteris
297 936 331 963 ad
341 936 474 971 judicium
491 942 613 971 vocetur,
624 942 651 965 et
667 938 747 966 unius
767 938 868 966 mensis
882 938 967 966 inter-

184 980 268 1014 vallo,
284 988 317 1009 ex
335 989 390 1017 quo
405 982 508 1010 litteras
524 984 671 1019 acceperit,
694 991 748 1011 non
779 984 908 1018 adfuerit,
939 985 967 1013 in

185 1034 292 1061 poenam
310 1028 503 1057 inobedientiae
530 1035 700 1065 segregatur,
728 1038 779 1058 nec
796 1031 822 1058 ei
844 1031 968 1059 ministe-

185 1072 255 1098 rium
270 1072 380 1107 aliquod
392 1080 500 1100 sacrum
516 1074 650 1108 attingere
662 1074 762 1102 licebit.
775 1074 852 1107 Quod
869 1075 891 1102 si
904 1082 966 1102 eum

185 1124 200 1143 a
218 1117 310 1144 causis
326 1118 488 1145 necessariis
512 1126 603 1146 revera
616 1119 741 1154 impediri
755 1124 895 1147 ostensum
909 1119 967 1147 fue-

185 1162 231 1194 rit,
250 1163 319 1190 alius
334 1163 358 1190 el
376 1165 478 1191 mensis
489 1163 627 1192 dilationis
638 1165 736 1198 datur;
763 1171 817 1200 quo
836 1165 930 1200 elapso
943 1165 966 1192 si

185 1216 239 1236 non
258 1209 375 1242 venerit,
387 1217 401 1236 a
413 1210 533 1237 tidelium
544 1211 736 1238 communione
746 1211 863 1246 ejicitur,
881 1211 967 1239 donec

184 1263 244 1290 quae
263 1256 314 1290 ipsi
330 1255 435 1291 objecta
449 1261 523 1288 sunt.
543 1257 773 1285 terminabuntur.
792 1257 841 1284 Sin
874 1261 965 1284 autem

184 1309 214 1329 se
223 1309 271 1328 nec
281 1308 371 1329 coram
384 1302 530 1338 provinciae
549 1302 678 1336 exarcho,
695 1310 744 1330 nec
754 1311 845 1331 coram
862 1303 967 1339 synodo

185 1347 372 1375 anniversaria
396 1348 493 1376 sistere
517 1349 664 1382 curaverit,
694 1349 753 1385 ipse
781 1349 914 1377 adversus
935 1357 965 1377 se

184 1393 346 1421 sententiam
357 1394 429 1425 tulit.
457 1395 620 1429 depositioni
634 1395 784 1430 subjectus.
815 1395 967 1424 Accusator

185 1445 249 1466 Vero
264 1439 286 1466 si
295 1439 322 1466 in
336 1439 439 1473 judicio
452 1444 552 1475 praesto
572 1439 664 1473 fuerit,
694 1441 885 1469 communione
911 1448 966 1469 non

184 1484 376 1520 interdicitur;
388 1486 431 1513 sin
449 1493 513 1514 vero
528 1487 579 1514 sub
590 1491 721 1521 praetextu
738 1494 768 1514 se
793 1487 964 1519 subduxerit,

1018 249 1062 277 διὰ
1084 250 1195 286 γραφῆς
1208 252 1416 287 ἐπιτρέψαντος,
1433 253 1480 280 τοῦ
1505 252 1533 280 δὲ
1560 252 1610 280 καὶ
1631 253 1684 279 ὑπὸ
1700 253 1806 280 τούτων

1019 296 1371 330 καταδικασθέντος,.αὗ6ίς
1385 307 1418 332 γε
1439 298 1493 334 μὴν
1506 298 1701 334 ἐπιζητοῦντος
1712 298 1807 331 ἐξέτα-

1020 351 1072 376 σιν,
1093 343 1118 369 εί
1134 343 1184 378 μὲν
1201 344 1233 371 τὰ
1252 344 1302 379 ήδη
1316 345 1444 380 κριθέντα
1460 345 1556 380 ἀρκεῖν
1569 345 1583 371 ὁ
1600 345 1716 375 πάππας
1729 343 1807 378 νομί·

1019 398 1073 421 σει,
1090 389 1120 416 τὺ
1136 389 1220 424 κῦρος
1248 390 1264 425 ὴ
1288 390 1343 416 τῶν
1366 390 1526 417 ἐπισκόπων
1553 390 1638 424 ἐχέτω
1653 389 1806 423 ἀπόφασις.

1019 433 1052 461 El
1066 433 1094 460 δὲ
1107 434 1153 460 καὶ
1170 432 1250 466 αὖθις
1263 434 1392 470 κριθῆναι
1405 434 1451 461 τὸν
1468 434 1619 461 ἐπίσκοπον
1645 433 1805 468 δοκιμάσει,

1020 478 1058 514 μὴ
1073 479 1270 514 ἀναγκαξέσθω
1284 481 1297 506 ὸ
1311 479 1522 511 καταδικασθεὶς
1537 479 1577 511 είς
1598 479 1709 514 Ῥώμην
1724 478 1806 506 ἀπιέ-

1019 525 1149 557 ναι,ἀλλὰ
1158 525 1208 561 τὴν
1223 526 1290 552 ίδίαν
1304 527 1318 552 ὁ
1332 525 1450 557 πάππας
1463 525 1590 558 ἐξουσίαν
1605 525 1806 561 πρεσϐυτέροις

1017 570 1073 597 τῶν
1089 571 1263 599 οίκειοτάτων
1277 571 1351 607 αὐτῷ
1366 571 1501 605 δεδωκὼς,
1516 571 1564 598 καὶ
1583 571 1696 606 πέμψας
1713 571 1805 596 ἐκεῖσε

1021 617 1090 652 μετὰ
1106 616 1160 643 τῶν
1175 617 1317 652 ἐγχωρίων
1330 617 1498 649 ἐπισκόπων,
1515 617 1550 643 τὰ
1569 616 1620 651 τῆς
1647 615 1806 646 ὑποθέσεως

1019 662 1196 697 ἐξετασθῆναι
1211 661 1379 695 κελευσάτω,
1399 663 1447 689 καὶ¹
1460 661 1533 690 οὕτω
1556 661 1646 689 τελεία
1662 661 1804 697 ἠάποφα-

1019 717 1062 740 σις
1077 708 1208 742 γενέσθω.

1061 754 1091 782 '0
1110 754 1139 781 δέ
1160 754 1192 782 ιθ¹
1211 754 1260 790 τῆς
1275 755 1303 782 ιν
1324 755 1503 791 Καρϐαγένῃ,
1521 754 1574 782 Τὸν
1597 752 1806 789 κατηγοροῦντα

1019 800 1179 834 ἐπίσκοπον,
1199 802 1274 836 παρὰ
1285 801 1324 836 τῷ
1336 802 1387 835 τῆς
1401 800 1493 837 χώρας
1514 800 1548 828 τὰ
1568 800 1665 835 πρῶτα
1680 799 1805 834 φέροντι,

1018 846 1066 881 τὴν
1083 847 1250 882 κατηγορίαν
1262 846 1312 879 δεῖ,
1330 847 1423 881 φησὶν,
1435 847 1554 882 ἐνιστᾷν·
1570 846 1583 872 ὁ
1597 846 1625 873 δέ
1638 854 1671 880 γε
1684 853 1805 880 κατηγο-

1019 892 1151 929 ρούμενος
1169 893 1222 928 πρὸ
1234 892 1285 928 τῆς
1301 893 1408 925 τελείας
1423 893 1589 927 ἀποφάσεως
1608 892 1659 926 τῆς
1675 891 1743 923 ιδίας
1765 899 1806 917 τι-

1019 939 1073 974 μῆς
1086 939 1137 966 οὐκ
1149 939 1336 967 ἀποκλείεται.
1352 939 1504 974 Γράμμασι
1522 939 1615 974 μέντοι
1627 937 1738 971 κληθεὶς
1756 937 1805 963 ἐπὶ

1018 985 1048 1012 τὸ
1064 984 1252 1020 δικαστήριον,
1269 986 1293 1011 εί
1311 985 1348 1020 μὴ
1364 985 1548 1020 ἀπαντήσειεν
1559 985 1619 1016 ἐνὸς
1631 983 1807 1020 παραρρυέν-

1018 1038 1064 1062 τος
1077 1030 1172 1065 μηνὸς,
1188 1030 1218 1063 ἐξ
1232 1030 1294 1057 ὅτου
1306 1031 1340 1056 τὰ
1354 1030 1508 1066 γράμματα
1524 1030 1642 1063 ἐδέξατο,
1655 1030 1695 1061 εἰς
1708 1029 1807 1063 ποινὴν

1017 1076 1068 1110 τῆς
1081 1076 1222 1108 ἀπειθείας
1234 1076 1409 1111 ἀφορίζεται,
1427 1076 1465 1112 μὴ
1481 1077 1541 1109 ἐξὸν
1559 1076 1632 1112 αὒτῷ
1648 1076 1807 1112 ἱερουργίας

1018 1122 1140 1157 ἅψασθαι
1157 1122 1338 1157 ὁπουδήποτε.
1359 1123 1389 1150 El
1406 1123 1435 1149 δέ
1453 1122 1562 1157 ἀληοῶς
1575 1122 1628 1149 ὑπὸ
1647 1122 1806 1156 ἀναγκαίων

1018 1167 1114 1194 αίτιῶν
1137 1168 1255 1204 δειχθείη
1282 1168 1467 1203 κωλυόμενος,
1486 1168 1579 1203 ἐτερος
1597 1167 1649 1203 μὴν
1670 1168 1710 1200 είς
1733 1175 1806 1203 προ·

1019 1213 1134 1247 θεσμίαν
1145 1214 1219 1249 αὖτῷ
1239 1213 1351 1242 δίδοται.
1370 1214 1529 1250 Ἐξήκοντος
1543 1215 1571 1241 δὲ
1585 1215 1632 1242 καὶ
1648 1213 1759 1246 τούτου,
1772 1214 1806 1240 ἂν

1020 1261 1059 1295 μὴ
1071 1260 1215 1295 ἀφίκηται,
1229 1262 1278 1296 τῆς
1290 1261 1344 1288 τῶν
1359 1261 1463 1288 πιστῶν
1473 1261 1617 1292 κοινωνίας
1629 1260 1804 1292 ἐκϐάλλεται,

1020 1306 1117 1342 μέχρις
1135 1307 1168 1334 ἂν
1183 1307 1217 1334 τὰ
1233 1307 1294 1334 κατ’
1313 1307 1396 1334 αὑτοῦ
1409 1307 1560 1343 λαληθέντα
1575 1306 1685 1341 δέξηται
1706 1306 1804 1340 πέρας.

1017 1353 1094 1388 Μήτε
1107 1353 1135 1379 δὲ
1155 1353 1225 1388 πρὸς
1244 1353 1289 1380 τὸν
1300 1353 1351 1388 τῆς
1363 1352 1499 1388 ἐπαρχίας
1523 1352 1648 1387 ἔξαρχον,
1666 1352 1735 1387 μήτε
1750 1351 1806 1386 μὴν

1018 1399 1086 1433 πρὸς
1094 1399 1143 1434 τὴν
1153 1399 1268 1433 ἐτησίως
1279 1399 1430 1434 γενομένην
1442 1397 1551 1425 σύνοδον
1561 1397 1710 1432 ἀφικέσθαι
1721 1405 1806 1431 φρον-

1017 1444 1106 1475 τίσας,
1121 1444 1203 1475 αὐτὸς
1220 1444 1280 1471 καθ’
1293 1443 1391 1471 ἐαυτοῦ
1407 1444 1456 1480 τὴν
1472 1444 1550 1480 δίκην
1562 1443 1720 1478 ἐξήνεγκεν,
1738 1442 1807 1468 ὑπο-

1018 1489 1129 1524 ϐληϐεὶς
1143 1489 1314 1524 καθαιρέσει.
1334 1489 1363 1516 '0
1378 1490 1470 1525 μέντοι
1486 1489 1652 1524 κατήγορος,
1668 1488 1706 1523 τῷ
1726 1488 1807 1515 δικα-

184 1530 241 1566 ipse
253 1531 361 1566 quidem
377 1537 548 1567 segregatur,
566 1537 593 1560 et
603 1533 750 1568 episcopus
777 1531 967 1568 segregatione

1023 1535 1125 1571 στηρίῳ
1147 1535 1336 1571 ἐνδιατρίϐων,
1361 1544 1411 1570 της
1437 1535 1580 1567 κοινωνίας
1594 1535 1643 1576 ούκ
1660 1535 1784 1570 είργεται
1798 1541 1805 1548 ·

184 1577 309 1605 solvitur.
323 1579 475 1607 Ustendens
491 1584 581 1607 autem
600 1587 630 1607 se
644 1587 698 1606 non
713 1587 746 1607 ex
765 1584 908 1615 praetextu,
922 1579 968 1607 sed

184 1624 339 1651 rationabili
351 1624 385 1652 de
401 1632 482 1653 causa
499 1625 630 1657 abfuisse,
642 1625 778 1653 actionem
795 1633 903 1653 movere
916 1632 969 1652 non

185 1670 386 1705 prohibebitur.
402 1670 481 1704 Quod
497 1671 521 1699 si
543 1671 666 1700 moribus
680 1676 823 1707 suspectus
833 1671 878 1702 sit.
888 1678 970 1698 accu-

185 1715 317 1743 sationem
333 1717 408 1751 101
422 1725 483 1751 quae
494 1717 613 1752 episcopi
624 1717 781 1752 dignitatem
792 1717 911 1751 attingit,
926 1716 969 1743 in-

185 1761 299 1789 stituere
312 1762 335 1789 ei
347 1763 511 1796 permissum
527 1771 580 1790 non
593 1763 660 1796 erit;
672 1763 794 1790 actiones
801 1769 866 1790 vero
881 1761 971 1797 priva-

185 1813 226 1834 tas
238 1812 264 1834 et
277 1809 446 1842 pecuniarias
472 1813 568 1836 contra
589 1810 677 1844 ipsum
694 1816 804 1836 movere
829 1815 884 1835 non
903 1814 970 1842 pro-

185 1851 332 1880 hibebitur.
348 1852 447 1881 Verum
461 1853 540 1882 hodie
553 1854 710 1890 prmstituta:
727 1854 880 1883 vocationis
910 1853 969 1881 dies

185 1899 275 1926 locum
289 1907 343 1927 non
365 1899 476 1928 habent.

546 2035 610 2064 Lex.

219 2081 376 2110 Secundum
394 2090 459 2110 vero
475 2083 608 2111 novellam
629 2081 776 2110 clarissimi
796 2081 970 2117 imperatoris

184 2127 329 2161 Manuelis,
347 2137 396 2164 per
415 2129 467 2156 tria
491 2129 603 2163 triginta
624 2129 732 2156 dierum
754 2128 854 2161 edicta,
876 2135 971 2155 omnes

185 2179 289 2201 actores
301 2178 329 2201 ct
345 2173 383 2201 rei
398 2177 588 2205 accersuntur,
601 2173 789 2208 cujuscunque
803 2173 857 2199 sint
870 2176 968 2204 status,

184 2224 211 2246 et
225 2219 488 2255 cujusmodicunque
500 2226 584 2247 causa
601 2219 693 2246 fuerit.

219 2307 306 2335 Porro
320 2315 370 2335 ucc
383 2315 445 2335 can.
459 2307 493 2335 88
508 2307 650 2344 permittit,
663 2311 692 2334 ut
705 2307 849 2343 episcopus
864 2307 909 2343 qui
924 2315 969 2335 ac-

184 2359 298 2382 cusatus
313 2353 356 2381 vel
372 2359 529 2389 segregatus
544 2354 641 2386 fuerit,
657 2354 691 2381 ab
704 2354 862 2389 episcopatu
878 2354 969 2387 expri-

184 2402 267 2433 latur,
292 2401 379 2428 donec
402 2409 463 2436 qua:
486 2401 510 2428 ei
535 2401 641 2436 objecta
667 2406 731 2429 sunt
752 2400 858 2435 judicio
881 2401 967 2428 soluta

183 2448 295 2476 Iucrint.

221 2495 324 2522 Eadem
341 2502 402 2522 can.
420 2495 453 2522 16
468 2503 529 2531 syn.
545 2501 605 2529 (ποτε
621 2494 707 2529 prima
723 2497 749 2521 et
765 2493 885 2521 secunda
902 2493 969 2522 dici-

183 2545 229 2568 tur
243 2546 334 2576 aperte
360 2540 465 2573 statuit,
479 2541 578 2576 jubens
592 2540 726 2568 netnincm
741 2539 864 2566 ordinari
878 2539 905 2566 in
921 2540 970 2567 Ec-

184 2587 313 2621 clesium,
338 2587 417 2622 cujus
442 2587 587 2622 episcopus
612 2587 702 2613 adhuc
726 2586 821 2613 vivens
848 2587 968 2613 nondum

183 2633 293 2668 proprio
315 2634 417 2662 honore
438 2634 515 2668 plene
537 2639 626 2660 motus
646 2632 737 2664 fuerit,
756 2633 882 2667 quamvis
901 2640 969 2660 non-

184 2680 250 2707 nulli
271 2680 384 2707 criiniua
407 2680 431 2707 ei
453 2679 603 2710 intentant,
624 2683 650 2705 et
671 2679 728 2712 ipse
749 2678 841 2706 animo
864 2679 969 2714 abjecto

184 2728 254 2754 lortc
275 2726 503 2754 rcuuntiationem
526 2726 630 2752 fecerit.
657 2725 714 2752 lloc
735 2725 806 2752 cnim
827 2725 970 2753 seditionis

183 2778 210 2799 et
227 2773 360 2799 tumultus
374 2779 456 2799 causa
471 2776 522 2799 est.
538 2771 642 2798 Debent
657 2775 747 2797 autem
763 2771 852 2798 clerici
870 2771 970 2806 impro-

183 2819 295 2845 bitatem
314 2819 340 2845 in
359 2818 480 2845 omnium
499 2818 591 2846 odium
611 2818 795 2844 incurrentem
813 2816 925 2848 evitare,
943 2823 969 2846 et

186 2864 314 2893 canonice
332 2873 391 2900 qua,
408 2865 432 2893 ei
451 2865 557 2900 objecta
574 2869 638 2893 sunt
654 2864 822 2899 examinare,
840 2869 867 2893 et
885 2865 907 2892 si
927 2872 968 2892 re-

1020 1582 1202 1617 ύποχωρήσας
1217 1581 1245 1607 δὲ
1261 1582 1331 1608 κατά
1346 1589 1406 1608 τινα
1423 1581 1535 1616 σκῆψιν,
1547 1581 1628 1612 αὐτὸς
1645 1580 1696 1615 μὲν
1710 1579 1808 1614 ἀφορί-

1019 1627 1107 1660 ζεται,
1123 1627 1136 1653 ὅ
1147 1636 1177 1659 γε
1192 1627 1245 1663 μὴν
1257 1627 1406 1659 ἐπίσκοπος
1416 1627 1463 1654 τοῦ
1474 1626 1630 1662 ἀφορισμοῦ
1643 1626 1805 1652 ἀπολύεται.

1019 1673 1114 1706 Δείξας
1129 1672 1157 1700 δὲ
1171 1673 1208 1709 μὴ
1226 1673 1296 1700 κατὰ
1314 1672 1426 1707 σκῆψιν,
1440 1672 1498 1699 ἀλλ’
1515 1672 1544 1705 ἐξ
1559 1671 1650 1702 αἰτίας
1663 1669 1806 1704 εὐπροσὼ-

1020 1728 1071 1746 που
1084 1719 1236 1755 γενομένην
1252 1719 1302 1754 τὴν
1318 1719 1506 1755 ὑποχώρησιν,
1523 1719 1570 1744 καὶ
1582 1717 1659 1749 αὗθις
1673 1715 1722 1752 τὴν
1738 1715 1807 1742 ὑπό-

1020 1765 1095 1792 θεσιν
1114 1767 1200 1793 κινεῖν
1216 1765 1247 1792 ού
1264 1764 1409 1792 κωλύεται.
1425 1765 1455 1791 Εἰ
1477 1764 1506 1791 δὲ
1519 1763 1735 1798 διαϐεϐλημένος
1760 1762 1806 1795 εἴη

1019 1812 1082 1843 τοὺς
1103 1812 1233 1846 τρόπους,
1260 1811 1428 1846 κατηγορίαν
1444 1810 1493 1844 μὲν
1512 1810 1561 1844 τῆς
1582 1808 1734 1844 ἱερωσύνης
1756 1806 1805 1833 τοῦ

1019 1857 1171 1884 ἐπισκόπου
1199 1857 1410 1893 καθαπτομένην
1429 1857 1521 1891 λέγειν
1543 1856 1574 1882 οὺ
1601 1854 1805 1889 συγχωρείται,

1022 1903 1088 1935 ἰδίας
1103 1903 1131 1930 δέ
1153 1903 1200 1930 καὶ
1217 1904 1392 1939 χρηματικὰς
1407 1902 1468 1929 κατ’
1485 1900 1568 1928 αὑτοῦ
1587 1901 1672 1926 κινεῖν
1690 1899 1806 1933 ἀγωγὰς

1020 1949 1051 1976 ού
1067 1948 1212 1975 κωλύεται.
1233 1947 1305 1976 Ἀλλ’
1318 1948 1367 1983 οὺχ
1382 1948 1454 1974 οὕτω
1476 1946 1560 1974 τανῦν
1583 1945 1611 1972 αἱ
1634 1944 1806 1981 προθεσμίαι

1019 1994 1070 2030 τῆς
1083 1994 1206 2029 κλήσεως
1219 1993 1274 2021 τῶν
1289 1994 1401 2030 ἡμερῶν
1416 1994 1546 2028 γίνονται.

1354 2041 1463 2074 Νόμος.

1056 2085 1136 2113 Κατὰ
1151 2086 1179 2113 δέ
1200 2094 1232 2120 γε
1257 2086 1306 2121 τὴν
1327 2085 1429 2120 νεαρὰν
1456 2084 1504 2111 τοῦ
1526 2083 1649 2119 ἀοιδίμου
1671 2081 1807 2118 βασιλέως

1021 2131 1161 2167 Μανουὴλ,
1181 2131 1225 2158 διὰ
1247 2131 1329 2166 τριῶν
1345 2130 1586 2166 παραγγελμάτων
1604 2127 1808 2165 τριακονθημέ-

1022 2184 1078 2211 ρων
1096 2175 1315 2211 μετακαλοῦνται
1329 2175 1430 2206 πάντες
1442 2174 1585 2210 ἐνάγοντές
1603 2183 1631 2200 τε
1647 2173 1693 2199 καὶ
1710 2173 1808 2206 ἐναγό-

982 2218 1008 2247 D
1023 2230 1109 2257 μενοι,
1129 2222 1180 2249 κᾶν
1204 2222 1262 2253 οἵας
1279 2219 1330 2249 ὦσι
1355 2221 1559 2255 καταστάσεως,
1585 2219 1636 2247 κᾶν
1661 2219 1720 2250 οἵας
1779 2218 1809 2244 τὸ

1022 2268 1052 2303 εγ
1056 2268 1107 2303 κλη
1112 2278 1149 2303 μα
1162 2269 1328 2300 ὑποθέσεως.

1065 2314 1135 2342 Ἀλλ’
1148 2315 1203 2342 οὐδ’
1216 2316 1231 2341 ὁ
1255 2319 1301 2350 πη¹
1315 2315 1458 2350 ἐπιτρέπει
1476 2313 1521 2341 τὸν
1539 2313 1592 2341 ὗπδ
1608 2311 1777 2347 κατηγορίαν
1790 2310 1806 2345 ἥ

1022 2360 1175 2396 ἀφορισμδν
1212 2361 1359 2396 γενόμενον
1387 2360 1537 2387 ἐπίσκοπον
1573 2359 1622 2393 τῆς
1653 2356 1808 2390 ἐπισκοπῆς

1023 2407 1197 2441 ἐξωθεῖσθαι,
1211 2407 1263 2438 ἕως
1276 2406 1309 2433 ἂν
1320 2406 1351 2432 τὺ
1365 2407 1427 2433 κατ’
1439 2405 1521 2433 αὑτοῦ
1539 2404 1607 2440 λυθῇ
1621 2403 1808 2438 δικαστήριον.

1059 2500 1099 2527 Τὰ
1115 2499 1183 2527 αὐτὰ
1200 2499 1248 2526 καὶ
1263 2499 1277 2525 ὁ
1291 2498 1329 2530 ις’
1339 2498 1388 2533 τῆς
1402 2497 1551 2533 λεγομένης,
1563 2499 1588 2522 α’
1600 2495 1645 2523 καὶ
1662 2495 1684 2529 β’
1695 2493 1808 2520 συνόδου

1024 2545 1113 2574 κανὼν
1130 2545 1224 2580 σαφῶς
1246 2545 1430 2576 διατάττεται,
1457 2543 1495 2578 μὴ
1518 2540 1734 2577 χειροτονεῖσθαι
1748 2548 1810 2566 τινα

1024 2591 1141 2617 κελεύων
1157 2591 1197 2622 είς
1223 2590 1383 2623 ἐκκλησίαν,
1400 2585 1434 2625 ἧς
1450 2590 1464 2615 ὁ
1474 2588 1624 2618 ἐπίσκοπος
1637 2587 1676 2613 ἐτι
1691 2585 1809 2621 περιὼν,

1023 2636 1100 2664 οΰπω
1116 2637 1166 2671 τῆς
1197 2636 1265 2667 ίδίας
1290 2636 1392 2668 τελέως
1418 2634 1571 2670 ἀπεκινήθη
1591 2633 1685 2668 τιμῆς,
1711 2633 1735 2659 εί
1761 2632 1811 2658 καὶ

1024 2684 1093 2720 πρός
1118 2691 1201 2709 τινων
1220 2682 1266 2708 ἐπὶ
1283 2682 1454 2717 ἐγκλήμασιν
1471 2681 1581 2717 ᾐτιάθη,
1598 2681 1645 2706 καὶ
1671 2678 1810 2713 μικροψυα

1023 2728 1110 2763 χήσας
1121 2726 1186 2757 ἴσως
1197 2726 1365 2761 παραίτησιν
1380 2726 1539 2760 ἐποιήσατο.
1554 2725 1680 2755 Στάσεως
1692 2723 1748 2758 γὰρ
1764 2723 1811 2749 καὶ

1024 2773 1148 2807 ταραχῆς
1170 2772 1257 2799 αἴτιον
1275 2771 1352 2798 τοῦτό
1367 2781 1410 2805 γε.
1428 2772 1475 2798 Δεῖ
1493 2771 1521 2798 δὲ
1543 2770 1606 2801 τοὺς
1622 2771 1671 2805 τῆς
1691 2769 1810 2804 Ἐκκληο

1025 2821 1085 2850 σίας
1109 2817 1199 2844 πᾶσάν
1209 2826 1240 2851 γε
1250 2817 1531 2853 φιλαπεχθημοσύνην
1541 2816 1658 2852 μάλιστα
1671 2817 1811 2851 περιΐστα-

1025 2865 1099 2899 σθαι,
1116 2864 1183 2892 ἀλλὰ
1200 2864 1353 2897 κανονικῶς
1374 2864 1409 2892 τὰ
1433 2864 1493 2892 κατ’
1508 2863 1588 2890 αὑτὸν
1613 2862 1791 2896 ἐξετάζεσθαι
1802 2869 1810 2879 ·
