1948 3064
140 145 207 180 1241

615 141 821 173 SYNTAGMA
844 129 1201 170 ALPHABETtCUMQ-
1215 137 1245 168 Δ.

1693 133 1763 166 1242

139 208 187 234 καὶ
201 207 226 233 εἰ
238 204 309 232 κατὰ
319 204 400 238 λόγον
414 203 432 239 ὴ
449 201 617 238 παραίτησις
633 201 767 235 ἐγεγόνει,
782 200 799 234 ἢ
815 207 922 226 κανονι-
940 212 945 226 λ

998 197 1112 224 untiatio
1132 197 1206 231 justa
1227 197 1273 229 sit,
1296 201 1343 224 aut
1364 196 1495 224 canonice
1515 198 1625 230 propter
1645 193 1762 224 crimina

140 254 195 285 κῶς
208 252 254 279 διὰ
268 252 302 278 τὰ
313 250 478 285 ἐγκλήματα
493 248 647 285 καθῃρέθη,
662 245 816 282 τηνικαῦτα
831 245 926 279 ἕτερον

139 300 182 330 εἰς
200 298 250 333 τὴν
262 296 416 331 ἐπισκοπὴν
429 292 668 330 προχειρίζεσθαι.
691 291 773 318 Ἀλλά
783 291 831 318 καὶ
848 290 874 316 εἰ
885 298 927 321 τις

142 346 171 372 ἒν
186 345 219 380 τῇ
241 343 294 378 ἰδίᾳ
309 343 377 377 τιμῇ
404 341 496 372 καλῶς
523 339 677 375 ἰδρυμένος,
704 338 741 373 μὴ
762 337 808 364 τὸν
830 336 929 362 οἰκεῖον

143 390 230 418 ἐθέλοι
246 388 402 423 ποιμαίνειν
415 387 493 418 λαδν,
515 386 584 414 ἀλλὰ
606 385 656 420 τῆς
679 384 784 414 οἰκείας
807 381 929 412 ἀποστὰς

144 437 275 471 ποίμνης,
287 435 356 470 ὑπὲρ
370 434 401 460 τὸ
413 433 548 468 ἑξάμηνον
560 433 588 458 ὲν
599 431 686 466 ἑτέρῳ
699 428 832 464 διατρίϐοι
843 428 927 461 τόπῳ,

147 484 184 519 μή
195 491 267 514 τινος
281 480 432 514 ἀναγκαίου
445 479 650 514 κατείργοντος,
661 477 710 512 τὴν
722 475 769 502 τοῦ
780 474 929 501 ἐπισκόπου

145 530 230 565 τιμὴν
243 529 290 555 καὶ
309 527 442 562 καθέδραν
459 526 572 556 δικαίως
587 523 817 559 ἀφαιρεθήσεται.

188 573 219 600 '0
230 573 259 600 δὲ
275 572 299 599 κ’
316 573 364 606 τῆς
381 572 410 598 έν
431 570 600 606 Καρθαγένῃ
625 568 825 604 πρεσϐυτέροις
845 565 862 600 ἦ
875 565 932 591 δια-

146 619 236 650 κόνοις
252 618 316 653 περί
344 625 427 649 τινων
453 615 667 650 ἐγκαλουμένοις
693 613 739 640 τὸν
764 611 830 638 ῐδιον
843 610 932 638 αὐτῶν

146 664 298 694 ἐπίσκοπον
315 663 442 697 ἐφίστησι
454 660 596 694 δικαστὴν,
614 659 663 686 σύν
677 667 709 693 γε
724 657 828 692 ἑτέροις
843 657 874 682 ὲκ
884 655 933 689 τῆς

148 710 235 744 αὐτῆς
248 708 393 743 ὶπαρχίας,
412 707 460 741 οὓς
484 707 517 734 ἂν
533 706 699 738 ὲκλέξωνται
722 704 747 730 οι
765 701 935 736 κατηγορού-

151 764 238 790 μενοι,
256 755 286 786 ἒξ
301 755 350 789 μὲν
367 754 414 780 ἐπὶ
428 752 637 788 πρεσσυτέρων,
652 750 700 778 καὶ
714 749 804 784 τρισὶν
818 748 865 775 ἐπὶ
876 747 935 774 δια-

150 799 247 826 κόνων.
264 798 437 834 Προθισμίας
459 797 487 824 δὲ
512 796 559 823 καὶ
585 795 759 830 ἐπιτιμήσεις
777 794 826 825 τὰς
849 791 935 823 αὑτὰς

151 843 222 872 εἰναι
249 845 298 872 καὶ
322 844 428 875 τούτοις
448 843 542 877 σαφῶς
560 842 608 868 καὶ
632 838 710 872 οὗτος
723 838 861 871 διέξεισιν,
876 837 936 868 οἵας

150 892 184 927 δὴ
205 891 252 918 καὶ
268 891 315 917 ἐπὶ
333 890 388 918 τῶν
413 889 575 917 ἐπισκόπων
592 888 606 914 ό
626 885 783 921 προλαϐών.
797 885 838 911 Τὰ
859 883 887 910 δέ
904 891 936 917 γε

151 938 208 964 τῶν
232 937 335 964 λοιπῶν
362 935 502 971 κληρικῶν
529 935 678 968 αἰτιάματα
706 933 785 968 μόνος
805 932 819 959 ὁ
848 929 937 958 αὐτῶν

152 984 303 1015 ἐπίσκοπος
319 983 454 1016 ἑξετάσει,
471 981 520 1008 καὶ
538 981 638 1015 πέρατι
651 979 743 1010 δώσει,
758 977 853 1012 φησίν.

193 1031 224 1058 '0
238 1030 267 1058 δὲ
279 1030 316 1057 οϐ’
331 1028 527 1056 ἀποκλείεσθαι
542 1027 630 1061 λέγων
652 1025 697 1052 τὸν
712 1024 855 1058 κληρικδν,
878 1021 939 1052 ἑνὸς

155 1077 300 1112 ἐξήκοντος
317 1075 404 1106 ἔτους,
420 1075 467 1102 καὶ
480 1074 517 1109 μὴ
526 1073 677 1108 δεξαμένης
692 1071 781 1106 πέρας
796 1069 844 1104 τῆς
856 1066 938 1095 αὑτοῦ

155 1122 322 1155 ὑποθέσεως,
341 1122 370 1148 τὸ
384 1120 431 1149 νῦν
444 1121 506 1156 ἔχον
520 1120 571 1146 οὐκ
588 1118 704 1154 ἐνεργεῖ.

494 1178 604 1212 Νόμος.

193 1237 370 1273 Κατηγορίαν
385 1235 484 1270 ϊερέως
508 1234 594 1265 οὐδεὶς
612 1233 668 1259 τῶν
684 1231 786 1259 λαῖκῶν
804 1229 941 1265 ἀρχόντων

156 1285 275 1317 δικάζει,
293 1283 361 1318 πλὴν
376 1284 399 1309 εἰ
416 1282 454 1317 μὴ
470 1279 662 1309 καθοσιώσεως
683 1277 810 1311 ἔγκλημα
824 1276 840 1310 ἡ
857 1282 943 1308 κατη-

158 1332 239 1367 γορία
256 1329 390 1366 περιέχει.
421 1328 503 1361 Ζήτει
525 1326 571 1352 καὶ
601 1325 629 1351 ἐν
646 1323 684 1358 τῷ
708 1325 756 1354 ις’.
776 1329 839 1355 κεφ.
857 1319 903 1346 τοῦ
919 1319 942 1345 [Ι

159 1365 297 1413 στοιχείου
323 1375 440 1405 κανόνας
456 1373 506 1408 τῆς
530 1373 558 1398 ὲν
574 1367 776 1404 Νεοκαισαρείιξ⁴
793 1366 902 1393 συνόδου
921 1365 943 1391 θ’

159 1425 206 1451 καὶ
222 1427 248 1457 ι’,
264 1423 309 1450 καί
325 1420 457 1455 Θεοφίλου
471 1422 503 1446 ε’.

195 1480 267 1514 Περί
284 1478 344 1506 τῶν
357 1477 392 1505 ὲν
411 1475 475 1509 τοῖς
496 1467 704 1507 δικαστηρίοις
723 1469 907 1504 κατηγόρων.

203 1538 234 1565 '0
252 1540 279 1569 ς’
296 1537 346 1572 τῆς
362 1534 493 1569 δευτέρας
514 1532 624 1559 συνόδου
649 1529 749 1562 κανὼν,
764 1528 811 1559 Εἰς
828 1534 947 1560 κατηγο-
958 1553 981 1584 C

161 1585 235 1620 ρίαν.
253 1582 348 1618 φησὶν,
372 1579 533 1607 ἐπισκόπων
548 1578 565 1613 ἢ
584 1574 723 1610 κληρικῶν
746 1573 808 1600 οὒτε
841 1572 944 1602 πάντας

161 1618 349 1665 άνεξετάστως
366 1626 529 1664 προσίεσθαι
544 1625 596 1656 δεῖ,
609 1622 671 1650 οὕτε
689 1621 742 1656 μὴν
761 1621 866 1649 πάντας
877 1618 945 1644 ἀπο-

163 1663 277 1704 κλείειν.
293 1676 326 1702 Εἰ
343 1675 392 1710 μὲν
409 1673 465 1708 γὰρ
482 1669 621 1704 ἰδιωτικήν
634 1676 675 1699 τις
688 1666 810 1700 ἐνιστησι
822 1664 882 1690 κατ’
898 1663 946 1689 αὺ-

161 1723 216 1750 τῶν
234 1717 488 1756 δίκην,ὴδικεϊσθαι
504 1715 593 1750 λέγων
624 1713 705 1744 αὐτὸς
734 1711 781 1738 ἐπὶ
801 1709 947 1756 πράγμασι

163 1752 335 1802 κινουμένοις
347 1752 366 1800 ’ἢ
385 1763 535 1797 ἀκινήτοις,
557 1761 574 1795 ἢ
598 1757 738 1792 ὑϐρίσθαι,
761 1755 777 1791 ἡ
795 1764 821 1781 τι
842 1752 947 1780 τοιοῦτο

163 1799 272 1845 παθεῖν,
295 1799 365 1847 μήτε
391 1809 539 1845 πρόσωπον
554 1805 602 1833 τοῦ
621 1801 849 1847 κατηγοροῦντος,
878 1799 948 1835 μήτε

164 1846 314 1897 θρησκείαν
328 1857 442 1883 σκοπεῖν
454 1862 461 1869 ·
482 1852 585 1888 μηδένα
599 1851 654 1885 γὰρ
671 1849 725 1876 τῶν
741 1846 855 1874 δικαίων
881 1846 949 1871 ἁπο-

163 1891 312 1941 τυγχάνειν
326 1904 441 1933 δίκαιον.
455 1900 512 1928 άλλ¹
525 1899 586 1933 ίσην
602 1897 706 1924 ἅπασιν
718 1891 949 1941 ἡμᾶς-ἐπιφέρειν

164 1935 378 1989 τὴνΙάδέκαστον
402 1948 504 1983 ψῆφον,
532 1943 677 1977 ἐλεύθερον
704 1940 752 1967 καί
773 1938 823 1973 τῆς
839 1935 950 1964 οίασοῦν

167 1982 276 2028 ἀδικίας
301 1995 347 2023 τὸν
378 1994 530 2020 ἐπίσκοπον
559 1989 678 2026 μάλιστα
704 1987 721 2021 ἢ
750 1985 796 2012 τὸν
820 1982 951 2018 κληρικδν

166 2043 361 2073 καθιστάντας.
371 2041 403 2068 Ei
421 2039 451 2066 δὲ
465 2033 692 2072 ἐκκλησιαστικὸν
708 2031 751 2066 εἴη
767 2031 798 2057 τὸ
812 2030 950 2064 ἔγκλημα,

167 2092 304 2118 ἔκπτωσιν
329 2087 379 2122 τῆς
407 2084 558 2121 ἱερωσύνης
576 2081 698 2109 ὲπισεῖον
723 2077 762 2112 τῷ
790 2077 951 2110 ὲπισκόπῳ,

167 2139 235 2172 ὅπερ
259 2135 306 2162 καὶ
322 2133 452 2170 δημόσιον
466 2130 585 2164 λέγεται,
605 2127 653 2154 τοῦ
672 2125 809 2153 ἰδιωτικοῦ
828 2123 953 2150 ἀντιδια-

170 2170 358 2216 στελλόμενον,
387 2178 482 2207 καθότι
496 2177 564 2212 πρὸς
579 2175 626 2202 τοῦ
640 2175 672 2209 δή
679 2182 730 2209 μου
744 2172 845 2203 παντὸς
862 2170 954 2197 είώοει

977 243 1117 278 depositus
1140 243 1231 276 fuerit,
1253 249 1307 271 tum
1329 244 1412 271 alium
1434 245 1461 271 in
1482 244 1667 279 episcopatum
1687 244 1763 272 ordi-

978 298 1054 318 nare.
1070 290 1099 318 Si
1113 291 1176 325 quis
1192 299 1256 318 vero
1270 292 1297 318 in
1315 291 1417 318 honore
1432 299 1482 318 suo
1497 296 1570 318 recte
1586 291 1763 324 constitutus,

978 337 1108 372 populum
1127 344 1206 364 suum
1225 339 1335 370 pascere
1350 337 1527 368 recusaverit,
1543 341 1570 363 et
1585 344 1600 363 a
1617 344 1697 371 grege
1714 345 1765 364 suo

975 384 1122 414 discedens
1139 385 1165 411 in
1183 384 1237 411 alio
1255 383 1314 410 loco
1332 383 1403 410 ultra
1421 391 1466 410 sex
1484 390 1593 410 menses
1611 390 1766 410 commora-

981 437 1026 460 tus
1044 431 1142 463 fuerit,
1162 431 1236 458 nulla
1254 430 1416 458 necessitate
1432 435 1560 462 coactus,
1579 429 1698 464 episcopi
1718 430 1767 457 lio-

982 486 1047 506 not‘e
1062 483 1089 505 et
1104 477 1233 505 cathedra
1247 476 1320 512 justo
1335 477 1495 511 privabitor.

1018 569 1132 604 Insuper
1148 575 1208 596 can.
1226 567 1262 594 20
1278 574 1338 602 syn.
1355 565 1485 599 Carthag.
1502 565 1722 600 presbyterorum
1741 568 1769 592 et

983 618 1160 645 diaconorum
1172 614 1219 649 qui
1232 613 1413 648 quorumdam
1422 612 1567 639 criminum
1577 611 1696 638 accusati
1710 610 1768 637 fue-

984 664 1050 696 rint,
1066 662 1224 697 episcopum
1245 660 1385 694 proprium
1405 657 1523 692 iudicem
1545 657 1698 689 constituit,
1715 664 1769 684 una

984 717 1046 738 cum
1067 709 1129 737 aliis
1148 706 1269 740 ejusdem
1288 705 1436 740 provinciae
1454 711 1524 738 quos
1543 703 1663 731 accusati
1683 703 1771 738 elege-

985 755 1055 787 rint,
1069 761 1116 781 sex
1131 752 1234 780 scilicet
1245 755 1342 778 contra
1358 749 1546 784 presbyteros,
1562 753 1588 775 et
1600 748 1690 775 tribus
1703 756 1772 774 eon-

986 803 1026 826 tra
1038 798 1179 826 diaconos.
1190 795 1361 822 Praestitutas
1372 801 1434 821 vero
1446 793 1503 821 dies
1514 799 1540 821 et
1553 801 1646 828 poenas
1658 794 1768 820 easdem

987 852 1048 873 esse
1068 843 1127 871 vult
1148 842 1191 869 hic
1214 848 1300 868 canon
1323 847 1356 867 ac
1378 847 1439 874 quae
1461 846 1554 866 comra
1579 840 1720 874 episcopos
1742 840 1770 866 in

988 889 1073 924 priori
1092 889 1287 915 decernuntur.
1305 885 1481 919 Reliquorum
1498 889 1587 912 autem
1607 885 1771 911 clericorum

988 943 1088 963 causas
1103 934 1190 966 solus,
1205 932 1305 967 inquit,
1321 939 1416 960 eorum
1433 931 1578 966 episcopus
1592 930 1772 961 examinabit,

987 985 1015 1009 et
1031 976 1116 1007 tiniet.

1024 1027 1118 1054 Canon
1141 1032 1204 1053 vero
1226 1025 1260 1053 79
1281 1023 1388 1052 excludi
1412 1022 1506 1050 dicens
1528 1022 1670 1054 clericum,
1692 1020 1773 1056 cujus

989 1079 1071 1099 causa
1093 1079 1148 1098 uno
1163 1077 1236 1098 anno
1253 1070 1347 1104 elapso
1363 1076 1417 1096 non
1436 1068 1539 1101 linitur,
1558 1068 1639 1095 hodie
1655 1075 1710 1094 non
1731 1072 1775 1095 est

987 1127 1017 1147 ΠΙ
1035 1126 1097 1146 usu.

1351 1172 1416 1200 Lex.

1027 1231 1233 1259 Accusationem
1247 1229 1396 1258 sacerdotis
1408 1236 1488 1256 nemo
1501 1227 1588 1255 laicus
1600 1226 1776 1262 magistratus

990 1277 1106 1313 jndicat,
1119 1277 1173 1304 nisi
1187 1277 1256 1304 laesae
1271 1275 1422 1310 maiestatis
1437 1275 1539 1302 crimen
1555 1273 1695 1301 accusatio
1710 1280 1777 1300 cou-

993 1325 1088 1352 tineat.
1103 1323 1198 1355 Quasre
1210 1322 1292 1349 etiam
1318 1323 1344 1348 in
1366 1328 1426 1356 cap.
1440 1321 1473 1348 16
1491 1321 1543 1347 litt.
1558 1321 1579 1346 Π
1589 1327 1708 1346 canones
1722 1318 1739 1347 9
1750 1323 1778 1346 ct

994 1370 1027 1398 i0
1042 1377 1102 1405 syn.
1119 1367 1358 1399 Neocaesaricnsis,
1372 1372 1399 1394 et
1413 1365 1557 1403 Theophili
1573 1365 1710 1400 quintum.

1148 1469 1186 1498 De
1202 1470 1235 1498 iis
1252 1469 1296 1505 qui
1315 1469 1341 1495 in
1354 1468 1464 1503 judiciis
1489 1470 1626 1494 accusant.

1031 1529 1124 1558 Canon
1137 1528 1153 1555 6
1166 1535 1226 1562 syn.
1239 1535 1267 1559 ιι,
1281 1526 1319 1553 Ad
1334 1526 1547 1555 accusationem,
1561 1522 1661 1558 inquit,
1675 1521 1781 1557 episco-

995 1583 1091 1611 porum
1105 1574 1145 1602 vel
1158 1574 1317 1603 clericorum
1332 1579 1384 1599 non
1397 1579 1492 1598 omnes
1503 1570 1562 1598 sino
1576 1567 1780 1596 examinatione

996 1621 1138 1649 admittere
1160 1623 1281 1654 oportet,
1304 1625 1354 1644 nec
1374 1623 1469 1643 omnes
1487 1614 1644 1642 excludere.
1666 1612 1696 1639 Si
1718 1612 1781 1646 quis

996 1667 1068 1694 enim
1086 1673 1197 1693 causam
1216 1664 1349 1700 privatam
1368 1666 1463 1690 contra
1481 1669 1528 1689 eos
1546 1658 1675 1689 instituit,
1693 1665 1723 1686 se
1740 1658 1782 1684 in-

994 1713 1066 1747 juria
1092 1718 1183 1739 rerum
1209 1710 1350 1737 mobilium
1374 1709 1414 1736 vel
1438 1705 1620 1735 immobilium
1645 1703 1783 1731 ablatione

998 1759 1066 1786 allici
1079 1758 1183 1790 dicens,
1196 1761 1244 1783 aut
1255 1754 1433 1785 contumelia,
1446 1757 1493 1780 aut
1506 1751 1578 1780 aliud
1592 1750 1694 1784 aliquid
1708 1749 1782 1783 ejus-

998 1804 1072 1831 modi
1085 1803 1151 1837 pati,
1167 1810 1216 1830 nec
1233 1808 1347 1836 persona
1361 1799 1529 1828 accusatoris
1544 1803 1592 1826 aut
1606 1796 1702 1831 religio
1716 1803 1782 1822 exa-

1000 1850 1131 1876 minetur.
1145 1847 1253 1874 Justum
1275 1847 1348 1873 enim
1370 1850 1422 1877 est,
1443 1849 1473 1872 ut
1493 1851 1575 1871 nemo
1594 1842 1703 1877 jnribus
1725 1841 1783 1868 suis

1001 1893 1153 1925 fraudetur,
1168 1896 1195 1920 et
1210 1897 1239 1919 ut
1255 1900 1304 1919 nos
1319 1891 1481 1919 sententiam
1498 1890 1684 1923 incorruptam
1698 1887 1780 1914 omni-

1000 1940 1052 1968 bus
1071 1939 1209 1974 mqualiter
1227 1930 1451 1971 pronuntiemus,
1469 1935 1628 1970 episcopum
1650 1933 1785 1968 praecipue

1001 1991 1029 2014 et
1047 1986 1174 2013 clericum
1193 1985 1227 2011 al)
1243 1983 1317 2010 omni
1335 1982 1467 2016 iniustitia
1487 1981 1565 2015 102
1583 1980 1697 2006 liberum
1719 1986 1785 2005 con-

1002 2032 1156 2059 stituentes.
1173 2029 1201 2057 Si
1220 2037 1284 2056 vero
1301 2028 1405 2055 crimen
1421 2026 1637 2054 ecclesiasticum
1657 2024 1710 2056 sit,
1727 2023 1786 2058 cpi--

1003 2085 1087 2112 scopo
1102 2084 1117 2104 a
1133 2075 1285 2114 sacerdotio
1299 2073 1497 2108 depositionem
1516 2072 1654 2098 intentans
1671 2069 1754 2104 (quod
1770 2076 1786 2096 a

1004 2125 1109 2158 privato
1127 2120 1400 2151 contradistinctum,
1418 2118 1556 2153 publicum
1575 2120 1696 2147 vocatur,
1715 2121 1785 2149 quo-

1005 2169 1077 2196 niam
1090 2169 1124 2196 ab
1136 2167 1209 2195 omni
1223 2167 1322 2201 populo
1335 2164 1431 2200 agitari
1443 2163 1569 2196 solebat),
1583 2170 1632 2189 nec
1645 2160 1787 2189 haereticos

168 2208 441 2265 γυμνάξεσθαίοοῦτε
465 2208 620 2258 αἱρετικοὺς
639 2208 849 2254 οἰουσδηποτοϋν
872 2224 945 2251 προσι

1007 2221 1184 2250 quoscunque
1196 2212 1339 2241 admittere
1352 2215 1471 2246 oportet,
1484 2217 1536 2236 nec
1548 2208 1747 2237 scliismaticos,
1761 2210 1788 2233 et

171 2262 260 2303 ίεσθαι
275 2274 326 2305 δεϊ,
359 2271 422 2298 οὔτε
441 2270 493 2305 μὴν
508 2267 706 2304 σχισματικοῦς
723 2265 771 2292 καὶ
793 2262 954 2300 παρασυνά-

170 2329 280 2356 γοντας,
296 2319 357 2346 οὐδὲ
378 2317 440 2348 τοὺς
456 2314 517 2342 κατ’
538 2314 621 2344 ἄλλας
642 2312 733 2343 αἰτίας
759 2310 859 2341 τελέως
877 2308 956 2335 ἐκδε-

171 2354 326 2402 δλημένους
339 2364 388 2398 τῆς
406 2361 581 2396 Ἐκκλησίας·
598 2359 628 2386 οὺ
651 2358 704 2394 μὴν
720 2357 782 2384 οὐδὲ
801 2356 864 2386 τοὺς
888 2354 956 2390 πρὸς

172 2398 263 2448 ὀλίγον
278 2411 329 2446 τῆς
351 2407 516 2442 Ἐκκλησίας
533 2403 744 2439 ἀφορισθέντας,
766 2402 822 2428 εἴτε
842 2400 896 2427 τῶν
909 2398 956 2425 τοῦ

172 2446 275 2494 κλήρου
291 2454 359 2488 εἷεν,
372 2455 428 2482 εἴτε
442 2454 497 2481 τῶν
509 2452 555 2479 τοῦ
571 2450 650 2483 λαοῦ,
661 2449 694 2476 ἂν
707 2449 744 2484 μὴ
759 2448 893 2483 πρότερον
907 2446 957 2477 τὰς

172 2491 233 2534 ante;
253 2504 345 2532 αὐτῶν
374 2501 466 2532 αἰτίας
481 2497 703 2533 άποτρίψωνται·
731 2495 792 2522 οὐδὲ
817 2494 881 2525 τοὺς
904 2491 957 2519 ὐπδ

173 2550 342 2586 κατηγορίαν
357 2550 447 2579 ὄντας,
471 2545 535 2581 πρὶν
553 2545 586 2571 ἂν
601 2542 656 2569 τῶν
676 2541 857 2576 ἐγκλημάτων
874 2539 958 2565 ἀθῶοι

173 2598 308 2633 φανῶσιν.
329 2595 360 2623 Εἰ
384 2593 412 2621 δὲ
431 2593 534 2619 τούτων
560 2590 687 2617 ἁπάντων
711 2587 851 2622 ἐλεύθεροι
863 2583 918 2612 εἷεν
934 2585 957 2610 οἱ

175 2631 336 2679 κατήγοροι,
351 2641 412 2668 τότε
426 2639 471 2674 δὴ,
489 2639 558 2665 ἄττα
579 2636 613 2663 ἂν
627 2635 750 2668 ὲπάγωσι
766 2633 804 2668 τῷ
817 2631 959 2666 έπισκόπῳ

175 2677 348 2726 ὲγκλήματα.
376 2687 401 2712 οἰ
424 2685 474 2719 τῆς
506 2681 642 2717 ἐπαρχίας
668 2679 777 2713 ἐκείνης
800 2677 958 2708 ἐπίσκοποι,

175 2720 270 2772 φησὶν,
290 2733 474 2765 ὲξετάοουσιν.
491 2728 523 2755 Εἰ
549 2727 577 2754 δὲ
603 2723 678 2753 οὗτοι
707 2725 745 2760 μὴ
773 2721 824 2750 οἷοί
853 2731 883 2749 τε
902 2720 958 2749 dav

178 2783 265 2809 ταῦτα
278 2776 494 2810 διαλύσασθαι,ὴ
507 2775 555 2809 τῆς
565 2773 727 2806 διοικήσεως
740 2770 841 2805 μείζων
851 2769 959 2800 σύνοδος

177 2827 349 2862 δοκιμάσασα
367 2824 468 2858 πέρατι
483 2820 574 2846 δώσει.
592 2818 634 2844 Τὰ
649 2817 677 2843 δέ
690 2825 722 2851 γε
736 2815 783 2842 τοῦ
796 2813 928 2850 κληρικοῦ
945 2815 958 2840 ὁ

177 2859 245 2903 ἴδιος
257 2871 406 2900 ἐπίσκοπος
429 2867 561 2899 ἐξετάσει·
587 2864 768 2897 ἀτονήσαντος
785 2861 814 2888 δὲ
830 2861 896 2895 πρὸς
910 2859 960 2892 τὴν

1005 2261 1195 2290 conventicula
1213 2259 1358 2289 facientes,
1375 2265 1426 2285 nec
1441 2257 1509 2283 alios
1526 2255 1571 2290 qui
1588 2254 1640 2282 alia
1657 2255 1689 2282 de
1706 2261 1788 2281 causa

1005 2318 1039 2337 ex
1058 2308 1180 2336 Ecclesia
1199 2305 1278 2340 ejecli
1299 2303 1398 2331 fuerint
1421 2311 1428 2329 :
1450 2302 1545 2336 utique
1566 2307 1617 2328 nec
1638 2299 1683 2334 qui
1705 2306 1789 2333 parvo

1007 2360 1129 2390 tempore
1146 2353 1179 2380 ab
1195 2351 1315 2380 Ecclesia
1333 2352 1518 2385 segregantur,
1535 2348 1592 2374 sive
1609 2345 1717 2378 clerici,
1734 2344 1790 2372 sive

1007 2401 1068 2428 laici
1088 2399 1200 2431 fuerint,
1216 2397 1269 2425 nisi
1286 2396 1362 2431 prius
1379 2394 1495 2423 crimina
1513 2393 1564 2421 sibi
1582 2392 1687 2427 objecta
1705 2391 1791 2418 dilue-

1007 2447 1079 2477 rint;
1097 2451 1187 2479 neque
1204 2451 1251 2471 eos
1267 2443 1313 2477 qui
1333 2440 1453 2469 accusati
1471 2443 1548 2470 sunt,
1561 2438 1652 2465 donec
1669 2435 1791 2464 crimini-

1008 2491 1059 2519 bus
1077 2492 1212 2518 immunes
1230 2491 1386 2522 appareant.
1403 2485 1479 2518 Quod
1497 2484 1518 2511 si
1537 2483 1617 2510 nullis
1636 2480 1792 2509 istiusmodi

1007 2536 1100 2565 causis
1116 2533 1227 2562 obnoxii
1245 2533 1300 2560 sint
1316 2536 1506 2561 accusatores,
1525 2534 1604 2560 tunc,
1623 2533 1793 2562 quaecunque

1008 2583 1122 2612 crimina
1137 2580 1268 2616 episcopo
1283 2579 1434 2609 intentant,
1451 2576 1573 2610 ejusdem
1585 2594 1592 2607 ,
1609 2574 1714 2608 inquit,
1731 2579 1794 2606 pro-

991 2629 1104 2657 .vincize
1122 2625 1244 2662 episcopi
1265 2625 1359 2652 eadem
1380 2622 1584 2652 examinabunt,
1605 2624 1632 2646 et
1653 2618 1675 2645 si
1700 2618 1738 2645 illi
1762 2624 1793 2644 ea

1008 2676 1134 2703 decidere
1151 2680 1205 2700 non
1224 2671 1340 2706 possint,
1357 2670 1443 2704 major
1459 2668 1610 2695 diuaeeseos
1626 2664 1747 2699 synodus
1763 2671 1795 2690 ea

1009 2721 1130 2749 deﬁniet.
1150 2717 1247 2746 Clerici
1269 2721 1358 2743 autem
1381 2720 1480 2742 causas
1499 2711 1644 2746 episcopus
1668 2708 1794 2743 proprius

1009 2765 1196 2797 examinabit;
1219 2770 1288 2797 quas
1303 2761 1325 2788 si
1350 2760 1455 2788 solvere
1479 2755 1584 2790 nequit,
1605 2755 1638 2782 ad
1664 2755 1794 2787 majorem

1009 2811 1142 2848 synodum
1164 2809 1398 2839 transmitteutur;
1416 2803 1618 2832 accusationem
1636 2808 1700 2827 vero
1720 2799 1795 2833 prius

1011 2844 1122 2892 (inquit)
1139 2863 1193 2883 non
1209 2853 1362 2885 instituant,
1378 2858 1460 2886 quam
1475 2852 1649 2876 accusatores
1663 2854 1711 2882 per
1725 2844 1794 2872 scri-

1837 2908 1875 2944 ῤ’
