1948 3064
186 146 256 178 1ἓ43

782 150 969 182 ΜΑΤΊῊΑΈΙ
990 153 1058 182 BLA
1065 154 1134 182 STA
1141 152 1205 182 RIS
1237 154 1241 157 Α

1733 149 1810 181 1241

187 213 295 242 pturam
318 192 511 244 deposuerint,
531 217 561 237 se
582 209 671 237 eidem
692 209 812 244 periculo
837 209 971 237 obnoxios

1039 211 1154 242 ιάλυσιν,
1175 211 1208 246 τῇ
1237 209 1341 243 μείζονι
1363 209 1410 236 καὶ
1427 208 1512 236 ταῦτα
1530 208 1632 244 συνόδῳ
1661 216 1812 244 παραπεμ-

187 253 306 286 futuros,
325 254 348 282 si
368 254 394 282 in
416 262 506 282 rerum
527 255 730 283 examinatione
751 256 907 290 episcopum
929 263 974 282 cu-

188 299 541 328 lumniari-convinmntur.
555 301 605 334 Qui
621 309 686 329 vero
702 308 801 337 praeter
816 302 874 328 haec
889 301 954 328 facit
964 320 972 332 .

187 348 215 372 et
236 346 277 372 vel
302 345 336 373 ad
362 347 564 381 imperatorem,
589 348 630 375 vel
652 348 791 383 principes
815 347 972 380 saeculares,

187 392 230 419 vel
248 392 281 419 ad
300 393 480 421 nniversalem
497 394 630 429 synodum
647 395 769 426 accedit,
787 402 840 421 non
858 394 972 421 omnino

187 438 221 464 ad
242 439 443 467 accusationem
464 441 636 473 admittatur,
655 446 685 468 ut
704 442 751 475 qui
771 440 798 467 in
821 440 972 468 dimceseos

186 482 330 517 episcopos
346 484 473 518 iniurius,
487 489 515 513 et
530 486 556 513 in
569 493 689 513 canones
703 486 931 517 contumeliosus,
944 489 971 513 et

187 528 377 557 ecclesiasticae
393 531 597 565 tranquillitatis
613 539 724 558 eversor
739 531 830 558 fuerit.

1027 257 1171 292 φθήσεται,
1190 256 1236 291 Μὴ
1252 257 1346 292 μέντοι
1364 256 1505 290 πρότερον,
1524 255 1602 289 φησὶ,
1616 255 1665 290 τὴν
1691 264 1812 290 κατηγο-

1027 303 1088 337 ρίαν
1108 302 1277 334 ἐνίστασθαι,
1307 302 1370 336 πρὶν
1385 301 1419 328 ἂν
1442 301 1588 335 ἐγγράφως
1608 302 1633 327 οι
1658 302 1811 336 κατήγοροι

1024 345 1070 372 τὸν
1086 345 1143 372 ἴσον
1159 345 1290 380 ὑποσχεῖν
1309 345 1515 379 ἁσςραλίσωνται
1533 345 1667 378 κίνδυνον,
1685 347 1766 381 εῐπερ
1782 346 1812 372 ἐν

1024 391 1057 426 τῇ
1082 390 1136 417 τῶν
1158 391 1329 426 πραγμάτων
1355 391 1477 423 ἐξετάσει
1507 391 1743 425 συκοφαντοῦντες
1765 392 1812 418 τὸν

1024 437 1175 463 ἐπίσκοπον
1192 437 1354 472 ἔλεγχθεῐεν.
1369 436 1420 463 Τὸν
1443 436 1472 463 δὲ
1495 437 1533 471 μὴ
1552 436 1624 463 οὕτω
1638 436 1703 472 δρᾷν
1716 437 1814 472 ἀνεχό-

1025 491 1118 518 μενον,
1135 482 1193 510 ἀλλ’
1209 482 1226 517 ἢ
1252 483 1357 517 βασιλεί
1373 483 1531 517 προσιόντα,
1550 482 1566 517 ἢ
1595 484 1738 517 κωμικοῖς
1763 484 1814 518 ἄρ-

1026 537 1131 564 χουσιν,
1145 529 1162 564 ἢ
1178 529 1355 564 οίκουμενικῇ
1370 528 1483 563 συνόδῳ,
1499 528 1536 563 μὴ
1549 528 1644 554 δεκτδν
1660 525 1731 555 εἶναι
1744 537 1814 555 παν-

186 575 306 603 τάπασιν
323 578 364 608 εἰς
381 579 559 613 κατηγορίαν,
582 579 620 611 ὡς
641 579 814 613 ἀτιμάσαντα
838 579 901 610 τοὺς
919 578 970 612 τῆς
989 577 1153 613 διοικήσεως
1171 576 1352 609 ἐπισκόπους,
1368 579 1416 604 καὶ
1441 577 1481 608 εἰς
1506 576 1570 608 τοὺς
1605 575 1695 608 θείους
1731 577 1814 603 κανό-

187 633 235 654 νας
261 624 423 660 ὑϐρίσαντα,
450 627 495 653 καὶ
523 627 572 662 τὴν
595 628 645 662 τῆς
662 627 827 662 Ἐκκλησίας
844 627 973 660 εὐταξίαν
994 625 1155 660 συγχέοντα.

196 682 201 690 η
226 669 295 697 Huic
314 671 395 697 etiam
418 679 555 699 consonus
573 677 617 699 est
638 680 699 700 can.
721 673 754 700 2|
780 680 841 708 syn.
854 680 896 705 tv,
918 680 973 699 non

185 716 248 744 sine
260 717 462 744 examinatione
476 717 660 746 admittendos
672 726 733 746 esse
746 718 841 746 dicens
866 717 974 752 episco-

189 769 285 795 porum
299 762 340 789 vel
353 762 514 790 clericorum
526 769 712 796 accusatores,
727 764 785 791 sive
798 763 901 795 clerici,
915 765 974 791 sive

189 807 252 834 laici
269 807 394 841 fuerint,
410 810 462 837 nisi
480 810 556 845 prius
573 811 626 837 vita
643 814 672 838 et
690 817 781 838 mores
796 817 891 838 eorum
908 816 974 845 pro-

188 853 298 882 bentur.

226 900 294 932 Quin
310 906 338 928 et
352 908 414 928 can.
432 902 448 930 8
465 910 526 937 syn.
541 902 671 938 Carthag.
688 910 743 930 non
760 902 896 937 permittit
912 909 975 930 eum

186 945 235 980 qui
252 940 374 975 moribus
390 947 500 975 infamis
515 953 566 980 est,
580 949 739 984 episcopum
755 955 897 976 accusare.

225 1033 325 1069 Utique
337 1041 364 1063 et
379 1037 429 1065 l28
442 1045 492 1065 nec
517 1044 701 1074 segregatum,
715 1044 742 1067 et
755 1039 977 1067 excommunica-

190 1083 261 1111 tum.
276 1081 362 1109 donec
377 1090 391 1108 a
406 1085 595 1118 segregatione
609 1086 717 1113 solutus
733 1085 824 1112 fuerit.

225 1125 311 1153 Porro
323 1132 349 1154 et
362 1135 423 1154 can.
439 1129 490 1156 £29
515 1137 564 1156 nec
580 1137 676 1158 servos
689 1139 820 1159 accusare
832 1131 976 1166 permittit,

191 1179 241 1198 nec
256 1172 366 1200 libertos
381 1175 494 1202 clericos
508 1175 555 1210 qui
572 1183 618 1203 eos
633 1177 861 1209 manumiserunt,
875 1176 916 1204 vel
931 1183 978 1203 eo-

192 1225 250 1245 rum
265 1219 345 1251 filjos,
359 1225 405 1246 aut
420 1220 554 1254 Iiwredes;
569 1221 638 1249 alios
651 1226 740 1249 autem
757 1230 887 1250 accusare
900 1222 977 1254 sinit,

192 1266 314 1300 exceptis
331 1266 442 1293 infamia
459 1266 662 1300 laborantibus,
679 1269 831 1304 cuiusmodi
847 1274 910 1296 sunt
925 1270 978 1297 mi-

193 1311 240 1342 tui,
257 1316 283 1337 et
298 1312 343 1346 qui
359 1320 420 1339 cum
438 1313 532 1341 bestiis
547 1318 678 1349 pugnant,
695 1319 722 1342 et
737 1315 913 1350 gladiatores.
930 1316 978 1342 At-

192 1357 237 1390 qui
255 1358 328 1384 mimi
346 1359 456 1389 scenici.
472 1359 518 1394 qui
534 1360 561 1386 in
577 1359 637 1387 foro
652 1365 680 1388 et
695 1361 875 1388 conventibus
889 1361 979 1395 publi-

193 1403 234 1429 cis
246 1403 351 1436 ludunt,
364 1405 479 1433 infantes
490 1411 567 1439 sunt;
580 1407 626 1441 qui
637 1415 701 1434 vero
713 1414 804 1434 coram
815 1407 979 1442 imperatore

194 1448 226 1473 ad
240 1448 427 1476 delectandum
442 1451 584 1478 urbaniter
595 1460 624 1479 se
636 1457 774 1485 exercent,
786 1453 892 1480 honesti
905 1458 979 1481 sunt.

196 1493 213 1519 li
225 1493 304 1520 etiam
318 1495 363 1528 qui
378 1502 440 1522 cum
455 1496 551 1524 bestiis
563 1503 690 1532 pugnant,
703 1502 730 1526 et
740 1498 787 1533 qui
799 1499 978 1533 gladiaturam

1061 670 1155 705 Τούτῳ
1167 670 1275 706 συνᾴδει
1291 670 1338 697 καὶ
1349 671 1363 696 ὁ
1377 672 1418 696 καί
1433 669 1482 702 τῆς
1496 667 1516 695 δ’
1527 667 1649 700 συνόδου,
1668 668 1706 704 μὴ
1720 669 1815 695 ἀδοκι-

1026 715 1138 749 μάστως
1153 716 1240 750 λέγων
1259 715 1425 751 προσίεσθαι
1440 715 1503 746 τοὺς
1515 713 1740 749 κατηγοροῦντας
1753 715 1814 741 ἐπι-

1026 762 1135 789 σκόπων
1148 762 1165 797 ἢ
1179 762 1331 798 κληρικῶν,
1349 762 1404 788 εἴτε
1423 761 1477 787 τῶν
1492 760 1541 787 τοῦ
1559 760 1673 795 κλήρου,
1688 761 1744 787 εἴτε
1757 760 1813 787 τῶν

1024 805 1073 833 τοῦ
1087 806 1153 833 λαοῦ
1164 805 1231 840 εἷεν,
1251 807 1275 834 ει
1291 807 1327 842 μὴ
1345 807 1480 841 πρότερον
1494 804 1584 833 αὐτῶν
1599 806 1614 832 ό
1626 805 1684 840 βίος
1699 806 1814 842 δοκιμα-

1025 853 1113 887 σθείη,
1131 853 1180 880 καὶ
1191 853 1225 879 τὰ
1245 853 1461 888 ἐπιτηδεύματα.

1067 898 1148 925 Ἀλλὰ
1170 898 1218 925 καὶ
1238 899 1251 924 ό
1273 901 1298 933 η’
1314 899 1365 932 τῆς
1395 900 1425 925 έν
1449 898 1616 934 Καρθαγένῃ
1632 898 1682 925 οὐκ
1702 899 1812 932 ἐφίησιν

1024 945 1176 971 ἐπισκόπου
1193 947 1358 979 κατηγορεῖν
1376 944 1422 971 τὸν
1436 944 1650 980 διαϐεϐλημένον
1670 945 1734 976 τοὺς
1747 944 1812 979 τρό-

1027 1000 1106 1022 πους.

1069 1037 1098 1064 '0
1114 1038 1143 1064 δὲ
1160 1041 1220 1073 ρκη⁹
1244 1038 1305 1065 cast
1324 1038 1371 1064 τὸν
1394 1037 1588 1073 ἀφωρισμένον
1599 1037 1646 1064 καὶ
1662 1036 1812 1072 ἀκοινώνη-

1025 1091 1083 1113 τον.
1103 1084 1198 1118 μέχρις
1217 1083 1250 1111 ἂν
1262 1083 1330 1119 λυθῇ
1346 1083 1394 1110 τοῦ
1411 1083 1579 1119 ἁφορισμοῢ.

1069 1130 1099 1156 ’0
1116 1130 1144 1156 δὲ
1165 1129 1222 1164 ρκίι¹
1235 1130 1295 1156 οὐδὲ
1311 1127 1415 1162 δούλοις
1437 1129 1730 1165 κατηγορεῖνδίδωσιν,
1751 1129 1812 1156 οὐδὲ

1028 1174 1231 1210 ἀπελευθέροις,
1255 1175 1310 1201 τῶν
1334 1175 1433 1207 αὐτοὺς
1457 1175 1700 1211 ὲλευθερωσάντων
1717 1176 1814 1211 κληρι·

1029 1221 1094 1252 κῶν,
1122 1221 1138 1256 ἢ
1163 1221 1217 1247 τῶν
1243 1221 1348 1248 παίδων
1371 1221 1479 1252 αὐτῶν.
1504 1221 1592 1256 ἢτῶν
1611 1221 1813 1257 κληρονόμων·

1028 1268 1129 1303 ἑτέρων
1141 1268 1232 1302 μέντοι
1245 1269 1410 1304 κατηγορεῖν
1421 1268 1541 1303 ἐφίησιν·
1551 1268 1609 1294 ἀλλ’
1617 1267 1678 1294 οὐδὲ
1688 1267 1810 1302 ἀτίμοις,

1028 1313 1110 1340 οεονεὶ
1134 1313 1239 1348 μίμοις,
1265 1313 1314 1340 καὶ
1343 1314 1541 1349 θηριομάχοις,
1560 1313 1607 1340 καὶ
1634 1313 1811 1348 μονομάχοις.

1035 1359 1104 1385 Ἀλλ’
1112 1359 1136 1385 οἱ
1148 1359 1197 1394 μὲν
1210 1360 1257 1386 ἐπὶ
1273 1360 1378 1395 σκηνῆς
1390 1361 1480 1395 μῖμοι,
1495 1360 1520 1386 oi
1539 1361 1567 1386 ὲν
1580 1359 1750 1394 πανηγύρεσι
1766 1361 1814 1386 καὶ

1028 1406 1188 1440 δημοτικαῖς
1213 1404 1356 1437 παίζοντες
1384 1405 1585 1438 συνελεύσεσιν,
1612 1404 1704 1438 ἄτιμοι
1718 1413 1725 1420 ·
1743 1405 1768 1430 oi.
1784 1404 1814 1430 δὲ

1029 1451 1106 1485 παρὰ
1127 1449 1237 1484 ,βασιλεῖ
1261 1451 1357 1476 ἀστεῖα
1378 1450 1446 1485 πρδς
1464 1450 1577 1484 μετρίαν
1595 1448 1691 1484 τέρψιν
1717 1450 1815 1483 ἐπιτη-

1028 1495 1163 1527 δεύοντες,
1179 1495 1293 1530 ἔντιμοι.
1313 1495 1481 1531 Θηριομάχοι
1501 1496 1529 1522 δὲ
1545 1495 1592 1522 καὶ
1611 1494 1772 1530 μονομάχοι,
1787 1495 1813 1520 εί

193 1544 331 1571 exercent,
347 1540 369 1567 si
386 1540 556 1569 fortitudinis
570 1544 738 1571 ostentandae
750 1547 779 1571 et
793 1543 886 1578 gloriae
901 1551 978 1571 com-

1036 1540 1086 1575 μὲν
1103 1541 1172 1574 πρὸς
1197 1541 1327 1574 ἐπίδειξιν
1341 1541 1452 1577 ἀνδρίας
1463 1541 1548 1576 δρῷεν
1560 1541 1608 1567 καὶ
1619 1541 1697 1575 δόξης
1709 1541 1812 1575 ἔρωτα,

193 1585 320 1618 parandis
336 1587 469 1614 studiose
485 1590 648 1623 spectandos
666 1590 800 1624 prtebent,
819 1589 903 1616 fortes
919 1596 977 1617 nte--

193 1632 246 1658 rito
261 1632 377 1660 habendi
393 1637 473 1665 sunt;
490 1634 513 1660 si
527 1641 590 1661 vero
607 1635 738 1662 mercedis
754 1635 851 1669 gratia,
863 1634 979 1662 infames

194 1682 268 1704 sunt.
288 1677 340 1710 Qui
361 1679 433 1705 enim
449 1680 511 1706 vita
533 1687 588 1707 sum
610 1680 683 1707 haud
705 1685 831 1714 parcunt,
850 1681 896 1707 sed
917 1688 976 1708 cam

194 1724 315 1750 venalem
338 1724 446 1756 habent,
465 1726 508 1751 vix
531 1725 672 1752 laudanda;
691 1726 899 1753 existimationis
917 1733 979 1754 esse

195 1772 320 1801 possunt.
338 1768 424 1796 Porro
441 1777 491 1796 nec
507 1770 615 1797 Iudaeos
629 1771 671 1797 vel
689 1771 830 1798 haereticos
848 1778 979 1798 accusare

196 1814 340 1847 permittit,
361 1815 412 1843 nisi
434 1823 528 1844 omnes
550 1816 577 1843 in
595 1816 714 1852 propriis
733 1816 824 1844 causis
845 1817 978 1844 actionem

195 1858 339 1887 intentant.

230 1904 344 1939 Insuper
355 1912 416 1932 can.
430 1905 481 1932 I50
492 1913 554 1933 eum
567 1905 614 1941 qui
629 1905 712 1934 multa
724 1906 839 1934 crimina
851 1907 979 1942 episcopo

196 1951 237 1978 vel
255 1952 354 1979 clerico
371 1952 512 1986 obiecerit,
527 1957 554 1979 et
570 1958 655 1979 unum
672 1960 705 1979 ex
724 1952 765 1980 iis
774 1957 836 1988 post
848 1952 981 1988 disquisi-

194 1998 296 2024 tionem
318 1996 416 2024 factam
437 1998 554 2032 probare
574 2005 628 2026 non
646 1998 776 2033 potuerit,
793 1998 819 2026 ei
838 2006 927 2034 neque
946 1999 980 2026 dc

197 2043 307 2078 reliquis
322 2043 389 2071 fides
405 2043 528 2072 habenda
543 2049 594 2071 est.

542 2089 632 2124 Leges.

231 2134 344 2162 Pra‘stat
359 2135 474 2162 crimina
489 2134 640 2170 injudicata
655 2136 812 2172 relinquere
839 2143 919 2172 quam
935 2135 982 2164 ali-

196 2188 264 2215 quos
279 2182 436 2209 inuocantes
448 2182 556 2216 punire.

1031 1588 1151 1623 ἀριστεῖς
1167 1588 1200 1614 ἂν
1217 1587 1377 1621 λογίζοιντο·
1399 1590 1422 1614 εί
1436 1588 1466 1614 δὲ
1481 1588 1550 1622 πρὸς
1577 1587 1682 1622 μισθὸν,
1705 1587 1811 1621 ἄτιμοι.

1031 1633 1062 1658 οε
1071 1633 1126 1668 γὰρ
1140 1633 1189 1668 τῆς
1202 1634 1304 1666 οἰκείας
1316 1634 1389 1669 ζωῆς
1401 1635 1438 1669 μὴ
1452 1634 1616 1668 φειδόμενοι,
1631 1633 1700 1660 ἀλλὰ
1712 1635 1811 1668 μισθοῦ

1030 1678 1132 1714 ταύτην
1143 1681 1313 1714 προϊέμενοι,
1331 1679 1410 1715 σχολῇ
1422 1681 1448 1714 γ’
1461 1679 1494 1707 ἂν
1507 1680 1599 1710 αὐτοις
1613 1679 1724 1714 μελήσει
1734 1681 1814 1706 ἐπαι-

1031 1725 1166 1760 νουμένης
1185 1725 1357 1760 ὑπολήψεως·
1377 1726 1436 1752 ἀλλ’
1451 1726 1510 1752 om
1528 1725 1664 1756 Ἰουδαίοις
1680 1725 1707 1760 ,ἢ
1737 1727 1814 1760 αἱρε-

1030 1772 1118 1802 τικοῖς
1134 1773 1298 1807 κατηγορεῖν
1322 1771 1418 1807 ἔπιτρέ
1425 1780 1482 1804 πει,
1497 1772 1521 1798 εἰ
1540 1771 1578 1806 μή
1592 1779 1643 1798 που
1657 1772 1722 1806 περὶ
1741 1772 1814 1798 ιδίων

1031 1815 1103 1845 οὗτοι
1117 1818 1218 1850 πάντες
1233 1819 1377 1853 ὲνάγουσιν
1392 1818 1561 1846 ὑποθέσεων.

1075 1907 1104 1934 Ὀ
1116 1907 1145 1934 δὶ
1160 1907 1208 1943 ρλ’,
1222 1908 1273 1935 Τὸν
1284 1909 1314 1935 ἐν
1327 1896 1446 1940 πολλοῖς,
1461 1908 1554 1944 φησὶν,
1569 1904 1742 1942 ἐγκλήμασιν
1756 1908 1816 1934 ἒπε-

1034 1953 1134 1980 σκόπου
1152 1954 1357 1989 κατηγοροῦντα
1374 1955 1390 1989 ἢ
1406 1952 1548 1990 κληρικοῦ,
1566 1954 1613 1980 καὶ
1635 1953 1739 1980 τούτων
1754 1954 1815 1985 hoc

1032 1999 1155 2032 ἐξετάσει
1169 1999 1291 2032 δοθέντος
1301 2000 1440 2033 ἀποδεῖξαι
1455 2001 1492 2036 μὴ
1506 2001 1663 2036 δυνηθέντα,
1675 2000 1737 2028 οὐδὲ
1750 2001 1815 2036 περὶ

1032 2045 1088 2072 τῶν
1106 2045 1207 2072 λοιπῶν
1221 2045 1295 2078 εἰκὸς
1308 2045 1404 2073 τοῦτον
1423 2045 1610 2073 πιστεύεσθαι.

1367 2090 1472 2126 Νόμοι.

1072 2136 1206 2171 Κρεῖσσον
1217 2136 1251 2163 τὰ
1268 2135 1458 2172 ἁμαρτήματα
1470 2137 1689 2173 καταλιμπάνειν
1704 2139 1816 2165 ἀνεκδί-

1035 2189 1118 2217 κητα,
1136 2181 1154 2218 ἦ
1170 2190 1247 2210 τινας
1262 2182 1393 2214 ἀναιτίως
1406 2183 1579 2216 κολάζεσθαι.

234 2227 292 2255 Non
308 2233 414 2262 oportet
430 2228 509 2254 iidem
525 2229 623 2255 habere
636 2228 820 2262 iudicatorum
836 2228 978 2264 depositio-

1068 2226 1106 2252 υὺ
1119 2226 1160 2253 δεῖ
1170 2226 1311 2253 πιστεύειν
1321 2228 1381 2258 ταῖς
1392 2227 1557 2254 καταθέσεσι
1569 2227 1623 2254 τῶν
1637 2228 1814 2263 κρινομένων,

196 2275 288 2304 nibus,
305 2274 357 2301 nisi
374 2275 498 2308 probatio
512 2275 630 2307 judicem
646 2274 791 2301 certiorem
807 2273 911 2302 fecerit.

234 2319 311 2354 103
328 2319 354 2345 In
370 2320 486 2353 peccatis
502 2320 688 2354 spiritualihus
714 2325 804 2354 patres
822 2320 913 2347 forsan
933 2327 982 2355 pro

197 2365 290 2392 liberis
305 2365 351 2399 qui
370 2365 421 2392 sub
437 2370 572 2400 potestate
585 2371 649 2393 sunt
661 2373 757 2401 pinnas
773 2366 848 2397 dant,
865 2373 920 2393 non
933 2373 983 2392 au-

192 2415 249 2437 .tem
278 2410 305 2436 in
336 2409 537 2437 criminalibus.
559 2410 618 2437 Non
643 2412 715 2438 enim
731 2416 822 2445 patres
846 2418 896 2446 pro
919 2410 983 2438 filiis

197 2455 362 2489 puniuntur;
391 2462 453 2482 nam
486 2456 552 2484 dicit
591 2456 643 2489 lex,
678 2455 790 2484 Peccata
828 2461 910 2491 caput
938 2463 982 2485 sc-

197 2506 331 2535 quuntur.

424 2546 461 2573 De
484 2548 594 2573 testibus
609 2548 635 2574 in
647 2547 771 2581 judiciis.

230 2593 336 2620 Canon.
352 2598 441 2621 sanct.
454 2599 543 2628 apost.
559 2594 594 2620 75
611 2594 767 2620 haeretich
793 2593 825 2620 ad
858 2593 982 2620 testimo-

197 2641 273 2667 nium
292 2640 437 2666 dicenduut
463 2647 516 2666 non
535 2639 732 2666 admittendum
750 2645 810 2666 esse
835 2638 957 2665 decernit
974 2647 982 2665 :

197 2686 322 2713 similiter
338 2694 387 2714 nec
406 2693 489 2713 unum
508 2686 612 2712 ﬁdelem
628 2695 634 2712 :
648 2694 657 2710 ι
672 2685 709 2711 Ex
727 2692 774 2711 ore
786 2685 871 2714 enim,
883 2685 983 2719 inquit,

196 2733 308 2759 testium
333 2732 452 2759 duorum
474 2731 514 2757 vel
532 2731 614 2757 trium
629 2737 710 2757 omne
727 2730 839 2756 verbum
859 2729 982 2756 stabilie-

195 2782 251 2805 tur.
268 2787 276 2803 ι
293 2779 326 2805 Et
343 2779 489 2812 Apostolus
506 2787 513 2805 :
535 2787 543 2802 ι
563 2778 663 2804 Contra
687 2775 877 2811 presbyterum
901 2783 983 2803 accu-

198 2825 333 2850 sationem
349 2832 382 2852 ne
399 2825 539 2854 admittas,
551 2823 602 2850 nisi
619 2830 711 2849 coram
726 2822 831 2849 duobus
843 2821 884 2849 vel
898 2822 984 2849 tribus

202 2869 328 2898 testibus.
352 2880 361 2896 ι

1032 2273 1057 2299 si
1075 2273 1114 2308 μὴ
1126 2272 1174 2300 καὶ
1188 2271 1327 2305 ἀπόδειξις
1341 2273 1462 2300 διδάσκει
1475 2273 1520 2300 τὸν
1534 2273 1678 2309 δικαστήν.

1047 2327 1057 2339 ι
1068 2318 1129 2345 Τῶν
1143 2317 1267 2353 ψυχικῶν
1282 2319 1492 2354 ἁμαρτημάτων
1502 2318 1556 2345 τῶν
1571 2319 1741 2352 ὑπιεουσίων
1754 2319 1817 2346 παί-

1032 2363 1086 2391 δων
1105 2364 1170 2396 ίσως
1187 2364 1212 2390 οι
1234 2364 1354 2400 πατέρες
1378 2364 1458 2400 δίκην
1473 2364 1631 2399 ὑπέχουσιν,
1647 2365 1678 2392 οὺ
1701 2366 1755 2400 μὴν
1771 2365 1816 2391 καὶ

1032 2410 1087 2436 τῶν
1096 2410 1320 2445 ὲγκληματικῶν.
1330 2410 1368 2437 Οὐ
1377 2411 1432 2445 γὰρ
1443 2410 1604 2443 κολάζονται
1617 2411 1733 2446 πατέρες
1744 2410 1816 2444 ὑπὲρ

1032 2455 1147 2482 τέκνων-
1164 2456 1232 2490 φησὶ
1247 2456 1302 2491 γὰρ
1317 2457 1331 2483 ὁ
1352 2457 1444 2491 νόμος’
1465 2457 1505 2483 Τὰ
1516 2457 1702 2492 ἁμαρτήματα
1720 2457 1753 2491 τῇ
1772 2464 1815 2482 κε-

1033 2502 1104 2537 φαλῇ
1117 2501 1244 2528 ῑπονται.

1086 2547 1154 2580 Περὶ
1179 2547 1239 2574 τῶν
1252 2547 1288 2573 ὲν
1304 2546 1366 2580 τοῖς
1380 2547 1584 2581 δικαστηρίοις
1594 2549 1760 2582 μαρτύρων.

1074 2593 1104 2619 ’0
1120 2596 1155 2620 os’
1169 2593 1223 2619 τῶν
1238 2592 1324 2626 ἁγίων
1338 2593 1497 2620 ἀποστῶων
1512 2593 1603 2620 κανὼν
1623 2595 1682 2620 οὐδὲ
1695 2595 1735 2625 εἰς
1748 2604 1818 2631 μαρ-

1033 2638 1131 2672 τυρίαν
1143 2638 1188 2665 τὸν
1203 2638 1346 2672 αἱρετικὸν
1359 2638 1522 2673 προσίεσθαι
1535 2638 1691 2674 διορίζεται,
1702 2641 1771 2674 ὅπου
1786 2650 1817 2674 γε

1032 2684 1252 2711 οὐδὲπιστὸνένα
1269 2684 1348 2718 μόνον
1361 2692 1368 2699 ’
1381 2693 1390 2709 t
1413 2684 1473 2711 Ἐπὶ
1487 2684 1621 2719 στόματος
1639 2686 1702 2720 γὰρ,
1717 2694 1726 2710 ε
1739 2686 1816 2720 φησὶ,

1037 2727 1104 2756 «τδύο
1117 2730 1263 2765 μαρτύρων
1273 2729 1289 2765 ἢ
1301 2730 1397 2764 τριῶν,
1411 2729 1576 2765 σταθήσεται
1586 2732 1642 2758 πᾶν
1650 2732 1735 2766 ῥῆμαι
1750 2740 1759 2756 ι
1773 2731 1819 2757 καὶ

1033 2778 1048 2803 ό
1067 2775 1230 2807 ’Δπόοτολος
1241 2784 1248 2791 ·
1263 2785 1273 2801 ι
1292 2775 1373 2802 Κατὰ
1385 2775 1574 2810 πρεσϐυτέρου
1583 2777 1755 2811 ,κατηγορίαν
1782 2776 1818 2810 μὴ

1036 2822 1199 2857 παραδέχου,
1215 2822 1238 2847 εἰ
1260 2821 1297 2856 μὴ
1316 2822 1359 2847 ἐπὶ
1375 2821 1421 2847 δύο
1438 2821 1453 2855 ἢ
1469 2822 1554 2855 τριῶν
1576 2822 1731 2857 μαρτύρων.
1754 2831 1762 2847 ι
