1948 3064
155 140 221 171 1³245

638 143 846 174 SYNTAGMA
872 144 1188 178 ALPHABETICUM.
1209 160 1244 165 —
1261 147 1288 179 Α.

1711 151 1778 182 12-16

195 199 226 226 '0
245 199 274 226 δὲ
299 200 350 234 τῆς
374 201 403 227 ὲν
427 201 591 239 Καροαγένῃ
618 203 683 239 ρλα’,
712 205 830 240 Ἀρχὴν,
852 205 935 240 φησὶ,

1025 206 1119 234 Canon
1139 214 1204 234 vero
1215 208 1262 234 i5!
1280 215 1341 242 syn.
1354 207 1496 243 Cartltag.,
1512 208 1563 242 Qui
1579 209 1666 242 prius.
1678 209 1775 243 inquit,

153 242 216 277 τοὺς
233 246 443 282 κεκωλυμένους
459 249 671 284 ὲγκληματικῶς
685 251 803 285 ἐνάγειν,
817 251 877 278 οὐδὲ
899 252 940 283 είς

155 293 312 327 μαρτυρίαν
336 294 498 328 προσίεσθαι
516 296 590 331 χρή·
616 297 680 328 τοὺς
706 297 730 323 δ’
754 295 788 324 αὖ
813 298 860 324 τὸν
882 299 940 333 βίον

155 338 289 369 ἀστείους,
303 336 340 365 ὧν
354 339 403 374 τὴν
421 341 575 375 μαρτυρίαν
588 342 675 378 ἀληθῆ
700 343 809 377 ποιήσει
826 344 861 370 τὰ
876 352 940 379 προ-

155 383 321 418 ϐεϐιωμένα,
337 385 374 420 μὴ
386 386 505 420 ἀνήϐους
521 385 602 419 εἶναι,
618 388 694 420 ἐντὸς
707 388 805 424 δηλαδὴ
817 389 848 415 ιδ’
860 390 938 423 ἐτῶν,

152 427 191 462 τῷ
210 429 294 463 μήπω
308 429 415 462 τούτοις
429 431 560 464 εὐσταθὲς
577 430 648 460 εἶναι
663 433 693 460 τὸ
709 434 848 469 φρόνημα.
866 435 940 461 Ἀλλ’

152 475 213 501 οὐδὲ
229 475 384 507 οίκειακοὺς
397 478 445 503 τὴν
455 479 662 514 κατηγοροῦντα
674 481 808 515 παράγειν
819 481 859 507 δεῖ
871 482 941 516 μάρ-

152 528 249 554 τυρας,
267 522 313 547 καὶ
332 521 511 555 ὺπεξουσίους
534 523 619 558 αὐτῷ,
644 525 660 558 ἢ
684 525 868 560 ὑποχειρίους,
882 527 938 559 οὓς,

154 568 177 592 εί
194 566 231 602 μὴ
245 566 382 594 πείθοιντο
397 567 432 594 τὰ
448 569 519 595 κατὰ
538 569 602 596 νοῦν
616 570 692 605 αὒτῷ
709 563 810 605 λέγειν,
822 571 938 604 ’ἐξέσται

153 612 177 637 οἱ
194 612 329 644 κολάζειν.
348 613 454 649 Σεμνῆς
468 614 497 641 δὲ
514 616 742 651 μεταποιούμενοι
755 617 898 649 πολιτείας
915 620 939 645 oi

154 657 317 693 ὑποχείριοι,
337 660 430 695 ἱερεῖς,
445 661 526 696 φημὶ,
545 662 592 687 καὶ
607 662 736 694 διάκονοι,
762 664 809 690 καὶ
822 663 941 697 λογικῶν

153 704 337 739 ἐπιστήμονες
357 706 537 741 μαθημάτων,
555 708 605 735 οὐκ
618 709 767 744 ἀπόΰλητοι
783 709 851 743 προς
870 717 940 745 μαρο

151 751 249 786 τυρίαν
265 750 385 779 ἔσονται.

193 797 221 824 ’0
238 797 266 824 δὲ
281 797 329 831 νϐ’,
349 799 379 825 El
397 799 535 834 κληρικοὶ,
554 801 630 836 φησὶ,
650 802 726 836 παρὰ
749 802 788 837 τῷ
810 802 859 837 τῆς
878 802 939 828 Ἐκ-

151 843 265 878 uincla.-
279 845 398 878 κριθεῖεν
409 845 587 882 δικαστηρίῳ,
597 848 633 878 ὡς
641 849 654 874 ὁ
662 848 825 880 ’Λπόστολος
833 857 939 884 παραγ-

991 261 1122 280 accusare
1155 254 1343 288 prohibentur,
1368 262 1416 282 eos
1445 263 1495 282 nec
1531 256 1564 282 ad
1590 255 1775 283 testimonium

990 300 1134 326 admittere
1151 304 1257 333 oportet
1281 308 1289 332 ;
1310 307 1357 328 eos
1373 308 1436 328 vero
1457 301 1502 335 qui
1523 301 1612 336 quoad
1628 302 1708 328 vitam
1728 303 1777 329 bo«

991 346 1060 372 nesti
1084 351 1170 377 sunt,
1201 354 1316 380 quorum
1352 348 1539 374 testimonium
1565 349 1621 375 vita
1652 353 1775 376 anteacta

990 392 1222 427 comprobaveril,
1240 400 1292 418 non
1316 393 1471 427 impuberes
1487 400 1558 425 esse,
1573 395 1652 422 annis
1673 395 1776 422 scilicet

990 440 1199 474 quatuordecim
1234 441 1375 473 minores,
1402 442 1473 475 quod
1509 448 1604 468 eorum
1640 441 1774 475 judicium

990 484 1098 511 ftrnmm
1120 491 1172 511 non
1189 485 1236 511 sit.
1255 485 1370 518 Insuper
1394 493 1445 513 nec
1465 491 1652 513 accusatorem
1671 486 1776 520 prmiu-

991 538 1053 557 cere
1071 536 1178 566 oportet
1199 535 1281 559 testes
1301 532 1481 564 domesticos,
1499 538 1527 559 et
1543 532 1589 566 qui
1617 532 1668 559 sub
1700 537 1768 566 pote-

990 581 1063 604 state
1077 582 1141 604 sunt
1151 577 1190 604 rel
1202 577 1328 611 subjecti,
1344 585 1425 612 quos,
1439 578 1490 605 nisi
1511 578 1581 612 quod
1599 578 1657 612 ipse
1669 579 1776 612 probet,

990 622 1120 653 dixerint,
1149 622 1280 657 puniendi
1311 627 1475 656 potestatem
1509 623 1602 650 habet.
1630 623 1682 655 Qui
1711 631 1776 650 vero

991 669 1175 696 honestiorem
1195 669 1220 696 in
1240 668 1340 696 familia
1357 669 1448 696 locum
1463 669 1597 700 obtinent,
1621 668 1776 696 sacerdotes

990 713 1106 745 scilicet,
1126 719 1153 742 et
1174 714 1293 747 diaconi,
1307 721 1332 742 et
1354 716 1457 749 clerici,
1472 716 1519 750 qui
1539 716 1703 743 mathemata
1724 715 1773 742 cal-

990 758 1056 790 lent,
1077 767 1092 786 ιι
1108 761 1266 788 testimonio
1283 761 1399 788 dicendo
1415 769 1588 796 nequaquam
1607 761 1775 796 rejicicntur.

1026 805 1139 839 Insuper
1156 813 1244 833 canon
1261 805 1306 838 59,
1323 806 1350 833 Si
1368 807 1471 839 clerici,
1484 807 1583 841 inquit,
1600 807 1626 834 in
1649 806 1709 833 faro
1727 814 1775 834 ec-

990 851 1144 879 clesiastico
1165 852 1281 885 judicati
1309 853 1421 885 fuerint,
1437 853 1511 880 dicto
1538 853 1687 886 apostolico
1709 860 1774 879 cono

151 888 252 922 γέλλει,
266 899 276 915 ι
295 890 387 926 Ί¹ολμᾷ
405 899 447 922 τις
467 880 543 926 ὐμῶν
564 880 682 928 πρᾶγμα
698 893 779 927 ἔχων,
796 880 935 929 κρίνεσθαι

991 900 1137 930 sequenter
1151 906 1158 922 :
1177 905 1186 921 ι
1203 897 1290 924 Audet
1304 897 1366 932 quis
1378 902 1498 924 vestrum
1516 897 1618 923 habens
1635 897 1773 930 negotium

150 934 198 960 ἐπὶ
210 934 263 960 τῶν
272 935 384 968 ἀδίκων,
395 938 441 963 καὶ
456 938 516 972 οὐχὶ
528 939 637 965 ἐπὶτῶν
651 939 737 973 ἁγίων
750 948 757 973 ;
778 949 786 966 ι
803 940 849 966 καὶ
862 939 939 967 θάτε-

151 989 197 1015 ρον
215 982 297 1017 μέρος
320 983 370 1018 τῆς
395 983 583 1019 ἐξενεχθείσης
605 986 756 1020 καταγνοίη
777 986 880 1020 ψήφου,
900 985 938 1022 μὴ

151 1027 250 1059 ἐξεῖναι
265 1028 373 1064 θατέρῳ
388 1029 468 1064 μέρει
481 1030 521 1061 είς
539 1030 569 1056 τὸ
586 1030 636 1064 τῆς
652 1031 787 1066 ἐκκλήτου
810 1027 952 1066 δικαστή-¹

153 1081 209 1107 ριον
222 1073 311 1101 ἓλκειν
329 1075 398 1110 πρὸς
415 1076 572 1111 μαρτυρίαν
590 1077 635 1103 τὸν
661 1078 794 1112 πρότερον
809 1077 858 1112 τὴν
873 1078 938 1105 ὑπό-

151 1118 225 1145 θεσιν
239 1119 436 1155 δοκιμάσαντα,
456 1123 472 1157 ἢ
492 1123 540 1149 καὶ
551 1124 715 1158 κρινομένης
732 1124 936 1159 παρατυχόντα,

152 1164 220 1198 μηδὲ
235 1165 297 1198 τοὺς
319 1166 394 1200 γένει
419 1168 610 1203 προσήκοντας
638 1168 840 1204 προϐάλλεσθαι
865 1169 936 1204 μάρο

150 1218 245 1245 τυρας.

493 1282 597 1318 Νόμοι.

192 1347 380 1381 ’Δξιοπίστους
397 1347 468 1376 εἶναι
482 1350 523 1376 δεῖ
533 1350 597 1382 τοὺς
612 1350 766 1386 μάρτυρας.

187 1395 242 1422 Καὶ
257 1396 430 1431 παράγονται
449 1397 496 1423 καὶ
508 1396 556 1423 ἐπὶ
575 1396 758 1431 χρημτικῶν
772 1396 819 1423 καὶ
833 1396 936 1432 ἐγκλη-

152 1441 275 1476 ματικιίν
299 1441 466 1475 ὑποθέσεων,
492 1442 517 1468 εί
535 1442 575 1478 μὴ
594 1441 782 1478 κεκωλυμένοι
810 1443 862 1470 ὑπὸ
888 1443 936 1470 τοῦ

149 1487 244 1522 νόμον,
258 1489 274 1524 ἢ
292 1488 564 1524 ὲξκουσοιτευόμενοι.

190 1533 357 1569 ’Δπόσλητος
380 1534 420 1565 sl;
442 1534 597 1570 μαρτυρίαν
620 1534 726 1569 γίνεται
752 1536 765 1562 δ
785 1535 934 1563 καταδικα-
947 1547 971 1581 c

151 1579 223 1611 σθεὶς
237 1579 279 1607 διὰ
294 1579 325 1606 τδ
341 1579 453 1614 ποιῆσαι
465 1580 610 1616 ταραχώδη
624 1580 774 1615 φλυαρίαν.

188 1627 234 1652 Δεῖ
251 1626 313 1656 τοὺς
340 1626 484 1662 μάρτυρας
510 1626 643 1662 πρότερον
669 1626 796 1660 ὀμνύναι,
826 1627 893 1664 πρὶν
917 1627 934 1664 ἢ

151 1672 359 1706 μαρτυρήσουσι·
372 1673 427 1703 τοῖς
439 1672 613 1706 τιμιωτέροις
623 1672 652 1698 δὲ
665 1672 767 1707 μᾶλλον
784 1673 933 1701 πιστεύειν.

157 1715 231 1748 Ἐνὸς
245 1716 273 1742 δὲ
289 1716 483 1752 μαρτυρίιῖρὺκ
497 1716 555 1743 ἐστι
564 1716 646 1752 δεκτὴ
661 1718 690 1744 ὲν
702 1717 848 1753 οίᾳδήποτε
859 1718 933 1755 δίκῃ,

149 1762 201 1789 κᾶν
221 1763 403 1798 συγκλητικὸς

185 1853 224 1889 Τῇ
242 1853 314 1881 κατὰ
328 1853 377 1881 τοῦ
396 1854 548 1880 ἐπισκόπου
574 1854 682 1890 ἀγωγῇ,
704 1855 728 1881 εί
755 1855 807 1890 μὲν
826 1864 934 1891 χρημα-

147 1901 210 1937 τικὴ
225 1900 280 1936 εἴη,
307 1900 390 1936 μέχρι
412 1900 509 1936 λίτρας
536 1901 614 1935 μιᾶς,
642 1900 689 1928 δύο
715 1903 806 1928 πιστοὶ
829 1902 933 1937 ἔντιμοι

149 1946 290 1980 μάρτυρες
307 1944 445 1980 ἑνομότως
464 1945 702 1981 μαρτυρήσουσιν·
719 1947 743 1972 εί
767 1945 796 1972 δὲ
814 1946 894 1982 μέχρι
912 1947 932 1972 ν’

146 1990 257 2026 λιτρῶν,
270 1991 355 2026 τρεῖς·
367 1991 394 2017 εί
408 1990 436 2016 δὲ
448 1991 587 2024 ἐπέκεινα,
597 1993 628 2017 ε’.
642 1991 672 2017 Εί
683 1990 712 2017 δὲ
729 1985 933 2027 ἐγκληματικὸν

146 2037 190 2073 εἴη
207 2037 237 2064 τὸ
251 2037 379 2070 αἰτίαμα,
392 2036 437 2063 διὰ
459 2039 479 2063 ε’
501 2036 648 2074 μαρτύρων
665 2037 771 2064 πιστῶν
791 2038 838 2064 καὶ
861 2039 933 2066 ἐντί-

147 2092 208 2119 μων
222 2083 365 2118 ὸμνύντων
382 2082 584 2110 ἀποδείκνυται.

181 2129 237 2156 Οὐκ
253 2129 327 2154 ἐστιν
341 2127 499 2160 ἀξιόπιστος
524 2127 630 2162 μάρτυς
643 2127 656 2153 ὁ
669 2125 831 2154 κελεύεσθαι
850 2127 931 2155 δυνὰ-

148 2183 228 2210 μενος
248 2175 314 2208 παρ’
331 2172 400 2208 ἐμοῦ
412 2173 466 2199 τὲπὶ
484 2173 523 2208 τῷ
539 2174 726 2208 μαρτυρῆσαι.

989 942 1040 969 sub
1052 943 1262 978 iniquisjudicio
1272 943 1484 974 contendere,et
1499 950 1551 969 non
1563 943 1614 969 sub
1624 942 1744 969 sanctis:
1761 951 1770 967 ι

988 992 1015 1014 et
1041 995 1094 1015 una
1123 996 1186 1023 pars
1209 989 1373 1016 sententiam
1393 989 1525 1023 prolatam
1544 988 1724 1018 damnaverit,
1741 995 1775 1015 ne

989 1033 1068 1060 liceat
1093 1033 1170 1060 alteri
1195 1034 1264 1068 parti
1293 1042 1356 1060 eum
1373 1034 1419 1068 qui
1437 1041 1551 1061 causam
1571 1033 1648 1068 prius
1667 1033 1774 1060 exami-

988 1080 1072 1111 navit,
1088 1079 1129 1106 vel
1147 1079 1344 1106 examinationi
1367 1079 1503 1111 interluit,
1521 1080 1553 1107 ad
1579 1079 1668 1106 lorum
1684 1079 1773 1107 cocle-

988 1126 1130 1153 siasticum
1153 1126 1302 1153 testimonii
1318 1125 1426 1153 dicendi
1445 1133 1529 1153 causa
1543 1125 1663 1158 trahere,
1685 1133 1774 1161 neque

989 1173 1194 1208 prapinquitute
1209 1173 1371 1207 coniunctos
1389 1177 1472 1200 testes
1489 1173 1652 1208 producere.

1342 1282 1432 1318 Leges.

1021 1346 1120 1376 Testes
1135 1348 1187 1376 ﬁde
1204 1348 1301 1384 dignos
1318 1356 1379 1376 esse
1392 1353 1500 1384 oportet

1005 1394 1205 1429 .Adbiberique
1230 1397 1346 1429 possunt
1373 1398 1427 1421 tam
1446 1394 1472 1421 in
1495 1395 1662 1429 pecuniariis
1688 1403 1770 1430 quam

986 1439 1174 1468 criminalibus
1199 1440 1291 1467 causis
1314 1440 1340 1467 hi
1366 1441 1466 1476 quibus
1480 1441 1537 1474 lege
1557 1449 1611 1468 non
1630 1441 1771 1469 interdici—

985 1490 1030 1513 tur
1046 1486 1244 1518 testimonium,
1263 1486 1305 1513 vel
1317 1486 1362 1520 qui
1382 1494 1435 1513 non
1452 1492 1628 1514 excusantur.

1020 1531 1086 1565 Ejus
1103 1531 1288 1558 testimonium
1311 1533 1357 1566 qui
1375 1533 1409 1560 ob
1425 1533 1527 1560 editum
1549 1541 1660 1561 carmen
1685 1534 1771 1562 famo-

985 1585 1045 1605 sum
1058 1577 1256 1605 condemnatus
1269 1582 1321 1611 est,
1333 1585 1386 1605 non
1401 1579 1566 1606 admittitur.

1019 1623 1115 1652 Testes
1136 1624 1294 1658 priusquam
1312 1625 1496 1652 testimonium
1520 1625 1692 1660 perhibeant,
1707 1625 1769 1660 jus-

982 1670 1129 1707 jurandum
1151 1675 1283 1705 przestare
1305 1670 1421 1705 debent;
1439 1676 1465 1699 et
1478 1672 1682 1699 honestioribus
1703 1673 1768 1700 ﬂdes

985 1717 1076 1752 potius
1097 1715 1251 1742 adhibenda
1280 1720 1331 1744 est.
1350 1715 1436 1744 Unius
1451 1725 1515 1744 vero
1536 1718 1719 1745 testiinonium
1741 1718 1768 1745 in

983 1769 1148 1799 quacunque
1185 1769 1269 1789 causa
1298 1763 1403 1790 admitti
1431 1771 1486 1790 non
1519 1764 1620 1796 debet,
1644 1765 1769 1799 quamvis

983 1814 1094 1838 senator
1109 1809 1155 1836 sit.

992 1867 994 1869 -
1019 1854 1048 1881 In
1065 1855 1171 1882 actione
1187 1859 1281 1883 contra
1305 1855 1477 1888 episcopum,
1499 1853 1521 1881 si
1540 1854 1698 1888 pecuniaria
1722 1855 1767 1886 sit,

984 1900 1016 1926 ad
1040 1908 1121 1927 unam
1150 1900 1247 1927 libram
1270 1900 1325 1927 duo
1348 1899 1442 1926 ﬁdeles
1459 1892 1767 1926 bonestilestimonitun

983 1944 1089 1977 dicent;
1108 1945 1149 1972 sin
1174 1946 1206 1972 ad
1238 1953 1253 1972 ι.
1270 1945 1363 1977 libras,
1386 1949 1459 1976 tres:
1485 1943 1507 1971 si
1536 1951 1600 1971 vero
1626 1941 1766 1979 deinceps,

963 2013 967 2016 .
983 1991 1112 2026 quinque.
1130 1991 1207 2025 Quod
1226 1991 1347 2023 si_causa
1358 1990 1510 2017 criminalis
1523 1988 1616 2022 fuerit,
1629 1997 1676 2024 per
1686 1991 1768 2024 quin-

983 2044 1036 2071 que
1054 2037 1121 2064 tidos
1148 2041 1176 2064 et
1204 2036 1334 2063 honestos
1359 2041 1441 2063 testes
1467 2035 1653 2070 juramentum
1681 2037 1767 2063 susci‘

982 2082 1089 2116 pientes
1101 2081 1245 2116 probatur.

1017 2126 1078 2154 Non
1100 2131 1143 2154 est
1164 2125 1280 2155 idoneus
1305 2127 1383 2155 testis
1397 2127 1440 2154 cui
1459 2126 1593 2161 imperare
1609 2134 1720 2163 possum
1736 2131 1766 2153 ut

983 2173 1170 2210 testimonium
1188 2173 1271 2201 dicat.

187 2222 216 2248 '0
241 2221 394 2256 κατήγορος
410 2219 566 2251 οίκειακοὺς
593 2220 736 2255 μάρτυρας
763 2220 794 2247 οὗ
820 2220 929 2248 δύναται

1017 2217 1171 2246 Accusator
1199 2223 1281 2247 testes
1298 2219 1331 2247 de
1353 2219 1436 2247 domo
1460 2227 1509 2248 sua
1530 2220 1681 2255 producere
1710 2227 1764 2247 non

145 2267 292 2302 παράγειν.

186 2313 216 2339 ’0
230 2313 302 2339 κατὰ
319 2311 503 2346 συκοφαντίαν
530 2311 578 2338 ἐπὶ
604 2312 776 2346 παραστάσει
800 2312 875 2347 παρὰ
890 2314 930 2339 δι-

146 2361 235 2395 καστῇ
260 2358 410 2394 προσφόρῳ
428 2357 588 2393 αἰτιώμενος
607 2358 768 2391 ἐπίσκοπον,
795 2359 817 2384 λ’
837 2358 929 2385 δίδωσι

145 2407 251 2439 λίτρας.

181 2452 260 2478 Κατὰ
283 2452 357 2487 τρεῖς
376 2450 493 2486 τρόπους
511 2451 528 2485 ὴ
554 2451 722 2485 συκοφαντία
739 2450 854 2484 γίνεται,
883 2451 930 2478 καὶ

145 2497 245 2533 τριπλῆ
273 2497 289 2530 ἡ
316 2496 507 2529 ὲπεξέλευσις·
531 2495 548 2531 ἢ
571 2497 627 2530 γὰρ
653 2497 817 2531 συκοφαντεῖ
835 2505 876 2528 τις
891 2497 930 2528 ὼς

146 2544 273 2575 πλαστῶς
293 2543 464 2578 κατηγορῶν,
482 2541 498 2576 ἢ
516 2541 651 2576 προδότης
665 2541 715 2576 τῆς
739 2542 807 2574 ἰδίας
829 2543 929 2569 ὑποθέ-

146 2599 214 2620 σεως
228 2589 342 2623 γίνεται,
358 2589 382 2615 τ’
398 2580 485 2624 ἀληθῆ
503 2587 665 2622 ἐγκλήματα
678 2587 820 2621 κρύπτωνν
835 2588 852 2623 ἦ
865 2596 929 2622 φευ·

146 2636 259 2669 γοδικεῖ,
286 2635 395 2666 τελείως
425 2634 576 2669 ἀναχωρῶν
602 2634 650 2668 τῆς
679 2633 858 2669 κατηγορίας.
890 2635 927 2661 οὐ

122 2706 126 2710 _
146 2680 255 2711 παντως
279 2679 308 2706 δὲ
328 2679 500 2713 συκοφάντης
526 2679 600 2705 ἐστὶν
623 2678 637 2704 ὁ
663 2677 700 2713 μὴ
728 2679 889 2710 ἀποδεικνὺς
914 2680 928 2706 ὃ

146 2726 348 2760 κατηγόρησεν,
368 2724 424 2751 ἀλλ’
440 2725 469 2750 ἐν
488 2726 522 2760 τῇ
541 2724 632 2759 κρίσει
649 2724 696 2750 τοῦ
712 2723 841 2750 δικαστοῦ
858 2726 927 2757 ἐστι,

149 2771 219 2807 μετὰ
237 2771 266 2798 τὸ
284 2771 498 2805 ἐλευθερωοῆναι
518 2770 563 2797 τὸν
579 2770 831 2804 κατηγορούμενον,
846 2769 928 2805 ζητῆ-

146 2825 191 2843 σαι
207 2817 271 2851 περὶ
286 2816 391 2842 τούτου.
406 2817 465 2843 Κᾶν
478 2816 529 2850 μὲν
540 2816 607 2852 εἴπῃ
621 2817 677 2842 Οὔκ
689 2815 842 2848 ἀπέδειξας,
855 2815 928 2850 ἐφεί-

147 2871 211 2888 σατο
224 2862 315 2889 αὐτοῦ’
326 2862 358 2888 ἂν
369 2862 397 2888 δὲ
409 2862 474 2897 είτιῃ
489 2861 738 2897 Ἐσυκοφαντησας,
749 2861 926 2888 κατεδίκασεν

982 2269 1081 2300 potest.

1017 2311 1068 2344 Qui
1093 2319 1139 2346 per
1153 2311 1319 2339 calumniam
1336 2311 1362 2339 in
1378 2311 1548 2339 exhibitione
1564 2319 1656 2339 coram
1673 2311 1765 2344 judice

982 2359 1028 2391 qut
1046 2357 1270 2391 jurisdictionem
1289 2357 1371 2385 habet
1397 2358 1554 2392 episcopum
1579 2362 1703 2389 accusat,
1718 2355 1766 2384 tri-

981 2403 1054 2437 ginta
1071 2403 1129 2429 auri
1146 2403 1229 2429 libras
1249 2403 1359 2438 pendat.

1016 2447 1157 2475 Calumnia
1173 2448 1260 2475 tribus
1277 2449 1365 2476 modis
1381 2449 1420 2482 lit,
1433 2454 1460 2476 et
1472 2449 1616 2484 tripliciter
1633 2449 1764 2484 punitur;

981 2494 1023 2520 vel
1039 2494 1112 2520 enim
1140 2494 1325 2521 calumniatur
1353 2495 1416 2529 quis
1444 2503 1579 2523 accusans
1607 2495 1695 2526 falso,
1722 2495 1763 2521 vul

980 2540 1071 2574 prodit
1094 2540 1231 2574 propriam
1256 2547 1378 2572 causam,
1394 2549 1455 2568 vera
1470 2542 1587 2569 erimina
1603 2541 1763 2572 occultans;

980 2587 1022 2614 vel
1051 2588 1260 2621 tergiversatur,
1284 2587 1310 2614 in
1337 2588 1494 2616 universum
1527 2589 1561 2615 ab
1586 2588 1763 2615 accusatione

979 2634 1125 2661 desistens.
1147 2633 1205 2661 Non
1236 2634 1349 2662 omnino
1368 2642 1434 2662 vero
1450 2634 1630 2662 calumniator
1646 2638 1698 2665 est,
1715 2634 1762 2667 qui

979 2687 1034 2707 non
1061 2680 1158 2714 probat
1183 2680 1256 2714 quod
1275 2680 1400 2713 intendit,
1414 2681 1461 2708 sed
1483 2681 1508 2707 in
1528 2680 1642 2707 arbitrio
1661 2681 1763 2714 judicis

978 2729 1020 2752 est
1034 2733 1080 2753 reo
1104 2726 1231 2753 absoluto
1248 2726 1299 2753 hac
1313 2726 1346 2753 de
1362 2734 1390 2753 re
1404 2726 1551 2760 inquirere.
1576 2725 1607 2751 Et
1627 2725 1760 2759 siquidem

979 2771 1086 2802 dixerit.
1102 2770 1161 2798 Non
1175 2772 1307 2806 probasti,
1330 2772 1451 2807 pepercit
1460 2772 1510 2804 ei;
1529 2771 1552 2798 si
1568 2778 1635 2798 vero
1649 2771 1760 2804 dixerit,

978 2815 1164 2844 Calumniatus
1181 2825 1221 2849 es,
1233 2817 1377 2844 calumnia:
1389 2824 1451 2844 eum
1466 2815 1670 2849 condemnavit,
1685 2815 1763 2851 10b

978 2862 1084 2890 etiamsi
1113 2864 1145 2890 de
1179 2871 1259 2898 pcena
1284 2863 1351 2890 nihil
1377 2862 1487 2891 dixerit.
1508 2860 1537 2889 Si
1565 2868 1629 2889 vero
1651 2861 1764 2893 dixerit,
