1948 3064
170 112 237 143 1217

766 115 950 146 ΜΑΤΤΗᾹΞΙ
974 115 1186 145 BLASTABIS

1727 113 1797 146 Π.ίᾶ

169 167 284 196 Temere
298 170 445 202 accusasti.
462 179 516 199 non
543 171 608 200 facit
622 172 698 200 illum
718 172 959 204 calumniatorem,

1021 171 1094 197 ιὺτδν
1109 171 1149 202 είς
1166 170 1348 204 συκοφαντίαν
1364 178 1370 185 ·
1397 170 1449 197 κᾶν
1468 169 1551 204 μηδὲν
1570 169 1635 206 εἴπῃ
1660 170 1724 205 περὶ
1749 171 1800 205 τῆς

170 223 220 242 uec
241 223 329 251 poenas
351 217 509 253 subjicitur.

205 351 301 378 Mulier
318 351 366 378 viri
383 352 503 380 ollicium
525 361 581 380 non
601 353 733 384 obit,'nec
751 353 778 380 in
795 356 957 380 testamento

170 398 246 424 testis
257 405 321 425 esse
335 403 436 432 potest,
451 399 504 426 nisi
518 399 544 426 in
566 400 667 434 quibus
682 400 732 426 viri
749 407 803 426 uon
822 398 958 426 advocan-

170 447 226 472 tur.
248 444 334 472 Porro
357 452 409 472 nec
424 445 457 472 iis
474 445 582 480 publice
608 453 719 473 causam
736 452 816 480 agere
843 444 958 479 permis-

171 495 231 515 sum
253 494 312 523 est;
332 491 378 518 sed
406 494 510 517 tantum
535 498 584 526 pro
613 491 714 526 seipsis
739 498 851 518 causam
873 493 958 525 agunt

171 535 280 567 mulier,
299 540 326 563 et
339 544 438 569 caecus;
456 537 500 564 ille
516 545 581 564 vero
594 541 622 564 et
633 538 678 572 jus
694 537 785 564 dicere
801 541 900 572 pctcst.

207 581 277 613 Quin
293 586 321 608 et
334 582 440 610 novella
454 583 490 612 48
513 583 688 618 imperatoris
708 582 808 610 Leonis
829 584 958 610 mulieres

171 627 199 654 in
224 629 455 657 conventionibus
487 634 514 657 et
544 631 731 658 contractibus
769 629 957 658 testimonium

171 673 265 701 dicere
292 680 388 702 vetat:
407 676 433 702 in
457 680 537 711 partu
556 681 659 708 autem,
673 681 700 704 et
727 676 754 703 in
780 676 814 703 iis
840 684 900 711 qure
921 676 959 704 le—

172 720 253 747 minis
270 720 337 748 solis
360 722 452 749 videre
472 722 652 757 permittitur,
667 723 853 750 testimonium
868 722 959 751 dicere

172 771 301 801 possunt.

374 823 416 851 Ea:
427 822 528 852 novella
540 824 687 852 Iustiniani
706 826 765 854 123.

209 879 397 916 Sanctissimis
411 882 578 916 presbyteris
592 887 618 909 et
630 882 762 914 diaconis,
772 883 794 909 si
812 890 861 918 pro
874 890 955 910 causa

171 926 332 959 pecuniaria
348 927 448 954 falsum
467 927 655 955 testimonium
673 927 777 955 dixisse
794 928 955 962 deprehensi

172 973 237 1004 sint,
253 980 308 999 non
329 977 420 1000 autem
440 973 599 1008 juramento
615 974 790 1001 mendacium
810 975 957 1002 confirma-

171 1019 271 1051 verint,
292 1020 327 1047 iis
349 1027 399 1055 pro
421 1028 501 1055 paena
520 1021 647 1052 sufﬁciet,
663 1021 752 1048 tribus
775 1022 855 1048 anuis
872 1029 887 1048 a
905 1021 957 1048 mi-

172 1065 285 1093 nisterio
310 1067 451 1100 soparari,
474 1072 501 1094 et
522 1067 696 1095 monasteriis
723 1068 803 1094 tradi.
841 1067 869 1095 Si
893 1075 957 1095 vero

172 1112 315 1138 mendacio
341 1113 528 1147 juramentum
563 1112 725 1147 adjecerint,
750 1120 836 1140 canon
868 1120 915 1141 eos
942 1120 957 1140 a

173 1158 326 1185 sacerdotio
352 1159 519 1193 praescindit.
538 1158 614 1191 Quod
636 1159 659 1185 si
675 1159 701 1185 in
722 1166 804 1185 causa
821 1158 955 1186 crimimli

173 1204 271 1231 falsum
299 1204 485 1232 testimonium
518 1205 648 1237 dixerint,
690 1206 807 1237 multati,
836 1210 916 1240 prout
942 1214 957 1232 a

173 1251 260 1278 sacris
291 1252 441 1279 canonibus
464 1252 604 1285 delinitur,
629 1253 703 1279 clero
733 1252 917 1285 deuudantur,
930 1257 958 1280 et

174 1297 263 1331 poenis
279 1302 410 1331 praeterea
423 1298 551 1334 legitimis
565 1298 763 1332 subjiciuntur.

208 1387 354 1415 Sufﬁciunt
383 1388 416 1416 ad
446 1389 635 1423 probationem
666 1389 786 1425 quinque
815 1394 908 1423 testes,
935 1390 957 1417 si

174 1433 275 1468 scripta
295 1441 348 1460 non
367 1436 421 1461 sint
436 1443 444 1467 ;
467 1435 489 1462 si
506 1443 569 1462 vero
585 1436 688 1470 scripta
701 1436 766 1469 sint,
784 1435 840 1464 sive
857 1436 959 1463 instru-

174 1484 275 1513 menta,
289 1485 344 1508 tres
355 1485 458 1507 tantum
474 1481 627 1508 sufficiunt.

1009 217 1114 251 ποινῆς,
1139 217 1318 244 ἐπακολουθεῖ
1336 217 1401 251 γάρ·
1433 216 1466 243 ἂν
1494 216 1523 242 δὲ
1545 217 1631 251 εῐπῃ,
1651 217 1799 251 Προπετῶς

1007 262 1157 297 ἐκίνησας,
1177 263 1261 298 ἤγουν
1285 262 1336 288 οὐκ
1361 262 1507 293 ἀπέδειξας
1523 281 1531 293 ,
1558 261 1589 287 οὐ
1618 262 1692 288 ποιεῖ
1716 262 1799 288 αὑτὸν

1009 308 1194 342 συκοφάντην,
1207 307 1267 334 οὐδὲ
1285 308 1381 343 ποινὴν
1395 308 1408 334 ὁ
1424 307 1546 339 τοιοῦτος
1560 307 1718 342 ὑφίσταται.

1048 353 1080 379 Ἦ
1093 353 1162 387 γυνὴ
1176 353 1206 380 οὐ
1225 353 1389 388 μετέρχεται
1404 352 1523 387 ἀνδρῷον
1538 353 1677 387 ὸφφίκιον,
1693 353 1754 379 οὐδὲ
1770 354 1799 380 ὲν

1009 399 1127 434 διαθήκῃ
1145 400 1292 434 μαρτυρεῖ,
1308 400 1333 425 εἰ
1353 399 1392 434 μὴ
1408 400 1436 426 ὲν
1451 396 1492 431 οἷς
1508 398 1606 434 ἄνδρες
1624 399 1654 425 οὐ
1675 408 1801 434 προσκα-

1007 445 1126 472 λοῦνται.
1151 444 1223 471 Ἀλλ’
1236 445 1296 471 οὐδὲ
1312 445 1472 479 συνηγορεῖν
1489 444 1604 476 ταύταις
1622 445 1728 478 ἐφεῖται
1751 445 1801 478 δη-

1009 489 1101 525 μοσίᾳ,
1118 490 1228 521 ἑαυταῖς
1244 489 1273 516 δὲ
1294 489 1374 524 μόνον
1395 490 1577 524 συνηγοροῦσι
1603 490 1651 517 καὶ
1665 490 1735 526 γυνὴ
1751 491 1801 517 καὶ

1008 535 1109 569 τυφλός
1124 543 1138 550 ·-
1148 544 1226 567 ουτος
1239 536 1267 562 δὲ
1283 536 1330 562 καὶ
1346 536 1467 568 δικάζειν
1481 536 1603 563 δύναται.

1049 584 1083 610 Ἦ
1107 584 1134 610 δὲ
1153 583 1198 619 μη¹
1216 584 1306 618 νεαρὰ
1332 584 1379 610 τοῦ
1409 584 1541 618 βασιλέως
1560 583 1675 614 Λέοντος
1697 582 1801 609 κωλύει

1007 629 1057 660 τὰς
1071 631 1204 663 γυναῖκας
1222 631 1268 657 ἐπὶ
1285 630 1443 665 συμφώνοις
1461 630 1614 665 μαρτυρεῖν
1635 629 1681 655 καὶ
1699 628 1800 654 συναλ-

1007 675 1157 710 λάγμασιν·
1171 676 1219 703 ἐπὶ
1234 676 1263 702 δὲ
1278 675 1408 708 τοκετῶν,
1425 675 1473 702 καὶ
1487 675 1531 708 ἐφ’
1543 671 1580 703 ὧν
1596 675 1663 710 μόνη
1679 674 1798 709 θηλειῶν

1009 721 1071 757 ὄψις
1083 723 1150 757 ὀρᾷν
1169 722 1399 758 συγκεχώρηται,
1416 721 1609 755 ἑπιτρέπονται
1632 720 1798 756 μαρτυρεῖν.

1101 823 1152 849 Ἐκ
1172 821 1228 855 τῆς
1237 823 1304 856 ρκῇ
1329 819 1583 848 ’Ῑουστινιανείου
1595 817 1718 853 νεαρᾶς.

1044 878 1108 910 Τοῖς
1125 877 1335 909 εὖλαϐεστάτοις
1362 877 1561 912 πρεσόυτέροις
1587 877 1633 904 καὶ
1651 876 1798 908 διακόνοις,

1007 926 1031 952 εἰ
1047 925 1185 960 εὑρεθεῖεν
1197 924 1266 959 ὑπὲρ
1277 923 1454 959 χρηματικῆς
1465 923 1556 954 αἰτίας
1571 921 1799 957 ψευδομαρτυρή-

1009 979 1114 1002 σαντες,
1132 971 1169 1006 μὴ
1183 970 1274 1004 μέντοι
1287 978 1318 1003 γε
1335 969 1408 1004 ’ὅρκῳ
1416 969 1446 995 τὸ
1456 968 1554 1002 ψεῦδος
1566 967 1797 1003 βεϐαιωσάμενοι,

1007 1016 1113 1048 τούτοις
1130 1015 1256 1051 ἀρκέσει,
1269 1014 1330 1042 ἀντὶ
1348 1014 1485 1050 βασάνων,
1502 1014 1549 1040 ἐπὶ
1564 1015 1639 1048 τρεῖς
1654 1013 1797 1045 ἐνιαυτοὺς

1008 1062 1174 1098 χωρίζεσθαι
1188 1063 1238 1097 τῆς
1250 1061 1327 1093 θείας
1349 1061 1513 1096 ὑπηρεσίας,
1534 1061 1582 1086 καὶ
1604 1059 1799 1094 μοναστηρῖοις

1008 1107 1212 1142 παραδίδοσθαι.
1226 1107 1257 1133 Εἰ
1268 1107 1296 1133 δὲ
1308 1108 1355 1133 καὶ
1368 1106 1407 1142 τῷ
1415 1106 1508 1140 ψεύδει
1518 1105 1563 1131 τὸν
1572 1106 1653 1140 ὅρκον
1663 1105 1799 1139 προσέθη-

1008 1163 1070 1186 καν,
1079 1155 1093 1181 ό
1107 1153 1197 1180 κανὼν
1209 1153 1308 1185 αὐτοὺς
1317 1152 1453 1188 προέκοψε
1465 1152 1514 1186 τῆς
1527 1151 1691 1186 ἱερωσύνης.
1708 1151 1799 1185 ’Υπὲρ

1008 1201 1036 1227 δὲ
1053 1199 1267 1235 ὲγκληματικὼν
1279 1199 1374 1226 αἰτιῶν
1389 1199 1414 1225 εἰ
1428 1197 1669 1233 ψευδομαρτυρίαν
1681 1197 1797 1228 εἴποιεν,

1009 1246 1214 1281 ἐγγραψάμενοι
1242 1245 1384 1280 δηλονότι,
1414 1245 1451 1276 ὡς
1478 1244 1537 1274 τοῖς
1566 1243 1650 1274 θείοις
1678 1242 1798 1277 ὥρισται

1009 1293 1116 1324 κανόσι,
1146 1292 1194 1318 τοῦ
1220 1291 1322 1326 κλήρου
1340 1289 1564 1325 ἁπογυμνοῦνται
1579 1286 1701 1321 καῖταῖς
1718 1289 1799 1324 νομί-

1011 1347 1070 1373 μοις
1089 1338 1195 1368 ποιναῖς
1211 1336 1421 1363 ὑποϐάλλονται.

1048 1383 1176 1419 Ἀρκοῦσι
1195 1382 1263 1418 πρὸς
1275 1382 1413 1414 ἀπόδειξιν
1429 1381 1514 1408 πέντε
1531 1381 1680 1416 μάρτυρες,
1693 1381 1799 1416 ἐγγρά-

1009 1438 1066 1465 φων
1079 1430 1116 1465 μὴ
1129 1429 1224 1455 ὄντων·
1237 1428 1262 1454 εί
1275 1428 1304 1455 δέ
1317 1428 1387 1454 εἰσιν
1404 1427 1544 1462 ἐγγραφα,
1556 1426 1616 1461 ἦτοι
1633 1424 1798 1461 συμϐόλαια,

1009 1477 1082 1512 τρεῖς
1096 1475 1176 1510 μόνον
1191 1474 1334 1510 ἀρκοῦσιν.

211 1525 306 1553 Testes
323 1533 355 1552 ex
371 1526 464 1554 auditu
486 1527 670 1555 testimonium
689 1535 723 1555 ne
740 1528 848 1560 dicant.
862 1529 956 1555 dicen-

1049 1522 1081 1548 Ol
1104 1521 1244 1556 μάρτυρες
1267 1521 1337 1555 ἀκοῇ
1362 1519 1400 1554 μὴ
1417 1518 1654 1554 μαρτυρείτωσαν,
1670 1518 1798 1552 λέγοντες

174 1576 233 1598 tes:
247 1571 288 1599 Ab
310 1572 402 1607 aliquo
423 1573 591 1606 audivimus,
605 1574 680 1601 hunc
697 1574 808 1606 debere,
821 1573 861 1600 vel
881 1573 957 1601 illum

174 1617 441 1653 sulvisse;quamvis
456 1618 590 1646 tabellarii
606 1619 660 1647 sint
674 1620 720 1654 qui
739 1619 796 1647 hate
812 1623 959 1646 testantur.

175 1662 203 1690 In
222 1664 304 1691 rebus
319 1664 391 1691 enim
403 1665 594 1692 eriminulibus
609 1672 721 1692 necesse
744 1670 786 1693 est
819 1665 895 1701 ipsos
920 1669 961 1692 te-

176 1714 234 1736 stes
250 1709 376 1743 produci,
399 1713 425 1737 et
441 1717 495 1737 non
513 1717 608 1738 eorum
629 1710 722 1738 verba.

209 1795 337 1824 TeSIibus
349 1801 376 1824 et
393 1805 445 1824 non
462 1797 626 1826 testimoniis
641 1797 807 1825 credendum
825 1801 883 1831 est;
899 1806 960 1826 nam

176 1843 209 1870 de
222 1843 383 1870 criminibus
395 1844 504 1878 ipsimet
519 1845 722 1879 interrogantur
735 1853 749 1872 a
763 1845 902 1878 judicibus
915 1853 922 1878 ;
934 1849 962 1872 et

176 1889 221 1924 qui
238 1897 291 1917 uou
305 1890 402 1924 probat
419 1890 491 1926 quod
508 1890 674 1922 intenderat,
690 1890 838 1925 relegatur.

180 1981 184 1985 '
212 1970 349 2014 Paupcres
374 1983 456 2007 testes
480 1987 533 2006 non
553 1984 625 2006 sunt.
641 1979 747 2014 Pauper
768 1987 832 2007 vero
847 1985 897 2014 est,
915 1979 961 2015 qui

177 2033 230 2052 non
248 2026 331 2052 habet
344 2025 526 2052 substantiam
547 2024 581 2052 50
598 2025 758 2052 solidorum.

213 2071 412 2107 Testimonium
440 2079 494 2098 non
524 2071 590 2098 dicit
615 2071 729 2099 libertus
764 2071 790 2099 in
817 2075 960 2106 patronum

176 2117 271 2153 ejusve
291 2118 387 2145 tilium.

214 2165 301 2192 Minor
315 2164 409 2200 viginti
424 2165 504 2191 annis
521 2163 600 2191 testis
614 2170 675 2190 esse
689 2170 741 2190 non
756 2167 862 2197 potest;
875 2171 962 2198 neque

178 2211 268 2245 quiin
290 2211 398 2246 publico
417 2210 520 2245 judicio
543 2211 688 2236 damnatus
715 2214 776 2239 est.
794 2214 820 2236 et
849 2217 902 2236 non
934 2210 961 2236 in

177 2257 312 2290 integrum
330 2256 493 2288 restituitur,
513 2262 561 2281 nec
578 2255 661 2290 quiin
675 2254 792 2281 vinculis
807 2255 963 2283 custodiave

178 2301 285 2336 publica
301 2307 359 2334 est;
382 2309 431 2328 nec
446 2301 491 2335 qui
509 2301 543 2328 ob
555 2300 741 2327 testimonium
755 2300 900 2328 dicendum
917 2305 964 2328 aut

179 2355 232 2375 non
245 2347 389 2374 dicendum
405 2347 535 2381 pecunias
551 2346 692 2381 accepisse
710 2347 855 2374 convictus
871 2346 961 2380 fuerit,

179 2401 267 2428 neque
281 2393 326 2428 qui
344 2393 371 2420 in
390 2393 515 2420 adulterii
528 2392 631 2427 judicio
647 2393 803 2420 damnatur.

215 2449 300 2475 Filius
316 2449 397 2483 patri,
413 2453 458 2475 aut
470 2452 546 2483 pater
564 2448 629 2482 tilio,
646 2448 724 2477 testis
738 2456 790 2475 uon
805 2453 856 2476 est.

215 2506 270 2534 Nec
282 2506 426 2541 quisquam
443 2506 469 2533 in
486 2513 516 2534 re
531 2513 592 2534 sua.

217 2553 320 2580 Servus
351 2553 427 2580 testis
451 2561 505 2580 non
523 2557 573 2580 est.
592 2552 684 2580 Servis
707 2552 780 2579 enim
803 2557 896 2580 contra
915 2553 964 2581 do-

181 2600 272 2627 minos
312 2599 468 2626 dicentibus
499 2607 552 2626 non
593 2603 696 2626 temere
725 2598 803 2626 tidem
835 2599 964 2626 adhibere

180 2649 299 2679 oportet,
315 2645 416 2680 quippe
428 2645 500 2679 quod
519 2652 615 2672 servus
633 2653 648 2670 a
668 2648 764 2671 natura
781 2644 891 2671 domino
909 2644 963 2672 iui-

183 2692 270 2718 micus
286 2691 332 2718 sit.

215 2737 265 2770 Qui
288 2738 315 2764 iu
343 2737 473 2771 aliquem-
491 2734 675 2762 testimonium
703 2734 782 2767 dixit,
814 2742 911 2764 rursus
936 2738 962 2765 in

183 2793 244 2811 eum
263 2784 373 2817 produci
394 2792 446 2809 non
464 2788 560 2816 potest.

220 2830 417 2856 Testimonium
431 2830 494 2856 dare
507 2830 683 2857 urobibentur
694 2830 828 2863 impubes,
850 2830 960 2863 surdus,

1011 1568 1049 1599 ὡς
1071 1568 1244 1602 Ὴκούσαμεν
1263 1566 1294 1593 ἐκ
1307 1574 1381 1597 τινος
1405 1566 1480 1592 τόνδε
1493 1566 1654 1600 χρεωστεῖν,
1681 1565 1698 1600 ἢ
1723 1564 1798 1591 τόνδε

1011 1612 1240 1645 καταὸἀλλεσθαι,
1267 1612 1319 1638 κᾶν
1345 1612 1372 1638 ει
1389 1611 1565 1646 ταϐουλάριοι
1591 1610 1646 1637 εἷεν
1667 1612 1692 1637 ol
1708 1610 1798 1637 ταῦτα

1014 1660 1227 1695 μαρτυροῦντες.
1253 1658 1313 1684 Ἐπὶ
1327 1657 1381 1692 γὰρ
1395 1657 1449 1684 τῶν
1467 1656 1681 1691 ὲγκληματικῶν
1689 1656 1799 1691 ἀνάτιη

1012 1708 1088 1733 πᾶσα
1108 1705 1282 1741 παραχθῆναι
1301 1705 1365 1736 τοὺς
1382 1704 1534 1739 μάρτυρας,
1549 1703 1596 1730 καὶ
1617 1702 1655 1738 μὴ
1677 1702 1727 1733 τὰς
1743 1711 1799 1736 φω-

1012 1753 1060 1784 νὰς
1077 1752 1179 1779 αὐτῶν.

1048 1799 1110 1830 Τοῖς
1132 1799 1250 1833 μάρτυσι
1270 1797 1317 1824 καὶ
1333 1797 1364 1823 οὖ
1377 1797 1434 1828 τοῖς
1452 1795 1613 1832 μαρτυρίοις
1627 1794 1797 1821 πιστευτέον·

1012 1845 1236 1880 αὑτοπροσώπως
1250 1844 1304 1879 γὰρ
1320 1843 1478 1879 ἐρωτῶνται
1493 1843 1570 1877 παρὰ
1588 1842 1644 1868 τῶν
1659 1842 1798 1868 δικαστῶν

1013 1891 1060 1917 ἐπὶ
1074 1891 1128 1917 τῶν
1141 1890 1332 1924 ἐγκλημάτων,
1349 1889 1397 1916 καὶ
1413 1890 1427 1914 ὀ
1446 1889 1483 1926 μὴ
1497 1889 1604 1920 δεικνὺς
1621 1888 1651 1914 τὺ
1665 1888 1731 1923 παρ’
1746 1888 1799 1914 αὑ-

1012 1937 1059 1964 τοῦ
1074 1937 1206 1972 προτεθὲν
1224 1936 1389 1971 ἐξορίςεται.

1049 1983 1080 2009 Οἱ
1098 1983 1213 2016 πένητες
1237 1982 1267 2008 οὐ
1296 1980 1477 2016 μαρτυροῦσι·
1494 1981 1580 2015 πένης
1598 1980 1626 2006 δέ
1641 1980 1717 2007 ιστιν
1732 1979 1747 2006 ὁ
1763 1980 1800 2015 μὴ

1013 2028 1083 2064 ἔχων
1097 2028 1118 2054 ν’
1133 2027 1310 2063 νομισμάτων
1328 2027 1498 2060 περιουσίαν.

1049 2075 1087 2101 Οὐ
1118 2074 1254 2109 μαρτυρεῖ
1283 2072 1466 2107 ἀπελεύθερος
1496 2072 1568 2099 κατὰ
1597 2072 1752 2106 πάτρωνος,
1783 2071 1798 2105 ἥ

1013 2119 1109 2149 παιδὸς
1126 2119 1221 2144 αὐτοῦ.

1047 2166 1083 2192 Οὺ
1105 2166 1242 2200 μαρτυρεῖ
1265 2165 1279 2190 ὁ
1305 2164 1398 2199 ἥττων
1419 2162 1473 2189 τῶν
1490 2162 1530 2188 κε’
1548 2161 1626 2194 ἑτῶν,
1652 2161 1715 2187 οὔτε
1737 2162 1751 2187 6
1773 2162 1800 2187 ἐν

977 2200 999 2227 D
1013 2212 1136 2247 δημοσίῳ
1147 2210 1317 2245 δικαστηρίῳ
1335 2208 1557 2240 καταδικασθεὶς,
1575 2209 1621 2235 καὶ
1641 2207 1678 2242 μὴ
1693 2209 1800 2234 ἀποκα-

1013 2257 1127 2290 ταστὰς,
1138 2258 1154 2292 ἢ
1167 2257 1195 2283 ὲν
1211 2258 1330 2291 δεσμοῖς,
1348 2257 1364 2291 ἢ
1378 2257 1407 2282 ἐν
1420 2255 1538 2290 δημοσίᾳ
1556 2255 1664 2289 φρουρᾷ
1679 2253 1799 2288 βληθεΞς

1014 2302 1075 2328 οὔτε
1094 2303 1107 2328 ὁ
1125 2302 1268 2336 ἐλεγχθεὶς
1282 2301 1376 2327 λαὸεῖν
1393 2301 1522 2335 χρήματα
1535 2300 1580 2325 ἐπὶ
1595 2299 1633 2333 τῷ
1656 2299 1794 2333 μαρτυρῆι

1015 2357 1070 2380 σαι,
1094 2348 1110 2382 ἦ
1129 2347 1168 2382 μὴ
1184 2346 1379 2382 μαρτυρῆσαι·
1397 2345 1459 2372 οὗτε
1488 2346 1502 2371 ὁ
1527 2345 1740 2376 καταδικασθεὶς
1756 2345 1800 2370 ἐπὶ

1015 2395 1134 2430 μοιχείᾳ..

1051 2449 1109 2481 Υἱὸς
1126 2449 1221 2484 πατρὶ,
1241 2447 1257 2484 ἢ
1272 2447 1362 2484 πατὴρ
1380 2447 1441 2482 υῐῷ,
1456 2447 1486 2473 οὖ
1506 2447 1650 2482 μαρτυρεῖ.

1050 2507 1119 2534 Οὔτε
1136 2506 1294 2542 οἱοσδήποτε
1311 2506 1339 2532 ὲν
1361 2505 1419 2540 ἰδίῳ
1434 2504 1591 2539 πράγματι.

1051 2554 1081 2580 '0
1097 2554 1190 2585 δοῦλος
1215 2553 1246 2578 οὺ
1275 2552 1429 2587 μαρτυρεί’
1451 2551 1481 2577 οὺ
1501 2552 1555 2585 γὰρ
1582 2551 1633 2585 χρὴ
1661 2551 1798 2577 πιστεύειν

1014 2600 1157 2635 προπετῶς
1185 2600 1241 2630 τοῖς
1267 2599 1388 2628 οἰκέταις
1411 2597 1523 2631 λέγουσι
1543 2598 1614 2624 κατὰ
1640 2598 1798 2624 δεσποτῶν

1014 2646 1094 2681 φύσει
1109 2645 1163 2680 γὰρ
1177 2646 1190 2671 ὁ
1203 2645 1294 2675 δοῦλος
1308 2644 1347 2679 τῷ
1363 2644 1482 2680 δεσπότῃ
1499 2644 1641 2679 πολέμιος.

1065 2737 1085 2762 Ο
1099 2735 1169 2761 κατὰ
1185 2743 1254 2765 τινος
1271 2734 1321 2768 ἠδη
1343 2734 1522 2769 μαρτυρήσας
1547 2733 1577 2759 οὐ
1596 2734 1733 2768 μαρτυρεῖ
1751 2733 1796 2760 πά-

1015 2784 1055 2809 λιν
1071 2781 1130 2808 κατ’
1150 2781 1243 2811 αὐροῦ.

1050 2827 1190 2855 κωλύεται
1210 2827 1358 2861 μαρτυρεῖν
1374 2826 1483 2861 ἄνηῆος,
1498 2825 1599 2860 nuntii/1;,
1613 2826 1723 2860 ἄλαλος,
1740 2836 1798 2862 μαι-
