1948 3064
128 141 199 174 1249

626 139 827 181 SYNTAGMA
849 138 1166 172 ALPHABETICUM.
1187 150 1222 156 —
1241 140 1271 169 Δ.

1681 136 1749 168 1250

129 197 250 229 νόμενος,
265 195 379 227 ἄσωτος,
398 194 454 226 υἱὸς
469 194 519 221 ὗπε
526 193 640 227 ξούσιος,
653 195 717 222 ὅταν
733 196 746 221 ό
758 195 848 230 πατὴρ
863 193 911 221 αὑ-

975 198 1070 226 nutus,
1089 194 1212 226 insanus,
1236 193 1389 228 prodigus;
1415 197 1443 220 et
1465 191 1749 229 ﬁliusfamiliaskcum

128 243 176 270 τοῦ
195 242 260 277 παρ’
274 242 354 269 ἄλλου
368 242 461 276 γραφῇ
477 241 646 276 κληρονόμος
660 242 689 268 ὲν
703 241 830 277 διαθήκῃ.

168 332 203 358 'H
217 331 388 366 παραγραιξὴ
411 331 481 357 κατὰ
499 331 547 366 μὲν
564 331 625 362 τοὺς
641 330 741 365 νόμους
760 329 913 364 πολλαχῶς,

128 379 199 406 κατᾶ⁵
228 379 258 405 δὲ
286 379 349 409 τοὺς
366 378 485 413 ῥήτορας
497 376 638 412 τετραχῶς
651 377 757 410 γίνεται
772 384 779 392 ·
795 376 849 402 ἀπὸ
866 374 914 402 τοῦ

128 425 267 454 λείποντος
279 432 287 440 '
301 420 358 450 οἷον
370 422 476 449 ἀσώτου
493 424 586 458 πατὴρ
611 422 718 457 ἀφανὴς
732 422 850 455 ἐγένετο,
868 421 916 448 καὶ

129 473 211 507 φόνου
222 473 236 498 ό
249 471 307 502 υίὸς
322 471 419 505 φεύγει
431 478 438 486 ·
464 471 519 498 ἀπὸ
535 470 581 497 τοῦ
603 470 818 505 ὑπερϐάλλοντος
828 476 836 484 ·
860 467 916 496 οἷον

129 518 195 544 δέκα
208 517 263 544 νέοι
276 516 456 550 ἐπωμόσαντο
468 515 507 551 μὴ
518 516 616 551 γῆμαι,
626 516 672 542 καὶ
686 515 817 550 φεύγουσι
828 515 915 542 κακοῦ

131 565 191 600 βίου
202 572 208 579 ·
220 563 237 598 ἢ
251 563 298 596 ἀφ’
312 559 348 589 ὧν
360 562 449 598 ἕτεροι
468 562 652 596 πεποιήκασιν
664 561 694 588 οὐ
708 562 748 588 δεῖ
764 557 916 597 κρίνεσθαι,

130 607 187 636 οἷον
200 610 214 635 ό
231 608 438 644 τρισαριστεὺς,
455 605 487 635 οὗ
503 608 595 635 εἰκόνα
610 607 730 642 ἔστησαν
745 607 768 634 οἱ
781 607 916 641 πολέμιοι,

132 657 180 683 καὶ
194 656 338 691 προδοσίας
356 655 483 690 φεύγων·
503 655 520 690 ἢ
539 655 610 681 κατὰ
636 655 743 690 χρόνον,
759 652 816 680 οἷον
829 652 917 680 δειλοῦ

132 703 197 734 παῖς
211 701 366 737 ἠρίστευσε,
381 703 427 728 καὶ
443 700 564 736 μοιχείας
587 701 674 735 κρίνει
691 701 740 735 τὴν
753 700 881 734 γυναῖκα.

218 791 282 817 Ἔτι
296 789 363 823 περὶ
372 788 431 816 τῶν
443 789 569 821 ἐνδίκως
582 787 829 823 καθαιρεθέντων.

176 835 205 862 '0
221 835 241 862 δ’
266 835 355 862 κανὼν
384 836 433 869 τῆς
459 836 487 862 ιν
501 835 654 870 Ἀντιοχείᾳ
677 835 799 867 συνόδου,
819 834 850 861 '0
865 833 918 860 ὑπὸ

135 880 243 907 συνόδου
261 880 445 916 καθαιρεθεὶς,
461 880 554 914 φησὶν,
572 880 733 912 ἐπίσκοπος,
746 880 786 906 ἑτι
810 879 840 905 δὲ
852 887 919 914 πρε-

135 925 274 960 σϐύτερος,
303 926 320 962 ἢ
340 925 472 957 διάκονος,
504 925 556 952 ὑπὸ
579 925 626 951 τοῦ
648 925 714 951 ἰδίου
730 924 809 951 τοῦτο
823 924 918 950 παθὼν

134 972 297 1004 ἐπισκόπου,
316 971 340 997 εί
368 971 510 1006 μετελθεῖν
534 970 624 997 ὁτιοῦν
654 970 810 1006 βουληθείη,
827 969 846 996 ἃ.
863 970 919 1000 τοῖς

135 1017 256 1051 ἱερεῦσιν
270 1017 341 1048 ἔθος,
360 1017 396 1051 μὴ
416 1016 518 1050 ἐξεῖναι
540 1016 630 1051 τούτῳ
648 1015 749 1047 ἀδίκως
766 1015 807 1042 ἔτι
822 1015 920 1042 διατει-

135 1063 241 1098 νομένῳ
255 1064 354 1090 παθεῖν
376 1063 459 1098 ἑτέρᾳ
475 1062 620 1097 προσιέναι
640 1062 752 1097 συνόδῳ,
766 1062 814 1089 καὶ
828 1061 920 1096 ζητεῖν

135 1109 257 1142 ἐξετάσει
271 1109 305 1135 τὰ
323 1108 383 1135 κατ’
400 1108 481 1134 αὑτδν
500 1108 620 1142 δοθῆναι,
638 1107 706 1142 μηδὲ
736 1107 829 1142 χώραν
855 1107 921 1133 ἀπο-

134 1154 229 1186 λογίας
243 1153 316 1188 αὐτῷ
346 1154 482 1188 μετεῖναι·
510 1153 574 1185 τοὺς
594 1153 622 1180 δέ
651 1161 683 1187 γε
704 1153 859 1184 συνειδότας
871 1152 921 1187 τὴν

136 1199 197 1226 κατ’
222 1199 304 1225 αὐτοῦ
325 1198 462 1232 ἀπόφασιν
474 1218 481 1229 ,
504 1199 550 1225 καὶ
570 1200 710 1226 κοινωνεῖν
730 1198 804 1233 αύτῷ
823 1197 922 1234 τολμή-

136 1253 249 1276 σαντας.
266 1245 313 1271 καὶ
326 1245 438 1276 τούτους
454 1245 504 1280 τῆς
515 1244 678 1279 Ἑκκλησίας
690 1245 881 1272 ἔκκόπτεσθαι.

176 1291 206 1318 Ὀ
216 1291 245 1318 δὲ
257 1291 290 1326 ιβ’
300 1291 345 1318 τὸν
370 1291 422 1318 ὑπὸ
431 1291 477 1318 τοῦ
495 1291 561 1318 ἰδίου
575 1291 652 1323 αὖθις
662 1291 813 1318 ἐπισκόπου
826 1291 923 1318 καθαι-

135 1337 263 1372 ρεθέντα,
273 1336 485 1372 πρεσϐύτερονῆ
497 1337 628 1369 διάκονον,
644 1337 660 1372 ἢ
676 1337 728 1363 ὑπὸ
742 1336 852 1362 συνόδου
864 1335 923 1362 ἐπί-

138 1391 251 1416 σκοπον,
266 1382 435 1418 ἀπαγορεύει
448 1383 592 1418 προσιέναι
605 1382 642 1416 τῷ
656 1381 773 1417 βασιλεῖ,
787 1382 835 1408 καὶ
854 1380 922 1416 παρ’

136 1429 213 1464 αὐτῷ
227 1429 319 1464 ζητεῖν
336 1429 385 1464 τὴν
401 1429 537 1461 ἐξέτασιν,
555 1429 623 1455 ἀλλὰ
642 1429 747 1463 μείζονι
762 1429 922 1455 ἐπισκόπων

138 1475 250 1510 συνόδῳ,
264 1475 310 1502 καὶ
323 1475 341 1502 ἃ
350 1474 455 1510 νομίζει
470 1474 563 1501 δίκαια
574 1475 658 1510 ἔχειν,
670 1474 777 1505 τούτοις
785 1482 923 1509 προσανα-

137 1521 245 1555 φέρειν,
259 1520 307 1547 καὶ
316 1520 367 1556 τήν
383 1520 448 1554 παρ’
460 1521 551 1547 αὐτῶν
565 1520 690 1559 ἐξέτασιν
701 1520 861 1555 ἐκδέχεσθαι
877 1520 924 1546 καὶ

137 1569 290 1603 ἐπίκρισιν.
317 1568 348 1594 El
363 1567 390 1594 δέ
407 1576 449 1600 τις
463 1567 567 1595 τούτων
583 1567 757 1603 ὀλιγωρήσας
778 1567 925 1602 ἐνοχλῆσαι

138 1614 269 1649 τολμήσει
291 1613 330 1648 τῷ
359 1614 475 1649 βασιλεῖ,
495 1615 596 1649 μηκέτι
622 1614 716 1649 χώραν
733 1614 806 1649 ἔχειν
823 1614 925 1640 ἀπολο-

137 1660 212 1695 γίας,
229 1661 297 1696 μηδὲ
315 1661 413 1688 ἐλπίδα
432 1661 585 1695 μελλούσης
601 1660 865 1692 ἀποκαταστάσεως.
894 1660 924 1686 El

137 1707 193 1742 γὰρ
207 1707 254 1734 καὶ
267 1708 350 1734 παντὶ
369 1707 616 1743 καταδικαζομένῳ
627 1708 673 1734 καὶ
692 1707 847 1735 ἀδικεῖσθαι
871 1708 926 1734 οἱο-

138 1753 215 1788 μὲνῳ
239 1754 256 1788 ἡ
271 1754 320 1788 τῆς
332 1753 501 1788 Ἐκκλησίας
515 1753 627 1788 βοήθεια
648 1753 765 1785 δέδοται,
786 1753 845 1780 ἀλλ’
863 1752 926 1780 ἐπεί

139 1800 181 1826 τοί
195 1808 227 1833 γι
244 1799 297 1827 τῶν
311 1800 491 1835 πατριαρχῶν
505 1800 533 1826 αἱ
547 1800 637 1834 ψῆφοι
650 1800 777 1834 ἐκκλήτῳ
791 1800 841 1834 οὐχ
859 1799 926 1826 ὑπό-

139 1852 258 1875 κεινται¹
273 1845 287 1870 ό
303 1844 478 1879 πειρώμενος
501 1844 636 1879 ἔκκλητον
651 1845 692 1876 εὶς
717 1843 831 1878 βασιλέα
847 1844 926 1878 ποιή-

139 1890 251 1922 σασθαι,
284 1891 354 1925 μετὰ
388 1890 438 1926 τὴν
465 1891 513 1917 τοῦ
538 1891 713 1926 πατριάρχου
736 1889 924 1925 ὲξενεχθεῖσαν

137 1937 288 1969 ἀπόφασιν,
307 1938 470 1971 τιμωρεῖται
486 1936 556 1962 κατὰ
570 1936 616 1962 τὸν
632 1936 755 1970 παρόντα
776 1935 887 1962 κανόνα.

179 1983 209 2008 ’0
220 1982 249 2009 δὲ
262 1985 304 2017 κη’
316 1982 370 2008 τῶν
383 1982 471 2016 ἁγίων
487 1982 646 2009 ἀποστόλων
659 1980 750 2008 κανὼν
771 1980 818 2008 τὸν
828 1980 925 2007 καθαι-

140 2028 253 2063 ρεθέντα
269 2027 381 2060 δικαίως
400 2028 560 2060 ἐπίσκοπον,
579 2028 595 2063 ἦ
619 2027 817 2062 πρεσϐύτερον,
834 2028 851 2062 ἦ
866 2026 925 2054 διά-

139 2083 228 2108 κονον,
243 2075 288 2101 ἐπὶ
303 2075 458 2109 ἐγκλήμασι
472 2075 614 2109 φανεροῖς,
627 2075 674 2101 καὶ
687 2074 810 2109 ἅψασθαι
823 2073 923 2108 τολμή-

141 2128 226 2146 σαντα
244 2121 294 2155 τῆς
310 2119 512 2155 ἀφαιρεθείσης
538 2119 612 2154 αὐτῷ
631 2119 816 2154 λειτουργίας,
844 2118 924 2145 ὲκκό-

139 2166 256 2193 πτεσθαι
274 2167 436 2193 παντάπασι
448 2166 557 2192 κελεύει
576 2167 625 2202 τῆς
637 2165 815 2199 Ἐκκλησίας,
832 2165 878 2191 διά
894 2173 924 2192 τε

965 245 1041 274 pater
1061 240 1120 275 ejus
1147 241 1182 267 ab
1211 240 1266 267 alio
1285 239 1372 267 lnrres
1402 239 1431 269 in
1446 242 1610 275 testamento
1634 238 1751 273 scriptus

966 273 1059 313 inerit.
1076 273 1082 275 -
1581 273 1583 277 Υ

1002 332 1133 367 Exceptio
1151 331 1305 359 secundum
1321 331 1394 366 leges
1413 331 1555 367 multiplex
1581 334 1632 363 est,
1653 337 1753 357 secun-

965 379 1030 407 dum
1044 386 1107 406 vero
1133 378 1259 405 rhetoras
1274 377 1443 412 quadruplex
1462 385 1469 404 :
1485 377 1519 404 ab
1535 377 1660 407 absente,
1677 376 1753 402 velut

967 425 1070 460 prodigi
1087 429 1164 460 pater
1179 432 1231 452 non
1250 430 1374 459 apparet,
1388 428 1416 450 et
1431 423 1502 451 ﬁlius
1516 422 1654 450 homicidii
1671 429 1752 448 accu-

967 475 1059 502 satur;
1078 470 1111 497 ab
1134 477 1261 502 excessu,
1277 474 1306 496 ιιι
1336 469 1431 496 decem
1445 469 1556 501 iuvenes
1578 467 1705 502 jurarunt
1723 473 1752 494 se

968 523 1022 543 non
1049 523 1162 543 uxorem
1180 515 1323 547 ducturos,
1341 519 1369 541 et
1396 514 1474 542 malre
1493 515 1555 540 vita:
1572 519 1752 545 accusantur;

968 564 1010 590 vel
1026 562 1060 589 ab
1073 570 1117 594 eo,
1135 561 1209 596 quod
1234 561 1296 595 quis
1313 561 1346 588 de
1371 561 1403 587 iis
1418 568 1477 594 quae
1490 560 1536 587 alii
1558 559 1683 586 fecerunt
1699 566 1752 588 non

968 612 1106 640 teneatur,
1122 611 1153 634 ut.
1179 606 1355 638 fortissimus,
1374 606 1451 639 cujus
1479 605 1622 640 imaginem
1652 605 1752 631 inimici

968 650 1125 683 erexerunt,
1138 651 1301 686 proditionis
1313 654 1474 682 accusatur;
1488 650 1528 677 vel
1546 650 1623 684 juxta
1635 654 1751 683 tempus.

968 703 998 726 ut
1017 698 1103 725 titnidi
1128 698 1200 724 lilius
1217 697 1269 724 dux
1286 696 1454 724 fortissimus
1476 696 1573 728 evasit,
1590 700 1617 722 et
1640 703 1752 722 uxorem

968 751 1046 772 suam
1064 744 1193 772 adulterii
1213 749 1335 771 accusat.

1025 789 1102 824 105
1116 789 1208 816 Adhuc
1221 789 1253 816 de
1270 790 1303 816 iis
1319 789 1363 824 qui
1375 789 1447 824 jusle
1461 788 1572 822 depositi
1590 788 1699 820 fuerint.

1004 836 1098 863 Canon
1116 836 1132 863 4
1152 843 1212 871 syn.
1227 835 1368 866 Antioch.,
1402 835 1562 868 Episcopus,
1586 834 1685 868 inquit,
1706 833 1752 868 qui

969 891 984 910 a
1001 883 1105 918 synodo
1121 882 1262 916 depositus
1285 881 1377 913 fuerit,
1403 888 1451 907 nec
1467 888 1520 907 non
1546 880 1696 915 presbyter,
1712 880 1753 906 vel

969 929 1101 957 diaconus
1121 928 1191 956 idem
1216 936 1230 955 a
1247 928 1357 962 proprio
1376 927 1503 960 episcopo
1521 933 1628 960 passus,
1654 925 1676 952 si
1704 925 1754 952 ali-

970 975 1035 1009 quid
1064 982 1158 1002 eomm
1184 974 1290 1008 operari
1321 973 1448 1004 voluerit,
1480 979 1540 1006 qua:
1566 971 1754 999 sacerdotibus

970 1021 1060 1049 facere
1084 1029 1143 1048 mos
1160 1025 1211 1053 est,
1236 1027 1270 1047 ne
1293 1020 1373 1047 liceat
1394 1019 1429 1051 ei,
1447 1017 1576 1053 quamvis
1600 1025 1629 1045 se
1654 1017 1755 1051 injuste

969 1069 1024 1103 pati
1040 1067 1199 1102 praetendat,
1216 1066 1330 1093 alteram
1346 1065 1481 1099 synodum
1506 1063 1591 1094 adire.
1607 1069 1634 1090 et
1650 1067 1753 1097 petere,

971 1118 1000 1140 ut
1013 1120 1074 1148 quae
1088 1113 1111 1140 ei
1128 1112 1235 1146 objecta
1250 1115 1315 1139 sunt
1330 1110 1534 1140 examinentur,
1549 1113 1597 1136 aut
1615 1108 1755 1135 delensio-

971 1159 1014 1187 nis
1045 1159 1135 1186 locum
1169 1158 1278 1184 habere.
1314 1156 1335 1182 li
1370 1161 1460 1183 autern
1493 1154 1562 1189 qui,
1591 1153 1755 1181 sententiam

972 1205 1102 1232 adversus
1117 1211 1178 1230 eum
1195 1203 1279 1239 latam
1297 1202 1426 1233 scientes,
1450 1208 1511 1227 cum
1528 1200 1587 1234 ipso
1604 1199 1758 1226 commutti-

972 1257 1035 1277 care
1049 1249 1109 1276 ausi
1123 1248 1232 1279 l‘ucrint,
1248 1256 1280 1274 ex
1290 1247 1410 1274 Ecclesia
1426 1246 1596 1273 ahdiventur.

1008 1296 1120 1329 Insuper
1130 1303 1192 1323 can.
1208 1295 1241 1321 l2
1253 1294 1439 1330 presbyterum
1455 1294 1496 1320 vel
1510 1294 1652 1321 diaconum
1666 1301 1679 1319 a
1693 1299 1758 1326 pro-

972 1342 1033 1378 prio
1047 1342 1175 1376 episcopo
1190 1340 1355 1375 depositum,
1372 1340 1414 1367 vel
1433 1340 1592 1373 episcopum
1609 1347 1624 1366 a
1639 1339 1756 1374 synodo,

973 1395 1065 1423 regem
1082 1387 1159 1414 adire
1173 1391 1254 1416 vetat.
1272 1390 1299 1413 et
1310 1385 1540 1412 examinationem
1558 1385 1592 1412 ab
1606 1391 1638 1411 eo
1653 1389 1754 1419 petere,

973 1434 1022 1463 sed
1048 1435 1081 1461 ad
1115 1433 1246 1468 majorem
1273 1433 1465 1467 episcoporum
1495 1431 1629 1466 synodum
1655 1431 1705 1463 ire,
1731 1435 1759 1456 et

971 1481 1029 1514 jus,
1043 1479 1115 1514 quod
1134 1487 1163 1506 se
1179 1479 1280 1506 habere
1296 1481 1382 1512 putat,
1400 1477 1432 1504 ad
1454 1484 1501 1504 eos
1518 1476 1632 1508 referre.
1647 1483 1758 1503 ent-um-

937 1531 958 1560 c
975 1535 1027 1561 que
1036 1527 1267 1554 examinatiouem
1281 1528 1308 1551 et
1320 1523 1453 1557 judicium
1466 1523 1614 1557 suscipere.
1626 1522 1652 1548 Si
1667 1523 1758 1556 itaque

976 1573 1133 1607 quisquam,
1155 1572 1198 1599 his
1225 1571 1388 1605 contemptis
1402 1590 1410 1602 ,
1441 1568 1611 1603 imperatori!
1629 1568 1758 1595 molestus

974 1626 1035 1646 esse
1061 1626 1145 1645 ausus
1169 1618 1261 1649 fuerit,
1289 1617 1312 1644 is
1343 1615 1510 1643 defensionis
1536 1615 1627 1642 loctttn
1655 1614 1757 1641 nullum

976 1665 1086 1696 habeat,
1113 1669 1161 1692 aut
1182 1671 1257 1698 spem
1284 1662 1383 1690 futura:
1408 1661 1599 1689 restitutionis.
1626 1660 1757 1694 Quamvis

975 1712 1048 1739 enim
1065 1711 1137 1738 omni
1158 1710 1297 1742 damnato,
1320 1714 1345 1736 et
1362 1715 1391 1736 se
1412 1708 1510 1742 injuria
1535 1707 1607 1735 afﬁci
1623 1706 1757 1738 credenti,

975 1757 1106 1785 Ecclesiae
1140 1756 1274 1784 auxilium
1308 1755 1491 1787 conceditur;
1530 1753 1660 1788 quoniam
1695 1759 1759 1779 vero

975 1804 1193 1839 patriarcharum
1205 1801 1346 1830 seutcnlizc
1357 1800 1532 1835 appellationi
1544 1807 1596 1827 non
1608 1798 1760 1833 subjiciun-

976 1849 1085 1883 tur.qui
1098 1853 1161 1883 post
1173 1848 1254 1875 latam
1267 1846 1429 1882 patriarcha:
1443 1844 1605 1872 sententiaut
1621 1845 1654 1871 ad
1669 1851 1758 1878 regem

974 1894 1182 1929 appellationem
1216 1893 1304 1920 facere
1330 1898 1459 1923 conatur,
1490 1891 1568 1926 juxta
1595 1896 1758 1925 praesentem

975 1947 1106 1968 canonem
1127 1939 1248 1973 punitur.

1009 1985 1094 2012 Porro
1119 1988 1207 2012 sanct.
1233 1983 1347 2018 apostol.
1374 1990 1435 2010 can.
1459 1981 1494 2010 28
1514 1981 1690 2016 episcopum,
1715 1979 1758 2006 vel

973 2031 1174 2067 presbyterum,
1191 2029 1232 2056 vel
1243 2029 1401 2061 diaconum,
1418 2029 1462 2063 qui
1478 2028 1552 2063 juste
1566 2027 1601 2054 ob
1614 2025 1758 2053 manifesta

974 2077 1089 2105 crimina
1120 2075 1281 2110 depositus,
1326 2075 1508 2102 ministerium
1547 2072 1600 2100 sibi
1635 2072 1756 2099 ablatum

975 2124 1107 2158 attingere
1135 2123 1242 2154 audeat,
1275 2122 1310 2149 ab
1339 2121 1462 2149 Ecclesia
1494 2120 1605 2148 omnino
1633 2118 1757 2146 abscindi

973 2170 1061 2205 jubet,
1108 2173 1164 2195 tum
1196 2169 1230 2195 oh
1262 2175 1397 2196 summam
1431 2168 1502 2194 forte
1534 2165 1757 2201 impudentiam,

138 2212 219 2247 τυχὸν
228 2212 279 2247 τῆς
296 2211 442 2243 αὐθαδείας
454 2211 484 2237 τδ
500 2210 605 2244 περιὸν,
618 2212 666 2237 καὶ
682 2211 724 2238 ὄτι
741 2210 830 2242 ἄλλως
841 2211 918 2238 κολα·

978 2221 1034 2243 tum
1062 2214 1135 2250 quod
1161 2214 1216 2250 jam
1242 2214 1382 2249 depositus
1408 2214 1487 2241 aliter
1510 2211 1641 2241 canonice
1671 2210 1761 2246 puniri

139 2257 238 2292 σθῆναι
253 2258 406 2289 κανονικῶς
419 2258 471 2284 οὐκ
487 2257 528 2284 ἔνι
547 2257 593 2283 τὸν
606 2258 657 2293 ἤδη
675 2257 887 2292 καθαιρεθέντα.

180 2302 210 2329 '0
225 2302 253 2329 δὲ
269 2303 305 2336 ξε¹
319 2303 369 2337 τῆς
384 2304 413 2330 ὲν
443 2303 621 2338 Καρθαγένῃ,
648 2303 763 2334 δικαίως
791 2301 924 2338 κληρικοῦ

139 2347 400 2379 καταδικασθέντος,
411 2347 490 2382 φησὶ,
502 2348 571 2382 πρὸς
584 2347 632 2374 τοῦ
647 2342 749 2374 οἶκείου
758 2348 923 2380 ἐπισκόπου,

141 2393 243 2428 μηκέτι
255 2392 382 2427 ἐκκλήτῳ
393 2392 592 2428 βοηθουμένου,
605 2393 653 2419 τοῦ
665 2391 798 2427 κληριχοῦ
810 2392 923 2427 δηλαδὴ,

138 2440 203 2470 τοὺς
215 2440 288 2474 χειρὶ
305 2439 476 2474 χρωμένους,
504 2439 553 2465 καὶ
569 2439 727 2470 κωλύοντας
744 2439 795 2473 τὴν
806 2437 929 2473 όρισθεῖε

142 2495 191 2513 σαν
205 2485 267 2512 κατ’
295 2485 378 2512 αὑτοῦ
402 2485 493 2519 ψῆφον
509 2485 556 2512 τὸν
583 2485 737 2512 ἐπίσκοπον
752 2485 924 2519 ἐπενεγκεῖν,

140 2531 275 2558 αἰτεῖσθαι
289 2531 342 2566 χρὴ
356 2531 406 2564 τὴν
421 2531 533 2557 σύνοδον
548 2531 615 2565 πρὸς
632 2530 680 2557 τοῦ
695 2531 829 2565 βασιλέως
844 2531 923 2565 ποινῇ

139 2579 252 2609 τούτους
268 2578 442 2612 χρηματικῇ,
461 2578 508 2604 καὶ
525 2577 671 2611 ἀφαιρέσει
688 2578 737 2613 τῆς
753 2578 838 2612 τιμῆς
857 2577 925 2603 ὑπο-

139 2621 296 2652 causam,
314 2621 370 2647 εἴτε
383 2621 613 2657 τῆςἚκκλησίας
630 2620 684 2648 εἷεν
700 2624 725 2648 oi
741 2622 861 2649 τοιοῦτοι
876 2622 924 2657 δή·

139 2676 203 2700 που,
215 2668 270 2694 εἴτε
285 2667 333 2694 τοῦ
347 2667 424 2701 λαοῦ,
440 2668 491 2694 κᾶν
511 2668 609 2700 ὁποίας
624 2666 676 2696 ὦσι
691 2670 737 2696 καὶ
754 2669 864 2705 ἡλικίας
877 2670 924 2696 καὶ

140 2717 258 2746 θύσεως.

179 2760 209 2786 '0
223 2760 251 2786 δὲ
264 2763 286 2786 ν’
298 2761 344 2787 καὶ
361 2761 417 2787 τῶν
433 2761 594 2787 ἐπισκόπων
610 2761 674 2794 τοὺς
689 2761 727 2797 μὴ
742 2763 805 2794 ταῖς
822 2762 924 2797 ψήφοις

140 2806 349 2838 ὃποκύπτοντας
373 2808 422 2841 τῆς
443 2808 554 2834 συνόδου
573 2809 604 2843 τῇ
618 2807 673 2834 τῶν
691 2807 832 2843 ἀρχόντων
845 2809 923 2842 ἐξου-

140 2851 187 2888 σίᾳ
206 2853 312 2880 κελεύει
325 2854 463 2882 δίδοσθαιι
478 2854 548 2890 πλὴν
565 2855 615 2882 οὐκ
634 2854 747 2889 ἔννομον
759 2855 822 2887 τοὺς
842 2856 924 2890 ἱερω-

1033 2267 1104 2289 ueat.

1033 2270 1047 2288 ll
1097 2281 1104 2288 .

976 2270 1106 2337 negarit);
1120 2309 1201 2337 etiam
1217 2305 1252 2335 05
1266 2314 1326 2342 syn.
1343 2304 1495 2338 Carth.,.Si
1516 2302 1646 2335 clericus,
1661 2301 1760 2337 inquit,

976 2362 991 2382 ε
1020 2355 1130 2390 proprio
1157 2354 1287 2389 episcopo
1312 2352 1386 2386 juste
1414 2350 1555 2385 depositus
1585 2349 1682 2380 fuerit,
1711 2354 1762 2375 nec

977 2399 1313 2437 appellationisauxilium
1338 2399 1436 2425 habeat
1470 2398 1521 2424 iste
1535 2395 1664 2428 clericus,
1679 2401 1762 2429 syno—
1808 2423 1812 2427 ,

977 2448 1028 2476 dus
1049 2455 1064 2474 a
1086 2454 1150 2481 rege
1171 2445 1299 2480 postulet,
1324 2448 1354 2471 ut
1378 2445 1424 2478 qui
1447 2441 1568 2478 potentia
1597 2445 1712 2468 utuntur
1734 2444 1762 2466 et

977 2493 1133 2527 episcopum
1151 2491 1282 2526 prolatam
1297 2493 1391 2517 contra
1417 2496 1478 2515 eutn
1505 2487 1666 2515 sententiam
1690 2484 1762 2512 inlli-

977 2549 1040 2576 gcre
1068 2547 1122 2567 non
1152 2539 1265 2570 sinunt,
1286 2545 1374 2573 poenae
1402 2534 1567 2572 pecuniaria:
1597 2537 1624 2560 et
1650 2530 1762 2558 honoris

976 2584 1120 2620 privationi
1152 2583 1359 2617 subjiciantur,
1391 2582 1450 2609 sive
1482 2581 1536 2607 sint
1570 2576 1761 2608 ecclesiastici,

977 2630 1035 2658 sive
1058 2629 1138 2662 laici,
1157 2633 1184 2656 et
1208 2628 1398 2662 cujuscunque
1424 2625 1510 2653 aetatis
1530 2623 1572 2651 vel
1595 2620 1761 2650 conditionis

975 2674 1089 2703 fuerint.

1008 2764 1123 2798 Insuper
1137 2770 1201 2790 can.
1220 2762 1254 2790 50
1269 2762 1422 2798 episcopos,
1442 2759 1489 2795 qui
1505 2758 1600 2794 synodi
1617 2755 1762 2784 sententiis

976 2817 1031 2838 nou
1051 2817 1081 2837 se
1109 2809 1285 2850 submittunt,
1304 2809 1336 2835 in
1362 2807 1571 2840 magistratuum
1601 2805 1762 2838 potestatem

976 2856 1084 2884 tradere
1106 2854 1200 2888 iubet;
1217 2848 1310 2882 rerum
1333 2853 1438 2889 justum
1466 2859 1520 2879 non
1546 2855 1597 2883 cst,
1608 2853 1637 2878 ut
1665 2848 1763 2877 sacrati
