1948 3064
202 136 266 168 1251

793 133 978 164 MATTII/EI
996 131 1206 162 BLASTAJRIS

1752 133 1824 167 1952

197 192 372 220 saecularibus
390 192 595 226 magistratibus
612 191 743 226 puniendi
758 192 911 224 tradantur,
929 189 981 218 nisi

1038 189 1134 223 μένους
1152 189 1193 219 είς
1223 188 1334 214 κόλασιν
1362 188 1506 222 κοσμικοῖς
1531 189 1647 223 ἄρχουσι
1675 190 1823 223 παραδίδο-

197 239 274 273 prius
300 238 415 274 depositi
444 238 553 265 fuerint.
582 237 640 266 Hoc
667 242 756 265 autem
786 238 824 270 fit,
853 238 895 265 vel
922 245 984 264 cum

198 284 317 318 synodus
334 284 498 310 sententiam
524 291 601 310 suam
625 283 651 310 in
669 288 760 310 actum
786 283 909 317 redigere
930 291 983 309 non

197 328 295 363 possit,
313 327 351 353 vel
370 335 430 354 cum
450 335 578 362 magnum
596 327 678 354 fuerit
700 327 843 365 delictum,
862 330 889 354 et
917 334 982 354 cen-

198 380 289 400 suram
303 373 519 400 ecclesiasticam
543 372 751 407 magistratuum
776 373 858 402 etiam
875 379 983 406 poenam

198 419 275 454 sequi
299 424 432 453 oporteat.
450 418 556 445 Etenim
578 419 600 446 si
617 423 743 446 sacratus
766 418 836 446 forte
856 418 984 446 inventus

198 466 233 492 sit
258 466 414 500 imperatori
443 465 559 493 insidias
581 469 698 497 struere,
716 469 816 499 praeter
834 465 984 500 depositio-

198 519 284 543 nem,
313 512 483 547 magistratui
515 511 662 544 tradetur,
693 515 723 538 ut
749 511 982 538 eraminationem

197 557 304 589 subeat.
332 561 359 584 et
386 556 511 583 conscios
544 557 672 591 detegat:
700 555 930 590 quemadmodum
957 560 984 583 et

200 603 325 636 praulicta
350 602 500 630 Jusliniuni
529 602 636 629 novella
661 601 714 629 125
739 603 773 630 de
789 602 824 630 iis
846 602 892 637 qui
918 605 984 630 sunt

199 647 332 682 ejusmodi
347 649 452 676 statuit.

389 727 393 730 ~
420 709 422 711 ›
544 690 634 729 Leges.

233 737 383 773 Episcopum
408 738 562 766 sacerdotio
587 738 719 766 canonice
741 738 887 770 excideris,
909 738 930 765 si
949 738 983 766 ad

200 783 293 810 urbem
307 791 339 811 ex
353 792 406 819 qua
419 784 523 819 ejectus
537 789 595 812 erat
611 784 809 819 proﬁciscatur,
825 785 866 811 vel
892 783 981 811 locum

199 829 225 855 in
245 837 300 864 quo
316 832 414 857 morari
439 831 533 865 jussus
551 836 619 862 erat,
649 831 796 865 relinquat,
821 830 892 857 alius
917 838 981 865 pro-

199 875 292 902 vinciae
308 877 475 903 monasterio
499 876 656 904 includitur.

235 921 384 956 Episcopus
416 929 432 949 a
461 923 566 958 synodo
593 922 752 957 depositus,
777 927 805 950 et
833 922 981 950 tumultum

199 968 331 998 excitans,
347 973 375 995 ut
387 968 572 1003 episcopatum
586 973 737 1003 recnperet,
753 973 862 996 centum
884 968 983 995 millia-

200 1014 276 1041 ribus
297 1014 378 1049 longe
401 1022 415 1042 a
435 1015 543 1042 civitate
560 1023 592 1042 ex
609 1023 661 1050 qua
677 1015 782 1050 ejectus
807 1019 849 1042 est
869 1015 983 1047 habitet,

200 1066 250 1086 nec
274 1060 306 1086 ad
325 1059 517 1093 imperatorem
540 1060 629 1087 adeat.
657 1060 705 1087 Sin
730 1064 820 1087 autem
844 1055 989 1095 profectus

201 1105 304 1132 litteras
325 1105 472 1139 rescriptas
496 1106 603 1138 habeat,
629 1114 667 1133 ea:
683 1106 737 1134 sint
753 1106 875 1138 inutiles,
896 1110 923 1133 ct
936 1107 983 1141 qui

200 1157 263 1177 eum
278 1151 439 1185 defenderit,
461 1151 675 1186 indignationem
692 1152 824 1179 incurrat.

203 1206 282 1241 106
292 1205 368 1234 CAP.
391 1206 426 1234 1X
438 1207 508 1243 [XI].
528 1205 603 1240 Quod
615 1207 646 1235 ob
661 1209 687 1235 id
700 1209 786 1242 ipsum
800 1209 838 1236 bis
851 1208 985 1236 vindicare

488 1251 540 1270 non
561 1248 688 1278 oporteat.

236 1289 330 1316 Canon
353 1293 443 1323 apost.
469 1289 525 1323 25,
553 1289 712 1324 Episcopus,
741 1290 841 1326 inquit,
865 1291 907 1318 vel
925 1299 986 1326 pre-

201 1335 303 1372 sbyter,
344 1336 386 1363 vel
411 1335 563 1367 diaconus,
589 1336 779 1364 fornicationis
807 1338 847 1364 vel
873 1338 984 1372 perjurii

200 1383 243 1408 vel
263 1381 328 1409 furti
347 1382 499 1413 convictus,
513 1382 677 1416 deponatur,
694 1387 721 1410 et
738 1391 792 1410 non
808 1390 983 1419 segregetur:

203 1439 212 1455 ι
231 1429 289 1456 Νοη
308 1429 379 1455 enim
407 1429 558 1456 vindicabis
582 1429 624 1456 bis
642 1429 668 1455 in
687 1429 713 1457 id
739 1430 847 1464 ipsum:
864 1440 873 1456 ι
901 1438 986 1465 quare

201 1476 246 1510 qui
266 1474 449 1503 sacerdotium
471 1474 591 1502 assecuti
612 1479 685 1507 sunt,
705 1476 830 1511 quamvis
845 1475 986 1510 deponun-

1036 234 1109 265 σθαι,
1130 235 1154 260 εἰ
1170 233 1209 268 μὴ
1224 234 1360 269 πρότερον
1373 234 1576 269 καθαιρεθεῖεν.
1600 234 1689 261 Τοῦτο
1703 236 1730 262 δὲ
1746 237 1822 270 γίνε-

1035 289 1091 312 ται,
1105 280 1121 315 ἥ
1135 281 1202 307 ὅταν
1218 280 1255 315 μὴ
1272 280 1374 314 δυνατὴ
1392 281 1407 315 ή
1422 280 1532 311 σύνοδος
1576 281 1625 316 τὴν
1636 282 1742 308 οἰκείαν
1754 283 1823 309 ἁπό-

1035 335 1118 359 φασιν
1133 326 1172 357 είς
1186 325 1267 361 ἔργον
1281 326 1444 359 ἐξενεγκεῖν,
1462 326 1477 361 ἢ
1494 327 1560 352 ὅταν
1573 327 1645 361 μέγα
1690 328 1720 353 τὸ
1734 328 1823 363 ἁμάρ-

1034 381 1121 406 τημα,
1153 373 1202 398 καὶ
1228 373 1269 398 δεῖ
1285 375 1317 406 τῇ
1345 373 1422 406 παρὰ
1441 372 1491 406 τῆς
1509 372 1688 407 Ἐκκλησίας,
1706 375 1754 400 καὶ
1773 374 1823 408 τὴν

1035 418 1113 454 παρὰ
1127 418 1181 444 τῶν
1193 418 1334 452 ἀρχόντων
1346 417 1569 452 ἐπακολουθῆσαι
1584 418 1708 444 κόλασιν.
1726 419 1756 445 Et
1767 419 1823 453 γὰρ

1035 464 1161 499 εὑρεθείη
1187 464 1270 498 τυχὸν
1302 463 1451 498 ίερωμὲνος
1485 463 1671 490 ὲπιὸουλεὺων
1707 464 1746 499 τῷ
1774 464 1824 498 βα-

1035 509 1115 541 σιλεῖ,
1137 510 1206 544 πρὸς
1224 510 1257 542 τῇ
1284 509 1459 544 καθαιρέσει,
1479 510 1595 540 καὶτοῖς
1620 510 1736 544 ἄρχουσι
1752 509 1823 543 πρὸς

1034 555 1160 587 ἐξέτασιν
1191 553 1383 589 ἑκδοθήσεται,
1413 553 1485 580 ὥστε
1512 555 1559 582 καὶ
1591 556 1733 581 κατειπεῖν
1757 555 1824 587 τοὺς

1035 601 1209 635 συνίστορας,
1226 600 1323 636 ὥσπερ
1342 600 1374 635 δὴ
1387 601 1435 626 καὶ
1456 601 1472 635 ἠ
1491 600 1608 635 meam
1630 604 1689 634 ρκγ·
1705 601 1823 628 Ἰουστι-

1034 647 1151 678 νιάνειος
1169 646 1255 682 νεαρὰ
1271 646 1336 681 περὶ
1353 646 1407 672 τῶν
1420 646 1550 672 τοιούτων
1565 646 1766 674 διακελεύεται.

1377 693 1480 726 Νόμοι.

1075 739 1242 770 Ἐπίσκοπος
1265 737 1419 769 κανονικῶς
1437 737 1488 772 τῆς
1515 737 1667 773 ἱερωσύνης
1683 738 1821 771 ἐκπεσὼν,

1033 785 1081 812 καὶ
1103 784 1254 812 ἐπιϐαίνων
1272 785 1304 819 τῇ
1318 784 1396 811 πόλει
1422 783 1470 819 ἀφ’
1489 781 1522 820 ἦς
1535 783 1683 820 ἐξεϐλήθη,
1699 785 1715 821 ἢ
1736 793 1822 811 κατα-

1034 831 1180 866 λιμπάνων
1193 831 1239 857 τὸν
1259 831 1342 857 τόπον
1356 831 1386 857 ἑν
1398 827 1419 865 ᾧ
1435 831 1541 865 διάγειν
1556 831 1720 866 ἐκελεύσθη,
1740 839 1822 866 μονα-

1036 878 1140 914 στηρίῳ
1157 878 1241 912 ἄλλης
1256 878 1393 913 ἐπαρχίας
1409 877 1591 911 ἐμϐάλλεται.

1077 923 1245 955 Ἐπίσκοπος
1259 923 1314 950 ἀπὸ
1327 923 1438 950 συνόδου
1463 923 1641 959 καθαιρεθεὶς
1653 943 1661 956 ,
1681 923 1728 950 καὶ
1740 923 1821 957 ποιή-

1037 978 1085 1000 σας
1101 978 1126 996 τι
1144 969 1296 1000 στασιῶδες
1314 968 1382 1004 πρὸς
1397 968 1427 995 τὺ
1444 968 1522 999 αὖθις
1534 969 1682 996 ἀναλαϐεῖν
1696 969 1746 1004 τὴν
1760 969 1821 994 ὲπι-

1037 1013 1154 1049 σκοπὴν,
1182 1013 1236 1040 ἀπδ
1252 1013 1351 1040 ἑκατὸν
1372 1013 1471 1047 μιλίων
1500 1011 1535 1049 ἦς
1552 1013 1685 1048 ἐξεϐλήθη
1715 1013 1822 1044 πόλεως

1035 1060 1159 1091 οἰκείτω,
1182 1059 1250 1095 μηδὲ
1280 1058 1389 1094 βασιλεῖ
1414 1059 1544 1095 προσιτδς
1567 1059 1648 1086 ἔστω.
1678 1059 1710 1086 El
1725 1059 1753 1086 δὲ
1773 1060 1822 1086 καὶ

1036 1105 1159 1140 προσιὼν
1174 1106 1332 1140 ἀντίγραφα
1347 1105 1469 1140 λήψοιτο,
1485 1105 1611 1141 ἄχρηστα
1629 1106 1715 1132 ἔστω·
1743 1107 1791 1132 καὶ
1807 1107 1821 1131 ὁ

1037 1151 1154 1178 ἐκδικῶν
1166 1151 1247 1178 αὐτὸν
1263 1151 1484 1186 ἀγανακτείσθω.

1037 1208 1164 1235 ΚΕΦΑΛ.
1183 1209 1211 1235 ϐ’
1227 1208 1318 1246 [1Α¹].
1336 1209 1404 1271 Ὀτὲ
1414 1208 1523 1277 δὶςήέπι
1544 1209 1577 1236 τὸ
1593 1209 1666 1236 αὐτὸ
1689 1207 1821 1235 ἐκδικεῖν

1367 1253 1383 1270 o
1422 1253 1458 1277 χρ
1486 1264 1491 1271 .

1367 1253 1404 1271 ου
1424 1253 1491 1271 γοη-

1367 1253 1404 1271 ou
1486 1264 1491 1271 .

1077 1291 1107 1318 ὀ
1120 1294 1158 1318 κε’
1174 1291 1229 1318 τῶν
1246 1291 1332 1326 ἁγίων
1344 1253 1503 1318 ἀποσὲλῖὶυν
1521 1291 1624 1324 κανὼν,
1641 1290 1822 1320 Ἐπίσκοπος.

1038 1339 1131 1373 φησὶν,
1159 1339 1175 1374 ἢ
1206 1339 1408 1374 πρεσὸύτερος,
1429 1338 1444 1374 ἢ
1466 1339 1603 1371 διάκονος,
1630 1339 1676 1364 ἐπὶ
1705 1337 1822 1372 πορνείᾳ

1037 1384 1129 1417 ἁλοὺς,
1146 1386 1162 1420 ἦ
1177 1384 1318 1420 ἐπιορκία,
1344 1385 1361 1420 ἦ
1376 1385 1476 1419 κλοπῇ,
1504 1384 1692 1420 καθαιρείσθω
1717 1385 1765 1411 καὶ
1781 1383 1819 1419 μή

1037 1432 1225 1466 ἀφοριζέσθω·
1243 1432 1281 1458 Οὐ
1295 1433 1348 1468 γὰρ
1361 1432 1514 1467 ἐκδικήσεις
1527 1432 1568 1462 δῖς
1585 1432 1630 1458 ἐπὶ
1647 1432 1675 1457 τδ
1686 1431 1755 1457 αὑτό
1765 1439 1771 1445 ·
1794 1430 1819 1456 οί

1037 1478 1091 1512 γὰρ
1105 1477 1231 1512 ἱερᾶσθαι
1257 1477 1398 1513 λαχόντες,
1424 1478 1449 1503 εί
1477 1477 1680 1512 καθαιρεθεῖεν,
1698 1476 1769 1502 ἀλλά
1790 1484 1820 1509 γε

203 1528 255 1553 tur,
283 1529 297 1548 a
324 1521 442 1548 fidelium
472 1526 561 1548 tamen
588 1522 782 1548 communione
809 1528 864 1548 non
891 1528 983 1555 segre-

1038 1523 1088 1558 τῆς
1112 1524 1167 1549 τῶν
1184 1524 1289 1550 πιστῶν
1313 1524 1457 1555 κοινωνίας
1483 1524 1533 1549 οὐκ
1558 1522 1748 1558 ἀφορίζονται,
1769 1522 1822 1548 κᾶν

201 1572 315 1601 gantur,
344 1566 532 1601 cuiuscunque
562 1567 685 1594 criminis
720 1567 760 1594 rei
796 1567 906 1594 fuerint.
930 1567 984 1594 Soli

202 1618 291 1640 autem
308 1616 422 1647 utraque
447 1619 525 1646 poena
550 1611 716 1644 afﬁciuntur,
740 1617 853 1647 propter
876 1613 986 1640 sceleris

203 1660 436 1694 magnitudinem,
466 1659 513 1694 qni
546 1659 670 1693 pecuniis
701 1658 743 1686 vel
776 1658 985 1693 magistratuum

202 1707 322 1741 potentia
335 1705 528 1737 sacerdotium,
540 1706 582 1732 vcl
593 1705 671 1732 aliter
682 1705 772 1739 populi
785 1704 985 1739 praesidentium

201 1752 318 1779 assecuti
334 1756 416 1783 sunt;
445 1752 494 1778 hos
519 1751 592 1777 enim
612 1751 646 1778 19
668 1759 729 1778 can.
751 1757 840 1785 apost.
861 1758 912 1777 nec
930 1757 984 1777 non

201 1796 238 1824 50
252 1804 353 1831 eosque
368 1797 414 1831 qui
432 1796 467 1823 iis
483 1796 699 1827 communiunt,
728 1803 783 1823 non
798 1796 884 1823 solum
900 1795 985 1830 depo-

202 1843 308 1876 sitioni,
322 1843 368 1870 sed
384 1843 466 1870 etiam
483 1843 662 1877 segregationi
681 1842 842 1877 subjiciunt.

237 1889 322 1917 Porro
338 1896 453 1924 magnus
480 1889 607 1921 Basilius,
623 1889 651 1916 in
675 1896 736 1916 can.
754 1889 798 1919 '52,
826 1888 928 1916 dictum
957 1889 983 1916 in

203 1936 290 1969 prima
322 1935 437 1970 epistola
462 1935 596 1961 catholica
619 1934 793 1968 evangelista;
816 1939 843 1961 et
866 1935 984 1970 theologi

198 1981 315 2008 Joannis
336 1987 486 2016 exponens,
506 1980 578 2015 quod
596 1981 631 2007 ita
657 1988 685 2007 se
700 1981 801 2007 habet:
821 1989 831 2006 ‹
849 1979 897 2009 Est
923 1988 985 2016 pec-

201 2033 288 2053 catum
306 2027 339 2054 ad
364 2030 489 2057 mm‘tem,
512 2031 538 2053 et
561 2030 602 2053 est
617 2031 757 2060 peccatum
783 2034 838 2054 non
855 2030 890 2053 ad
914 2034 985 2053 mor-

202 2078 266 2105 tem,
286 2083 294 2099 I
323 2073 372 2105 ait,
394 2073 521 2103 clericos,
549 2073 595 2107 qui
626 2079 765 2107 peccatum
806 2073 839 2099 ad
868 2077 983 2099 mortem

199 2120 368 2150 admittunt,
397 2119 469 2153 quod
496 2118 600 2146 scilicet
625 2119 658 2145 ad
685 2120 776 2146 actum
800 2118 983 2153 progreditur,

200 2165 345 2192 sacerdotii
375 2165 460 2199 gradu
493 2164 640 2196 excidere,
677 2172 772 2191 verum
801 2171 815 2191 a
850 2165 982 2192 laioorum

200 2211 404 2240 communione,
429 2209 577 2244 quOminus
601 2216 663 2236 cum
688 2210 721 2236 iis
745 2214 900 2244 precentur,
927 2218 982 2237 non

201 2256 306 2288 arceri;
326 2255 351 2281 in
378 2254 453 2281 nullo
472 2254 544 2281 enim
562 2261 594 2281 ex
612 2254 699 2281 tribus
725 2255 891 2289 paenitentiae
915 2255 983 2283 locis

198 2302 333 2333 stabunt;
363 2307 424 2327 nam
445 2307 497 2326 non
534 2299 686 2326 vindicabis
718 2299 761 2327 bis
790 2300 817 2327 in
853 2300 981 2335 idipsum.

199 2346 435 2380 Quemadmodum
454 2345 526 2372 enim
542 2349 683 2379 peccatum
702 2351 764 2372 actu
782 2345 934 2373 admissum
950 2347 982 2374 ad

202 2398 317 2420 mortem
333 2393 430 2419 animae
447 2391 516 2418 ferre
535 2391 612 2423 dicit,
637 2391 844 2419 fornicationem
867 2392 981 2425 scilicet,

201 2441 242 2466 vel
255 2438 444 2469 homicidium,
463 2438 505 2464 vel
520 2437 629 2469 similia,
642 2438 680 2464 sic
694 2437 770 2471 quod
783 2437 817 2463 ad
842 2438 983 2466 consulta-

175 2479 178 2482 ’
201 2486 301 2512 tionem
331 2488 436 2511 tantum
466 2487 493 2510 et
520 2490 686 2510 consensum
715 2483 898 2518 progreditur,
926 2491 981 2511 non

201 2529 309 2564 quidem
324 2521 562 2562 irreprehensibile
584 2535 656 2560 esse,
683 2527 730 2554 sed
756 2531 844 2554 tamen
865 2532 981 2554 mortem

200 2576 313 2603 omnino
340 2575 437 2601 animae
460 2581 513 2600 non
539 2574 696 2604 conciliare,
724 2573 792 2600 adeo
820 2576 848 2599 ut
874 2573 983 2607 deposia

201 2623 300 2649 tionem
319 2622 437 2654 inducat,
450 2620 527 2655 juxta
538 2620 553 2646 4
566 2627 629 2646 can.
643 2627 704 2654 syn.
720 2617 884 2651 Nemea-san,
901 2627 981 2653 quem

199 2677 306 2704 qttacras
331 2671 356 2695 in
377 2676 437 2702 cap.
456 2667 489 2694 15
508 2667 559 2693 litt.
577 2666 610 2693 Π.
631 2665 723 2700 Neque
736 2665 808 2691 enim
834 2665 982 2693 fornicator

197 2715 375 2750 jndicabitur,
406 2713 452 2746 qui
482 2712 611 2739 fornicari
639 2711 795 2746 proposuit,
819 2719 888 2746 opus
917 2720 981 2739 vero

201 2769 253 2789 non
273 2760 395 2795 perfecit.
421 2759 553 2786 Similiter
579 2758 613 2784 dc
636 2759 710 2784 caede
735 2758 901 2784 censendum
927 2763 979 2790 est,

200 2810 231 2832 ut
254 2805 319 2831 dicit
339 2811 454 2838 magnus
473 2803 626 2837 ’fheologus
649 2801 819 2836 tlregorius:
848 2802 876 2828 Si
900 2804 981 2830 crdis

202 2852 316 2878 damnas
337 2850 500 2877 homicidam
526 2857 557 2877 ex
576 2857 608 2876 eo
631 2849 689 2876 solo
704 2849 775 2883 quod
796 2850 934 2883 cogitavit.
954 2855 979 2876 ct

1036 1570 1187 1604 οίῳδήποτε
1207 1569 1290 1597 πάθει
1308 1569 1494 1605 περιπαρῶσι.
1519 1569 1602 1595 Μόνοι
1629 1577 1661 1602 γε
1692 1568 1746 1603 μὴν
1765 1568 1820 1593 τῶν

1035 1615 1156 1642 εὐθυνῶν
1184 1616 1351 1651 ἀμφοτέρων
1371 1616 1507 1650 τιμῶνται
1540 1614 1584 1641 διὰ
1599 1614 1629 1640 τὸ
1656 1613 1753 1648 περιδν
1770 1614 1821 1648 τῆς

1035 1662 1146 1694 κακίας,
1163 1662 1188 1688 οί
1214 1662 1260 1688 διὰ
1283 1661 1437 1697 χρημάτων
1460 1662 1476 1696 ἢ
1493 1661 1651 1691 δυναστείας
1667 1660 1818 1695 ἀρχόντων,

1036 1706 1198 1742 ἱερωσύνην,
1227 1706 1243 1741 ἢ
1264 1706 1431 1742 προστασίαν
1457 1707 1544 1737 ἄλλως
1569 1705 1635 1732 λαοῦ
1655 1704 1818 1739 δεξάμενοι·

1035 1753 1148 1784 τούτους
1162 1752 1216 1788 γὰρ
1233 1753 1246 1779 ό
1258 1753 1299 1779 κθ¹
1316 1752 1496 1783 ἀποστολικδς
1511 1751 1614 1783 κανὼν,
1629 1751 1671 1777 ἐτι
1698 1751 1726 1777 δὲ
1742 1751 1790 1777 καὶ
1806 1750 1819 1775 ὖ

1034 1798 1056 1825 λ’
1072 1799 1119 1825 καὶ
1133 1799 1196 1830 τοὺς
1212 1799 1305 1830 αὐτοῖς
1318 1799 1526 1830 κοινωνοῦντας,
1540 1798 1571 1825 οὐ
1590 1797 1672 1832 μόνον
1684 1796 1816 1832 καθαιρέ·

1037 1853 1088 1877 σεε,
1102 1845 1170 1871 ἀλλὰ
1187 1845 1235 1870 καὶ
1252 1844 1398 1879 ἁφορισμῷ
1411 1845 1585 1880 ὑποτίθησιν.

1075 1891 1105 1918 'O
1120 1892 1149 1917 δὲ
1168 1891 1256 1926 μέγας
1275 1892 1415 1923 Rufum;
1434 1893 1462 1918 ὲν
1483 1893 1522 1927 τῷ
1541 1893 1581 1928 λβ⁹
1598 1893 1695 1920 κανόνι
1711 1893 1762 1928 τὴν
1789 1893 1818 1918 ἑν

1035 1938 1066 1972 τῇ
1082 1937 1178 1973 πρώτῃ
1194 1937 1249 1964 τῶν
1266 1937 1421 1964 καθολικῶν
1435 1937 1483 1964 τοῦ
1510 1938 1706 1972 εὐαγγελιστοῦ
1724 1939 1818 1964 Ὶωάν-

1035 1992 1080 2009 νου
1096 1984 1142 2010 καὶ
1155 1983 1288 2017 Θεολόγου
1310 1983 1424 2015 ἐκλέξας
1454 1984 1559 2019 φωνὴν,
1575 1985 1624 2019 τὴν
1641 1985 1743 2010 οὑτωσί
1761 1992 1818 2014 πως

1034 2028 1204 2061 διεξιοῦιιαν⁸
1225 2039 1234 2054 ι
1257 2030 1353 2055 Ἔστιν
1370 2029 1497 2064 ἁμαρτία
1518 2030 1586 2064 πρὸς
1612 2029 1740 2062 Θάνατον,
1772 2030 1818 2054 καὶ

1034 2073 1108 2099 ἐστιν
1121 2073 1243 2108 ἁμαρτία
1260 2074 1290 2099 οὐ
1317 2073 1385 2107 προς
1409 2074 1525 2100 Θάνατον
1536 2081 1544 2088 ·
1567 2082 1576 2099 ι
1593 2074 1656 2104 τοὺς
1673 2073 1721 2108 τὴν
1750 2073 1818 2106 πρ’ς

1034 2118 1149 2145 θάνατον
1159 2118 1310 2153 ἁμαρτίαν,
1324 2120 1417 2154 φησὶν,
1429 2119 1642 2155 ἁμαρτάνοντας
1654 2120 1816 2154 κληρικοὺς,

1033 2163 1083 2197 τὴν
1107 2163 1188 2198 μέχρι
1214 2164 1340 2197 πράξεως
1365 2163 1468 2199 δηλαδὴ
1496 2164 1818 2199 πρυχωρήσασαν,ικπί-

1035 2216 1114 2235 πτειν
1140 2209 1190 2244 μὲν
1219 2209 1266 2235 τοῦ
1290 2209 1395 2245 βαθμοῦ
1413 2210 1464 2245 τῆς
1493 2210 1657 2246 ἱερωσύνης,
1673 2210 1724 2245 τῆς
1740 2211 1769 2237 ἐν
1785 2211 1817 2245 τῇ

1035 2255 1101 2288 εὑχῇ
1113 2254 1141 2280 δὲ
1155 2255 1300 2286 κοινωνίας
1310 2257 1363 2282 τῶν
1374 2256 1476 2284 λαῐκῶν
1501 2257 1540 2292 μὴ
1563 2256 1738 2292 ὲξείργεσθαι
1750 2265 1758 2272 ·
1789 2257 1817 2282 ὲν

1035 2300 1124 2326 οὐδενὶ
1139 2301 1194 2335 γὰρ
1209 2301 1265 2328 τῶν
1278 2302 1401 2337 τέτραχα
1428 2303 1631 2338 διαιρουμένων
1654 2302 1703 2336 τῆς
1733 2311 1819 2337 μετα-

1034 2345 1109 2377 νοίας
1126 2346 1310 2381 σταθήσονται
1330 2349 1438 2374 τύπων
1472 2350 1502 2375 οὐ
1519 2349 1574 2384 γὰρ
1602 2349 1757 2383 ὲκδικὴσεις
1778 2350 1818 2380 δὶς

1034 2392 1080 2418 ἐπὶ
1091 2392 1122 2418 τὸ
1130 2392 1324 2433 αὐτό..¹¹Ωσπερ
1335 2394 1362 2420 δὲ
1373 2394 1422 2429 τὴν
1430 2394 1590 2430 ἔμπρακτον
1598 2395 1738 2431 ἁμαρτίαν
1751 2396 1819 2430 πρὸς

1035 2436 1153 2463 θάνατον
1166 2438 1242 2472 λέγει
1259 2439 1354 2473 φέρειν
1368 2440 1415 2466 τὸν
1433 2441 1483 2474 τῆς
1504 2441 1606 2475 ψυχῆς,
1628 2440 1758 2475 πορνείαν
1770 2449 1818 2466 τυ-

1034 2483 1092 2517 χὸν,
1112 2483 1129 2517 ἢ
1146 2483 1244 2518 φόνον,
1270 2485 1287 2520 ἦ
1313 2493 1340 2511 τι
1356 2485 1410 2511 τῶν
1424 2486 1568 2518 τοιούτων,
1584 2485 1656 2512 οὕτω
1680 2486 1730 2521 τὴν
1754 2485 1818 2521 ἄχρι

1035 2528 1134 2564 βουλῆς
1150 2530 1197 2556 καὶ
1212 2530 1441 2564 συγκαταθέσεως
1457 2531 1617 2566 προϊοῦσαν,
1633 2532 1682 2558 οὐκ
1693 2531 1818 2558 ἀνεπιτί-

1036 2584 1122 2610 μητον
1139 2576 1189 2611 μὲν
1203 2574 1284 2609 εἶναι,
1302 2576 1333 2603 οὐ
1347 2577 1400 2612 μὴν
1414 2577 1517 2604 καὶτὸν
1529 2578 1651 2612 παντελῆ
1664 2579 1713 2612 τῆς
1726 2577 1817 2613 ψυχῆς

1036 2622 1237 2656 μνηστεύεσθαι
1268 2622 1397 2655 θάνατον,
1421 2623 1491 2649 ὥστε
1515 2623 1564 2649 καὶ
1592 2623 1754 2658 καθαίρεσιν
1769 2624 1818 2649 ὲπ-

1034 2666 1122 2700 άγειν,
1135 2668 1208 2694 κατὰ
1218 2668 1266 2694 τὸν
1277 2668 1298 2694 δ’
1312 2668 1363 2702 τῆς
1378 2670 1407 2694 ἐν
1426 2669 1630 2704 Νεοκαισαρείᾳ
1646 2669 1756 2696 συνόδου
1771 2678 1818 2696 κα-

1033 2713 1108 2745 νόνα,
1124 2713 1153 2739 ὃν
1169 2713 1244 2748 ζήτει
1266 2714 1294 2740 ὲν
1310 2714 1348 2749 τῷ
1365 2717 1395 2741 ιε’
1411 2723 1476 2748 κεφ.
1499 2714 1546 2741 τοῦ
1563 2715 1584 2741 Π
1600 2715 1746 2749 στοιχείου.
1767 2716 1818 2741 Οὑ-

1033 2759 1061 2785 δὲ
1075 2759 1130 2794 γὰρ
1146 2760 1179 2786 ἂν
1198 2761 1297 2794 πόρνος
1309 2761 1429 2796 κριθείη,
1443 2762 1457 2787 ὁ
1473 2761 1625 2796 πορνεῦσαι
1652 2761 1703 2795 μὲν
1719 2761 1818 2796 προθέ-

1034 2813 1127 2839 μενος,
1140 2805 1190 2840 τὴν
1205 2806 1304 2841 πρᾶξιν
1318 2806 1346 2832 δὲ
1365 2807 1402 2842 μὴ
1412 2806 1524 2838 τελέσας
1535 2815 1542 2821 ·
1553 2806 1590 2838 ὡς
1606 2807 1634 2833 δι
1653 2808 1701 2833 καὶ
1714 2807 1761 2833 ἐπὶ
1769 2807 1816 2832 τοῦ

1033 2851 1139 2885 φονέως
1152 2852 1300 2886 λογιστέον,
1313 2852 1350 2883 ὥς
1365 2861 1447 2887 φησιν
1461 2853 1474 2879 ὁ
1498 2853 1583 2891 μέγας
1598 2853 1731 2887 Θεολόγος
1746 2852 1814 2887 Γρη-
