  <div class='ocr_page' id='page_1' title='image "/cluster/home/n/w/nwhite01/storage/ocr_20150623/144/njp.32101010942892/670.png"; bbox 0 0 1948 3064; ppageno 0'>
   <div class='ocr_carea' id='block_1_1' title="bbox 111 137 180 169">
    <p class='ocr_par' dir='ltr' id='par_1_1' title="bbox 111 137 180 169">
     <span class='ocr_line' id='line_1_1' title="bbox 111 137 180 169; baseline -0.014 0"><span class='ocrx_word' id='word_1_1' title='bbox 111 137 180 169; x_wconf 78' lang='grc'><strong>1253</strong></span> 
     </span>
    </p>
   </div>
   <div class='ocr_carea' id='block_1_2' title="bbox 607 133 1239 166">
    <p class='ocr_par' dir='ltr' id='par_1_2' title="bbox 607 133 1239 166">
     <span class='ocr_line' id='line_1_2' title="bbox 607 133 1239 166; baseline 0.005 -3"><span class='ocrx_word' id='word_1_2' title='bbox 607 133 812 164; x_wconf 79' lang='lat' dir='ltr'><strong>SYNTAGMA</strong></span> <span class='ocrx_word' id='word_1_3' title='bbox 833 134 1148 166; x_wconf 73' lang='lat' dir='ltr'><strong>ALPHABETICUM.</strong></span> <span class='ocrx_word' id='word_1_4' title='bbox 1166 147 1200 152; x_wconf 83' lang='grc'><strong><em>-</em></strong></span> <span class='ocrx_word' id='word_1_5' title='bbox 1212 134 1239 166; x_wconf 65' lang='grc' dir='ltr'><strong>Α.</strong></span> 
     </span>
    </p>
   </div>
   <div class='ocr_carea' id='block_1_3' title="bbox 1676 137 1743 170">
    <p class='ocr_par' dir='ltr' id='par_1_3' title="bbox 1676 137 1743 170">
     <span class='ocr_line' id='line_1_3' title="bbox 1676 137 1743 170; baseline 0.03 -2"><span class='ocrx_word' id='word_1_6' title='bbox 1676 137 1743 170; x_wconf 73' lang='grc' dir='ltr'><strong>12ἐι4</strong></span> 
     </span>
    </p>
   </div>
   <div class='ocr_carea' id='block_1_4' title="bbox 113 189 896 229">
    <p class='ocr_par' dir='ltr' id='par_1_4' title="bbox 113 189 896 228">
     <span class='ocr_line' id='line_1_4' title="bbox 113 189 896 228; baseline -0.004 -8"><span class='ocrx_word' id='word_1_7' title='bbox 113 194 216 228; x_wconf 74' lang='grc' dir='ltr'>γόριος,</span> <span class='ocrx_word' id='word_1_8' title='bbox 239 191 271 218; x_wconf 74' lang='lat' dir='ltr'><strong>Ei</strong></span> <span class='ocrx_word' id='word_1_9' title='bbox 287 191 392 227; x_wconf 77' lang='grc' dir='ltr'>κρίνεις</span> <span class='ocrx_word' id='word_1_10' title='bbox 413 190 496 225; x_wconf 81' lang='grc' dir='ltr'>φόνου</span> <span class='ocrx_word' id='word_1_11' title='bbox 510 189 556 217; x_wconf 75' lang='grc' dir='ltr'><strong>τὸν</strong></span> <span class='ocrx_word' id='word_1_12' title='bbox 575 191 689 224; x_wconf 69' lang='grc' dir='ltr'>φονικὸν</span> <span class='ocrx_word' id='word_1_13' title='bbox 702 190 734 217; x_wconf 80' lang='grc' dir='ltr'>ὲκ</span> <span class='ocrx_word' id='word_1_14' title='bbox 753 191 836 225; x_wconf 85' lang='grc' dir='ltr'><strong>μόνου</strong></span> <span class='ocrx_word' id='word_1_15' title='bbox 851 190 896 217; x_wconf 84' lang='grc' dir='ltr'>τοῦ</span> 
     </span>
    </p>
   </div>
   <div class='ocr_carea' id='block_1_5' title="bbox 953 189 1745 229">
    <p class='ocr_par' dir='ltr' id='par_1_5' title="bbox 953 191 1745 229">
     <span class='ocr_line' id='line_1_5' title="bbox 953 191 1745 229; baseline 0.008 -12"><span class='ocrx_word' id='word_1_16' title='bbox 953 198 1012 226; x_wconf 68' lang='lat' dir='ltr'><strong>qum</strong></span> <span class='ocrx_word' id='word_1_17' title='bbox 1030 197 1193 226; x_wconf 87' lang='lat' dir='ltr'><strong>sequuntur.</strong></span> <span class='ocrx_word' id='word_1_18' title='bbox 1211 191 1310 220; x_wconf 89' lang='lat' dir='ltr'><strong>Dicunt</strong></span> <span class='ocrx_word' id='word_1_19' title='bbox 1331 197 1423 221; x_wconf 83' lang='lat' dir='ltr'><strong>autem</strong></span> <span class='ocrx_word' id='word_1_20' title='bbox 1451 194 1574 222; x_wconf 86' lang='lat' dir='ltr'><strong>nonnulli</strong></span> <span class='ocrx_word' id='word_1_21' title='bbox 1600 202 1745 229; x_wconf 78' lang='lat' dir='ltr'><strong>peccatum</strong></span> 
     </span>
    </p>
   </div>
   <div class='ocr_carea' id='block_1_6' title="bbox 111 237 897 275">
    <p class='ocr_par' dir='ltr' id='par_1_6' title="bbox 111 237 897 275">
     <span class='ocr_line' id='line_1_6' title="bbox 111 237 897 275; baseline -0.003 -10"><span class='ocrx_word' id='word_1_22' title='bbox 111 238 268 275; x_wconf 79' lang='grc' dir='ltr'>βούλεσθαι,</span> <span class='ocrx_word' id='word_1_23' title='bbox 284 238 332 264; x_wconf 78' lang='grc' dir='ltr'>καὶ</span> <span class='ocrx_word' id='word_1_24' title='bbox 346 238 380 264; x_wconf 77' lang='grc' dir='ltr'><strong>τὰ</strong></span> <span class='ocrx_word' id='word_1_25' title='bbox 396 237 472 271; x_wconf 74' lang='grc' dir='ltr'><strong>ἑξῆς.</strong></span> <span class='ocrx_word' id='word_1_26' title='bbox 484 237 562 268; x_wconf 76' lang='grc' dir='ltr'>Τινὲς</span> <span class='ocrx_word' id='word_1_27' title='bbox 574 237 602 263; x_wconf 77' lang='grc' dir='ltr'>δέ</span> <span class='ocrx_word' id='word_1_28' title='bbox 618 244 686 270; x_wconf 84' lang='grc' dir='ltr'>φασι</span> <span class='ocrx_word' id='word_1_29' title='bbox 696 237 763 272; x_wconf 78' lang='grc' dir='ltr'>πρὸς</span> <span class='ocrx_word' id='word_1_30' title='bbox 780 237 897 264; x_wconf 83' lang='grc' dir='ltr'>θάνατον</span> 
     </span>
    </p>
   </div>
   <div class='ocr_carea' id='block_1_7' title="bbox 110 284 898 321">
    <p class='ocr_par' dir='ltr' id='par_1_7' title="bbox 110 284 898 321">
     <span class='ocr_line' id='line_1_7' title="bbox 110 284 898 321; baseline -0.006 -6"><span class='ocrx_word' id='word_1_31' title='bbox 110 286 182 315; x_wconf 69' lang='grc' dir='ltr'>εἶναι</span> <span class='ocrx_word' id='word_1_32' title='bbox 199 287 354 321; x_wconf 79' lang='grc' dir='ltr'>ἁμάρτημα</span> <span class='ocrx_word' id='word_1_33' title='bbox 367 286 397 312; x_wconf 74' lang='grc' dir='ltr'><strong>τὸ</strong></span> <span class='ocrx_word' id='word_1_34' title='bbox 409 285 532 319; x_wconf 79' lang='grc' dir='ltr'><strong>κεφαλῆς</strong></span> <span class='ocrx_word' id='word_1_35' title='bbox 545 284 704 319; x_wconf 75' lang='grc' dir='ltr'><strong>ἀφαίρεσιν,</strong></span> <span class='ocrx_word' id='word_1_36' title='bbox 719 285 766 310; x_wconf 72' lang='grc' dir='ltr'>καὶ</span> <span class='ocrx_word' id='word_1_37' title='bbox 780 284 898 311; x_wconf 77' lang='grc' dir='ltr'>θάνατον</span> 
     </span>
    </p>
   </div>
   <div class='ocr_carea' id='block_1_8' title="bbox 110 328 898 366">
    <p class='ocr_par' dir='ltr' id='par_1_8' title="bbox 110 328 898 366">
     <span class='ocr_line' id='line_1_8' title="bbox 110 328 898 366; baseline -0.005 -6"><span class='ocrx_word' id='word_1_38' title='bbox 110 333 215 365; x_wconf 73' lang='grc' dir='ltr'>ἐπάγον</span> <span class='ocrx_word' id='word_1_39' title='bbox 225 332 264 366; x_wconf 84' lang='grc' dir='ltr'>τῷ</span> <span class='ocrx_word' id='word_1_40' title='bbox 276 330 474 366; x_wconf 79' lang='grc' dir='ltr'><strong>ἁμαρτάνοντι,</strong></span> <span class='ocrx_word' id='word_1_41' title='bbox 487 329 535 356; x_wconf 77' lang='grc' dir='ltr'>καὶ</span> <span class='ocrx_word' id='word_1_42' title='bbox 545 329 650 363; x_wconf 88' lang='grc' dir='ltr'>κρίνειν</span> <span class='ocrx_word' id='word_1_43' title='bbox 660 329 707 355; x_wconf 77' lang='grc' dir='ltr'>τὸν</span> <span class='ocrx_word' id='word_1_44' title='bbox 718 328 797 362; x_wconf 74' lang='grc' dir='ltr'>ἅγιον</span> <span class='ocrx_word' id='word_1_45' title='bbox 813 329 898 364; x_wconf 81' lang='grc' dir='ltr'>μηδὲν</span> 
     </span>
    </p>
   </div>
   <div class='ocr_carea' id='block_1_9' title="bbox 111 375 899 412">
    <p class='ocr_par' dir='ltr' id='par_1_9' title="bbox 111 375 899 412">
     <span class='ocr_line' id='line_1_9' title="bbox 111 375 899 412; baseline -0.003 -7"><span class='ocrx_word' id='word_1_46' title='bbox 111 379 193 405; x_wconf 78' lang='grc' dir='ltr'>πλέον</span> <span class='ocrx_word' id='word_1_47' title='bbox 208 377 259 412; x_wconf 82' lang='grc' dir='ltr'>τῆς</span> <span class='ocrx_word' id='word_1_48' title='bbox 279 376 470 411; x_wconf 78' lang='grc' dir='ltr'><strong>καθαιρέσεως</strong></span> <span class='ocrx_word' id='word_1_49' title='bbox 489 375 534 401; x_wconf 80' lang='grc' dir='ltr'>τὸν</span> <span class='ocrx_word' id='word_1_50' title='bbox 556 375 634 410; x_wconf 83' lang='grc' dir='ltr'>ίερέα</span> <span class='ocrx_word' id='word_1_51' title='bbox 650 375 828 409; x_wconf 69' lang='grc' dir='ltr'><strong>ὑφίστασθαι,</strong></span> <span class='ocrx_word' id='word_1_52' title='bbox 846 376 899 403; x_wconf 75' lang='grc' dir='ltr'>κᾶν</span> 
     </span>
    </p>
   </div>
   <div class='ocr_carea' id='block_1_10' title="bbox 112 420 899 459">
    <p class='ocr_par' dir='ltr' id='par_1_10' title="bbox 112 420 899 459">
     <span class='ocr_line' id='line_1_10' title="bbox 112 420 899 459; baseline -0.003 -8"><span class='ocrx_word' id='word_1_53' title='bbox 112 425 242 459; x_wconf 78' lang='grc' dir='ltr'><strong>μεγάλων</strong></span> <span class='ocrx_word' id='word_1_54' title='bbox 256 422 408 459; x_wconf 77' lang='grc' dir='ltr'>αὐτουργὸς</span> <span class='ocrx_word' id='word_1_55' title='bbox 425 422 538 456; x_wconf 80' lang='grc' dir='ltr'>γέγονεν</span> <span class='ocrx_word' id='word_1_56' title='bbox 554 422 748 457; x_wconf 78' lang='grc' dir='ltr'>ἐγκλημάτων,</span> <span class='ocrx_word' id='word_1_57' title='bbox 767 420 785 448; x_wconf 77' lang='grc' dir='ltr'>ἃ</span> <span class='ocrx_word' id='word_1_58' title='bbox 801 422 832 456; x_wconf 81' lang='grc' dir='ltr'>δὴ</span> <span class='ocrx_word' id='word_1_59' title='bbox 850 423 899 449; x_wconf 76' lang='grc' dir='ltr'>καὶ</span> 
     </span>
    </p>
   </div>
   <div class='ocr_carea' id='block_1_11' title="bbox 111 467 898 504">
    <p class='ocr_par' dir='ltr' id='par_1_11' title="bbox 111 467 898 504">
     <span class='ocr_line' id='line_1_11' title="bbox 111 467 898 504; baseline -0.004 -6"><span class='ocrx_word' id='word_1_60' title='bbox 111 471 227 498; x_wconf 85' lang='grc' dir='ltr'>θάνατον</span> <span class='ocrx_word' id='word_1_61' title='bbox 242 470 315 497; x_wconf 80' lang='grc' dir='ltr'>κατὰ</span> <span class='ocrx_word' id='word_1_62' title='bbox 343 469 407 500; x_wconf 77' lang='grc' dir='ltr'>τοὺς</span> <span class='ocrx_word' id='word_1_63' title='bbox 432 469 544 503; x_wconf 82' lang='grc' dir='ltr'>νόμους,</span> <span class='ocrx_word' id='word_1_64' title='bbox 564 468 612 494; x_wconf 82' lang='grc' dir='ltr'>καὶ</span> <span class='ocrx_word' id='word_1_65' title='bbox 638 467 791 503; x_wconf 84' lang='grc' dir='ltr'>κεφαλικὴν</span> <span class='ocrx_word' id='word_1_66' title='bbox 818 469 850 495; x_wconf 74' lang='grc' dir='ltr'>τὸ</span> <span class='ocrx_word' id='word_1_67' title='bbox 865 469 898 504; x_wconf 78' lang='grc' dir='ltr'>δὴ</span> 
     </span>
    </p>
   </div>
   <div class='ocr_carea' id='block_1_12' title="bbox 110 512 581 550">
    <p class='ocr_par' dir='ltr' id='par_1_12' title="bbox 110 512 581 550">
     <span class='ocr_line' id='line_1_12' title="bbox 110 512 581 550; baseline -0.008 -8"><span class='ocrx_word' id='word_1_68' title='bbox 110 515 259 550; x_wconf 78' lang='grc' dir='ltr'>λεγόμενον</span> <span class='ocrx_word' id='word_1_69' title='bbox 276 514 440 548; x_wconf 72' lang='grc' dir='ltr'><strong>ἐφέλκονται</strong></span> <span class='ocrx_word' id='word_1_70' title='bbox 454 512 581 540; x_wconf 82' lang='grc' dir='ltr'><strong>κόλασιν.</strong></span> 
     </span>
    </p>
   </div>
   <div class='ocr_carea' id='block_1_13' title="bbox 153 559 900 596">
    <p class='ocr_par' dir='ltr' id='par_1_13' title="bbox 153 559 900 596">
     <span class='ocr_line' id='line_1_13' title="bbox 153 559 900 596; baseline -0.003 -8"><span class='ocrx_word' id='word_1_71' title='bbox 153 561 198 588; x_wconf 83' lang='grc' dir='ltr'>Ἐν</span> <span class='ocrx_word' id='word_1_72' title='bbox 211 561 240 587; x_wconf 78' lang='grc' dir='ltr'>δὲ</span> <span class='ocrx_word' id='word_1_73' title='bbox 251 561 290 596; x_wconf 86' lang='grc' dir='ltr'>τῷ</span> <span class='ocrx_word' id='word_1_74' title='bbox 304 560 346 586; x_wconf 74' lang='lat' dir='ltr'><strong>va’</strong></span> <span class='ocrx_word' id='word_1_75' title='bbox 358 561 425 595; x_wconf 84' lang='grc' dir='ltr'>μίαν</span> <span class='ocrx_word' id='word_1_76' title='bbox 436 559 482 586; x_wconf 73' lang='grc' dir='ltr'><strong>ἐπὶ</strong></span> <span class='ocrx_word' id='word_1_77' title='bbox 493 560 550 590; x_wconf 85' lang='grc' dir='ltr'>τοῖς</span> <span class='ocrx_word' id='word_1_78' title='bbox 559 559 752 594; x_wconf 77' lang='grc' dir='ltr'>παραπεσοῦσι</span> <span class='ocrx_word' id='word_1_79' title='bbox 767 559 822 586; x_wconf 83' lang='grc' dir='ltr'><strong>τῶν</strong></span> <span class='ocrx_word' id='word_1_80' title='bbox 833 559 900 595; x_wconf 84' lang='grc' dir='ltr'>κλη-</span> 
     </span>
    </p>
   </div>
   <div class='ocr_carea' id='block_1_14' title="bbox 112 605 898 643">
    <p class='ocr_par' dir='ltr' id='par_1_14' title="bbox 112 605 898 643">
     <span class='ocr_line' id='line_1_14' title="bbox 112 605 898 643; baseline -0.001 -9"><span class='ocrx_word' id='word_1_81' title='bbox 112 607 197 643; x_wconf 84' lang='grc' dir='ltr'>ρικῶν</span> <span class='ocrx_word' id='word_1_82' title='bbox 212 607 343 634; x_wconf 83' lang='grc' dir='ltr'>ἁπάντων</span> <span class='ocrx_word' id='word_1_83' title='bbox 368 606 417 640; x_wconf 86' lang='grc' dir='ltr'>τὴν</span> <span class='ocrx_word' id='word_1_84' title='bbox 443 606 582 641; x_wconf 84' lang='grc' dir='ltr'>τιμωρίαν</span> <span class='ocrx_word' id='word_1_85' title='bbox 594 605 742 641; x_wconf 80' lang='grc' dir='ltr'>ὡρίσαντο,</span> <span class='ocrx_word' id='word_1_86' title='bbox 762 607 858 641; x_wconf 78' lang='grc' dir='ltr'>φησὶν,</span> <span class='ocrx_word' id='word_1_87' title='bbox 872 607 898 633; x_wconf 71' lang='lat' dir='ltr'><strong>ot</strong></span> 
     </span>
    </p>
   </div>
   <div class='ocr_carea' id='block_1_15' title="bbox 111 651 898 689">
    <p class='ocr_par' dir='ltr' id='par_1_15' title="bbox 111 651 898 689">
     <span class='ocr_line' id='line_1_15' title="bbox 111 651 898 689; baseline -0.003 -8"><span class='ocrx_word' id='word_1_88' title='bbox 111 655 248 688; x_wconf 79' lang='grc' dir='ltr'>Πατέρες,</span> <span class='ocrx_word' id='word_1_89' title='bbox 274 654 326 689; x_wconf 79' lang='grc' dir='ltr'>τὴν</span> <span class='ocrx_word' id='word_1_90' title='bbox 349 653 488 680; x_wconf 70' lang='grc' dir='ltr'>ἔκπτωσιν</span> <span class='ocrx_word' id='word_1_91' title='bbox 514 652 567 686; x_wconf 74' lang='grc' dir='ltr'>τῆς</span> <span class='ocrx_word' id='word_1_92' title='bbox 597 651 764 687; x_wconf 76' lang='grc' dir='ltr'><strong>ὑπηρεσίας,</strong></span> <span class='ocrx_word' id='word_1_93' title='bbox 793 652 849 679; x_wconf 69' lang='grc' dir='ltr'>εἴτε</span> <span class='ocrx_word' id='word_1_94' title='bbox 867 653 898 679; x_wconf 74' lang='grc' dir='ltr'>ὲν</span> 
     </span>
    </p>
   </div>
   <div class='ocr_carea' id='block_1_16' title="bbox 112 698 897 735">
    <p class='ocr_par' dir='ltr' id='par_1_16' title="bbox 112 698 897 735">
     <span class='ocr_line' id='line_1_16' title="bbox 112 698 897 735; baseline -0.001 -9"><span class='ocrx_word' id='word_1_95' title='bbox 112 700 210 735; x_wconf 85' lang='grc' dir='ltr'>βαθμῷ</span> <span class='ocrx_word' id='word_1_96' title='bbox 224 699 334 735; x_wconf 72' lang='grc' dir='ltr'><strong>¹ιὺχοιεν</strong></span> <span class='ocrx_word' id='word_1_97' title='bbox 348 699 437 732; x_wconf 69' lang='grc' dir='ltr'>ὅντες,</span> <span class='ocrx_word' id='word_1_98' title='bbox 453 699 502 726; x_wconf 79' lang='grc' dir='ltr'>καὶ</span> <span class='ocrx_word' id='word_1_99' title='bbox 518 698 689 733; x_wconf 75' lang='grc' dir='ltr'>χειροτονίαν</span> <span class='ocrx_word' id='word_1_100' title='bbox 703 698 897 734; x_wconf 72' lang='grc' dir='ltr'>πρεσϐυτέρου</span> 
     </span>
    </p>
   </div>
   <div class='ocr_carea' id='block_1_17' title="bbox 110 745 899 782">
    <p class='ocr_par' dir='ltr' id='par_1_17' title="bbox 110 745 899 782">
     <span class='ocr_line' id='line_1_17' title="bbox 110 745 899 782; baseline -0.003 -8"><span class='ocrx_word' id='word_1_101' title='bbox 110 748 127 782; x_wconf 87' lang='grc' dir='ltr'>ἢ</span> <span class='ocrx_word' id='word_1_102' title='bbox 145 747 269 774; x_wconf 75' lang='grc' dir='ltr'>διακόνου</span> <span class='ocrx_word' id='word_1_103' title='bbox 287 747 303 782; x_wconf 83' lang='grc' dir='ltr'>ἢ</span> <span class='ocrx_word' id='word_1_104' title='bbox 320 746 502 773; x_wconf 79' lang='grc' dir='ltr'>ὑποδιακόνου</span> <span class='ocrx_word' id='word_1_105' title='bbox 524 745 682 780; x_wconf 77' lang='grc' dir='ltr'>δεξάμενοι,</span> <span class='ocrx_word' id='word_1_106' title='bbox 708 745 765 772; x_wconf 76' lang='grc' dir='ltr'>εἴτε</span> <span class='ocrx_word' id='word_1_107' title='bbox 785 746 814 772; x_wconf 86' lang='grc' dir='ltr'>ὲν</span> <span class='ocrx_word' id='word_1_108' title='bbox 832 746 899 772; x_wconf 80' lang='grc' dir='ltr'>ἀνα-</span> 
     </span>
    </p>
   </div>
   <div class='ocr_carea' id='block_1_18' title="bbox 110 791 898 827">
    <p class='ocr_par' dir='ltr' id='par_1_18' title="bbox 110 791 898 827">
     <span class='ocr_line' id='line_1_18' title="bbox 110 791 898 827; baseline -0.001 -8"><span class='ocrx_word' id='word_1_109' title='bbox 110 794 234 827; x_wconf 82' lang='grc' dir='ltr'>γνώστου</span> <span class='ocrx_word' id='word_1_110' title='bbox 261 792 390 827; x_wconf 81' lang='grc' dir='ltr'>σφραγῖδι</span> <span class='ocrx_word' id='word_1_111' title='bbox 415 791 564 827; x_wconf 77' lang='grc' dir='ltr'>ἣψάλτου,</span> <span class='ocrx_word' id='word_1_112' title='bbox 589 791 605 826; x_wconf 87' lang='grc' dir='ltr'>ἢ</span> <span class='ocrx_word' id='word_1_113' title='bbox 632 791 759 827; x_wconf 83' lang='grc' dir='ltr'>θυρωροῦ</span> <span class='ocrx_word' id='word_1_114' title='bbox 772 799 780 807; x_wconf 82' lang='lat'>&#39;</span> <span class='ocrx_word' id='word_1_115' title='bbox 797 791 830 818; x_wconf 85' lang='grc' dir='ltr'>οὐ</span> <span class='ocrx_word' id='word_1_116' title='bbox 843 791 898 826; x_wconf 86' lang='grc' dir='ltr'>γὰρ</span> 
     </span>
    </p>
   </div>
   <div class='ocr_carea' id='block_1_19' title="bbox 110 836 899 873">
    <p class='ocr_par' dir='ltr' id='par_1_19' title="bbox 110 836 899 873">
     <span class='ocr_line' id='line_1_19' title="bbox 110 836 899 873; baseline 0 -9"><span class='ocrx_word' id='word_1_117' title='bbox 110 838 174 869; x_wconf 76' lang='grc' dir='ltr'>τοὺς</span> <span class='ocrx_word' id='word_1_118' title='bbox 197 837 323 873; x_wconf 78' lang='grc' dir='ltr'>μείζονος</span> <span class='ocrx_word' id='word_1_119' title='bbox 333 837 413 869; x_wconf 79' lang='grc' dir='ltr'>ὕντας</span> <span class='ocrx_word' id='word_1_120' title='bbox 429 836 537 871; x_wconf 81' lang='grc' dir='ltr'>βαθμοῦ</span> <span class='ocrx_word' id='word_1_121' title='bbox 552 837 653 872; x_wconf 82' lang='grc' dir='ltr'>μᾶλλον</span> <span class='ocrx_word' id='word_1_122' title='bbox 665 836 824 870; x_wconf 82' lang='grc' dir='ltr'>κολάζουσι,</span> <span class='ocrx_word' id='word_1_123' title='bbox 834 846 899 864; x_wconf 84' lang='grc' dir='ltr'>κου-</span> 
     </span>
    </p>
   </div>
   <div class='ocr_carea' id='block_1_20' title="bbox 111 883 899 920">
    <p class='ocr_par' dir='ltr' id='par_1_20' title="bbox 111 883 899 920">
     <span class='ocr_line' id='line_1_20' title="bbox 111 883 899 920; baseline -0.001 -9"><span class='ocrx_word' id='word_1_124' title='bbox 111 885 176 919; x_wconf 72' lang='grc' dir='ltr'>φότε</span> <span class='ocrx_word' id='word_1_125' title='bbox 182 893 228 920; x_wconf 82' lang='grc' dir='ltr'><strong>ρον</strong></span> <span class='ocrx_word' id='word_1_126' title='bbox 239 885 270 911; x_wconf 78' lang='grc' dir='ltr'>δὲ</span> <span class='ocrx_word' id='word_1_127' title='bbox 281 884 346 916; x_wconf 82' lang='grc' dir='ltr'>τοὺς</span> <span class='ocrx_word' id='word_1_128' title='bbox 359 883 502 914; x_wconf 71' lang='grc' dir='ltr'>ἐλάττονος</span> <span class='ocrx_word' id='word_1_129' title='bbox 512 892 520 899; x_wconf 86' lang='grc'><strong>·</strong></span> <span class='ocrx_word' id='word_1_130' title='bbox 544 883 601 910; x_wconf 78' lang='grc' dir='ltr'>ἀλλ’</span> <span class='ocrx_word' id='word_1_131' title='bbox 622 884 718 919; x_wconf 81' lang='grc' dir='ltr'>ὥσπερ</span> <span class='ocrx_word' id='word_1_132' title='bbox 730 883 832 910; x_wconf 68' lang='grc' dir='ltr'>ἰκτῖνοι</span> <span class='ocrx_word' id='word_1_133' title='bbox 848 883 899 918; x_wconf 89' lang='grc' dir='ltr'>τῆς</span> 
     </span>
    </p>
   </div>
   <div class='ocr_carea' id='block_1_21' title="bbox 110 928 900 965">
    <p class='ocr_par' dir='ltr' id='par_1_21' title="bbox 110 928 900 965">
     <span class='ocr_line' id='line_1_21' title="bbox 110 928 900 965; baseline -0.003 -8"><span class='ocrx_word' id='word_1_134' title='bbox 110 929 264 965; x_wconf 71' lang='grc' dir='ltr'>ἱερωσύνης</span> <span class='ocrx_word' id='word_1_135' title='bbox 276 929 429 964; x_wconf 77' lang='grc' dir='ltr'>εἴργονται,</span> <span class='ocrx_word' id='word_1_136' title='bbox 441 928 529 960; x_wconf 78' lang='grc' dir='ltr'>οὕτως</span> <span class='ocrx_word' id='word_1_137' title='bbox 541 929 566 955; x_wconf 78' lang='lat' dir='ltr'><strong>oi</strong></span> <span class='ocrx_word' id='word_1_138' title='bbox 577 929 765 963; x_wconf 83' lang='grc' dir='ltr'>ἀναγνῶσται,</span> <span class='ocrx_word' id='word_1_139' title='bbox 774 928 823 956; x_wconf 79' lang='grc' dir='ltr'><strong>τοῦ</strong></span> <span class='ocrx_word' id='word_1_140' title='bbox 842 929 900 956; x_wconf 74' lang='grc' dir='ltr'>σίσ-</span> 
     </span>
    </p>
   </div>
   <div class='ocr_carea' id='block_1_22' title="bbox 110 975 898 1011">
    <p class='ocr_par' dir='ltr' id='par_1_22' title="bbox 110 975 898 1011">
     <span class='ocr_line' id='line_1_22' title="bbox 110 975 898 1011; baseline 0 -8"><span class='ocrx_word' id='word_1_141' title='bbox 110 977 200 1004; x_wconf 77' lang='grc' dir='ltr'>ελθεῐν</span> <span class='ocrx_word' id='word_1_142' title='bbox 215 977 256 1008; x_wconf 80' lang='grc' dir='ltr'><strong>είς</strong></span> <span class='ocrx_word' id='word_1_143' title='bbox 281 977 312 1003; x_wconf 78' lang='grc' dir='ltr'>τὸ</span> <span class='ocrx_word' id='word_1_144' title='bbox 332 976 421 1011; x_wconf 80' lang='grc' dir='ltr'>βῆμα,</span> <span class='ocrx_word' id='word_1_145' title='bbox 447 975 464 1010; x_wconf 82' lang='grc' dir='ltr'>ἢ</span> <span class='ocrx_word' id='word_1_146' title='bbox 481 975 529 1002; x_wconf 71' lang='grc' dir='ltr'>ἐπὶ</span> <span class='ocrx_word' id='word_1_147' title='bbox 542 975 672 1010; x_wconf 74' lang='grc' dir='ltr'>ἄμϐωνος</span> <span class='ocrx_word' id='word_1_148' title='bbox 697 975 863 1011; x_wconf 82' lang='grc' dir='ltr'>ἀναγνῶναι,</span> <span class='ocrx_word' id='word_1_149' title='bbox 881 976 898 1011; x_wconf 81' lang='grc' dir='ltr'>ἢ</span> 
     </span>
    </p>
   </div>
   <div class='ocr_carea' id='block_1_23' title="bbox 111 1020 849 1063">
    <p class='ocr_par' dir='ltr' id='par_1_23' title="bbox 111 1020 849 1063">
     <span class='ocr_line' id='line_1_23' title="bbox 111 1020 849 1063; baseline -0.004 -13"><span class='ocrx_word' id='word_1_150' title='bbox 111 1023 152 1054; x_wconf 81' lang='grc' dir='ltr'><strong>είς</strong></span> <span class='ocrx_word' id='word_1_151' title='bbox 168 1021 282 1057; x_wconf 76' lang='grc' dir='ltr'>μείζονα</span> <span class='ocrx_word' id='word_1_152' title='bbox 299 1020 437 1055; x_wconf 82' lang='grc' dir='ltr'>προκόψαι</span> <span class='ocrx_word' id='word_1_153' title='bbox 453 1020 570 1055; x_wconf 81' lang='grc' dir='ltr'>βαθμόν.</span> <span class='ocrx_word' id='word_1_154' title='bbox 847 1060 849 1063; x_wconf 17' lang='grc' dir='ltr'><strong><em>π</em></strong></span> 
     </span>
    </p>
   </div>
   <div class='ocr_carea' id='block_1_24' title="bbox 147 1066 900 1103">
    <p class='ocr_par' dir='ltr' id='par_1_24' title="bbox 147 1066 900 1103">
     <span class='ocr_line' id='line_1_24' title="bbox 147 1066 900 1103; baseline 0.001 -9"><span class='ocrx_word' id='word_1_155' title='bbox 147 1069 258 1098; x_wconf 78' lang='grc' dir='ltr'>Τούτοις</span> <span class='ocrx_word' id='word_1_156' title='bbox 275 1067 395 1102; x_wconf 81' lang='grc' dir='ltr'>συνᾴδων</span> <span class='ocrx_word' id='word_1_157' title='bbox 412 1069 460 1094; x_wconf 77' lang='grc' dir='ltr'>καὶ</span> <span class='ocrx_word' id='word_1_158' title='bbox 478 1067 491 1093; x_wconf 88' lang='grc' dir='ltr'><strong>ό</strong></span> <span class='ocrx_word' id='word_1_159' title='bbox 507 1066 549 1099; x_wconf 72' lang='grc' dir='ltr'>κζ’</span> <span class='ocrx_word' id='word_1_160' title='bbox 562 1066 614 1101; x_wconf 83' lang='grc' dir='ltr'>τῆς</span> <span class='ocrx_word' id='word_1_161' title='bbox 630 1066 659 1093; x_wconf 77' lang='grc' dir='ltr'>ὲν</span> <span class='ocrx_word' id='word_1_162' title='bbox 673 1066 851 1103; x_wconf 75' lang='grc' dir='ltr'>Καρθαγένῃ,</span> <span class='ocrx_word' id='word_1_163' title='bbox 866 1067 900 1095; x_wconf 79' lang='grc' dir='ltr'><strong>Οἱ</strong></span> 
     </span>
    </p>
   </div>
   <div class='ocr_carea' id='block_1_25' title="bbox 111 1112 900 1147">
    <p class='ocr_par' dir='ltr' id='par_1_25' title="bbox 111 1112 900 1147">
     <span class='ocr_line' id='line_1_25' title="bbox 111 1112 900 1147; baseline -0.001 -6"><span class='ocrx_word' id='word_1_164' title='bbox 111 1113 159 1141; x_wconf 73' lang='grc' dir='ltr'><strong>ἐπὶ</strong></span> <span class='ocrx_word' id='word_1_165' title='bbox 175 1113 351 1147; x_wconf 72' lang='grc' dir='ltr'>ἀνηκέστοις,</span> <span class='ocrx_word' id='word_1_166' title='bbox 367 1112 462 1146; x_wconf 78' lang='grc' dir='ltr'>φησὶν,</span> <span class='ocrx_word' id='word_1_167' title='bbox 488 1112 690 1147; x_wconf 76' lang='grc' dir='ltr'>ἁμαρτήμασιν</span> <span class='ocrx_word' id='word_1_168' title='bbox 720 1112 900 1147; x_wconf 74' lang='grc' dir='ltr'>ἑληλεγμένοι</span> 
     </span>
    </p>
   </div>
   <div class='ocr_carea' id='block_1_26' title="bbox 112 1157 898 1193">
    <p class='ocr_par' dir='ltr' id='par_1_26' title="bbox 112 1157 898 1193">
     <span class='ocr_line' id='line_1_26' title="bbox 112 1157 898 1193; baseline 0 -8"><span class='ocrx_word' id='word_1_169' title='bbox 112 1159 251 1193; x_wconf 78' lang='grc' dir='ltr'>κληρικοὶ,</span> <span class='ocrx_word' id='word_1_170' title='bbox 269 1157 317 1184; x_wconf 82' lang='grc' dir='ltr'>καὶ</span> <span class='ocrx_word' id='word_1_171' title='bbox 332 1157 410 1192; x_wconf 85' lang='grc' dir='ltr'>παρὰ</span> <span class='ocrx_word' id='word_1_172' title='bbox 429 1157 509 1184; x_wconf 84' lang='grc' dir='ltr'>τοῦτο</span> <span class='ocrx_word' id='word_1_173' title='bbox 525 1157 580 1183; x_wconf 87' lang='grc' dir='ltr'>τῶν</span> <span class='ocrx_word' id='word_1_174' title='bbox 594 1157 704 1184; x_wconf 79' lang='grc' dir='ltr'>οἰκείων</span> <span class='ocrx_word' id='word_1_175' title='bbox 721 1157 836 1192; x_wconf 82' lang='grc' dir='ltr'>βαθμῶν</span> <span class='ocrx_word' id='word_1_176' title='bbox 851 1158 898 1185; x_wconf 71' lang='lat' dir='ltr'><strong>bt-</strong></span> 
     </span>
    </p>
   </div>
   <div class='ocr_carea' id='block_1_27' title="bbox 112 1204 901 1240">
    <p class='ocr_par' dir='ltr' id='par_1_27' title="bbox 112 1204 901 1240">
     <span class='ocr_line' id='line_1_27' title="bbox 112 1204 901 1240; baseline -0.001 -8"><span class='ocrx_word' id='word_1_177' title='bbox 112 1207 272 1238; x_wconf 76' lang='grc' dir='ltr'>πίπτοντες,</span> <span class='ocrx_word' id='word_1_178' title='bbox 288 1205 338 1232; x_wconf 79' lang='grc' dir='ltr'>οὐκ</span> <span class='ocrx_word' id='word_1_179' title='bbox 365 1204 544 1240; x_wconf 76' lang='grc' dir='ltr'>ἀφορίζονται</span> <span class='ocrx_word' id='word_1_180' title='bbox 577 1204 628 1238; x_wconf 74' lang='grc' dir='ltr'>μὲν</span> <span class='ocrx_word' id='word_1_181' title='bbox 645 1204 694 1239; x_wconf 85' lang='grc' dir='ltr'>τῆς</span> <span class='ocrx_word' id='word_1_182' title='bbox 721 1204 777 1231; x_wconf 84' lang='grc' dir='ltr'><strong>τῶν</strong></span> <span class='ocrx_word' id='word_1_183' title='bbox 792 1204 901 1231; x_wconf 85' lang='grc' dir='ltr'>πιστῶν</span> 
     </span>
    </p>
   </div>
   <div class='ocr_carea' id='block_1_28' title="bbox 111 1249 900 1289">
    <p class='ocr_par' dir='ltr' id='par_1_28' title="bbox 111 1249 900 1289">
     <span class='ocr_line' id='line_1_28' title="bbox 111 1249 900 1289; baseline -0.004 -11"><span class='ocrx_word' id='word_1_184' title='bbox 111 1253 285 1289; x_wconf 80' lang='grc' dir='ltr'>ὁμηγύρεως,</span> <span class='ocrx_word' id='word_1_185' title='bbox 317 1252 414 1287; x_wconf 81' lang='grc' dir='ltr'>ἀρκεῖν</span> <span class='ocrx_word' id='word_1_186' title='bbox 444 1251 497 1286; x_wconf 79' lang='grc' dir='ltr'><strong>γὰρ</strong></span> <span class='ocrx_word' id='word_1_187' title='bbox 522 1250 615 1281; x_wconf 82' lang='grc' dir='ltr'>αὐτοῖς</span> <span class='ocrx_word' id='word_1_188' title='bbox 641 1251 680 1280; x_wconf 80' lang='grc' dir='ltr'><strong>εἰς</strong></span> <span class='ocrx_word' id='word_1_189' title='bbox 709 1250 823 1277; x_wconf 77' lang='grc' dir='ltr'>κόλασιν</span> <span class='ocrx_word' id='word_1_190' title='bbox 850 1249 900 1285; x_wconf 81' lang='grc' dir='ltr'>τὴν</span> 
     </span>
    </p>
   </div>
   <div class='ocr_carea' id='block_1_29' title="bbox 112 1294 900 1332">
    <p class='ocr_par' dir='ltr' id='par_1_29' title="bbox 112 1294 900 1332">
     <span class='ocr_line' id='line_1_29' title="bbox 112 1294 900 1332; baseline -0.001 -9"><span class='ocrx_word' id='word_1_191' title='bbox 112 1297 275 1332; x_wconf 82' lang='grc' dir='ltr'>καθαίρεσιν</span> <span class='ocrx_word' id='word_1_192' title='bbox 293 1296 394 1331; x_wconf 87' lang='grc' dir='ltr'>μόνην·</span> <span class='ocrx_word' id='word_1_193' title='bbox 412 1296 471 1322; x_wconf 85' lang='grc' dir='ltr'>ἀλλ’</span> <span class='ocrx_word' id='word_1_194' title='bbox 486 1295 541 1322; x_wconf 79' lang='grc' dir='ltr'>οὐδ’</span> <span class='ocrx_word' id='word_1_195' title='bbox 562 1294 705 1330; x_wconf 81' lang='grc' dir='ltr'>ἡντιναοῦν</span> <span class='ocrx_word' id='word_1_196' title='bbox 729 1295 900 1330; x_wconf 80' lang='grc' dir='ltr'>χειροτονίαν</span> 
     </span>
    </p>
   </div>
   <div class='ocr_carea' id='block_1_30' title="bbox 110 1340 898 1378">
    <p class='ocr_par' dir='ltr' id='par_1_30' title="bbox 110 1340 898 1378">
     <span class='ocr_line' id='line_1_30' title="bbox 110 1340 898 1378; baseline -0.003 -8"><span class='ocrx_word' id='word_1_197' title='bbox 110 1343 161 1378; x_wconf 86' lang='grc' dir='ltr'>τῆς</span> <span class='ocrx_word' id='word_1_198' title='bbox 178 1343 257 1374; x_wconf 78' lang='grc' dir='ltr'>ἐκτὸς</span> <span class='ocrx_word' id='word_1_199' title='bbox 273 1342 321 1369; x_wconf 79' lang='grc' dir='ltr'>τοῦ</span> <span class='ocrx_word' id='word_1_200' title='bbox 338 1341 463 1376; x_wconf 77' lang='grc' dir='ltr'>βήματος</span> <span class='ocrx_word' id='word_1_201' title='bbox 478 1341 634 1376; x_wconf 80' lang='grc' dir='ltr'>ὑπηρεσίας</span> <span class='ocrx_word' id='word_1_202' title='bbox 650 1341 737 1368; x_wconf 79' lang='grc' dir='ltr'>οἴεται</span> <span class='ocrx_word' id='word_1_203' title='bbox 755 1340 898 1373; x_wconf 80' lang='grc' dir='ltr'>δέξασθαι,</span> 
     </span>
    </p>
   </div>
   <div class='ocr_carea' id='block_1_31' title="bbox 116 1387 902 1422">
    <p class='ocr_par' dir='ltr' id='par_1_31' title="bbox 116 1387 902 1422">
     <span class='ocr_line' id='line_1_31' title="bbox 116 1387 902 1422; baseline -0.004 -5"><span class='ocrx_word' id='word_1_204' title='bbox 116 1391 178 1417; x_wconf 70' lang='grc' dir='ltr'>οὐδὲ</span> <span class='ocrx_word' id='word_1_205' title='bbox 205 1388 449 1422; x_wconf 77' lang='grc' dir='ltr'>ἀναϐαπτίζονται,</span> <span class='ocrx_word' id='word_1_206' title='bbox 480 1389 518 1419; x_wconf 79' lang='grc' dir='ltr'>ὡς</span> <span class='ocrx_word' id='word_1_207' title='bbox 544 1387 624 1422; x_wconf 73' lang='grc' dir='ltr'>δῆθεν</span> <span class='ocrx_word' id='word_1_208' title='bbox 647 1387 696 1414; x_wconf 85' lang='grc' dir='ltr'><strong>τοῦ</strong></span> <span class='ocrx_word' id='word_1_209' title='bbox 727 1387 902 1422; x_wconf 75' lang='grc' dir='ltr'>ἐγκλήματος</span> 
     </span>
    </p>
   </div>
   <div class='ocr_carea' id='block_1_32' title="bbox 115 1433 900 1470">
    <p class='ocr_par' dir='ltr' id='par_1_32' title="bbox 115 1433 900 1470">
     <span class='ocr_line' id='line_1_32' title="bbox 115 1433 900 1470; baseline -0.006 -6"><span class='ocrx_word' id='word_1_210' title='bbox 115 1436 311 1470; x_wconf 61' lang='grc' dir='ltr'>ἔκπλυνθῆναι,</span> <span class='ocrx_word' id='word_1_211' title='bbox 325 1435 361 1464; x_wconf 80' lang='grc' dir='ltr'>ὥς</span> <span class='ocrx_word' id='word_1_212' title='bbox 371 1443 442 1466; x_wconf 78' lang='grc' dir='ltr'>τινες</span> <span class='ocrx_word' id='word_1_213' title='bbox 458 1433 550 1465; x_wconf 83' lang='grc' dir='ltr'>κακῶς</span> <span class='ocrx_word' id='word_1_214' title='bbox 564 1433 678 1465; x_wconf 75' lang='grc' dir='ltr'>οἴονται,</span> <span class='ocrx_word' id='word_1_215' title='bbox 688 1433 736 1460; x_wconf 69' lang='grc' dir='ltr'>καὶ</span> <span class='ocrx_word' id='word_1_216' title='bbox 745 1434 784 1464; x_wconf 75' lang='lat' dir='ltr'><strong>ri;</strong></span> <span class='ocrx_word' id='word_1_217' title='bbox 796 1433 900 1468; x_wconf 77' lang='grc' dir='ltr'>βαθμὸν</span> 
     </span>
    </p>
   </div>
   <div class='ocr_carea' id='block_1_33' title="bbox 114 1478 902 1517">
    <p class='ocr_par' dir='ltr' id='par_1_33' title="bbox 114 1478 902 1517">
     <span class='ocr_line' id='line_1_33' title="bbox 114 1478 902 1517; baseline -0.006 -7"><span class='ocrx_word' id='word_1_218' title='bbox 114 1481 193 1514; x_wconf 82' lang='grc' dir='ltr'>αὖθις</span> <span class='ocrx_word' id='word_1_219' title='bbox 201 1483 303 1517; x_wconf 82' lang='grc' dir='ltr'>κλήρου</span> <span class='ocrx_word' id='word_1_220' title='bbox 315 1481 464 1515; x_wconf 64' lang='grc' dir='ltr'>προκόψαι.</span> <span class='ocrx_word' id='word_1_221' title='bbox 487 1481 535 1506; x_wconf 88' lang='grc' dir='ltr'>Ἒν</span> <span class='ocrx_word' id='word_1_222' title='bbox 546 1479 602 1514; x_wconf 82' lang='grc' dir='ltr'>γὰρ</span> <span class='ocrx_word' id='word_1_223' title='bbox 614 1479 645 1506; x_wconf 78' lang='grc' dir='ltr'>τὸ</span> <span class='ocrx_word' id='word_1_224' title='bbox 653 1479 790 1515; x_wconf 84' lang='grc' dir='ltr'>σωτήριον</span> <span class='ocrx_word' id='word_1_225' title='bbox 805 1478 902 1514; x_wconf 84' lang='grc' dir='ltr'>βάπτι-</span> 
     </span>
    </p>
   </div>
   <div class='ocr_carea' id='block_1_34' title="bbox 952 235 1748 271">
    <p class='ocr_par' dir='ltr' id='par_1_34' title="bbox 952 235 1748 271">
     <span class='ocr_line' id='line_1_34' title="bbox 952 235 1748 271; baseline 0.009 -10"><span class='ocrx_word' id='word_1_226' title='bbox 952 235 987 262; x_wconf 85' lang='lat' dir='ltr'><strong>ad</strong></span> <span class='ocrx_word' id='word_1_227' title='bbox 1006 240 1119 262; x_wconf 92' lang='lat' dir='ltr'><strong>mortem</strong></span> <span class='ocrx_word' id='word_1_228' title='bbox 1135 243 1206 269; x_wconf 85' lang='lat' dir='ltr'><strong>esse,</strong></span> <span class='ocrx_word' id='word_1_229' title='bbox 1221 238 1294 271; x_wconf 88' lang='lat' dir='ltr'><strong>quod</strong></span> <span class='ocrx_word' id='word_1_230' title='bbox 1321 237 1418 271; x_wconf 88' lang='lat' dir='ltr'><strong>capitis</strong></span> <span class='ocrx_word' id='word_1_231' title='bbox 1443 238 1608 265; x_wconf 76' lang='lat' dir='ltr'><strong>oblationem</strong></span> <span class='ocrx_word' id='word_1_232' title='bbox 1623 245 1650 266; x_wconf 90' lang='lat' dir='ltr'><strong>et.</strong></span> <span class='ocrx_word' id='word_1_233' title='bbox 1667 248 1748 268; x_wconf 87' lang='lat' dir='ltr'><strong>mor--</strong></span> 
     </span>
    </p>
   </div>
   <div class='ocr_carea' id='block_1_35' title="bbox 952 281 1743 316">
    <p class='ocr_par' dir='ltr' id='par_1_35' title="bbox 952 281 1743 316">
     <span class='ocr_line' id='line_1_35' title="bbox 952 281 1743 316; baseline 0.009 -9"><span class='ocrx_word' id='word_1_234' title='bbox 952 284 1006 308; x_wconf 88' lang='lat' dir='ltr'><strong>tem</strong></span> <span class='ocrx_word' id='word_1_235' title='bbox 1038 282 1175 316; x_wconf 76' lang='lat' dir='ltr'><strong>peccaturi</strong></span> <span class='ocrx_word' id='word_1_236' title='bbox 1215 281 1338 314; x_wconf 85' lang='lat' dir='ltr'><strong>inducit,</strong></span> <span class='ocrx_word' id='word_1_237' title='bbox 1369 288 1396 310; x_wconf 86' lang='lat' dir='ltr'><strong>et</strong></span> <span class='ocrx_word' id='word_1_238' title='bbox 1425 288 1550 311; x_wconf 86' lang='lat' dir='ltr'><strong>sanctum</strong></span> <span class='ocrx_word' id='word_1_239' title='bbox 1582 285 1743 314; x_wconf 84' lang='lat' dir='ltr'><strong>existimare</strong></span> 
     </span>
    </p>
   </div>
   <div class='ocr_carea' id='block_1_36' title="bbox 952 325 1742 362">
    <p class='ocr_par' dir='ltr' id='par_1_36' title="bbox 952 325 1742 362">
     <span class='ocr_line' id='line_1_36' title="bbox 952 325 1742 362; baseline 0.01 -11"><span class='ocrx_word' id='word_1_240' title='bbox 952 325 1110 359; x_wconf 85' lang='lat' dir='ltr'><strong>pontiﬁcem</strong></span> <span class='ocrx_word' id='word_1_241' title='bbox 1137 326 1205 353; x_wconf 86' lang='lat' dir='ltr'><strong>nihil</strong></span> <span class='ocrx_word' id='word_1_242' title='bbox 1233 331 1329 361; x_wconf 79' lang='lat' dir='ltr'><strong>praeter</strong></span> <span class='ocrx_word' id='word_1_243' title='bbox 1356 327 1552 362; x_wconf 87' lang='lat' dir='ltr'><strong>depositioucm</strong></span> <span class='ocrx_word' id='word_1_244' title='bbox 1577 330 1669 358; x_wconf 83' lang='lat' dir='ltr'><strong>subire</strong></span> <span class='ocrx_word' id='word_1_245' title='bbox 1694 330 1742 358; x_wconf 86' lang='lat' dir='ltr'><strong>de-</strong></span> 
     </span>
    </p>
   </div>
   <div class='ocr_carea' id='block_1_37' title="bbox 952 370 1741 410">
    <p class='ocr_par' dir='ltr' id='par_1_37' title="bbox 952 370 1741 410">
     <span class='ocr_line' id='line_1_37' title="bbox 952 370 1741 410; baseline 0.01 -15"><span class='ocrx_word' id='word_1_246' title='bbox 952 370 1036 403; x_wconf 85' lang='lat' dir='ltr'><strong>bere,</strong></span> <span class='ocrx_word' id='word_1_247' title='bbox 1058 371 1121 398; x_wconf 91' lang='lat' dir='ltr'><strong>licet</strong></span> <span class='ocrx_word' id='word_1_248' title='bbox 1146 372 1264 398; x_wconf 81' lang='lat' dir='ltr'><strong>maxima</strong></span> <span class='ocrx_word' id='word_1_249' title='bbox 1292 372 1408 400; x_wconf 91' lang='lat' dir='ltr'><strong>crimina</strong></span> <span class='ocrx_word' id='word_1_250' title='bbox 1444 375 1659 409; x_wconf 86' lang='lat' dir='ltr'><strong>perpetravcrit,</strong></span> <span class='ocrx_word' id='word_1_251' title='bbox 1680 384 1741 410; x_wconf 64' lang='lat' dir='ltr'><strong>qua:</strong></span> 
     </span>
    </p>
   </div>
   <div class='ocr_carea' id='block_1_38' title="bbox 953 417 1742 456">
    <p class='ocr_par' dir='ltr' id='par_1_38' title="bbox 953 417 1742 456">
     <span class='ocr_line' id='line_1_38' title="bbox 953 417 1742 456; baseline 0.009 -14"><span class='ocrx_word' id='word_1_252' title='bbox 953 420 1068 443; x_wconf 78' lang='lat' dir='ltr'><strong>mortem</strong></span> <span class='ocrx_word' id='word_1_253' title='bbox 1078 417 1235 444; x_wconf 87' lang='lat' dir='ltr'><strong>secundum</strong></span> <span class='ocrx_word' id='word_1_254' title='bbox 1255 417 1339 452; x_wconf 76' lang='lat' dir='ltr'><strong>leges,</strong></span> <span class='ocrx_word' id='word_1_255' title='bbox 1361 422 1387 445; x_wconf 88' lang='lat' dir='ltr'><strong>et</strong></span> <span class='ocrx_word' id='word_1_256' title='bbox 1408 426 1516 454; x_wconf 75' lang='lat' dir='ltr'><strong>poenam</strong></span> <span class='ocrx_word' id='word_1_257' title='bbox 1533 428 1595 455; x_wconf 60' lang='lat' dir='ltr'><strong>qum</strong></span> <span class='ocrx_word' id='word_1_258' title='bbox 1615 421 1742 456; x_wconf 83' lang='lat' dir='ltr'><strong>capitalis</strong></span> 
     </span>
    </p>
   </div>
   <div class='ocr_carea' id='block_1_39' title="bbox 952 461 1196 490">
    <p class='ocr_par' dir='ltr' id='par_1_39' title="bbox 952 461 1196 490">
     <span class='ocr_line' id='line_1_39' title="bbox 952 461 1196 490; baseline 0.004 -1"><span class='ocrx_word' id='word_1_259' title='bbox 952 461 1052 489; x_wconf 88' lang='lat' dir='ltr'><strong>dicitur</strong></span> <span class='ocrx_word' id='word_1_260' title='bbox 1067 462 1196 490; x_wconf 81' lang='lat' dir='ltr'><strong>inferunt.</strong></span> 
     </span>
    </p>
   </div>
   <div class='ocr_carea' id='block_1_40' title="bbox 988 551 1741 591">
    <p class='ocr_par' dir='ltr' id='par_1_40' title="bbox 988 551 1741 591">
     <span class='ocr_line' id='line_1_40' title="bbox 988 551 1741 591; baseline 0.009 -13"><span class='ocrx_word' id='word_1_261' title='bbox 988 551 1100 586; x_wconf 86' lang='lat' dir='ltr'><strong>insuper</strong></span> <span class='ocrx_word' id='word_1_262' title='bbox 1113 553 1141 579; x_wconf 91' lang='lat' dir='ltr'><strong>in</strong></span> <span class='ocrx_word' id='word_1_263' title='bbox 1157 560 1217 580; x_wconf 83' lang='lat' dir='ltr'><strong>can.</strong></span> <span class='ocrx_word' id='word_1_264' title='bbox 1234 553 1279 585; x_wconf 86' lang='lat' dir='ltr'><strong>5i.</strong></span> <span class='ocrx_word' id='word_1_265' title='bbox 1301 554 1404 587; x_wconf 89' lang='lat' dir='ltr'><strong>Unum,</strong></span> <span class='ocrx_word' id='word_1_266' title='bbox 1420 554 1520 589; x_wconf 87' lang='lat' dir='ltr'><strong>inquit,</strong></span> <span class='ocrx_word' id='word_1_267' title='bbox 1534 557 1697 591; x_wconf 81' lang='lat' dir='ltr'><strong>supplicium</strong></span> <span class='ocrx_word' id='word_1_268' title='bbox 1712 557 1741 585; x_wconf 86' lang='lat' dir='ltr'><strong>in</strong></span> 
     </span>
    </p>
   </div>
   <div class='ocr_carea' id='block_1_41' title="bbox 951 597 1741 633">
    <p class='ocr_par' dir='ltr' id='par_1_41' title="bbox 951 597 1741 633">
     <span class='ocr_line' id='line_1_41' title="bbox 951 597 1741 633; baseline 0.009 -11"><span class='ocrx_word' id='word_1_269' title='bbox 951 603 1000 624; x_wconf 79' lang='lat' dir='ltr'><strong>eos</strong></span> <span class='ocrx_word' id='word_1_270' title='bbox 1020 597 1066 631; x_wconf 90' lang='lat' dir='ltr'><strong>qui</strong></span> <span class='ocrx_word' id='word_1_271' title='bbox 1083 597 1151 633; x_wconf 85' lang='lat' dir='ltr'><strong>lapsi</strong></span> <span class='ocrx_word' id='word_1_272' title='bbox 1166 603 1230 626; x_wconf 87' lang='lat' dir='ltr'><strong>sunt</strong></span> <span class='ocrx_word' id='word_1_273' title='bbox 1242 599 1336 626; x_wconf 86' lang='lat' dir='ltr'><strong>Patres</strong></span> <span class='ocrx_word' id='word_1_274' title='bbox 1348 599 1542 633; x_wconf 84' lang='lat' dir='ltr'><strong>decreverunt,</strong></span> <span class='ocrx_word' id='word_1_275' title='bbox 1557 609 1573 628; x_wconf 88' lang='lat' dir='ltr'><strong>a</strong></span> <span class='ocrx_word' id='word_1_276' title='bbox 1587 602 1741 630; x_wconf 80' lang='lat' dir='ltr'><strong>ministerio</strong></span> 
     </span>
    </p>
   </div>
   <div class='ocr_carea' id='block_1_42' title="bbox 952 642 1743 681">
    <p class='ocr_par' dir='ltr' id='par_1_42' title="bbox 952 642 1743 681">
     <span class='ocr_line' id='line_1_42' title="bbox 952 642 1743 681; baseline 0.009 -13"><span class='ocrx_word' id='word_1_277' title='bbox 952 642 1057 670; x_wconf 81' lang='lat' dir='ltr'><strong>scilicet</strong></span> <span class='ocrx_word' id='word_1_278' title='bbox 1071 644 1240 672; x_wconf 77' lang='lat' dir='ltr'><strong>amotionem</strong></span> <span class='ocrx_word' id='word_1_279' title='bbox 1255 653 1262 678; x_wconf 92' lang='lat'>;</span> <span class='ocrx_word' id='word_1_280' title='bbox 1281 646 1338 673; x_wconf 85' lang='lat' dir='ltr'><strong>sive</strong></span> <span class='ocrx_word' id='word_1_281' title='bbox 1352 647 1379 673; x_wconf 90' lang='lat' dir='ltr'><strong>in</strong></span> <span class='ocrx_word' id='word_1_282' title='bbox 1395 648 1481 681; x_wconf 82' lang='lat' dir='ltr'><strong>gradu</strong></span> <span class='ocrx_word' id='word_1_283' title='bbox 1500 647 1611 680; x_wconf 80' lang='lat' dir='ltr'><strong>fuerint,</strong></span> <span class='ocrx_word' id='word_1_284' title='bbox 1626 652 1653 675; x_wconf 90' lang='lat' dir='ltr'><strong>et</strong></span> <span class='ocrx_word' id='word_1_285' title='bbox 1669 649 1743 675; x_wconf 85' lang='lat' dir='ltr'><strong>ordi-</strong></span> 
     </span>
    </p>
   </div>
   <div class='ocr_carea' id='block_1_43' title="bbox 951 689 1742 728">
    <p class='ocr_par' dir='ltr' id='par_1_43' title="bbox 951 689 1742 728">
     <span class='ocr_line' id='line_1_43' title="bbox 951 689 1742 728; baseline 0.009 -13"><span class='ocrx_word' id='word_1_286' title='bbox 951 689 1090 716; x_wconf 84' lang='lat' dir='ltr'><strong>nationem</strong></span> <span class='ocrx_word' id='word_1_287' title='bbox 1107 691 1258 726; x_wconf 78' lang='lat' dir='ltr'><strong>presbyteri</strong></span> <span class='ocrx_word' id='word_1_288' title='bbox 1288 692 1330 719; x_wconf 88' lang='lat' dir='ltr'><strong>vel</strong></span> <span class='ocrx_word' id='word_1_289' title='bbox 1356 692 1465 720; x_wconf 89' lang='lat' dir='ltr'><strong>diaconi</strong></span> <span class='ocrx_word' id='word_1_290' title='bbox 1488 696 1668 728; x_wconf 78' lang='lat' dir='ltr'><strong>acceperint,</strong></span> <span class='ocrx_word' id='word_1_291' title='bbox 1684 695 1742 722; x_wconf 82' lang='lat' dir='ltr'><strong>sive</strong></span> 
     </span>
    </p>
   </div>
   <div class='ocr_carea' id='block_1_44' title="bbox 952 734 1741 772">
    <p class='ocr_par' dir='ltr' id='par_1_44' title="bbox 952 734 1741 772">
     <span class='ocr_line' id='line_1_44' title="bbox 952 734 1741 772; baseline 0.009 -11"><span class='ocrx_word' id='word_1_292' title='bbox 952 734 1101 763; x_wconf 86' lang='lat' dir='ltr'><strong>inlectoris</strong></span> <span class='ocrx_word' id='word_1_293' title='bbox 1119 744 1242 769; x_wconf 87' lang='lat' dir='ltr'><strong>munere,</strong></span> <span class='ocrx_word' id='word_1_294' title='bbox 1269 738 1310 764; x_wconf 88' lang='lat' dir='ltr'><strong>vel</strong></span> <span class='ocrx_word' id='word_1_295' title='bbox 1325 739 1456 772; x_wconf 82' lang='lat' dir='ltr'><strong>cantoris,</strong></span> <span class='ocrx_word' id='word_1_296' title='bbox 1473 739 1515 766; x_wconf 97' lang='lat' dir='ltr'><strong>vel</strong></span> <span class='ocrx_word' id='word_1_297' title='bbox 1539 741 1658 768; x_wconf 79' lang='lat' dir='ltr'><strong>ostiarii.</strong></span> <span class='ocrx_word' id='word_1_298' title='bbox 1681 740 1741 768; x_wconf 80' lang='lat' dir='ltr'><strong>Non</strong></span> 
     </span>
    </p>
   </div>
   <div class='ocr_carea' id='block_1_45' title="bbox 951 780 1740 821">
    <p class='ocr_par' dir='ltr' id='par_1_45' title="bbox 951 780 1740 821">
     <span class='ocr_line' id='line_1_45' title="bbox 951 780 1740 821; baseline 0.009 -14"><span class='ocrx_word' id='word_1_299' title='bbox 951 780 1024 807; x_wconf 89' lang='lat' dir='ltr'><strong>enim</strong></span> <span class='ocrx_word' id='word_1_300' title='bbox 1044 789 1092 809; x_wconf 89' lang='lat' dir='ltr'><strong>eos</strong></span> <span class='ocrx_word' id='word_1_301' title='bbox 1115 782 1163 817; x_wconf 88' lang='lat' dir='ltr'><strong>qui</strong></span> <span class='ocrx_word' id='word_1_302' title='bbox 1183 783 1209 810; x_wconf 89' lang='lat' dir='ltr'><strong>in</strong></span> <span class='ocrx_word' id='word_1_303' title='bbox 1229 783 1327 818; x_wconf 80' lang='lat' dir='ltr'><strong>majori</strong></span> <span class='ocrx_word' id='word_1_304' title='bbox 1352 784 1436 818; x_wconf 77' lang='lat' dir='ltr'><strong>gradu</strong></span> <span class='ocrx_word' id='word_1_305' title='bbox 1461 790 1536 818; x_wconf 91' lang='lat' dir='ltr'><strong>sunt,</strong></span> <span class='ocrx_word' id='word_1_306' title='bbox 1555 787 1665 820; x_wconf 70' lang='lat' dir='ltr'><strong>gravius</strong></span> <span class='ocrx_word' id='word_1_307' title='bbox 1688 794 1740 821; x_wconf 89' lang='lat' dir='ltr'><strong>pu-</strong></span> 
     </span>
    </p>
   </div>
   <div class='ocr_carea' id='block_1_46' title="bbox 951 825 1741 863">
    <p class='ocr_par' dir='ltr' id='par_1_46' title="bbox 951 825 1741 863">
     <span class='ocr_line' id='line_1_46' title="bbox 951 825 1741 863; baseline 0.009 -12"><span class='ocrx_word' id='word_1_308' title='bbox 951 825 1041 859; x_wconf 90' lang='lat' dir='ltr'><strong>niunt,</strong></span> <span class='ocrx_word' id='word_1_309' title='bbox 1065 826 1152 855; x_wconf 84' lang='lat' dir='ltr'><strong>levius</strong></span> <span class='ocrx_word' id='word_1_310' title='bbox 1181 835 1246 856; x_wconf 86' lang='lat' dir='ltr'><strong>vero</strong></span> <span class='ocrx_word' id='word_1_311' title='bbox 1272 836 1319 855; x_wconf 90' lang='lat' dir='ltr'><strong>eos</strong></span> <span class='ocrx_word' id='word_1_312' title='bbox 1346 828 1436 863; x_wconf 84' lang='lat' dir='ltr'><strong>quiin</strong></span> <span class='ocrx_word' id='word_1_313' title='bbox 1460 830 1559 857; x_wconf 90' lang='lat' dir='ltr'><strong>minori</strong></span> <span class='ocrx_word' id='word_1_314' title='bbox 1587 835 1668 862; x_wconf 86' lang='lat' dir='ltr'><strong>sunt.</strong></span> <span class='ocrx_word' id='word_1_315' title='bbox 1693 831 1741 859; x_wconf 89' lang='lat' dir='ltr'><strong>sed</strong></span> 
     </span>
    </p>
   </div>
   <div class='ocr_carea' id='block_1_47' title="bbox 913 870 1742 906">
    <p class='ocr_par' dir='ltr' id='par_1_47' title="bbox 913 870 1742 906">
     <span class='ocr_line' id='line_1_47' title="bbox 913 870 1742 906; baseline 0.005 -5"><span class='ocrx_word' id='word_1_316' title='bbox 913 870 939 901; x_wconf 80' lang='grc' dir='ltr'><strong>Β</strong></span> <span class='ocrx_word' id='word_1_317' title='bbox 952 871 1024 899; x_wconf 91' lang='lat' dir='ltr'><strong>sicut</strong></span> <span class='ocrx_word' id='word_1_318' title='bbox 1036 871 1053 899; x_wconf 90' lang='lat' dir='ltr'><strong>ii</strong></span> <span class='ocrx_word' id='word_1_319' title='bbox 1063 873 1387 906; x_wconf 84' lang='lat' dir='ltr'><strong>asacerdotioarceutur,</strong></span> <span class='ocrx_word' id='word_1_320' title='bbox 1398 875 1437 903; x_wconf 91' lang='lat' dir='ltr'><strong>sic</strong></span> <span class='ocrx_word' id='word_1_321' title='bbox 1447 877 1599 904; x_wconf 87' lang='lat' dir='ltr'><strong>etlectores</strong></span> <span class='ocrx_word' id='word_1_322' title='bbox 1611 877 1643 904; x_wconf 84' lang='lat' dir='ltr'><strong>ad</strong></span> <span class='ocrx_word' id='word_1_323' title='bbox 1656 877 1742 905; x_wconf 76' lang='lat' dir='ltr'><strong>altare</strong></span> 
     </span>
    </p>
   </div>
   <div class='ocr_carea' id='block_1_48' title="bbox 113 1524 934 1569">
    <p class='ocr_par' dir='ltr' id='par_1_48' title="bbox 113 1524 934 1569">
     <span class='ocr_line' id='line_1_48' title="bbox 113 1524 934 1569; baseline -0.005 -13"><span class='ocrx_word' id='word_1_324' title='bbox 113 1538 169 1563; x_wconf 84' lang='grc' dir='ltr'><strong>σμα</strong></span> <span class='ocrx_word' id='word_1_325' title='bbox 183 1537 190 1544; x_wconf 88' lang='grc'>·</span> <span class='ocrx_word' id='word_1_326' title='bbox 205 1528 250 1555; x_wconf 88' lang='grc' dir='ltr'><strong>διὰ</strong></span> <span class='ocrx_word' id='word_1_327' title='bbox 270 1528 298 1554; x_wconf 70' lang='grc' dir='ltr'>δὲ</span> <span class='ocrx_word' id='word_1_328' title='bbox 315 1527 396 1553; x_wconf 78' lang='grc' dir='ltr'>τοῦτο</span> <span class='ocrx_word' id='word_1_329' title='bbox 405 1527 452 1553; x_wconf 80' lang='grc' dir='ltr'>καὶ</span> <span class='ocrx_word' id='word_1_330' title='bbox 469 1526 495 1552; x_wconf 89' lang='grc' dir='ltr'><strong>οί</strong></span> <span class='ocrx_word' id='word_1_331' title='bbox 511 1525 581 1560; x_wconf 86' lang='grc' dir='ltr'>μετὰ</span> <span class='ocrx_word' id='word_1_332' title='bbox 601 1526 653 1561; x_wconf 83' lang='grc' dir='ltr'>τὴν</span> <span class='ocrx_word' id='word_1_333' title='bbox 672 1524 837 1560; x_wconf 68' lang='grc' dir='ltr'>καθαίρεσιν</span> <span class='ocrx_word' id='word_1_334' title='bbox 854 1525 898 1552; x_wconf 66' lang='grc' dir='ltr'><strong>ἐπ’</strong></span> <span class='ocrx_word' id='word_1_335' title='bbox 913 1541 934 1569; x_wconf 75' lang='lat' dir='ltr'>c</span> 
     </span>
    </p>
   </div>
   <div class='ocr_carea' id='block_1_49' title="bbox 112 1569 898 1609">
    <p class='ocr_par' dir='ltr' id='par_1_49' title="bbox 112 1569 898 1609">
     <span class='ocr_line' id='line_1_49' title="bbox 112 1569 898 1609; baseline -0.005 -8"><span class='ocrx_word' id='word_1_336' title='bbox 112 1574 239 1609; x_wconf 73' lang='grc' dir='ltr'>ἂμὸωνος</span> <span class='ocrx_word' id='word_1_337' title='bbox 270 1571 514 1606; x_wconf 75' lang='grc' dir='ltr'>ἀναγινώσκοντες,</span> <span class='ocrx_word' id='word_1_338' title='bbox 546 1569 675 1606; x_wconf 76' lang='grc' dir='ltr'>ἢεὺχὰς,</span> <span class='ocrx_word' id='word_1_339' title='bbox 701 1570 718 1606; x_wconf 82' lang='grc' dir='ltr'>ἢ</span> <span class='ocrx_word' id='word_1_340' title='bbox 751 1570 898 1604; x_wconf 82' lang='grc' dir='ltr'>εὐλογητὸν</span> 
     </span>
    </p>
   </div>
   <div class='ocr_carea' id='block_1_50' title="bbox 111 1615 897 1653">
    <p class='ocr_par' dir='ltr' id='par_1_50' title="bbox 111 1615 897 1653">
     <span class='ocr_line' id='line_1_50' title="bbox 111 1615 897 1653; baseline -0.005 -7"><span class='ocrx_word' id='word_1_341' title='bbox 111 1620 249 1653; x_wconf 68' lang='grc' dir='ltr'>λόγοντες,</span> <span class='ocrx_word' id='word_1_342' title='bbox 264 1619 313 1653; x_wconf 79' lang='grc' dir='ltr'>οὐχ</span> <span class='ocrx_word' id='word_1_343' title='bbox 330 1619 391 1645; x_wconf 79' lang='grc' dir='ltr'>ὅσια</span> <span class='ocrx_word' id='word_1_344' title='bbox 410 1617 504 1652; x_wconf 84' lang='grc' dir='ltr'>δρῶσι.</span> <span class='ocrx_word' id='word_1_345' title='bbox 531 1617 613 1651; x_wconf 85' lang='grc' dir='ltr'>Ζήτει</span> <span class='ocrx_word' id='word_1_346' title='bbox 631 1616 678 1643; x_wconf 77' lang='grc' dir='ltr'>καὶ</span> <span class='ocrx_word' id='word_1_347' title='bbox 689 1616 718 1642; x_wconf 78' lang='grc' dir='ltr'>ὲν</span> <span class='ocrx_word' id='word_1_348' title='bbox 742 1616 781 1651; x_wconf 89' lang='grc' dir='ltr'>τῷ</span> <span class='ocrx_word' id='word_1_349' title='bbox 796 1615 817 1642; x_wconf 91' lang='grc' dir='ltr'>θ’</span> <span class='ocrx_word' id='word_1_350' title='bbox 832 1624 897 1650; x_wconf 83' lang='grc' dir='ltr'>κεφ.</span> 
     </span>
    </p>
   </div>
   <div class='ocr_carea' id='block_1_51' title="bbox 111 1660 899 1699">
    <p class='ocr_par' dir='ltr' id='par_1_51' title="bbox 111 1660 899 1699">
     <span class='ocr_line' id='line_1_51' title="bbox 111 1660 899 1699; baseline -0.005 -7"><span class='ocrx_word' id='word_1_351' title='bbox 111 1664 161 1692; x_wconf 77' lang='grc' dir='ltr'>τοῦ</span> <span class='ocrx_word' id='word_1_352' title='bbox 174 1664 309 1699; x_wconf 76' lang='grc' dir='ltr'>παρόντος</span> <span class='ocrx_word' id='word_1_353' title='bbox 319 1663 455 1698; x_wconf 84' lang='grc' dir='ltr'>στοιχείου</span> <span class='ocrx_word' id='word_1_354' title='bbox 482 1663 584 1690; x_wconf 79' lang='grc' dir='ltr'>κανόνα</span> <span class='ocrx_word' id='word_1_355' title='bbox 594 1660 616 1689; x_wconf 92' lang='grc' dir='ltr'>ν’</span> <span class='ocrx_word' id='word_1_356' title='bbox 628 1662 678 1696; x_wconf 81' lang='grc' dir='ltr'>τῆς</span> <span class='ocrx_word' id='word_1_357' title='bbox 690 1662 719 1688; x_wconf 77' lang='grc' dir='ltr'>ἐν</span> <span class='ocrx_word' id='word_1_358' title='bbox 734 1662 899 1698; x_wconf 77' lang='grc' dir='ltr'>Καρθαγένῃ</span> 
     </span>
    </p>
   </div>
   <div class='ocr_carea' id='block_1_52' title="bbox 113 1707 897 1744">
    <p class='ocr_par' dir='ltr' id='par_1_52' title="bbox 113 1707 897 1744">
     <span class='ocr_line' id='line_1_52' title="bbox 113 1707 897 1744; baseline -0.004 -6"><span class='ocrx_word' id='word_1_359' title='bbox 113 1711 234 1738; x_wconf 83' lang='grc' dir='ltr'>συνόδου.</span> <span class='ocrx_word' id='word_1_360' title='bbox 249 1710 331 1744; x_wconf 82' lang='grc' dir='ltr'>Ζήτει</span> <span class='ocrx_word' id='word_1_361' title='bbox 345 1710 392 1736; x_wconf 80' lang='grc' dir='ltr'>καὶ</span> <span class='ocrx_word' id='word_1_362' title='bbox 407 1711 437 1736; x_wconf 87' lang='grc' dir='ltr'>ὲν</span> <span class='ocrx_word' id='word_1_363' title='bbox 453 1709 491 1744; x_wconf 85' lang='grc' dir='ltr'>τῷ</span> <span class='ocrx_word' id='word_1_364' title='bbox 509 1707 541 1735; x_wconf 84' lang='grc' dir='ltr'>ιε’</span> <span class='ocrx_word' id='word_1_365' title='bbox 552 1717 616 1742; x_wconf 86' lang='grc' dir='ltr'>κεφ.</span> <span class='ocrx_word' id='word_1_366' title='bbox 641 1708 688 1735; x_wconf 82' lang='grc' dir='ltr'>τοῦ</span> <span class='ocrx_word' id='word_1_367' title='bbox 710 1709 733 1735; x_wconf 87' lang='grc' dir='ltr'><strong>Π</strong></span> <span class='ocrx_word' id='word_1_368' title='bbox 763 1708 897 1744; x_wconf 84' lang='grc' dir='ltr'>στοιχείου</span> 
     </span>
    </p>
   </div>
   <div class='ocr_carea' id='block_1_53' title="bbox 112 1754 614 1791">
    <p class='ocr_par' dir='ltr' id='par_1_53' title="bbox 112 1754 614 1791">
     <span class='ocr_line' id='line_1_53' title="bbox 112 1754 614 1791; baseline -0.008 -6"><span class='ocrx_word' id='word_1_369' title='bbox 112 1758 214 1786; x_wconf 83' lang='grc' dir='ltr'>κανόνα</span> <span class='ocrx_word' id='word_1_370' title='bbox 226 1756 250 1790; x_wconf 89' lang='grc' dir='ltr'><strong>γ’</strong></span> <span class='ocrx_word' id='word_1_371' title='bbox 267 1756 313 1783; x_wconf 86' lang='grc' dir='ltr'>τοῦ</span> <span class='ocrx_word' id='word_1_372' title='bbox 326 1756 445 1791; x_wconf 85' lang='grc' dir='ltr'>μεγάλου</span> <span class='ocrx_word' id='word_1_373' title='bbox 460 1754 614 1782; x_wconf 83' lang='grc' dir='ltr'>Βασιλείου.</span> 
     </span>
    </p>
   </div>
   <div class='ocr_carea' id='block_1_54' title="bbox 112 1801 898 1864">
    <p class='ocr_par' dir='ltr' id='par_1_54' title="bbox 112 1801 898 1864">
     <span class='ocr_line' id='line_1_54' title="bbox 112 1801 898 1864; baseline -0.001 -33"><span class='ocrx_word' id='word_1_374' title='bbox 112 1804 239 1831; x_wconf 76' lang='grc' dir='ltr'><strong>ΚΕΦΛΛ,</strong></span> <span class='ocrx_word' id='word_1_375' title='bbox 253 1804 270 1830; x_wconf 90' lang='lat' dir='ltr'><strong>I&#39;</strong></span> <span class='ocrx_word' id='word_1_376' title='bbox 279 1801 354 1840; x_wconf 71' lang='lat' dir='ltr'><strong>[lB’].</strong></span> <span class='ocrx_word' id='word_1_377' title='bbox 367 1802 436 1837; x_wconf 75' lang='grc' dir='ltr'>Περὶ</span> <span class='ocrx_word' id='word_1_378' title='bbox 447 1801 694 1864; x_wconf 41' lang='grc' dir='ltr'>ἕρπων-των</span> <span class='ocrx_word' id='word_1_379' title='bbox 707 1801 792 1835; x_wconf 80' lang='grc' dir='ltr'>τινὰς</span> <span class='ocrx_word' id='word_1_380' title='bbox 800 1802 839 1830; x_wconf 81' lang='grc' dir='ltr'>δι’</span> <span class='ocrx_word' id='word_1_381' title='bbox 849 1803 898 1830; x_wconf 84' lang='grc' dir='ltr'><strong>εὐ-</strong></span> 
     </span>
    </p>
   </div>
   <div class='ocr_carea' id='block_1_55' title="bbox 147 1873 898 1918">
    <p class='ocr_par' dir='ltr' id='par_1_55' title="bbox 147 1873 898 1918">
     <span class='ocr_line' id='line_1_55' title="bbox 147 1873 898 1918; baseline 0 -8"><span class='ocrx_word' id='word_1_382' title='bbox 147 1873 230 1918; x_wconf 72' lang='grc' dir='ltr'>Ζὴτει</span> <span class='ocrx_word' id='word_1_383' title='bbox 243 1884 271 1909; x_wconf 78' lang='grc' dir='ltr'>ἐν</span> <span class='ocrx_word' id='word_1_384' title='bbox 284 1892 322 1918; x_wconf 84' lang='grc' dir='ltr'>τῳ</span> <span class='ocrx_word' id='word_1_385' title='bbox 332 1883 356 1909; x_wconf 86' lang='grc' dir='ltr'>α’</span> <span class='ocrx_word' id='word_1_386' title='bbox 373 1891 436 1917; x_wconf 85' lang='grc' dir='ltr'>κεφ.</span> <span class='ocrx_word' id='word_1_387' title='bbox 452 1882 500 1908; x_wconf 83' lang='grc' dir='ltr'>τοῦ</span> <span class='ocrx_word' id='word_1_388' title='bbox 513 1883 532 1908; x_wconf 75' lang='grc' dir='ltr'><strong>Α</strong></span> <span class='ocrx_word' id='word_1_389' title='bbox 548 1882 682 1918; x_wconf 81' lang='grc' dir='ltr'>στοιχείου</span> <span class='ocrx_word' id='word_1_390' title='bbox 697 1884 798 1910; x_wconf 83' lang='grc' dir='ltr'>κανόνα</span> <span class='ocrx_word' id='word_1_391' title='bbox 813 1882 835 1910; x_wconf 84' lang='grc' dir='ltr'>θ’</span> <span class='ocrx_word' id='word_1_392' title='bbox 846 1884 898 1918; x_wconf 85' lang='grc' dir='ltr'>τῆς</span> 
     </span>
    </p>
   </div>
   <div class='ocr_carea' id='block_1_56' title="bbox 111 1928 897 1965">
    <p class='ocr_par' dir='ltr' id='par_1_56' title="bbox 111 1928 897 1965">
     <span class='ocr_line' id='line_1_56' title="bbox 111 1928 897 1965; baseline -0.003 -7"><span class='ocrx_word' id='word_1_393' title='bbox 111 1933 139 1958; x_wconf 83' lang='grc' dir='ltr'>ὲν</span> <span class='ocrx_word' id='word_1_394' title='bbox 162 1929 284 1965; x_wconf 76' lang='grc' dir='ltr'>Ἀγκύρᾳ</span> <span class='ocrx_word' id='word_1_395' title='bbox 298 1928 408 1955; x_wconf 76' lang='grc' dir='ltr'>συνόδου</span> <span class='ocrx_word' id='word_1_396' title='bbox 424 1928 472 1955; x_wconf 72' lang='grc' dir='ltr'><strong>καὶ</strong></span> <span class='ocrx_word' id='word_1_397' title='bbox 486 1928 535 1962; x_wconf 86' lang='grc' dir='ltr'>τὴν</span> <span class='ocrx_word' id='word_1_398' title='bbox 555 1928 623 1964; x_wconf 73' lang='grc' dir='ltr'>πρὸς</span> <span class='ocrx_word' id='word_1_399' title='bbox 647 1928 835 1963; x_wconf 79' lang='grc' dir='ltr'>Ῥουφινιανὺν</span> <span class='ocrx_word' id='word_1_400' title='bbox 849 1929 897 1956; x_wconf 79' lang='grc' dir='ltr'>τοῦ</span> 
     </span>
    </p>
   </div>
   <div class='ocr_carea' id='block_1_57' title="bbox 111 1973 578 2011">
    <p class='ocr_par' dir='ltr' id='par_1_57' title="bbox 111 1973 578 2011">
     <span class='ocr_line' id='line_1_57' title="bbox 111 1973 578 2011; baseline -0.004 -8"><span class='ocrx_word' id='word_1_401' title='bbox 111 1976 232 2011; x_wconf 75' lang='grc' dir='ltr'>μεγάλου</span> <span class='ocrx_word' id='word_1_402' title='bbox 244 1974 406 2002; x_wconf 81' lang='grc' dir='ltr'>Ἀθανασίου</span> <span class='ocrx_word' id='word_1_403' title='bbox 419 1973 578 2008; x_wconf 78' lang='grc' dir='ltr'>ἐπιστολήν.</span> 
     </span>
    </p>
   </div>
   <div class='ocr_carea' id='block_1_58' title="bbox 110 2021 898 2068">
    <p class='ocr_par' dir='ltr' id='par_1_58' title="bbox 110 2021 898 2068">
     <span class='ocr_line' id='line_1_58' title="bbox 110 2021 898 2068; baseline -0.003 -7"><span class='ocrx_word' id='word_1_404' title='bbox 110 2033 235 2062; x_wconf 65' lang='lat' dir='ltr'><strong>nam.</strong></span> <span class='ocrx_word' id='word_1_405' title='bbox 260 2030 396 2068; x_wconf 78' lang='grc' dir='ltr'><strong>1Α¹[1Γ⁴].</strong></span> <span class='ocrx_word' id='word_1_406' title='bbox 415 2021 485 2064; x_wconf 71' lang='grc' dir='ltr'>Περὶ</span> <span class='ocrx_word' id='word_1_407' title='bbox 499 2031 622 2068; x_wconf 69' lang='grc' dir='ltr'>δούλων</span> <span class='ocrx_word' id='word_1_408' title='bbox 645 2030 820 2065; x_wconf 67' lang='grc' dir='ltr'>ἐλευθερίας</span> <span class='ocrx_word' id='word_1_409' title='bbox 846 2031 898 2059; x_wconf 76' lang='grc' dir='ltr'><strong>καί</strong></span> 
     </span>
    </p>
   </div>
   <div class='ocr_carea' id='block_1_59' title="bbox 409 2065 600 2101">
    <p class='ocr_par' dir='ltr' id='par_1_59' title="bbox 409 2065 600 2101">
     <span class='ocr_line' id='line_1_59' title="bbox 409 2065 600 2101; baseline -0.005 -8"><span class='ocrx_word' id='word_1_410' title='bbox 409 2065 600 2101; x_wconf 71' lang='grc' dir='ltr'>πληρώσεως.</span> 
     </span>
    </p>
   </div>
   <div class='ocr_carea' id='block_1_60' title="bbox 150 2112 898 2149">
    <p class='ocr_par' dir='ltr' id='par_1_60' title="bbox 150 2112 898 2149">
     <span class='ocr_line' id='line_1_60' title="bbox 150 2112 898 2149; baseline -0.003 -7"><span class='ocrx_word' id='word_1_411' title='bbox 150 2116 181 2142; x_wconf 88' lang='lat' dir='ltr'>&#39;U</span> <span class='ocrx_word' id='word_1_412' title='bbox 200 2117 243 2141; x_wconf 82' lang='grc' dir='ltr'>πε¹</span> <span class='ocrx_word' id='word_1_413' title='bbox 258 2114 306 2149; x_wconf 83' lang='grc' dir='ltr'>τῆς</span> <span class='ocrx_word' id='word_1_414' title='bbox 318 2113 346 2146; x_wconf 85' lang='grc' dir='ltr'>ς’</span> <span class='ocrx_word' id='word_1_415' title='bbox 358 2113 469 2140; x_wconf 83' lang='grc' dir='ltr'>συνόδου</span> <span class='ocrx_word' id='word_1_416' title='bbox 488 2112 578 2139; x_wconf 86' lang='grc' dir='ltr'>κανὼν</span> <span class='ocrx_word' id='word_1_417' title='bbox 603 2113 650 2138; x_wconf 75' lang='grc' dir='ltr'><strong>ἐπὶ</strong></span> <span class='ocrx_word' id='word_1_418' title='bbox 666 2112 716 2147; x_wconf 81' lang='grc' dir='ltr'>τῆς</span> <span class='ocrx_word' id='word_1_419' title='bbox 727 2113 782 2140; x_wconf 84' lang='grc' dir='ltr'>τῶν</span> <span class='ocrx_word' id='word_1_420' title='bbox 793 2113 898 2140; x_wconf 84' lang='grc' dir='ltr'>δούλων</span> 
     </span>
    </p>
   </div>
   <div class='ocr_carea' id='block_1_61' title="bbox 109 2158 898 2195">
    <p class='ocr_par' dir='ltr' id='par_1_61' title="bbox 109 2158 898 2195">
     <span class='ocr_line' id='line_1_61' title="bbox 109 2158 898 2195; baseline -0.004 -6"><span class='ocrx_word' id='word_1_421' title='bbox 109 2161 267 2195; x_wconf 80' lang='grc' dir='ltr'>ἐλευθερίας</span> <span class='ocrx_word' id='word_1_422' title='bbox 296 2161 334 2195; x_wconf 87' lang='grc' dir='ltr'>μὴ</span> <span class='ocrx_word' id='word_1_423' title='bbox 350 2159 459 2191; x_wconf 85' lang='grc' dir='ltr'>πλείους</span> <span class='ocrx_word' id='word_1_424' title='bbox 471 2158 524 2185; x_wconf 82' lang='grc' dir='ltr'><strong>τῶν</strong></span> <span class='ocrx_word' id='word_1_425' title='bbox 540 2158 624 2194; x_wconf 84' lang='grc' dir='ltr'>τριῶν</span> <span class='ocrx_word' id='word_1_426' title='bbox 644 2159 792 2195; x_wconf 86' lang='grc' dir='ltr'>μαρτύρων</span> <span class='ocrx_word' id='word_1_427' title='bbox 808 2168 898 2195; x_wconf 88' lang='grc' dir='ltr'>παρα-</span> 
     </span>
    </p>
   </div>
   <div class='ocr_carea' id='block_1_62' title="bbox 108 2204 896 2242">
    <p class='ocr_par' dir='ltr' id='par_1_62' title="bbox 108 2204 896 2242">
     <span class='ocr_line' id='line_1_62' title="bbox 108 2204 896 2242; baseline -0.004 -8"><span class='ocrx_word' id='word_1_428' title='bbox 108 2206 295 2242; x_wconf 75' lang='grc' dir='ltr'>λαμϐάνεσθαι</span> <span class='ocrx_word' id='word_1_429' title='bbox 312 2205 398 2238; x_wconf 82' lang='grc' dir='ltr'><strong>ἀξιοῖ·</strong></span> <span class='ocrx_word' id='word_1_430' title='bbox 419 2205 481 2231; x_wconf 77' lang='grc' dir='ltr'><strong>Ἐπὶ</strong></span> <span class='ocrx_word' id='word_1_431' title='bbox 499 2204 546 2231; x_wconf 81' lang='grc' dir='ltr'>δύο</span> <span class='ocrx_word' id='word_1_432' title='bbox 566 2205 630 2239; x_wconf 81' lang='grc' dir='ltr'>γὰρ,</span> <span class='ocrx_word' id='word_1_433' title='bbox 645 2204 682 2237; x_wconf 84' lang='grc' dir='ltr'>ὥς</span> <span class='ocrx_word' id='word_1_434' title='bbox 698 2214 781 2240; x_wconf 84' lang='grc' dir='ltr'>φησιν</span> <span class='ocrx_word' id='word_1_435' title='bbox 797 2207 813 2240; x_wconf 87' lang='grc' dir='ltr'><strong>ή</strong></span> <span class='ocrx_word' id='word_1_436' title='bbox 824 2207 896 2241; x_wconf 86' lang='grc' dir='ltr'>Γρα-</span> 
     </span>
    </p>
   </div>
   <div class='ocr_carea' id='block_1_63' title="bbox 109 2250 896 2289">
    <p class='ocr_par' dir='ltr' id='par_1_63' title="bbox 109 2250 896 2289">
     <span class='ocr_line' id='line_1_63' title="bbox 109 2250 896 2289; baseline -0.001 -10"><span class='ocrx_word' id='word_1_437' title='bbox 109 2255 165 2289; x_wconf 61' lang='lat' dir='ltr'><strong>qh,</strong></span> <span class='ocrx_word' id='word_1_438' title='bbox 194 2254 211 2288; x_wconf 74' lang='grc' dir='ltr'><strong>ἢ</strong></span> <span class='ocrx_word' id='word_1_439' title='bbox 238 2251 321 2287; x_wconf 83' lang='grc' dir='ltr'>τριῶν</span> <span class='ocrx_word' id='word_1_440' title='bbox 343 2250 489 2287; x_wconf 82' lang='grc' dir='ltr'>μαρτύρων</span> <span class='ocrx_word' id='word_1_441' title='bbox 511 2251 564 2277; x_wconf 79' lang='grc' dir='ltr'><strong>πᾶν</strong></span> <span class='ocrx_word' id='word_1_442' title='bbox 701 2250 896 2286; x_wconf 75' lang='grc' dir='ltr'>βεϐαιούμενον</span> 
     </span>
    </p>
   </div>
   <div class='ocr_carea' id='block_1_64' title="bbox 110 2301 199 2335">
    <p class='ocr_par' dir='ltr' id='par_1_64' title="bbox 110 2301 199 2335">
     <span class='ocr_line' id='line_1_64' title="bbox 110 2301 199 2335; baseline 0 -10"><span class='ocrx_word' id='word_1_443' title='bbox 110 2301 199 2335; x_wconf 78' lang='grc' dir='ltr'>ίσμεν.</span> 
     </span>
    </p>
   </div>
   <div class='ocr_carea' id='block_1_65' title="bbox 151 2342 896 2379">
    <p class='ocr_par' dir='ltr' id='par_1_65' title="bbox 151 2342 896 2379">
     <span class='ocr_line' id='line_1_65' title="bbox 151 2342 896 2379; baseline -0.004 -7"><span class='ocrx_word' id='word_1_444' title='bbox 151 2347 181 2373; x_wconf 93' lang='lat'><strong>&#39;0</strong></span> <span class='ocrx_word' id='word_1_445' title='bbox 198 2346 226 2373; x_wconf 85' lang='grc' dir='ltr'>δέ</span> <span class='ocrx_word' id='word_1_446' title='bbox 238 2354 269 2377; x_wconf 81' lang='grc' dir='ltr'>γε</span> <span class='ocrx_word' id='word_1_447' title='bbox 283 2343 307 2379; x_wconf 85' lang='grc' dir='ltr'><strong>γ’</strong></span> <span class='ocrx_word' id='word_1_448' title='bbox 325 2344 375 2378; x_wconf 78' lang='grc' dir='ltr'>τῆς</span> <span class='ocrx_word' id='word_1_449' title='bbox 392 2344 421 2369; x_wconf 84' lang='grc' dir='ltr'>ἐν</span> <span class='ocrx_word' id='word_1_450' title='bbox 435 2343 548 2379; x_wconf 81' lang='grc' dir='ltr'>Γάγγρᾳ</span> <span class='ocrx_word' id='word_1_451' title='bbox 573 2343 682 2370; x_wconf 87' lang='grc' dir='ltr'>συνόδου</span> <span class='ocrx_word' id='word_1_452' title='bbox 700 2342 828 2378; x_wconf 76' lang='grc' dir='ltr'>ἄγνωμον</span> <span class='ocrx_word' id='word_1_453' title='bbox 842 2343 896 2369; x_wconf 76' lang='grc' dir='ltr'>οἴε-</span> 
     </span>
    </p>
   </div>
   <div class='ocr_carea' id='block_1_66' title="bbox 107 2389 896 2427">
    <p class='ocr_par' dir='ltr' id='par_1_66' title="bbox 107 2389 896 2427">
     <span class='ocr_line' id='line_1_66' title="bbox 107 2389 896 2427; baseline -0.005 -8"><span class='ocrx_word' id='word_1_454' title='bbox 107 2402 153 2419; x_wconf 82' lang='grc' dir='ltr'><strong>ται</strong></span> <span class='ocrx_word' id='word_1_455' title='bbox 169 2391 279 2427; x_wconf 84' lang='grc' dir='ltr'>κομιδῆ,</span> <span class='ocrx_word' id='word_1_456' title='bbox 296 2391 389 2418; x_wconf 83' lang='grc' dir='ltr'>δοῦλον</span> <span class='ocrx_word' id='word_1_457' title='bbox 401 2390 569 2422; x_wconf 80' lang='grc' dir='ltr'>ἀναπείθειν,</span> <span class='ocrx_word' id='word_1_458' title='bbox 583 2390 719 2425; x_wconf 79' lang='grc' dir='ltr'>προφάσει</span> <span class='ocrx_word' id='word_1_459' title='bbox 741 2389 896 2420; x_wconf 73' lang='grc' dir='ltr'>θεοσεϐείας</span> 
     </span>
    </p>
   </div>
   <div class='ocr_carea' id='block_1_67' title="bbox 108 2433 895 2473">
    <p class='ocr_par' dir='ltr' id='par_1_67' title="bbox 108 2433 895 2473">
     <span class='ocr_line' id='line_1_67' title="bbox 108 2433 895 2473; baseline -0.005 -9"><span class='ocrx_word' id='word_1_460' title='bbox 108 2440 156 2465; x_wconf 77' lang='grc' dir='ltr'>καὶ</span> <span class='ocrx_word' id='word_1_461' title='bbox 169 2438 323 2473; x_wconf 81' lang='grc' dir='ltr'>ἀσκήσεως,</span> <span class='ocrx_word' id='word_1_462' title='bbox 343 2436 475 2462; x_wconf 84' lang='grc' dir='ltr'>δεσπότου</span> <span class='ocrx_word' id='word_1_463' title='bbox 493 2436 686 2469; x_wconf 76' lang='grc' dir='ltr'>καταφρονεῖν,</span> <span class='ocrx_word' id='word_1_464' title='bbox 706 2435 753 2461; x_wconf 72' lang='grc' dir='ltr'>καὶ</span> <span class='ocrx_word' id='word_1_465' title='bbox 776 2435 814 2469; x_wconf 86' lang='grc' dir='ltr'>μὴ</span> <span class='ocrx_word' id='word_1_466' title='bbox 835 2433 895 2469; x_wconf 80' lang='grc' dir='ltr'>μετ’</span> 
     </span>
    </p>
   </div>
   <div class='ocr_carea' id='block_1_68' title="bbox 107 2481 894 2517">
    <p class='ocr_par' dir='ltr' id='par_1_68' title="bbox 107 2481 894 2517">
     <span class='ocr_line' id='line_1_68' title="bbox 107 2481 894 2517; baseline -0.004 -7"><span class='ocrx_word' id='word_1_467' title='bbox 107 2485 216 2514; x_wconf 71' lang='grc' dir='ltr'>εὐνοίας</span> <span class='ocrx_word' id='word_1_468' title='bbox 229 2484 276 2509; x_wconf 81' lang='grc' dir='ltr'>καὶ</span> <span class='ocrx_word' id='word_1_469' title='bbox 289 2483 372 2517; x_wconf 77' lang='grc' dir='ltr'>τιμῆς</span> <span class='ocrx_word' id='word_1_470' title='bbox 386 2482 510 2509; x_wconf 75' lang='grc' dir='ltr'>ὑπείκειν</span> <span class='ocrx_word' id='word_1_471' title='bbox 521 2482 620 2517; x_wconf 82' lang='grc' dir='ltr'>τούτῳ,</span> <span class='ocrx_word' id='word_1_472' title='bbox 636 2482 685 2508; x_wconf 79' lang='grc' dir='ltr'><strong>καὶ</strong></span> <span class='ocrx_word' id='word_1_473' title='bbox 699 2481 894 2508; x_wconf 71' lang='grc' dir='ltr'>διακονεῖσθαιο</span> 
     </span>
    </p>
   </div>
   <div class='ocr_carea' id='block_1_69' title="bbox 107 2527 896 2566">
    <p class='ocr_par' dir='ltr' id='par_1_69' title="bbox 107 2527 896 2566">
     <span class='ocr_line' id='line_1_69' title="bbox 107 2527 896 2566; baseline -0.003 -10"><span class='ocrx_word' id='word_1_474' title='bbox 107 2531 196 2566; x_wconf 79' lang='grc' dir='ltr'>ταύτῃ</span> <span class='ocrx_word' id='word_1_475' title='bbox 205 2538 246 2555; x_wconf 82' lang='grc' dir='ltr'><strong>τοι</strong></span> <span class='ocrx_word' id='word_1_476' title='bbox 262 2530 309 2555; x_wconf 73' lang='grc' dir='ltr'>καὶ</span> <span class='ocrx_word' id='word_1_477' title='bbox 324 2529 373 2564; x_wconf 76' lang='grc' dir='ltr'>τὴν</span> <span class='ocrx_word' id='word_1_478' title='bbox 388 2528 494 2555; x_wconf 80' lang='grc' dir='ltr'>δικαίαν</span> <span class='ocrx_word' id='word_1_479' title='bbox 511 2527 716 2562; x_wconf 74' lang='grc' dir='ltr'>ἐνδεικνύμενος</span> <span class='ocrx_word' id='word_1_480' title='bbox 737 2527 896 2562; x_wconf 82' lang='grc' dir='ltr'>ἀγανάκτη-</span> 
     </span>
    </p>
   </div>
   <div class='ocr_carea' id='block_1_70' title="bbox 108 2574 894 2611">
    <p class='ocr_par' dir='ltr' id='par_1_70' title="bbox 108 2574 894 2611">
     <span class='ocr_line' id='line_1_70' title="bbox 108 2574 894 2611; baseline -0.003 -9"><span class='ocrx_word' id='word_1_481' title='bbox 108 2585 163 2607; x_wconf 87' lang='grc' dir='ltr'>σιν,</span> <span class='ocrx_word' id='word_1_482' title='bbox 181 2575 219 2611; x_wconf 85' lang='grc' dir='ltr'>τῷ</span> <span class='ocrx_word' id='word_1_483' title='bbox 235 2574 387 2609; x_wconf 83' lang='grc' dir='ltr'>ἀναθέματι</span> <span class='ocrx_word' id='word_1_484' title='bbox 405 2574 449 2600; x_wconf 76' lang='grc' dir='ltr'><strong>τὸν</strong></span> <span class='ocrx_word' id='word_1_485' title='bbox 466 2575 515 2607; x_wconf 85' lang='grc' dir='ltr'>τῆς</span> <span class='ocrx_word' id='word_1_486' title='bbox 532 2574 728 2609; x_wconf 81' lang='grc' dir='ltr'>ἀγνωμοσύνης</span> <span class='ocrx_word' id='word_1_487' title='bbox 743 2575 894 2609; x_wconf 82' lang='grc' dir='ltr'>παραπέμ-</span> 
     </span>
    </p>
   </div>
   <div class='ocr_carea' id='block_1_71' title="bbox 108 2619 894 2653">
    <p class='ocr_par' dir='ltr' id='par_1_71' title="bbox 108 2619 894 2653">
     <span class='ocr_line' id='line_1_71' title="bbox 108 2619 894 2653; baseline -0.003 -5"><span class='ocrx_word' id='word_1_488' title='bbox 108 2631 154 2648; x_wconf 83' lang='grc' dir='ltr'><strong>πει</strong></span> <span class='ocrx_word' id='word_1_489' title='bbox 183 2620 351 2647; x_wconf 80' lang='grc' dir='ltr'>διδάσκαλον.</span> <span class='ocrx_word' id='word_1_490' title='bbox 376 2619 407 2646; x_wconf 86' lang='grc'><strong>’0</strong></span> <span class='ocrx_word' id='word_1_491' title='bbox 421 2619 476 2653; x_wconf 82' lang='grc' dir='ltr'><strong>γάρ</strong></span> <span class='ocrx_word' id='word_1_492' title='bbox 501 2628 542 2646; x_wconf 88' lang='grc' dir='ltr'><strong>τοι</strong></span> <span class='ocrx_word' id='word_1_493' title='bbox 569 2619 640 2651; x_wconf 79' lang='grc' dir='ltr'>θεῖος</span> <span class='ocrx_word' id='word_1_494' title='bbox 657 2620 819 2651; x_wconf 80' lang='grc' dir='ltr'>’Δπόστολος</span> <span class='ocrx_word' id='word_1_495' title='bbox 839 2621 894 2651; x_wconf 80' lang='grc' dir='ltr'>τοῖς</span> 
     </span>
    </p>
   </div>
   <div class='ocr_carea' id='block_1_72' title="bbox 106 2664 895 2700">
    <p class='ocr_par' dir='ltr' id='par_1_72' title="bbox 106 2664 895 2700">
     <span class='ocr_line' id='line_1_72' title="bbox 106 2664 895 2700; baseline -0.001 -8"><span class='ocrx_word' id='word_1_496' title='bbox 106 2667 152 2693; x_wconf 76' lang='grc' dir='ltr'>τὸν</span> <span class='ocrx_word' id='word_1_497' title='bbox 166 2666 248 2699; x_wconf 68' lang='grc' dir='ltr'>ζυγὸν</span> <span class='ocrx_word' id='word_1_498' title='bbox 263 2665 373 2692; x_wconf 71' lang='grc' dir='ltr'>ἕλκουσι</span> <span class='ocrx_word' id='word_1_499' title='bbox 390 2664 438 2699; x_wconf 81' lang='grc' dir='ltr'>τῆς</span> <span class='ocrx_word' id='word_1_500' title='bbox 449 2664 569 2696; x_wconf 80' lang='grc' dir='ltr'>δουλείας</span> <span class='ocrx_word' id='word_1_501' title='bbox 582 2664 626 2690; x_wconf 82' lang='grc' dir='ltr'><strong>διὰ</strong></span> <span class='ocrx_word' id='word_1_502' title='bbox 641 2664 774 2699; x_wconf 75' lang='grc' dir='ltr'>Τιμοθέου</span> <span class='ocrx_word' id='word_1_503' title='bbox 788 2673 895 2700; x_wconf 82' lang='grc' dir='ltr'>παρεγ-</span> 
     </span>
    </p>
   </div>
   <div class='ocr_carea' id='block_1_73' title="bbox 107 2709 894 2745">
    <p class='ocr_par' dir='ltr' id='par_1_73' title="bbox 107 2709 894 2745">
     <span class='ocr_line' id='line_1_73' title="bbox 107 2709 894 2745; baseline -0.001 -8"><span class='ocrx_word' id='word_1_504' title='bbox 107 2712 207 2745; x_wconf 78' lang='grc' dir='ltr'>γυᾶται</span> <span class='ocrx_word' id='word_1_505' title='bbox 220 2710 266 2737; x_wconf 85' lang='grc' dir='ltr'>τοῦ</span> <span class='ocrx_word' id='word_1_506' title='bbox 281 2711 362 2740; x_wconf 66' lang='grc' dir='ltr'>πάνυ,</span> <span class='ocrx_word' id='word_1_507' title='bbox 377 2711 468 2745; x_wconf 78' lang='grc' dir='ltr'>πάσης</span> <span class='ocrx_word' id='word_1_508' title='bbox 481 2710 564 2743; x_wconf 78' lang='grc' dir='ltr'>τιμῆς</span> <span class='ocrx_word' id='word_1_509' title='bbox 580 2709 672 2741; x_wconf 73' lang='grc' dir='ltr'>ἀξίους</span> <span class='ocrx_word' id='word_1_510' title='bbox 687 2709 750 2741; x_wconf 81' lang='grc' dir='ltr'>τοὺς</span> <span class='ocrx_word' id='word_1_511' title='bbox 761 2710 894 2741; x_wconf 79' lang='grc' dir='ltr'>δεσπότας</span> 
     </span>
    </p>
   </div>
   <div class='ocr_carea' id='block_1_74' title="bbox 106 2754 894 2793">
    <p class='ocr_par' dir='ltr' id='par_1_74' title="bbox 106 2754 894 2793">
     <span class='ocr_line' id='line_1_74' title="bbox 106 2754 894 2793; baseline -0.001 -10"><span class='ocrx_word' id='word_1_512' title='bbox 106 2757 233 2793; x_wconf 74' lang='grc' dir='ltr'>ἡγεῖσθαι</span> <span class='ocrx_word' id='word_1_513' title='bbox 244 2765 251 2772; x_wconf 73' lang='grc' dir='ltr'><strong>ο</strong></span> <span class='ocrx_word' id='word_1_514' title='bbox 269 2766 277 2782; x_wconf 77' lang='grc' dir='ltr'><strong>ι</strong></span> <span class='ocrx_word' id='word_1_515' title='bbox 292 2757 323 2782; x_wconf 81' lang='lat' dir='ltr'><strong>Ei</strong></span> <span class='ocrx_word' id='word_1_516' title='bbox 335 2757 363 2782; x_wconf 78' lang='grc' dir='ltr'>δὲ</span> <span class='ocrx_word' id='word_1_517' title='bbox 374 2758 420 2783; x_wconf 68' lang='grc' dir='ltr'>καὶ</span> <span class='ocrx_word' id='word_1_518' title='bbox 435 2756 527 2783; x_wconf 72' lang='grc' dir='ltr'>πιστοὶ</span> <span class='ocrx_word' id='word_1_519' title='bbox 543 2754 598 2782; x_wconf 82' lang='grc' dir='ltr'>εἷεν</span> <span class='ocrx_word' id='word_1_520' title='bbox 612 2757 637 2782; x_wconf 84' lang='grc' dir='ltr'>οἱ</span> <span class='ocrx_word' id='word_1_521' title='bbox 654 2757 794 2790; x_wconf 78' lang='grc' dir='ltr'>δεσπόται,</span> <span class='ocrx_word' id='word_1_522' title='bbox 816 2757 894 2793; x_wconf 81' lang='grc' dir='ltr'>φησὶ,</span> 
     </span>
    </p>
   </div>
   <div class='ocr_carea' id='block_1_75' title="bbox 109 2801 894 2838">
    <p class='ocr_par' dir='ltr' id='par_1_75' title="bbox 109 2801 894 2838">
     <span class='ocr_line' id='line_1_75' title="bbox 109 2801 894 2838; baseline 0 -10"><span class='ocrx_word' id='word_1_523' title='bbox 109 2802 147 2838; x_wconf 79' lang='grc' dir='ltr'>μὴ</span> <span class='ocrx_word' id='word_1_524' title='bbox 159 2802 411 2837; x_wconf 80' lang='grc' dir='ltr'>περιφρονείτωσαν</span> <span class='ocrx_word' id='word_1_525' title='bbox 428 2803 538 2833; x_wconf 76' lang='grc' dir='ltr'>αὐτοὺς,</span> <span class='ocrx_word' id='word_1_526' title='bbox 550 2802 591 2828; x_wconf 75' lang='grc' dir='ltr'><strong>ὅτι</strong></span> <span class='ocrx_word' id='word_1_527' title='bbox 606 2802 716 2837; x_wconf 77' lang='grc' dir='ltr'>ἁδελφοί</span> <span class='ocrx_word' id='word_1_528' title='bbox 731 2803 811 2833; x_wconf 85' lang='grc' dir='ltr'>εἰσιν,</span> <span class='ocrx_word' id='word_1_529' title='bbox 826 2801 894 2829; x_wconf 78' lang='grc' dir='ltr'>ἀλλὰ</span> 
     </span>
    </p>
   </div>
   <div class='ocr_carea' id='block_1_76' title="bbox 109 2849 896 2883">
    <p class='ocr_par' dir='ltr' id='par_1_76' title="bbox 109 2849 896 2883">
     <span class='ocr_line' id='line_1_76' title="bbox 109 2849 896 2883; baseline -0.003 -7"><span class='ocrx_word' id='word_1_530' title='bbox 109 2849 208 2880; x_wconf 76' lang='grc' dir='ltr'>μᾶλλον</span> <span class='ocrx_word' id='word_1_531' title='bbox 221 2849 431 2881; x_wconf 77' lang='grc' dir='ltr'>δουλευέτωσαν,</span> <span class='ocrx_word' id='word_1_532' title='bbox 450 2849 491 2875; x_wconf 82' lang='grc' dir='ltr'>ὅτι</span> <span class='ocrx_word' id='word_1_533' title='bbox 509 2849 599 2874; x_wconf 82' lang='grc' dir='ltr'>πιστοί</span> <span class='ocrx_word' id='word_1_534' title='bbox 621 2850 690 2874; x_wconf 74' lang='grc' dir='ltr'>εἰσιν</span> <span class='ocrx_word' id='word_1_535' title='bbox 707 2850 731 2876; x_wconf 87' lang='grc' dir='ltr'><strong>οί</strong></span> <span class='ocrx_word' id='word_1_536' title='bbox 756 2849 803 2883; x_wconf 80' lang='grc' dir='ltr'>τῆς</span> <span class='ocrx_word' id='word_1_537' title='bbox 818 2849 896 2883; x_wconf 79' lang='grc' dir='ltr'>εὐερ-</span> 
     </span>
    </p>
   </div>
   <div class='ocr_carea' id='block_1_77' title="bbox 914 2218 935 2244">
    <p class='ocr_par' dir='ltr' id='par_1_77' title="bbox 914 2218 935 2244">
     <span class='ocr_line' id='line_1_77' title="bbox 914 2218 935 2244; baseline 0 0"><span class='ocrx_word' id='word_1_538' title='bbox 914 2218 935 2244; x_wconf 91' lang='lat' dir='ltr'><strong>D</strong></span> 
     </span>
    </p>
   </div>
   <div class='ocr_carea' id='block_1_78' title="bbox 950 917 1739 958">
    <p class='ocr_par' dir='ltr' id='par_1_78' title="bbox 950 917 1739 958">
     <span class='ocr_line' id='line_1_78' title="bbox 950 917 1739 958; baseline 0.009 -14"><span class='ocrx_word' id='word_1_539' title='bbox 950 917 1067 954; x_wconf 69' lang='lat' dir='ltr'><strong>ingredi,</strong></span> <span class='ocrx_word' id='word_1_540' title='bbox 1093 919 1135 946; x_wconf 78' lang='lat' dir='ltr'><strong>vel</strong></span> <span class='ocrx_word' id='word_1_541' title='bbox 1158 919 1186 946; x_wconf 92' lang='lat' dir='ltr'><strong>iu</strong></span> <span class='ocrx_word' id='word_1_542' title='bbox 1210 920 1327 947; x_wconf 90' lang='lat' dir='ltr'><strong>amboue</strong></span> <span class='ocrx_word' id='word_1_543' title='bbox 1351 920 1452 955; x_wconf 75' lang='lat' dir='ltr'><strong>legere,</strong></span> <span class='ocrx_word' id='word_1_544' title='bbox 1479 922 1520 950; x_wconf 88' lang='lat' dir='ltr'><strong>vel</strong></span> <span class='ocrx_word' id='word_1_545' title='bbox 1546 923 1581 950; x_wconf 85' lang='lat' dir='ltr'><strong>ad</strong></span> <span class='ocrx_word' id='word_1_546' title='bbox 1605 923 1739 958; x_wconf 74' lang='lat' dir='ltr'><strong>majorem</strong></span> 
     </span>
    </p>
   </div>
   <div class='ocr_carea' id='block_1_79' title="bbox 951 965 1440 1001">
    <p class='ocr_par' dir='ltr' id='par_1_79' title="bbox 951 965 1440 1001">
     <span class='ocr_line' id='line_1_79' title="bbox 951 965 1440 1001; baseline 0.004 -10"><span class='ocrx_word' id='word_1_547' title='bbox 951 965 1065 1000; x_wconf 71' lang='lat' dir='ltr'><strong>gradum</strong></span> <span class='ocrx_word' id='word_1_548' title='bbox 1081 965 1235 1000; x_wconf 84' lang='lat' dir='ltr'><strong>promoveri</strong></span> <span class='ocrx_word' id='word_1_549' title='bbox 1250 966 1440 1001; x_wconf 84' lang='lat' dir='ltr'><strong>prohibentur.</strong></span> 
     </span>
    </p>
   </div>
   <div class='ocr_carea' id='block_1_80' title="bbox 986 1055 1740 1093">
    <p class='ocr_par' dir='ltr' id='par_1_80' title="bbox 986 1055 1740 1093">
     <span class='ocr_line' id='line_1_80' title="bbox 986 1055 1740 1093; baseline 0.005 -11"><span class='ocrx_word' id='word_1_550' title='bbox 986 1055 1036 1083; x_wconf 85' lang='lat' dir='ltr'><strong>His</strong></span> <span class='ocrx_word' id='word_1_551' title='bbox 1050 1063 1171 1083; x_wconf 83' lang='lat' dir='ltr'><strong>consona</strong></span> <span class='ocrx_word' id='word_1_552' title='bbox 1183 1060 1306 1084; x_wconf 84' lang='lat' dir='ltr'><strong>statuens</strong></span> <span class='ocrx_word' id='word_1_553' title='bbox 1322 1064 1383 1084; x_wconf 86' lang='lat' dir='ltr'><strong>can.</strong></span> <span class='ocrx_word' id='word_1_554' title='bbox 1399 1057 1434 1085; x_wconf 80' lang='grc'><strong>50</strong></span> <span class='ocrx_word' id='word_1_555' title='bbox 1451 1065 1512 1092; x_wconf 73' lang='lat' dir='ltr'><strong>syn.</strong></span> <span class='ocrx_word' id='word_1_556' title='bbox 1524 1058 1740 1093; x_wconf 79' lang='lat' dir='ltr'><strong>Carthag..Cle-</strong></span> 
     </span>
    </p>
   </div>
   <div class='ocr_carea' id='block_1_81' title="bbox 951 1101 1740 1138">
    <p class='ocr_par' dir='ltr' id='par_1_81' title="bbox 951 1101 1740 1138">
     <span class='ocr_line' id='line_1_81' title="bbox 951 1101 1740 1138; baseline 0.006 -10"><span class='ocrx_word' id='word_1_557' title='bbox 951 1101 1013 1133; x_wconf 88' lang='lat' dir='ltr'><strong>rici,</strong></span> <span class='ocrx_word' id='word_1_558' title='bbox 1030 1101 1129 1136; x_wconf 85' lang='lat' dir='ltr'><strong>inquit,</strong></span> <span class='ocrx_word' id='word_1_559' title='bbox 1148 1102 1376 1137; x_wconf 71' lang='lat' dir='ltr'><strong>gravissimorum</strong></span> <span class='ocrx_word' id='word_1_560' title='bbox 1397 1103 1544 1130; x_wconf 90' lang='lat' dir='ltr'><strong>criminum</strong></span> <span class='ocrx_word' id='word_1_561' title='bbox 1568 1105 1695 1138; x_wconf 90' lang='lat' dir='ltr'><strong>convicti,</strong></span> <span class='ocrx_word' id='word_1_562' title='bbox 1713 1111 1740 1133; x_wconf 92' lang='lat' dir='ltr'><strong>et</strong></span> 
     </span>
    </p>
   </div>
   <div class='ocr_carea' id='block_1_82' title="bbox 952 1149 1739 1183">
    <p class='ocr_par' dir='ltr' id='par_1_82' title="bbox 952 1149 1739 1183">
     <span class='ocr_line' id='line_1_82' title="bbox 952 1149 1739 1183; baseline 0.006 -9"><span class='ocrx_word' id='word_1_563' title='bbox 952 1152 1095 1183; x_wconf 86' lang='lat' dir='ltr'><strong>propterea</strong></span> <span class='ocrx_word' id='word_1_564' title='bbox 1123 1149 1254 1183; x_wconf 78' lang='lat' dir='ltr'><strong>gradibus</strong></span> <span class='ocrx_word' id='word_1_565' title='bbox 1283 1149 1341 1177; x_wconf 90' lang='lat' dir='ltr'><strong>suis</strong></span> <span class='ocrx_word' id='word_1_566' title='bbox 1359 1150 1540 1182; x_wconf 74' lang='lat' dir='ltr'><strong>excidentes,</strong></span> <span class='ocrx_word' id='word_1_567' title='bbox 1571 1158 1586 1177; x_wconf 85' lang='lat' dir='ltr'><strong>a</strong></span> <span class='ocrx_word' id='word_1_568' title='bbox 1619 1151 1739 1180; x_wconf 73' lang='lat' dir='ltr'><strong>fidelium</strong></span> 
     </span>
    </p>
   </div>
   <div class='ocr_carea' id='block_1_83' title="bbox 952 1196 1739 1231">
    <p class='ocr_par' dir='ltr' id='par_1_83' title="bbox 952 1196 1739 1231">
     <span class='ocr_line' id='line_1_83' title="bbox 952 1196 1739 1231; baseline 0.005 -10"><span class='ocrx_word' id='word_1_569' title='bbox 952 1198 1024 1221; x_wconf 69' lang='lat' dir='ltr'><strong>coetu</strong></span> <span class='ocrx_word' id='word_1_570' title='bbox 1047 1202 1100 1221; x_wconf 89' lang='lat' dir='ltr'><strong>non</strong></span> <span class='ocrx_word' id='word_1_571' title='bbox 1116 1200 1317 1230; x_wconf 69' lang='lat' dir='ltr'><strong>segregantur;</strong></span> <span class='ocrx_word' id='word_1_572' title='bbox 1340 1196 1397 1222; x_wconf 89' lang='lat' dir='ltr'><strong>sola</strong></span> <span class='ocrx_word' id='word_1_573' title='bbox 1411 1196 1483 1223; x_wconf 91' lang='lat' dir='ltr'><strong>enim</strong></span> <span class='ocrx_word' id='word_1_574' title='bbox 1509 1196 1643 1231; x_wconf 83' lang='lat' dir='ltr'><strong>depositio</strong></span> <span class='ocrx_word' id='word_1_575' title='bbox 1661 1199 1694 1225; x_wconf 87' lang='lat' dir='ltr'><strong>iis</strong></span> <span class='ocrx_word' id='word_1_576' title='bbox 1712 1199 1739 1226; x_wconf 94' lang='lat' dir='ltr'><strong>in</strong></span> 
     </span>
    </p>
   </div>
   <div class='ocr_carea' id='block_1_84' title="bbox 951 1234 1740 1276">
    <p class='ocr_par' dir='ltr' id='par_1_84' title="bbox 951 1234 1740 1276">
     <span class='ocr_line' id='line_1_84' title="bbox 951 1234 1740 1276; baseline 0.006 -10"><span class='ocrx_word' id='word_1_577' title='bbox 951 1247 1060 1274; x_wconf 79' lang='lat' dir='ltr'><strong>pcenam</strong></span> <span class='ocrx_word' id='word_1_578' title='bbox 1087 1234 1208 1273; x_wconf 66' lang='lat' dir='ltr'><strong>sufficit;</strong></span> <span class='ocrx_word' id='word_1_579' title='bbox 1227 1249 1359 1268; x_wconf 90' lang='lat' dir='ltr'><strong>manuum</strong></span> <span class='ocrx_word' id='word_1_580' title='bbox 1378 1249 1443 1269; x_wconf 88' lang='lat' dir='ltr'><strong>vero</strong></span> <span class='ocrx_word' id='word_1_581' title='bbox 1466 1242 1670 1276; x_wconf 84' lang='lat' dir='ltr'><strong>impositionem</strong></span> <span class='ocrx_word' id='word_1_582' title='bbox 1688 1245 1740 1271; x_wconf 84' lang='lat' dir='ltr'><strong>ali-</strong></span> 
     </span>
    </p>
   </div>
   <div class='ocr_carea' id='block_1_85' title="bbox 952 1287 1737 1325">
    <p class='ocr_par' dir='ltr' id='par_1_85' title="bbox 952 1287 1737 1325">
     <span class='ocr_line' id='line_1_85' title="bbox 952 1287 1737 1325; baseline 0.009 -15"><span class='ocrx_word' id='word_1_583' title='bbox 952 1293 1045 1321; x_wconf 87' lang='lat' dir='ltr'><strong>quam,</strong></span> <span class='ocrx_word' id='word_1_584' title='bbox 1074 1291 1104 1313; x_wconf 90' lang='lat' dir='ltr'><strong>ut</strong></span> <span class='ocrx_word' id='word_1_585' title='bbox 1133 1290 1209 1314; x_wconf 81' lang='lat' dir='ltr'><strong>extra</strong></span> <span class='ocrx_word' id='word_1_586' title='bbox 1241 1287 1359 1314; x_wconf 81' lang='lat' dir='ltr'><strong>tribunal</strong></span> <span class='ocrx_word' id='word_1_587' title='bbox 1389 1288 1542 1316; x_wconf 88' lang='lat' dir='ltr'><strong>ministerio</strong></span> <span class='ocrx_word' id='word_1_588' title='bbox 1574 1289 1737 1325; x_wconf 76' lang='lat' dir='ltr'><strong>I&#39;tmgautur,</strong></span> 
     </span>
    </p>
   </div>
   <div class='ocr_carea' id='block_1_86' title="bbox 951 1332 1741 1368">
    <p class='ocr_par' dir='ltr' id='par_1_86' title="bbox 951 1332 1741 1368">
     <span class='ocr_line' id='line_1_86' title="bbox 951 1332 1741 1368; baseline 0.008 -10"><span class='ocrx_word' id='word_1_589' title='bbox 951 1332 1092 1366; x_wconf 82' lang='lat' dir='ltr'><strong>suscipere</strong></span> <span class='ocrx_word' id='word_1_590' title='bbox 1104 1337 1258 1364; x_wconf 83' lang='lat' dir='ltr'><strong>nequeunt;</strong></span> <span class='ocrx_word' id='word_1_591' title='bbox 1271 1341 1358 1366; x_wconf 85' lang='lat' dir='ltr'><strong>neque</strong></span> <span class='ocrx_word' id='word_1_592' title='bbox 1371 1333 1587 1368; x_wconf 86' lang='lat' dir='ltr'><strong>rebaptizantur,</strong></span> <span class='ocrx_word' id='word_1_593' title='bbox 1601 1341 1628 1362; x_wconf 92' lang='lat' dir='ltr'><strong>ut</strong></span> <span class='ocrx_word' id='word_1_594' title='bbox 1641 1336 1741 1365; x_wconf 79' lang='lat' dir='ltr'><strong>exinde</strong></span> 
     </span>
    </p>
   </div>
   <div class='ocr_carea' id='block_1_87' title="bbox 952 1377 1741 1414">
    <p class='ocr_par' dir='ltr' id='par_1_87' title="bbox 952 1377 1741 1414">
     <span class='ocr_line' id='line_1_87' title="bbox 952 1377 1741 1414; baseline 0.009 -11"><span class='ocrx_word' id='word_1_595' title='bbox 952 1384 967 1404; x_wconf 83' lang='lat' dir='ltr'><strong>a</strong></span> <span class='ocrx_word' id='word_1_596' title='bbox 987 1377 1101 1404; x_wconf 88' lang='lat' dir='ltr'><strong>crimine</strong></span> <span class='ocrx_word' id='word_1_597' title='bbox 1126 1378 1245 1412; x_wconf 77' lang='lat' dir='ltr'><strong>purgati,</strong></span> <span class='ocrx_word' id='word_1_598' title='bbox 1264 1378 1335 1406; x_wconf 91' lang='lat' dir='ltr'><strong>sicut</strong></span> <span class='ocrx_word' id='word_1_599' title='bbox 1359 1380 1483 1407; x_wconf 88' lang='lat' dir='ltr'><strong>nonnulli</strong></span> <span class='ocrx_word' id='word_1_600' title='bbox 1499 1385 1606 1414; x_wconf 85' lang='lat' dir='ltr'><strong>putant,</strong></span> <span class='ocrx_word' id='word_1_601' title='bbox 1623 1383 1656 1408; x_wconf 90' lang='lat' dir='ltr'><strong>ad</strong></span> <span class='ocrx_word' id='word_1_602' title='bbox 1674 1383 1741 1410; x_wconf 89' lang='lat' dir='ltr'><strong>cleri</strong></span> 
     </span>
    </p>
   </div>
   <div class='ocr_carea' id='block_1_88' title="bbox 952 1423 1741 1459">
    <p class='ocr_par' dir='ltr' id='par_1_88' title="bbox 952 1423 1741 1459">
     <span class='ocr_line' id='line_1_88' title="bbox 952 1423 1741 1459; baseline 0.01 -11"><span class='ocrx_word' id='word_1_603' title='bbox 952 1423 1066 1458; x_wconf 78' lang='lat' dir='ltr'><strong>gradum</strong></span> <span class='ocrx_word' id='word_1_604' title='bbox 1101 1431 1197 1450; x_wconf 90' lang='lat' dir='ltr'><strong>rursus</strong></span> <span class='ocrx_word' id='word_1_605' title='bbox 1224 1429 1450 1459; x_wconf 80' lang='lat' dir='ltr'><strong>promoveantur.</strong></span> <span class='ocrx_word' id='word_1_606' title='bbox 1480 1425 1558 1454; x_wconf 85' lang='lat' dir='ltr'><strong>Unus</strong></span> <span class='ocrx_word' id='word_1_607' title='bbox 1592 1428 1664 1455; x_wconf 89' lang='lat' dir='ltr'><strong>enim</strong></span> <span class='ocrx_word' id='word_1_608' title='bbox 1698 1434 1741 1456; x_wconf 87' lang='lat' dir='ltr'><strong>est</strong></span> 
     </span>
    </p>
   </div>
   <div class='ocr_carea' id='block_1_89' title="bbox 952 1469 1738 1508">
    <p class='ocr_par' dir='ltr' id='par_1_89' title="bbox 952 1469 1738 1508">
     <span class='ocr_line' id='line_1_89' title="bbox 952 1469 1738 1508; baseline 0.009 -13"><span class='ocrx_word' id='word_1_609' title='bbox 952 1469 1080 1496; x_wconf 85' lang='lat' dir='ltr'><strong>salutaris</strong></span> <span class='ocrx_word' id='word_1_610' title='bbox 1093 1469 1262 1504; x_wconf 86' lang='lat' dir='ltr'><strong>baptismus;</strong></span> <span class='ocrx_word' id='word_1_611' title='bbox 1274 1471 1391 1506; x_wconf 83' lang='lat' dir='ltr'><strong>ideoque</strong></span> <span class='ocrx_word' id='word_1_612' title='bbox 1402 1473 1449 1507; x_wconf 89' lang='lat' dir='ltr'><strong>qui</strong></span> <span class='ocrx_word' id='word_1_613' title='bbox 1463 1479 1526 1508; x_wconf 89' lang='lat' dir='ltr'><strong>post</strong></span> <span class='ocrx_word' id='word_1_614' title='bbox 1539 1474 1738 1508; x_wconf 71' lang='lat' dir='ltr'><strong>depositione:-</strong></span> 
     </span>
    </p>
   </div>
   <div class='ocr_carea' id='block_1_90' title="bbox 952 1515 1739 1552">
    <p class='ocr_par' dir='ltr' id='par_1_90' title="bbox 952 1515 1739 1552">
     <span class='ocr_line' id='line_1_90' title="bbox 952 1515 1739 1552; baseline 0.006 -11"><span class='ocrx_word' id='word_1_615' title='bbox 952 1515 978 1541; x_wconf 91' lang='lat' dir='ltr'><strong>in</strong></span> <span class='ocrx_word' id='word_1_616' title='bbox 1004 1516 1121 1542; x_wconf 87' lang='lat' dir='ltr'><strong>atnbone</strong></span> <span class='ocrx_word' id='word_1_617' title='bbox 1146 1515 1251 1552; x_wconf 77' lang='lat' dir='ltr'><strong>legunt,</strong></span> <span class='ocrx_word' id='word_1_618' title='bbox 1270 1517 1312 1544; x_wconf 88' lang='lat' dir='ltr'><strong>vel</strong></span> <span class='ocrx_word' id='word_1_619' title='bbox 1328 1525 1433 1552; x_wconf 84' lang='lat' dir='ltr'><strong>preces,</strong></span> <span class='ocrx_word' id='word_1_620' title='bbox 1459 1517 1500 1544; x_wconf 87' lang='lat' dir='ltr'><strong>vel</strong></span> <span class='ocrx_word' id='word_1_621' title='bbox 1522 1518 1739 1547; x_wconf 80' lang='lat' dir='ltr'><strong>benedictionem</strong></span> 
     </span>
    </p>
   </div>
   <div class='ocr_carea' id='block_1_91' title="bbox 950 1561 1740 1597">
    <p class='ocr_par' dir='ltr' id='par_1_91' title="bbox 950 1561 1740 1597">
     <span class='ocr_line' id='line_1_91' title="bbox 950 1561 1740 1597; baseline 0.008 -10"><span class='ocrx_word' id='word_1_622' title='bbox 950 1561 1056 1594; x_wconf 86' lang='lat' dir='ltr'><strong>dicunt,</strong></span> <span class='ocrx_word' id='word_1_623' title='bbox 1086 1569 1139 1589; x_wconf 90' lang='lat' dir='ltr'><strong>non</strong></span> <span class='ocrx_word' id='word_1_624' title='bbox 1173 1569 1252 1590; x_wconf 83' lang='lat' dir='ltr'><strong>saera</strong></span> <span class='ocrx_word' id='word_1_625' title='bbox 1279 1563 1394 1590; x_wconf 80' lang='lat' dir='ltr'><strong>faciunt.</strong></span> <span class='ocrx_word' id='word_1_626' title='bbox 1424 1564 1538 1597; x_wconf 66' lang='lat' dir='ltr'><strong>Qumras</strong></span> <span class='ocrx_word' id='word_1_627' title='bbox 1558 1565 1640 1592; x_wconf 74' lang='lat' dir='ltr'><strong>etiam</strong></span> <span class='ocrx_word' id='word_1_628' title='bbox 1669 1565 1695 1591; x_wconf 92' lang='lat' dir='ltr'><strong>in</strong></span> <span class='ocrx_word' id='word_1_629' title='bbox 1723 1566 1740 1593; x_wconf 87' lang='lat'><strong>9</strong></span> 
     </span>
    </p>
   </div>
   <div class='ocr_carea' id='block_1_92' title="bbox 949 1608 1741 1646">
    <p class='ocr_par' dir='ltr' id='par_1_92' title="bbox 949 1608 1741 1646">
     <span class='ocr_line' id='line_1_92' title="bbox 949 1608 1741 1646; baseline 0.005 -12"><span class='ocrx_word' id='word_1_630' title='bbox 949 1614 1011 1641; x_wconf 87' lang='lat' dir='ltr'><strong>cap.</strong></span> <span class='ocrx_word' id='word_1_631' title='bbox 1028 1608 1172 1642; x_wconf 76' lang='lat' dir='ltr'><strong>przesentis</strong></span> <span class='ocrx_word' id='word_1_632' title='bbox 1187 1609 1284 1636; x_wconf 67' lang='lat' dir='ltr'><strong>litterae</strong></span> <span class='ocrx_word' id='word_1_633' title='bbox 1312 1617 1374 1637; x_wconf 85' lang='lat' dir='ltr'><strong>can.</strong></span> <span class='ocrx_word' id='word_1_634' title='bbox 1392 1609 1426 1637; x_wconf 83' lang='lat'><strong>50</strong></span> <span class='ocrx_word' id='word_1_635' title='bbox 1439 1617 1501 1645; x_wconf 78' lang='lat' dir='ltr'><strong>syn.</strong></span> <span class='ocrx_word' id='word_1_636' title='bbox 1517 1610 1646 1646; x_wconf 75' lang='lat' dir='ltr'><strong>Carthag.</strong></span> <span class='ocrx_word' id='word_1_637' title='bbox 1661 1610 1741 1644; x_wconf 66' lang='lat' dir='ltr'><strong>Quae-</strong></span> 
     </span>
    </p>
   </div>
   <div class='ocr_carea' id='block_1_93' title="bbox 948 1654 1739 1692">
    <p class='ocr_par' dir='ltr' id='par_1_93' title="bbox 948 1654 1739 1692">
     <span class='ocr_line' id='line_1_93' title="bbox 948 1654 1739 1692; baseline 0.004 -11"><span class='ocrx_word' id='word_1_638' title='bbox 948 1661 994 1681; x_wconf 84' lang='lat' dir='ltr'><strong>ras</strong></span> <span class='ocrx_word' id='word_1_639' title='bbox 1026 1654 1107 1682; x_wconf 84' lang='lat' dir='ltr'><strong>etiam</strong></span> <span class='ocrx_word' id='word_1_640' title='bbox 1140 1655 1169 1682; x_wconf 88' lang='lat' dir='ltr'><strong>in</strong></span> <span class='ocrx_word' id='word_1_641' title='bbox 1198 1655 1232 1682; x_wconf 69' lang='lat'><strong>15</strong></span> <span class='ocrx_word' id='word_1_642' title='bbox 1265 1663 1325 1692; x_wconf 88' lang='lat' dir='ltr'><strong>cap.</strong></span> <span class='ocrx_word' id='word_1_643' title='bbox 1361 1656 1416 1683; x_wconf 90' lang='lat' dir='ltr'><strong>litt.</strong></span> <span class='ocrx_word' id='word_1_644' title='bbox 1447 1655 1480 1690; x_wconf 85' lang='lat' dir='ltr'><strong>li,</strong></span> <span class='ocrx_word' id='word_1_645' title='bbox 1510 1664 1571 1684; x_wconf 87' lang='lat' dir='ltr'><strong>can.</strong></span> <span class='ocrx_word' id='word_1_646' title='bbox 1601 1657 1618 1684; x_wconf 80' lang='grc'>5</span> <span class='ocrx_word' id='word_1_647' title='bbox 1647 1658 1739 1692; x_wconf 81' lang='lat' dir='ltr'><strong>magni</strong></span> 
     </span>
    </p>
   </div>
   <div class='ocr_carea' id='block_1_94' title="bbox 947 1699 1052 1727">
    <p class='ocr_par' dir='ltr' id='par_1_94' title="bbox 947 1699 1052 1727">
     <span class='ocr_line' id='line_1_94' title="bbox 947 1699 1052 1727; baseline 0.01 -1"><span class='ocrx_word' id='word_1_648' title='bbox 947 1699 1052 1727; x_wconf 83' lang='lat' dir='ltr'><strong>Basilii.</strong></span> 
     </span>
    </p>
   </div>
   <div class='ocr_carea' id='block_1_95' title="bbox 982 1800 1709 1840">
    <p class='ocr_par' dir='ltr' id='par_1_95' title="bbox 982 1800 1709 1840">
     <span class='ocr_line' id='line_1_95' title="bbox 982 1800 1709 1840; baseline 0.007 -12"><span class='ocrx_word' id='word_1_649' title='bbox 982 1801 1061 1836; x_wconf 77' lang='lat'><strong>107</strong></span> <span class='ocrx_word' id='word_1_650' title='bbox 1071 1800 1138 1829; x_wconf 80' lang='lat' dir='ltr'><strong>CAP</strong></span> <span class='ocrx_word' id='word_1_651' title='bbox 1151 1801 1189 1840; x_wconf 81' lang='lat' dir='ltr'><strong>.X_</strong></span> <span class='ocrx_word' id='word_1_652' title='bbox 1203 1802 1286 1839; x_wconf 78' lang='lat' dir='ltr'><strong>[XII].</strong></span> <span class='ocrx_word' id='word_1_653' title='bbox 1315 1803 1353 1830; x_wconf 83' lang='lat' dir='ltr'><strong>De</strong></span> <span class='ocrx_word' id='word_1_654' title='bbox 1365 1804 1397 1830; x_wconf 74' lang='lat' dir='ltr'><strong>iis</strong></span> <span class='ocrx_word' id='word_1_655' title='bbox 1410 1805 1456 1838; x_wconf 80' lang='lat' dir='ltr'><strong>qui</strong></span> <span class='ocrx_word' id='word_1_656' title='bbox 1472 1805 1576 1840; x_wconf 76' lang='lat' dir='ltr'><strong>aliquos</strong></span> <span class='ocrx_word' id='word_1_657' title='bbox 1602 1811 1709 1840; x_wconf 81' lang='lat' dir='ltr'><strong>propter</strong></span> 
     </span>
    </p>
   </div>
   <div class='ocr_carea' id='block_1_96' title="bbox 1151 1838 1535 1874">
    <p class='ocr_par' dir='ltr' id='par_1_96' title="bbox 1151 1838 1535 1874">
     <span class='ocr_line' id='line_1_96' title="bbox 1151 1838 1535 1874; baseline 0.005 -10"><span class='ocrx_word' id='word_1_658' title='bbox 1151 1838 1306 1873; x_wconf 77' lang='lat' dir='ltr'><strong>religionem</strong></span> <span class='ocrx_word' id='word_1_659' title='bbox 1332 1838 1535 1874; x_wconf 77' lang='lat' dir='ltr'><strong>persequuntur.</strong></span> 
     </span>
    </p>
   </div>
   <div class='ocr_carea' id='block_1_97' title="bbox 984 1882 1739 1922">
    <p class='ocr_par' dir='ltr' id='par_1_97' title="bbox 984 1882 1739 1922">
     <span class='ocr_line' id='line_1_97' title="bbox 984 1882 1739 1922; baseline 0.007 -13"><span class='ocrx_word' id='word_1_660' title='bbox 984 1882 1133 1916; x_wconf 71' lang='lat' dir='ltr'><strong>Quaarasin</strong></span> <span class='ocrx_word' id='word_1_661' title='bbox 1149 1884 1160 1910; x_wconf 84' lang='lat' dir='ltr'><strong>l</strong></span> <span class='ocrx_word' id='word_1_662' title='bbox 1178 1892 1239 1918; x_wconf 88' lang='lat' dir='ltr'><strong>cap.</strong></span> <span class='ocrx_word' id='word_1_663' title='bbox 1258 1886 1311 1912; x_wconf 81' lang='lat' dir='ltr'><strong>litt.</strong></span> <span class='ocrx_word' id='word_1_664' title='bbox 1328 1885 1350 1911; x_wconf 79' lang='grc' dir='ltr'>Α</span> <span class='ocrx_word' id='word_1_665' title='bbox 1381 1893 1440 1913; x_wconf 87' lang='lat' dir='ltr'><strong>can.</strong></span> <span class='ocrx_word' id='word_1_666' title='bbox 1459 1886 1475 1913; x_wconf 91' lang='lat'><strong>9</strong></span> <span class='ocrx_word' id='word_1_667' title='bbox 1505 1894 1566 1921; x_wconf 74' lang='lat' dir='ltr'><strong>syn.</strong></span> <span class='ocrx_word' id='word_1_668' title='bbox 1589 1887 1690 1922; x_wconf 83' lang='lat' dir='ltr'><strong>Ancyr.</strong></span> <span class='ocrx_word' id='word_1_669' title='bbox 1712 1891 1739 1915; x_wconf 85' lang='lat' dir='ltr'><strong>et</strong></span> 
     </span>
    </p>
   </div>
   <div class='ocr_carea' id='block_1_98' title="bbox 947 1926 1548 1963">
    <p class='ocr_par' dir='ltr' id='par_1_98' title="bbox 947 1926 1548 1963">
     <span class='ocr_line' id='line_1_98' title="bbox 947 1926 1548 1963; baseline 0.005 -9"><span class='ocrx_word' id='word_1_670' title='bbox 947 1926 1028 1962; x_wconf 85' lang='lat' dir='ltr'><strong>epist.</strong></span> <span class='ocrx_word' id='word_1_671' title='bbox 1045 1927 1136 1963; x_wconf 69' lang='lat' dir='ltr'><strong>magni</strong></span> <span class='ocrx_word' id='word_1_672' title='bbox 1152 1928 1297 1956; x_wconf 84' lang='lat' dir='ltr'><strong>Athanasii</strong></span> <span class='ocrx_word' id='word_1_673' title='bbox 1313 1930 1345 1955; x_wconf 85' lang='lat' dir='ltr'><strong>ad</strong></span> <span class='ocrx_word' id='word_1_674' title='bbox 1358 1928 1548 1957; x_wconf 83' lang='lat' dir='ltr'><strong>Ruliuiannm.</strong></span> 
     </span>
    </p>
   </div>
   <div class='ocr_carea' id='block_1_99' title="bbox 948 2028 1736 2066">
    <p class='ocr_par' dir='ltr' id='par_1_99' title="bbox 948 2028 1736 2066">
     <span class='ocr_line' id='line_1_99' title="bbox 948 2028 1736 2066; baseline 0.004 -10"><span class='ocrx_word' id='word_1_675' title='bbox 948 2028 1023 2057; x_wconf 80' lang='lat' dir='ltr'><strong>CAP.</strong></span> <span class='ocrx_word' id='word_1_676' title='bbox 1042 2029 1076 2057; x_wconf 79' lang='lat' dir='ltr'><strong>XI</strong></span> <span class='ocrx_word' id='word_1_677' title='bbox 1094 2028 1189 2066; x_wconf 78' lang='lat' dir='ltr'><strong>[Xlll].</strong></span> <span class='ocrx_word' id='word_1_678' title='bbox 1209 2029 1246 2066; x_wconf 74' lang='lat' dir='ltr'><strong>De</strong></span> <span class='ocrx_word' id='word_1_679' title='bbox 1270 2038 1404 2057; x_wconf 70' lang='lat' dir='ltr'><strong>servorun:</strong></span> <span class='ocrx_word' id='word_1_680' title='bbox 1422 2031 1641 2062; x_wconf 75' lang='lat' dir='ltr'><strong>manumissione.</strong></span> <span class='ocrx_word' id='word_1_681' title='bbox 1665 2033 1736 2059; x_wconf 68' lang='lat' dir='ltr'><strong>atad</strong></span> 
     </span>
    </p>
   </div>
   <div class='ocr_carea' id='block_1_100' title="bbox 1194 2065 1493 2092">
    <p class='ocr_par' dir='ltr' id='par_1_100' title="bbox 1194 2065 1493 2092">
     <span class='ocr_line' id='line_1_100' title="bbox 1194 2065 1493 2092; baseline 0.003 -1"><span class='ocrx_word' id='word_1_682' title='bbox 1194 2065 1295 2092; x_wconf 83' lang='lat' dir='ltr'><strong>clerum</strong></span> <span class='ocrx_word' id='word_1_683' title='bbox 1321 2066 1493 2092; x_wconf 76' lang='lat' dir='ltr'><strong>admissionc.</strong></span> 
     </span>
    </p>
   </div>
   <div class='ocr_carea' id='block_1_101' title="bbox 984 2110 1737 2145">
    <p class='ocr_par' dir='ltr' id='par_1_101' title="bbox 984 2110 1737 2145">
     <span class='ocr_line' id='line_1_101' title="bbox 984 2110 1737 2145; baseline 0.004 -8"><span class='ocrx_word' id='word_1_684' title='bbox 984 2110 1053 2138; x_wconf 84' lang='lat' dir='ltr'><strong>Can.</strong></span> <span class='ocrx_word' id='word_1_685' title='bbox 1080 2110 1116 2138; x_wconf 83' lang='lat'><strong>85</strong></span> <span class='ocrx_word' id='word_1_686' title='bbox 1132 2118 1192 2145; x_wconf 84' lang='lat' dir='ltr'><strong>syn.</strong></span> <span class='ocrx_word' id='word_1_687' title='bbox 1218 2118 1243 2137; x_wconf 80' lang='lat' dir='ltr'><strong>Vt</strong></span> <span class='ocrx_word' id='word_1_688' title='bbox 1264 2111 1297 2138; x_wconf 88' lang='lat' dir='ltr'><strong>ad</strong></span> <span class='ocrx_word' id='word_1_689' title='bbox 1319 2119 1464 2138; x_wconf 88' lang='lat' dir='ltr'><strong>servorum</strong></span> <span class='ocrx_word' id='word_1_690' title='bbox 1489 2113 1737 2141; x_wconf 87' lang='lat' dir='ltr'><strong>manumissionem</strong></span> 
     </span>
    </p>
   </div>
   <div class='ocr_carea' id='block_1_102' title="bbox 950 2157 1737 2193">
    <p class='ocr_par' dir='ltr' id='par_1_102' title="bbox 950 2157 1737 2193">
     <span class='ocr_line' id='line_1_102' title="bbox 950 2157 1737 2193; baseline 0.003 -8"><span class='ocrx_word' id='word_1_691' title='bbox 950 2166 1003 2186; x_wconf 87' lang='lat' dir='ltr'><strong>non</strong></span> <span class='ocrx_word' id='word_1_692' title='bbox 1017 2158 1109 2193; x_wconf 85' lang='lat' dir='ltr'><strong>plures</strong></span> <span class='ocrx_word' id='word_1_693' title='bbox 1121 2158 1208 2185; x_wconf 92' lang='lat' dir='ltr'><strong>tribus</strong></span> <span class='ocrx_word' id='word_1_694' title='bbox 1225 2157 1340 2185; x_wconf 89' lang='lat' dir='ltr'><strong>testibus</strong></span> <span class='ocrx_word' id='word_1_695' title='bbox 1354 2157 1485 2186; x_wconf 85' lang='lat' dir='ltr'><strong>adhibere</strong></span> <span class='ocrx_word' id='word_1_696' title='bbox 1503 2158 1600 2193; x_wconf 90' lang='lat' dir='ltr'><strong>jubet:</strong></span> <span class='ocrx_word' id='word_1_697' title='bbox 1613 2159 1641 2186; x_wconf 92' lang='lat' dir='ltr'><strong>ln</strong></span> <span class='ocrx_word' id='word_1_698' title='bbox 1665 2160 1737 2187; x_wconf 87' lang='lat' dir='ltr'><strong>dno-</strong></span> 
     </span>
    </p>
   </div>
   <div class='ocr_carea' id='block_1_103' title="bbox 950 2203 1737 2240">
    <p class='ocr_par' dir='ltr' id='par_1_103' title="bbox 950 2203 1737 2240">
     <span class='ocr_line' id='line_1_103' title="bbox 950 2203 1737 2240; baseline 0.003 -9"><span class='ocrx_word' id='word_1_699' title='bbox 950 2205 1001 2231; x_wconf 74' lang='lat' dir='ltr'><strong>lius</strong></span> <span class='ocrx_word' id='word_1_700' title='bbox 1024 2204 1097 2231; x_wconf 86' lang='lat' dir='ltr'><strong>enim</strong></span> <span class='ocrx_word' id='word_1_701' title='bbox 1118 2203 1160 2231; x_wconf 85' lang='lat' dir='ltr'><strong>vel</strong></span> <span class='ocrx_word' id='word_1_702' title='bbox 1175 2203 1263 2231; x_wconf 88' lang='lat' dir='ltr'><strong>tribus</strong></span> <span class='ocrx_word' id='word_1_703' title='bbox 1278 2203 1404 2236; x_wconf 83' lang='lat' dir='ltr'><strong>testibus,</strong></span> <span class='ocrx_word' id='word_1_704' title='bbox 1418 2208 1448 2231; x_wconf 88' lang='lat' dir='ltr'><strong>ut</strong></span> <span class='ocrx_word' id='word_1_705' title='bbox 1472 2205 1562 2240; x_wconf 87' lang='lat' dir='ltr'><strong>inquit</strong></span> <span class='ocrx_word' id='word_1_706' title='bbox 1583 2204 1737 2240; x_wconf 86' lang='lat' dir='ltr'><strong>Scriptura,</strong></span> 
     </span>
    </p>
   </div>
   <div class='ocr_carea' id='block_1_104' title="bbox 948 2250 1439 2278">
    <p class='ocr_par' dir='ltr' id='par_1_104' title="bbox 948 2250 1439 2278">
     <span class='ocr_line' id='line_1_104' title="bbox 948 2250 1439 2278; baseline 0.002 -1"><span class='ocrx_word' id='word_1_707' title='bbox 948 2254 1029 2278; x_wconf 85' lang='lat' dir='ltr'><strong>omne</strong></span> <span class='ocrx_word' id='word_1_708' title='bbox 1043 2250 1157 2278; x_wconf 89' lang='lat' dir='ltr'><strong>verbum</strong></span> <span class='ocrx_word' id='word_1_709' title='bbox 1171 2250 1290 2278; x_wconf 88' lang='lat' dir='ltr'><strong>stabiliri</strong></span> <span class='ocrx_word' id='word_1_710' title='bbox 1301 2251 1439 2278; x_wconf 87' lang='lat' dir='ltr'><strong>novimus.</strong></span> 
     </span>
    </p>
   </div>
   <div class='ocr_carea' id='block_1_105' title="bbox 983 2341 1738 2377">
    <p class='ocr_par' dir='ltr' id='par_1_105' title="bbox 983 2341 1738 2377">
     <span class='ocr_line' id='line_1_105' title="bbox 983 2341 1738 2377; baseline 0.003 -10"><span class='ocrx_word' id='word_1_711' title='bbox 983 2341 1093 2369; x_wconf 85' lang='lat' dir='ltr'><strong>Tertius</strong></span> <span class='ocrx_word' id='word_1_712' title='bbox 1108 2346 1197 2368; x_wconf 87' lang='lat' dir='ltr'><strong>autem</strong></span> <span class='ocrx_word' id='word_1_713' title='bbox 1221 2348 1282 2376; x_wconf 82' lang='lat' dir='ltr'><strong>syn.</strong></span> <span class='ocrx_word' id='word_1_714' title='bbox 1298 2341 1467 2376; x_wconf 78' lang='lat' dir='ltr'><strong>Gangrensil</strong></span> <span class='ocrx_word' id='word_1_715' title='bbox 1485 2341 1558 2368; x_wconf 90' lang='lat' dir='ltr'><strong>nulla</strong></span> <span class='ocrx_word' id='word_1_716' title='bbox 1579 2342 1658 2369; x_wconf 91' lang='lat' dir='ltr'><strong>venia</strong></span> <span class='ocrx_word' id='word_1_717' title='bbox 1675 2342 1738 2377; x_wconf 44' lang='lat' dir='ltr'><strong>dig:</strong></span> 
     </span>
    </p>
   </div>
   <div class='ocr_carea' id='block_1_106' title="bbox 947 2387 1736 2422">
    <p class='ocr_par' dir='ltr' id='par_1_106' title="bbox 947 2387 1736 2422">
     <span class='ocr_line' id='line_1_106' title="bbox 947 2387 1736 2422; baseline 0 -6"><span class='ocrx_word' id='word_1_718' title='bbox 947 2396 1012 2416; x_wconf 90' lang='lat' dir='ltr'><strong>num</strong></span> <span class='ocrx_word' id='word_1_719' title='bbox 1030 2388 1182 2422; x_wconf 78' lang='lat' dir='ltr'><strong>existimat,</strong></span> <span class='ocrx_word' id='word_1_720' title='bbox 1193 2391 1224 2414; x_wconf 93' lang='lat' dir='ltr'><strong>ut</strong></span> <span class='ocrx_word' id='word_1_721' title='bbox 1239 2395 1336 2415; x_wconf 84' lang='lat' dir='ltr'><strong>servus</strong></span> <span class='ocrx_word' id='word_1_722' title='bbox 1351 2387 1461 2422; x_wconf 88' lang='lat' dir='ltr'><strong>pietatis</strong></span> <span class='ocrx_word' id='word_1_723' title='bbox 1471 2388 1513 2416; x_wconf 82' lang='lat' dir='ltr'><strong>vel</strong></span> <span class='ocrx_word' id='word_1_724' title='bbox 1524 2389 1736 2417; x_wconf 76' lang='lat' dir='ltr'><strong>exercitationis</strong></span> 
     </span>
    </p>
   </div>
   <div class='ocr_carea' id='block_1_107' title="bbox 947 2435 1737 2470">
    <p class='ocr_par' dir='ltr' id='par_1_107' title="bbox 947 2435 1737 2470">
     <span class='ocr_line' id='line_1_107' title="bbox 947 2435 1737 2470; baseline 0.001 -9"><span class='ocrx_word' id='word_1_725' title='bbox 947 2439 1081 2470; x_wconf 80' lang='lat' dir='ltr'><strong>praetextu</strong></span> <span class='ocrx_word' id='word_1_726' title='bbox 1096 2435 1239 2462; x_wconf 88' lang='lat' dir='ltr'><strong>dominum</strong></span> <span class='ocrx_word' id='word_1_727' title='bbox 1254 2438 1424 2468; x_wconf 83' lang='lat' dir='ltr'><strong>contemnat,</strong></span> <span class='ocrx_word' id='word_1_728' title='bbox 1445 2438 1473 2461; x_wconf 88' lang='lat' dir='ltr'><strong>et</strong></span> <span class='ocrx_word' id='word_1_729' title='bbox 1496 2441 1550 2461; x_wconf 89' lang='lat' dir='ltr'><strong>non</strong></span> <span class='ocrx_word' id='word_1_730' title='bbox 1570 2442 1632 2462; x_wconf 87' lang='lat' dir='ltr'><strong>eum</strong></span> <span class='ocrx_word' id='word_1_731' title='bbox 1653 2435 1737 2462; x_wconf 86' lang='lat' dir='ltr'><strong>bene-</strong></span> 
     </span>
    </p>
   </div>
   <div class='ocr_carea' id='block_1_108' title="bbox 947 2479 1735 2514">
    <p class='ocr_par' dir='ltr' id='par_1_108' title="bbox 947 2479 1735 2514">
     <span class='ocr_line' id='line_1_108' title="bbox 947 2479 1735 2514; baseline -0.004 -6"><span class='ocrx_word' id='word_1_732' title='bbox 947 2481 1068 2508; x_wconf 86' lang='lat' dir='ltr'><strong>volentia</strong></span> <span class='ocrx_word' id='word_1_733' title='bbox 1084 2484 1112 2507; x_wconf 88' lang='lat' dir='ltr'><strong>et</strong></span> <span class='ocrx_word' id='word_1_734' title='bbox 1124 2480 1286 2514; x_wconf 77' lang='lat' dir='ltr'><strong>honoreipsi</strong></span> <span class='ocrx_word' id='word_1_735' title='bbox 1296 2479 1385 2507; x_wconf 85' lang='lat' dir='ltr'><strong>cedat.</strong></span> <span class='ocrx_word' id='word_1_736' title='bbox 1396 2484 1423 2507; x_wconf 89' lang='lat' dir='ltr'><strong>et</strong></span> <span class='ocrx_word' id='word_1_737' title='bbox 1438 2480 1555 2511; x_wconf 82' lang='lat' dir='ltr'><strong>serviat;</strong></span> <span class='ocrx_word' id='word_1_738' title='bbox 1567 2485 1735 2514; x_wconf 83' lang='lat' dir='ltr'><strong>quapropter</strong></span> 
     </span>
    </p>
   </div>
   <div class='ocr_carea' id='block_1_109' title="bbox 945 2526 1736 2564">
    <p class='ocr_par' dir='ltr' id='par_1_109' title="bbox 945 2526 1736 2564">
     <span class='ocr_line' id='line_1_109' title="bbox 945 2526 1736 2564; baseline -0.004 -8"><span class='ocrx_word' id='word_1_739' title='bbox 945 2529 1048 2564; x_wconf 82' lang='lat' dir='ltr'><strong>justam</strong></span> <span class='ocrx_word' id='word_1_740' title='bbox 1063 2527 1278 2562; x_wconf 73' lang='lat' dir='ltr'><strong>indignationem</strong></span> <span class='ocrx_word' id='word_1_741' title='bbox 1296 2526 1466 2559; x_wconf 79' lang='lat' dir='ltr'><strong>exprimens,</strong></span> <span class='ocrx_word' id='word_1_742' title='bbox 1480 2526 1663 2562; x_wconf 86' lang='lat' dir='ltr'><strong>improbitatis</strong></span> <span class='ocrx_word' id='word_1_743' title='bbox 1678 2534 1736 2553; x_wconf 54' lang='lat' dir='ltr'><strong>una-</strong></span> 
     </span>
    </p>
   </div>
   <div class='ocr_carea' id='block_1_110' title="bbox 948 2571 1738 2610">
    <p class='ocr_par' dir='ltr' id='par_1_110' title="bbox 948 2571 1738 2610">
     <span class='ocr_line' id='line_1_110' title="bbox 948 2571 1738 2610; baseline 0 -9"><span class='ocrx_word' id='word_1_744' title='bbox 948 2575 1064 2610; x_wconf 63' lang='lat' dir='ltr'><strong>sistrum</strong></span> <span class='ocrx_word' id='word_1_745' title='bbox 1078 2573 1253 2600; x_wconf 87' lang='lat' dir='ltr'><strong>anathemate</strong></span> <span class='ocrx_word' id='word_1_746' title='bbox 1266 2572 1338 2599; x_wconf 79' lang='lat' dir='ltr'><strong>ferit.</strong></span> <span class='ocrx_word' id='word_1_747' title='bbox 1357 2571 1471 2599; x_wconf 80' lang='lat' dir='ltr'><strong>Divinos</strong></span> <span class='ocrx_word' id='word_1_748' title='bbox 1499 2573 1571 2598; x_wconf 87' lang='lat' dir='ltr'><strong>enim</strong></span> <span class='ocrx_word' id='word_1_749' title='bbox 1588 2573 1738 2606; x_wconf 61' lang='lat' dir='ltr'><strong>Apostolus</strong></span> 
     </span>
    </p>
   </div>
   <div class='ocr_carea' id='block_1_111' title="bbox 946 2618 1735 2654">
    <p class='ocr_par' dir='ltr' id='par_1_111' title="bbox 946 2618 1735 2654">
     <span class='ocr_line' id='line_1_111' title="bbox 946 2618 1735 2654; baseline -0.006 -6"><span class='ocrx_word' id='word_1_750' title='bbox 946 2628 994 2648; x_wconf 90' lang='lat' dir='ltr'><strong>cos</strong></span> <span class='ocrx_word' id='word_1_751' title='bbox 1024 2621 1070 2654; x_wconf 92' lang='lat' dir='ltr'><strong>qui</strong></span> <span class='ocrx_word' id='word_1_752' title='bbox 1100 2618 1240 2646; x_wconf 82' lang='lat' dir='ltr'><strong>servitutis</strong></span> <span class='ocrx_word' id='word_1_753' title='bbox 1260 2618 1356 2652; x_wconf 77' lang='lat' dir='ltr'><strong>jugum</strong></span> <span class='ocrx_word' id='word_1_754' title='bbox 1385 2618 1500 2644; x_wconf 84' lang='lat' dir='ltr'><strong>trahunt</strong></span> <span class='ocrx_word' id='word_1_755' title='bbox 1525 2625 1574 2652; x_wconf 83' lang='lat' dir='ltr'><strong>per</strong></span> <span class='ocrx_word' id='word_1_756' title='bbox 1604 2625 1735 2651; x_wconf 76' lang='lat' dir='ltr'><strong>magnum</strong></span> 
     </span>
    </p>
   </div>
   <div class='ocr_carea' id='block_1_112' title="bbox 947 2663 1737 2696">
    <p class='ocr_par' dir='ltr' id='par_1_112' title="bbox 947 2663 1737 2696">
     <span class='ocr_line' id='line_1_112' title="bbox 947 2663 1737 2696; baseline -0.004 -3"><span class='ocrx_word' id='word_1_757' title='bbox 947 2667 1122 2694; x_wconf 84' lang='lat' dir='ltr'><strong>Timotheum</strong></span> <span class='ocrx_word' id='word_1_758' title='bbox 1151 2664 1278 2692; x_wconf 86' lang='lat' dir='ltr'><strong>dominos</strong></span> <span class='ocrx_word' id='word_1_759' title='bbox 1312 2671 1378 2691; x_wconf 89' lang='lat' dir='ltr'><strong>suos</strong></span> <span class='ocrx_word' id='word_1_760' title='bbox 1407 2663 1481 2691; x_wconf 93' lang='lat' dir='ltr'><strong>omni</strong></span> <span class='ocrx_word' id='word_1_761' title='bbox 1509 2663 1614 2690; x_wconf 83' lang='lat' dir='ltr'><strong>honore</strong></span> <span class='ocrx_word' id='word_1_762' title='bbox 1637 2663 1737 2696; x_wconf 78' lang='lat' dir='ltr'><strong>dignos</strong></span> 
     </span>
    </p>
   </div>
   <div class='ocr_carea' id='block_1_113' title="bbox 947 2709 1735 2746">
    <p class='ocr_par' dir='ltr' id='par_1_113' title="bbox 947 2709 1735 2746">
     <span class='ocr_line' id='line_1_113' title="bbox 947 2709 1735 2746; baseline -0.005 -6"><span class='ocrx_word' id='word_1_763' title='bbox 947 2713 1104 2740; x_wconf 77' lang='lat' dir='ltr'><strong>existimare</strong></span> <span class='ocrx_word' id='word_1_764' title='bbox 1116 2711 1209 2746; x_wconf 88' lang='lat' dir='ltr'><strong>jubet:</strong></span> <span class='ocrx_word' id='word_1_765' title='bbox 1223 2719 1233 2736; x_wconf 75' lang='grc' dir='ltr'><strong>ι</strong></span> <span class='ocrx_word' id='word_1_766' title='bbox 1251 2709 1329 2744; x_wconf 86' lang='lat' dir='ltr'><strong>Quod</strong></span> <span class='ocrx_word' id='word_1_767' title='bbox 1347 2711 1369 2737; x_wconf 90' lang='lat' dir='ltr'><strong>si</strong></span> <span class='ocrx_word' id='word_1_768' title='bbox 1385 2710 1502 2742; x_wconf 83' lang='lat' dir='ltr'><strong>domini,</strong></span> <span class='ocrx_word' id='word_1_769' title='bbox 1521 2709 1620 2743; x_wconf 84' lang='lat' dir='ltr'><strong>inquit,</strong></span> <span class='ocrx_word' id='word_1_770' title='bbox 1640 2709 1735 2737; x_wconf 74' lang='lat' dir='ltr'><strong>ﬁdeles</strong></span> 
     </span>
    </p>
   </div>
   <div class='ocr_carea' id='block_1_114' title="bbox 948 2755 1734 2790">
    <p class='ocr_par' dir='ltr' id='par_1_114' title="bbox 948 2755 1734 2790">
     <span class='ocr_line' id='line_1_114' title="bbox 948 2755 1734 2790; baseline -0.003 -6"><span class='ocrx_word' id='word_1_771' title='bbox 948 2759 1013 2790; x_wconf 85' lang='lat' dir='ltr'><strong>sint,</strong></span> <span class='ocrx_word' id='word_1_772' title='bbox 1045 2766 1078 2784; x_wconf 89' lang='lat' dir='ltr'><strong>ne</strong></span> <span class='ocrx_word' id='word_1_773' title='bbox 1101 2761 1278 2784; x_wconf 85' lang='lat' dir='ltr'><strong>contemnant</strong></span> <span class='ocrx_word' id='word_1_774' title='bbox 1299 2763 1359 2786; x_wconf 86' lang='lat' dir='ltr'><strong>eos,</strong></span> <span class='ocrx_word' id='word_1_775' title='bbox 1382 2757 1455 2790; x_wconf 91' lang='lat' dir='ltr'><strong>quod</strong></span> <span class='ocrx_word' id='word_1_776' title='bbox 1478 2755 1576 2782; x_wconf 78' lang='lat' dir='ltr'><strong>fratres</strong></span> <span class='ocrx_word' id='word_1_777' title='bbox 1601 2756 1667 2788; x_wconf 88' lang='lat' dir='ltr'><strong>sint,</strong></span> <span class='ocrx_word' id='word_1_778' title='bbox 1685 2755 1734 2783; x_wconf 84' lang='lat' dir='ltr'><strong>sed</strong></span> 
     </span>
    </p>
   </div>
   <div class='ocr_carea' id='block_1_115' title="bbox 947 2801 1736 2839">
    <p class='ocr_par' dir='ltr' id='par_1_115' title="bbox 947 2801 1736 2839">
     <span class='ocr_line' id='line_1_115' title="bbox 947 2801 1736 2839; baseline -0.004 -8"><span class='ocrx_word' id='word_1_779' title='bbox 947 2804 1035 2839; x_wconf 70' lang='lat' dir='ltr'><strong>magis</strong></span> <span class='ocrx_word' id='word_1_780' title='bbox 1060 2803 1192 2835; x_wconf 82' lang='lat' dir='ltr'><strong>serviant,</strong></span> <span class='ocrx_word' id='word_1_781' title='bbox 1223 2802 1354 2837; x_wconf 87' lang='lat' dir='ltr'><strong>quoniam</strong></span> <span class='ocrx_word' id='word_1_782' title='bbox 1382 2807 1446 2829; x_wconf 89' lang='lat' dir='ltr'><strong>sunt</strong></span> <span class='ocrx_word' id='word_1_783' title='bbox 1472 2801 1565 2829; x_wconf 85' lang='lat' dir='ltr'><strong>lideles</strong></span> <span class='ocrx_word' id='word_1_784' title='bbox 1587 2802 1640 2835; x_wconf 89' lang='lat' dir='ltr'><strong>.qui</strong></span> <span class='ocrx_word' id='word_1_785' title='bbox 1662 2801 1736 2829; x_wconf 90' lang='lat' dir='ltr'><strong>bono</strong></span> 
     </span>
    </p>
   </div>
   <div class='ocr_carea' id='block_1_116' title="bbox 949 2846 1738 2885">
    <p class='ocr_par' dir='ltr' id='par_1_116' title="bbox 949 2846 1738 2885">
     <span class='ocr_line' id='line_1_116' title="bbox 949 2846 1738 2885; baseline -0.003 -7"><span class='ocrx_word' id='word_1_786' title='bbox 949 2859 1044 2878; x_wconf 83' lang='lat' dir='ltr'><strong>eorum</strong></span> <span class='ocrx_word' id='word_1_787' title='bbox 1062 2858 1144 2885; x_wconf 78' lang='lat' dir='ltr'><strong>opere</strong></span> <span class='ocrx_word' id='word_1_788' title='bbox 1163 2850 1305 2877; x_wconf 71' lang='lat' dir='ltr'><strong>fruuntur.</strong></span> <span class='ocrx_word' id='word_1_789' title='bbox 1325 2858 1333 2874; x_wconf 75' lang='grc' dir='ltr'><strong>ι</strong></span> <span class='ocrx_word' id='word_1_790' title='bbox 1354 2847 1387 2875; x_wconf 81' lang='lat' dir='ltr'><strong>Et</strong></span> <span class='ocrx_word' id='word_1_791' title='bbox 1405 2854 1502 2876; x_wconf 85' lang='lat' dir='ltr'><strong>rursus</strong></span> <span class='ocrx_word' id='word_1_792' title='bbox 1518 2848 1551 2875; x_wconf 88' lang='lat' dir='ltr'><strong>ad</strong></span> <span class='ocrx_word' id='word_1_793' title='bbox 1562 2846 1654 2875; x_wconf 87' lang='lat' dir='ltr'><strong>Titum</strong></span> <span class='ocrx_word' id='word_1_794' title='bbox 1667 2850 1738 2876; x_wconf 82' lang='lat' dir='ltr'><strong>scri-</strong></span> 
     </span>
    </p>
   </div>
  </div>
