1948 3064
204 135 274 168 «.9255

795 134 977 165 MATTH/El
1000 130 1225 164 BLASTARIS'

1755 128 1822 160 1256

202 193 269 219 hens
285 201 290 218 :
305 200 314 217 ι
336 191 439 219 Doccas
461 197 556 219 servos
583 191 642 218 suis
658 191 777 219 dominis
791 192 900 226 subjici,
918 197 945 219 et
960 192 987 219 in

1053 190 1132 222 ἐσίας
1142 181 1421 224 ἀντιλαμϐανόμενοι·
1436 195 1445 214 ι
1458 187 1506 214 καὶ
1522 186 1590 222 πρὸς
1604 185 1650 214 τὸν
1659 186 1730 213 θεῖον
1746 187 1825 214 αὖθις

201 237 329 265 omnibus
347 236 416 264 bene
434 236 573 271 placentes
588 244 661 269 esse,
682 245 736 264 non
754 238 984 270 contradicentes,

202 290 257 310 non
274 287 441 318 arrogantes,
458 281 507 310 sed
534 282 613 311 [idem
638 291 748 311 omnem
773 283 872 311 bonam
887 287 983 311 osten-

203 329 308 356 dentes.
332 337 342 354 ι

237 419 333 448 Canon
357 426 422 446 vero
441 419 477 446 83
497 421 587 446 sanet.
602 423 701 453 rapost.
727 425 836 445 omnem
864 417 986 445 scandali

205 466 379 493 occasionem
396 465 505 497 tollens,
519 472 573 492 non
592 464 727 499 permittit
742 471 850 492 servum
864 464 923 492 sine
937 463 988 490 do-

206 511 272 538 mini
287 511 365 538 venia
381 511 409 537 in
435 510 537 537 clerum
565 509 701 544 provehi;
730 509 782 537 hoc
805 510 877 537 enim
904 510 989 537 totius

209 557 358 592 aliquando
374 556 472 583 domus
493 556 602 584 eversio
618 555 659 587 fit,
679 559 707 582 et
720 555 874 582 molestiam
898 562 925 582 et
939 556 990 583 tri-

210 603 314 632 stitiam
330 602 441 629 domino
462 601 518 628 dat.
535 602 581 628 Vel
607 602 678 628 enim
696 604 791 629 servus
819 601 871 629 istc
893 602 990 629 domus

209 653 370 682 procurator
383 652 453 679 erat,
469 647 512 674 vel
533 648 653 675 taberna;
669 647 842 682 praepositus,
866 653 893 675 et
910 648 991 682 Cujus

210 693 271 721 lldci
283 693 394 720 creditae
405 697 482 720 erant
494 693 617 727 pecuniae
631 693 664 719 ad
678 693 900 728 negotiationem.
912 693 990 726 Quod

209 740 233 767 si
252 747 349 767 servus
377 739 461 774 gradu
483 746 563 766 sacro
601 738 701 772 dignus
726 738 907 770 existimetur,
936 739 993 772 epi-

215 792 331 820 scopum
349 785 422 812 deco
444 784 553 818 negetio
576 791 638 811 cum
655 784 766 811 domino
789 784 993 812 communicare

211 835 329 866 oportet,
345 835 372 857 et
394 830 417 858 si
441 830 464 856 is
479 829 663 860 consenserit,
681 835 790 856 servum
807 836 902 856 secure
915 828 992 855 ordi-

1036 235 1115 262 Τίτον
1126 243 1133 251 ·
1148 244 1158 261 ι
1175 235 1291 261 Δίδασκε
1304 234 1413 265 δούλους
1430 234 1541 265 οἰκείοις
1553 233 1699 264 δεσπόταις
1708 233 1828 260 ὑποτάσ-

1038 280 1142 310 σεσθαι,
1154 281 1201 307 καὶ
1216 280 1245 306 tv
1257 281 1339 307 πᾶσιν
1350 279 1514 312 εὐαρέστους
1526 275 1605 310 εἶναι,
1619 278 1657 313 μὴ
1671 277 1826 311 ἀντιλέγον-

1036 336 1097 358 τας.
1110 327 1147 363 μὴ
1161 327 1382 362 νοσφιζομένους,
1396 325 1464 352 ἀλλὰ
1477 325 1568 353 πίστιν
1581 326 1673 352 πᾶσαν
1689 325 1825 366 ἐνδεικνυ-

1040 374 1137 409 μένους
1152 373 1268 408 ἀγαθήν.
1284 381 1294 398 ι

1081 419 1110 446 Ὀ
1122 419 1150 446 δὲ
1166 419 1211 454 πβ¹
1227 419 1282 445 τῶν
1293 418 1378 453 ἁγίων
1393 417 1564 448 ἀποστόλων,
1578 417 1669 444 πᾶσαν
1685 416 1826 452 πρόφασιν

1039 465 1188 492 σκανδάλου
1204 464 1365 499 περιαιρῶν,
1390 464 1440 491 οὐκ
1468 463 1611 498 ἐπιτρέπει
1633 462 1727 489 δοῦλον
1746 461 1828 488 ἀλλό-

1039 519 1114 545 τριον
1129 510 1205 545 παρὰ
1219 509 1333 544 γνώμην
1346 509 1393 535 τοῦ
1409 509 1539 536 δεσπότου
1564 507 1730 544 κληροῦσθαι
1741 515 1747 522 ·
1763 507 1827 534 ὅλου

1040 555 1095 591 γὰρ
1111 555 1187 582 οῐκου
1200 555 1341 590 ἀνατροπὴ
1355 555 1411 581 Εσθ¹
1426 555 1471 581 ὅτε
1486 555 1592 588 γίνεται
1606 553 1695 585 τοῦτο,
1711 553 1760 580 καὶ
1777 552 1827 578 λύ-

1041 609 1096 636 πης
1107 601 1154 628 καὶ
1165 601 1277 636 ἀτιμίας
1293 601 1379 627 αίτιον
1386 600 1425 635 τῷ
1437 600 1563 634 δεσπότῃ.
1576 600 1611 626 "H
1626 599 1680 634 γὰρ
1691 598 1738 624 τοῦ
1751 598 1828 624 οἴκου

1040 647 1135 674 τοῦτον
1149 643 1207 682 εἷχε
1218 646 1365 682 διοικητὴν.
1380 647 1396 681 ἢ
1412 646 1593 682 ἐργαστηρίου
1615 644 1828 681 προϊστάμενον,

1041 694 1058 729 ἢ
1074 693 1204 728 χρήματα
1219 694 1258 725 είς
1278 692 1413 728 ἐμπορίαν
1431 692 1606 720 πεπίστευτο.
1632 692 1663 719 Εἰ
1677 691 1705 718 δὲ
1716 690 1791 724 ἄξιος
1815 691 1829 716 ὁ

1041 740 1152 773 οἰκέτης
1178 739 1317 775 ἱερατικοῦ
1341 739 1450 775 κριθείη
1470 738 1585 774 βαθμοῦ,
1600 737 1757 765 κοινοῦσθαι
1774 736 1828 772 χρὴ

1041 785 1087 812 τδν
1099 785 1249 812 ἐπίσκοπον
1264 785 1298 812 τὰ
1326 786 1388 819 περὶ
1417 785 1502 812 αὑτοῦ
1524 785 1563 819 τῷ
1586 784 1714 818 δεσπότῃ,
1743 782 1793 809 καὶ
1804 782 1830 808 εί

1043 832 1170 858 κάκεῖνον
1197 831 1273 866 σχοίη
1300 831 1470 866 πειθόμενον,
1496 831 1661 865 χειροτονεῖν
1677 828 1764 860 ἀδεῶς
1783 828 1830 854 τδν

212 865 288 904 nare.
315 876 427 910 Magnus
453 876 554 902 etenim
587 875 689 902 Paulus
709 873 884 906 Onesimum,
905 873 995 902 Phile—

1053 877 1164 912 alxéznv.
1181 865 1236 904 Kal.
1251 865 1271 903 όν
1280 878 1366 912 μέγας
1382 865 1446 912 γὰρ
1473 877 1578 908 Παῦλος
1597 876 1642 902 τὸν
1668 875 1828 910 Ὀνήσιμον,

212 923 303 951 monis
319 929 440 953 servum,
456 921 535 955 cujus
552 920 735 947 ministerium
757 920 809 947 sibi
834 919 900 947 utile
920 919 994 955 judi~

212 968 302 1000 cabat,
321 967 381 995 sine
403 967 507 993 domini
530 966 669 993 voluntate
683 965 806 994 detinere
824 965 922 999 noluit,
946 966 995 994 sed

211 1015 301 1050 ipsum
312 1013 346 1040 ad
359 1013 545 1040 Philemonem
562 1011 679 1038 remisit.

248 1117 365 1150 Insuper
391 1115 408 1142 4
431 1122 492 1142 can.
524 1122 552 1141 ιν
574 1121 634 1149 syn.
658 1112 892 1140 excommunicari
917 1113 996 1148 jubet

216 1170 280 1190 eum
312 1161 359 1196 qui
374 1167 483 1188 servum
508 1159 534 1186 in
550 1158 746 1186 monasterium
766 1158 873 1193 recipit,
891 1162 921 1186 ut
935 1166 996 1186 mo-

218 1208 326 1236 nachus
342 1207 399 1239 ﬁat,
415 1207 474 1234 sine
489 1205 591 1241 proprii
608 1205 713 1232 domini
728 1205 819 1232 venia.

560 1251 651 1286 Leges.

250 1298 305 1326 Lex
323 1298 357 1326 ad
376 1297 447 1326 servi
460 1297 609 1324 libertatem
624 1295 920 1331 suﬁlcere-dicit,quod
930 1295 998 1323 sciat

216 1345 346 1373 dominus
370 1351 432 1371 eum
449 1343 477 1370 in
493 1343 597 1371 clerum
623 1342 759 1377 cooptari,
775 1346 802 1369 ct
819 1350 872 1369 non
889 1346 999 1370 contra-

218 1391 302 1419 dicat.

251 1436 363 1464 Novella
379 1440 468 1464 autem
485 1435 585 1463 Leonis
596 1434 746 1469 Sapientis.
769 1433 880 1466 Servus,
898 1433 997 1469 inquit,

215 1483 262 1517 qui
277 1483 304 1509 in
318 1482 420 1510 clerum
441 1486 584 1517 promotus
609 1485 650 1508 est
678 1480 818 1507 nesciente
838 1479 958 1510 domino,
972 1482 999 1505 et

1043 923 1136 950 δοῦλον
1148 922 1212 950 ³ὂντα
1223 923 1386 957 Φιλήμονος,
1399 922 1446 951 καί
1462 931 1504 949 τοι
1515 922 1669 957 αῦχρηστον
1681 920 1756 955 αὺτῷ
1771 928 1831 954 κρι-

1043 968 1124 996 θέντα
1143 969 1183 999 είς
1195 968 1343 1000 διακονίαν,
1355 969 1431 1002 ὅμως
1449 968 1514 995 ἄνευ
1531 967 1643 1002 γνώμης
1659 967 1708 994 τοῦ
1730 966 1830 993 δεσπό-

1043 1022 1090 1040 του
1107 1014 1232 1049 κατέχειν
1246 1015 1296 1041 οὺκ
1305 1013 1373 1050 ῷετο
1384 1014 1450 1047 δεῖν,
1461 1013 1518 1041 ἀλλ’
1530 1013 1653 1048 επεμψεν
1667 1012 1750 1040 αὑτὸν
1761 1011 1830 1047 πρὸς

1043 1059 1193 1094 Φιλήμονα.

1086 1105 1116 1132 '0
1132 1106 1160 1133 δὲ
1174 1106 1194 1133 δ’
1211 1106 1260 1142 τῆς
1278 1106 1411 1140 τετάρτης
1438 1106 1546 1133 συνόδου
1573 1105 1622 1132 καὶ
1646 1103 1832 1138 ἀκοινώνητον

1046 1150 1116 1179 εἶναι
1141 1152 1247 1179 κελεύει
1262 1155 1307 1179 τὸν
1325 1152 1470 1188 δεχόμενον
1480 1152 1521 1183 είς
1540 1150 1722 1186 μοναστήριον
1737 1149 1832 1176 δοῦλον

1047 1198 1094 1225 ἐπὶ
1106 1198 1145 1234 τῷ
1163 1198 1279 1234 μονάσαι
1299 1199 1376 1233 παρὰ
1391 1198 1506 1232 γνώμην
1520 1195 1568 1223 τοῦ
1587 1195 1652 1223 ίδίου
1668 1194 1812 1221 δεσπότου.

1387 1245 1489 1278 Νόμοι.

1089 1289 1120 1319 '0
1153 1291 1182 1318 δὲ
1208 1290 1289 1326 νόμος
1312 1290 1407 1326 ἀρκεῖν
1434 1291 1474 1322 είς
1504 1289 1661 1325 ἐλευθερίαν
1688 1290 1758 1326 φησὶ
1783 1289 1831 1316 τοῦ

1048 1336 1141 1363 δούλου
1170 1336 1200 1362 τδ
1220 1337 1320 1367 εἰδότος
1334 1337 1381 1362 τοῦ
1399 1336 1529 1363 δεσπότου
1553 1336 1600 1363 καὶ
1617 1336 1656 1372 μὴ
1673 1336 1831 1371 ἀντιλέγον-

1047 1390 1104 1414 τος,
1117 1381 1155 1416 τῷ
1171 1382 1264 1417 κλήρῳ
1278 1381 1360 1409 αὐτὸν
1379 1381 1574 1415 καταλεγῆναι.

1090 1428 1123 1455 Ἦ
1136 1428 1165 1455 δὲ
1182 1428 1268 1462 νεαρὰ
1289 1427 1336 1454 τοῦ
1347 1427 1430 1462 σοφοῦ
1445 1427 1571 1460 Λέοντος,
1587 1427 1639 1454 Τὸν
1655 1427 1833 1462 κληρωθέντα

1048 1474 1151 1506 δοῦλον⁹
1167 1474 1260 1510 φησὶν,
1288 1474 1448 1508 ἀγνοοῦντος
1474 1473 1520 1500 τοῦ
1536 1474 1678 1504 δεσπότου,
1691 1473 1762 1500 ἀλλὰ
1779 1474 1833 1508 μὴν

216 1528 261 1563 qui
280 1527 442 1560 monachus,
462 1527 503 1554 vel
520 1527 666 1562 episcopus
692 1525 732 1557 lit,
751 1524 784 1552 ad
806 1524 924 1559 priorem
950 1523 995 1550 do-

1053 1521 1097 1548 καὶ
1113 1521 1159 1548 τδν
1180 1521 1345 1556 μονάσαντα,
1359 1520 1462 1548 καὶτὸν
1477 1520 1609 1555 γεγονότα
1619 1519 1832 1556 ἐπίσκοπον,τῷ

217 1574 321 1601 minum
352 1573 456 1601 invitus
480 1576 640 1604 revertatur,
669 1571 737 1598 nihil
765 1571 800 1598 ab
827 1570 998 1598 ordinatione

216 1618 336 1654 adjutus.
352 1617 485 1645 Dominus
511 1621 600 1644 autem
621 1615 761 1643 indefinite
783 1623 845 1643 eum
871 1622 999 1642 revocare

217 1664 320 1698 nequit.
338 1664 384 1691 sed
401 1664 473 1690 intra
495 1662 681 1695 triennium,a
698 1666 820 1696 tempore
831 1660 997 1696 quofactutr.

216 1710 370 1742 resciverit,
386 1708 597 1736 numerandum.

252 1796 435 1824 Personarum
453 1795 542 1831 prima
553 1796 654 1824 divisio
667 1797 725 1824 haec
741 1800 783 1824 est
795 1804 803 1824 :
819 1795 944 1824 homines
953 1794 999 1823 alii

218 1846 282 1869 sunt
299 1841 388 1872 liberi,
406 1843 452 1869 alii
475 1847 565 1870 autem
584 1843 677 1876 servi;
702 1848 730 1870 et
755 1842 868 1870 libertas
889 1842 999 1876 quidem

217 1888 364 1922 estJlos
373 1888 488 1916 facultas
499 1893 561 1915 natu
567 1889 631 1916 ralis
641 1889 753 1916 cuilibet
761 1895 893 1916 concessa
903 1887 999 1922 agendi

217 1941 278 1967 qua:
296 1934 370 1965 vclit,
388 1934 440 1961 nisi
453 1933 494 1961 lex
508 1934 548 1962 vel
568 1935 608 1961 vis
621 1934 760 1969 impediat.
775 1934 897 1962 Servitus
908 1938 998 1960 autem

217 1983 260 2006 est
283 1979 350 2015 legis
369 1980 484 2007 ethnicaz
514 1984 540 2007 et
563 1980 633 2015 juris
650 1980 713 2007 belli
723 1979 858 2012 ellectus;
876 1987 923 2014 per
937 1986 998 2010 eam

217 2025 316 2059 aliquis
332 2026 445 2053 alterius
455 2026 579 2060 potestati
595 2026 755 2060 subjicitur;
769 2025 842 2060 quod
855 2025 905 2060 legi
920 2029 1000 2052 natu-

217 2070 268 2098 rali
293 2072 460 2100 contrarium
482 2076 534 2100 est.
562 2071 664 2099 Natura
691 2071 761 2099 enim
787 2078 882 2099 omnes
899 2071 999 2098 liberos

218 2117 354 2151 produxit.

254 2161 359 2190 Rursus
372 2162 452 2190 liberi
466 2163 629 2191 dividuntur
644 2163 800 2198 dupliciter,
815 2163 842 2189 iu
857 2162 998 2195 ingenuos,

1050 1567 1175 1602 προτέρῳ
1188 1567 1306 1602 δεσπότῃ
1333 1567 1380 1593 καὶ
1395 1566 1497 1593 ἄκοντα
1512 1565 1761 1597 ἀποκαθίστασθαι,
1776 1574 1831 1601 μη-

1049 1614 1094 1640 δὲν
1105 1614 1154 1648 τῆς
1171 1613 1338 1648 χειροτονίας
1354 1613 1537 1648 ἀπονάμενον.
1565 1613 1604 1639 Ob
1619 1612 1673 1647 μὴν
1688 1612 1834 1648 ἀπροσδιο-

1050 1660 1150 1696 ρίστως
1175 1660 1289 1687 δύναται
1312 1660 1326 1685 ό
1354 1659 1488 1695 δεσπότης
1504 1659 1701 1686 ἀνακαλεῖσθαι
1725 1659 1831 1691 τοῦτον,

1049 1705 1107 1733 ἀλλ’
1131 1705 1206 1737 ἔντος
1231 1706 1354 1741 τριετίας
1373 1706 1440 1741 μετὰ
1465 1705 1495 1731 τὸ
1511 1704 1602 1732 λαϐεῖν
1629 1705 1711 1732 αὑτὸν
1728 1706 1833 1741 εἴδησιν

1049 1750 1096 1778 τοῦ
1109 1759 1250 1786 γεγονοτος
1264 1751 1482 1787 ἀριθμουμένης.

1089 1797 1123 1824 Ἥ
1135 1797 1189 1824 τῶν
1202 1797 1356 1834 προσώπων
1370 1798 1442 1832 ἄκρα
1453 1797 1584 1831 διαίρεσις
1596 1797 1666 1833 αὕτη
1680 1798 1756 1825 ἐστίν
1767 1807 1774 1814 ·
1792 1799 1834 1826 ὅτι

1049 1842 1104 1869 τῶν
1115 1842 1266 1876 ἀνθρώπων
1284 1843 1307 1869 ol
1321 1842 1371 1878 μέν
1387 1843 1456 1870 είσιν
1471 1843 1620 1877 ἐλεύθεροι,
1636 1844 1661 1870 οἱ
1677 1844 1705 1870 δὲ
1721 1844 1811 1871 δοῦλοι
1824 1853 1831 1860 ·

1049 1889 1097 1916 καὶ
1111 1888 1252 1922 ἐλευθερία
1264 1889 1313 1924 μέν
1340 1889 1414 1916 ἐστιν
1439 1889 1565 1924 εὐχέρεια
1580 1889 1693 1925 φυσικὴ,
1724 1891 1833 1925 ἑκάστῳ

1051 1934 1229 1970 συγχωροῦσα
1245 1935 1374 1969 πράττειν
1385 1934 1403 1962 ἃ.
1416 1935 1549 1970 βούλεται,
1564 1937 1589 1963 εί
1603 1936 1640 1971 μὴ
1655 1936 1737 1971 νόμος
1750 1937 1767 1972 ἢ
1789 1937 1835 1972 βία

1051 1980 1167 2008 κωλύει·
1183 1980 1289 2008 δουλεία
1305 1980 1333 2007 δέ
1361 1982 1437 2008 ἐστιν
1463 1981 1572 2018 ὲθνικοῦ
1584 1984 1667 2017 νόμου
1693 1982 1834 2010 διατύπω-

1051 2035 1094 2058 σις
1117 2026 1164 2053 καὶ
1181 2027 1308 2061 πολέμων
1323 2026 1441 2060 ἐπίνοια,
1455 2026 1485 2059 ἐξ
1499 2024 1533 2063 ἧς
1547 2037 1588 2060 τις
1603 2028 1786 2055 ὑποϐάλλεται
1799 2031 1832 2064 τῇ

1050 2072 1145 2107 ἐτέρου
1173 2072 1329 2107 δεσποτεία,
1342 2072 1511 2104 ὑπεναντίως
1536 2074 1583 2099 τοῦ
1602 2073 1720 2107 φυσικοῦ
1731 2075 1833 2110 νόμον

1050 2119 1066 2154 ή
1077 2118 1129 2154 γὰρ
1143 2118 1223 2153 φύσις
1238 2118 1343 2149 πάντας
1353 2117 1513 2154 ἐλευθέρους
1523 2119 1694 2154 προήγαγεν.

1085 2164 1171 2191 Πάλιν
1184 2165 1211 2191 οι
1237 2164 1374 2200 ἐλεύθεροι
1387 2164 1556 2200 διαιροῦνται
1571 2167 1609 2197 είς
1620 2166 1679 2197 δύο,
1694 2167 1735 2198 είς
1753 2168 1832 2201 εὖγε-

217 2211 244 2234 et
258 2207 381 2234 libertos.
394 2208 428 2234 Et
445 2208 580 2242 ingenuus
599 2208 709 2242 quidem
725 2213 777 2238 est.
795 2207 841 2241 qui
856 2206 949 2234 statim
965 2213 995 2232 ac

1053 2211 1106 2240 νεϊς
1125 2210 1172 2236 καὶ
1198 2210 1407 2245 ἀπελευθέρους.
1439 2210 1494 2236 Καὶ
1511 2210 1624 2245 εὐγενὴς
1652 2211 1702 2246 μέν
1730 2212 1803 2238 ἐστιν
1819 2213 1833 2238 ό

217 2257 299 2280 natus
318 2256 370 2285 est,
396 2252 464 2280 liber
479 2253 596 2285 exsistit,
612 2259 638 2280 et
653 2253 794 2280 servitutis
806 2253 902 2287 jugum
928 2259 998 2278 nun-

216 2306 298 2332 quam
317 2299 454 2333 gustavit;
469 2299 584 2327 libertus
599 2307 673 2332 vero,
694 2299 741 2334 qui
754 2306 786 2327 ex
801 2305 880 2326 servo
899 2305 998 2324 manu-

216 2344 302 2371 misso
316 2348 397 2371 nutus
413 2349 464 2372 est.

251 2389 345 2416 Potest
360 2390 460 2425 aliquis
477 2398 587 2418 servum
603 2398 683 2419 suum
698 2391 900 2425 manumittere,
915 2393 957 2420 vel
970 2393 998 2420 in

216 2435 399 2463 sanctissimis
419 2437 557 2469 ecclesiis,
576 2438 616 2464 vel
631 2445 723 2464 coram
741 2437 866 2472 praeside,
893 2438 934 2465 vel
951 2446 999 2466 eo-

216 2488 274 2508 rum
303 2481 398 2508 atuicis
425 2482 547 2516 quinque
576 2484 609 2510 ad
633 2483 683 2510 hoc
700 2483 816 2516 vocati,
840 2484 882 2511 vel
910 2484 999 2512 tribus

216 2528 464 2562 subscribentibus,
478 2530 520 2557 vel
536 2537 584 2564 per
601 2530 716 2562 litteras,
729 2531 771 2558 vel
783 2531 809 2558 in
820 2535 998 2565 testamento,

216 2575 257 2602 vel
277 2582 441 2610 quacunque
464 2582 586 2603 extrema
606 2577 756 2603 voluntate.
783 2576 817 2603 Et
838 2577 860 2604 si
887 2585 997 2605 servum

214 2629 295 2648 suum
312 2629 437 2656 persona;
460 2621 551 2648 libera:
578 2623 678 2656 iunxit,
697 2622 739 2649 vel
756 2630 818 2649 eum
836 2628 933 2657 praeter
949 2631 998 2650 vo-

214 2667 348 2694 luntatem
363 2675 439 2695 suam
452 2668 578 2702 junctum
591 2669 716 2700 audiens,
737 2669 762 2695 id
776 2669 905 2702 patiatur.

251 2713 353 2740 Servus
363 2714 409 2747 qui
422 2715 526 2741 sciente
548 2714 660 2740 domino
671 2714 697 2740 in
713 2714 838 2741 militiam
854 2715 913 2742 abit
938 2722 996 2742 ma<

215 2758 384 2785 immittitur.

249 2803 300 2835 Qui
317 2804 417 2830 caedem
434 2803 536 2830 domini
557 2803 600 2833 sui
618 2803 732 2839 indica}.
749 2806 995 2838 manumissioncm

216 2847 314 2876 habeat
332 2857 382 2884 pro
399 2849 524 2886 praemio.

1048 2255 1149 2287 εὐθέως
1171 2255 1229 2290 ἅμα
1246 2255 1284 2290 τῷ
1303 2255 1432 2291 τεχθῆναι
1447 2255 1589 2291 ἐλεύθερος
1614 2255 1663 2288 ὣν,
1683 2258 1731 2284 καὶ
1747 2259 1829 2292 μήπω

1047 2300 1095 2328 τοῦ
1111 2300 1193 2335 ζυγοῦ
1219 2301 1271 2336 τῆς
1294 2301 1416 2333 δουλείας
1442 2302 1628 2337 γευσάμενος’
1648 2303 1832 2340 ἀπελεύθερος

1047 2347 1076 2374 δὲ
1091 2347 1105 2373 ὁ
1121 2348 1153 2373 ὲκ
1167 2346 1260 2373 δούλου
1273 2347 1502 2382 ἐλευθερωθέντος
1514 2349 1669 2383 γεννηθείς.

1083 2393 1199 2420 Δύναταί
1224 2402 1266 2425 τις
1294 2393 1454 2429 ἐλευθεροῦν
1476 2394 1522 2421 τὸν
1538 2395 1637 2422 ἑαυτοῦ
1655 2395 1749 2423 δοῦλον
1772 2397 1789 2431 ἢ
1805 2397 1834 2423 ἓν

1049 2440 1109 2470 ταῖς
1135 2439 1303 2473 ἁγιωτάταις
1328 2439 1500 2474 ἐκκλησίαις,
1514 2439 1530 2475 ἢ
1545 2440 1593 2466 ἐπὶ
1605 2441 1772 2476 ἄρχοντος,ῆ
1789 2443 1834 2468 ἐπὶ

1050 2486 1133 2521 φίλων
1147 2486 1227 2512 πέντε
1245 2485 1380 2513 ἐπὶτοῦτο
1394 2486 1631 2520 προσκληθέντων,
1650 2487 1666 2522 ἢ
1683 2488 1732 2514 καὶ
1752 2488 1835 2522 μέχρι

1049 2531 1131 2566 τριῶν
1155 2531 1403 2569 ἀπογραφομένων,
1417 2531 1434 2566 ἢ
1447 2531 1480 2557 δι’
1495 2531 1652 2567 ἐπιστολῆς,
1667 2532 1683 2567 ἢ
1699 2532 1728 2558 ὲν
1741 2532 1835 2568 διαθή-

1050 2585 1097 2613 κῃ,
1110 2577 1127 2612 ἢ
1144 2577 1173 2603 ὲν
1186 2577 1333 2612 οίαδήποτε
1349 2576 1491 2612 τελευταίᾳ.
1503 2577 1640 2613 βουλήσει.
1656 2579 1711 2605 Καὶ
1728 2579 1776 2605 ἐὰν
1791 2580 1836 2605 τὸν

1050 2623 1114 2649 tam
1127 2623 1218 2649 δοῦλον
1234 2622 1369 2656 ἐλευθέρῳ
1385 2622 1525 2657 προσώπῳ
1542 2623 1636 2659 ζεῦξῃ,
1649 2623 1666 2658 ἢ
1679 2624 1756 2659 παρὰ
1767 2626 1837 2659 γνώο

1052 2677 1106 2704 μην
1122 2667 1206 2694 αὑτοῦ
1220 2667 1404 2702 ζευγνύμενον
1421 2667 1543 2699 ἀκούσας
1562 2669 1728 2704 ἁνάσχηται.

1088 2713 1184 2744 Δοῦλος
1197 2713 1410 2749 στρατευόμενος
1423 2713 1525 2748 εἱδήσει
1537 2713 1584 2740 τοῦ
1593 2715 1694 2742 οἰκείου
1704 2716 1833 2744 δεσπότου

1051 2759 1254 2795 ἐλευθεροῦται.

1094 2806 1123 2831 '0
1139 2804 1252 2840 μηνύων
1267 2805 1314 2831 τὸν
1341 2805 1421 2840 φόνον
1448 2806 1496 2832 τοῦ
1513 2807 1614 2834 οἰκείου
1629 2807 1762 2841 δεσπιτου
1787 2809 1832 2844 τὴν

1052 2851 1209 2886 ἐλευθερίαν
1225 2851 1310 2886 ἐχέτω
1335 2851 1372 2883 ὡς
1388 2851 1514 2880 ἔπαθλον.
