1948 3064
144 116 214 149 1Ξ53

741 109 923 141 narrum
945 91 1174 139 BLAS’I‘ARIS'

1691 109 1767 142 12630

145 175 242 202 darent
259 177 288 198 se
304 175 357 196 non
370 167 553 203 aufugituros,
570 167 611 194 vel
622 166 645 194 si
657 166 690 193 iis
700 166 929 196 destituerentur,

990 165 1028 190 ίπὶ
1044 164 1090 190 τοῦ
1104 164 1205 190 οἰκείου
1232 165 1370 199 σχήματος
1398 164 1483 199 ᾤοντο
1500 164 1565 196 δεῖν,
1591 166 1613 191 εἰ
1633 165 1704 192 δοῖεν
1716 167 1766 200 ἐγ-

143 221 330 255 juramentum
361 214 548 248 su~ciperent;
579 211 651 246 quod
679 210 792 238 Patrum
824 209 929 245 synodo

146 262 260 299 placuit.
281 259 427 295 Ἐξομοσία
443 263 534 286 autem
549 257 659 290 dicitur,
684 264 747 283 cum
768 255 830 291 quis
852 259 928 282 extra

146 311 269 345 quinque
283 305 466 341 jurisjurandi
500 304 606 338 species
629 303 688 338 lege
713 307 830 330 statutas
851 302 929 336 jura-

147 359 268 382 mentum
294 351 420 386 suscipit,
437 358 485 385 per
498 354 579 384 caput
605 348 675 375 forte
687 347 874 383 imperatoris,
889 345 929 373 vel

147 407 194 435 per
206 405 284 426 suam
297 397 427 425 salutem.
451 395 539 430 Atque
552 395 610 421 liazc
625 392 734 428 quidem
754 393 791 419 ita
807 391 929 426 contige-

145 450 219 474 runt.
237 445 266 472 St
291 451 356 470 vero
382 441 526 476 quisquam
542 447 591 475 pro
606 440 659 466 alio
674 438 830 472 lidejubeat,
843 436 931 471 turpis

146 491 253 519 scilicet
272 489 341 517 lucri
367 487 464 523 gratia,
490 486 516 512 id
531 494 545 511 τι
570 485 672 512 sant-tis
695 484 845 510 canonilius
859 483 931 510 etle-

147 538 226 573 gibus
238 540 355 564 vctatur.
382 532 543 560 Ostenditur
563 536 654 558 autem
673 538 705 557 cx
728 529 834 557 novella
846 528 932 556 Justi»

146 583 221 611 niani
235 589 319 610 cum
335 587 394 616 qua:
410 579 450 607 sic
468 578 573 606 statuit.

507 664 572 691 Lex.

182 717 234 745 Sed
251 722 300 742 nec
320 712 493 749 publicorum
515 711 681 738 tributorum
700 713 869 741 exactOrem,
891 708 933 736 vel

149 767 329 797 rcccptorem,
345 759 387 785 vel
402 757 574 792 vectigalium
587 761 633 783 aut
645 755 850 790 possessionum
866 755 934 782 alie-

152 816 248 836 narum
279 811 459 840 receptorem,
492 804 535 831 vel
564 808 722 831 curatorem
752 803 861 834 domus,
891 799 934 828 vel

151 861 240 881 causa:
261 855 478 887 procuratorem,
501 849 543 876 vel
571 856 621 883 pro
648 848 690 876 llis
716 847 806 875 causis
822 845 934 881 ﬁdejus-

150 907 250 931 sorem,
266 897 436 932 episcopum,
458 896 498 922 vel
513 902 699 926 mconomum,
720 893 762 920 vel
779 893 862 920 alium
879 892 934 919 cle-

152 945 237 972 ricum
255 943 445 977 cujuscunque
458 940 569 975 gradus,
584 939 626 966 vel
642 939 807 966 monachum
824 937 934 972 proprio

151 988 273 1020 nomine,
291 987 333 1014 vel
359 986 482 1013 ecclesiae
498 990 545 1012 aut
577 984 734 1011 monasterii
749 990 810 1011 esse
821 981 935 1017 permit-

151 1035 251 1066 timus;
273 1033 370 1060 nehuc
387 1036 520 1066 pra-textu
544 1030 650 1058 sanctis
674 1037 783 1064 quoque
805 1028 934 1056 domibus

151 1080 346 1106 detrimentum
365 1077 503 1109 alleratur,
530 1080 557 1103 et
573 1075 664 1103 divina
679 1075 831 1103 ministeria
849 1075 935 1109 impe-

153 1127 273 1154 diautu-r.
288 1124 321 1151 Et
338 1124 395 1150 haec
410 1123 519 1157 quidem
535 1122 652 1149 novella.

193 1170 272 1204 Quod
290 1169 313 1196 si
341 1177 373 1195 ex
396 1167 529 1195 charitale
555 1172 708 1199 moveatur,
725 1170 836 1200 propter
851 1172 934 1200 quam

154 1218 261 1245 animas
283 1219 392 1243 nostras
425 1221 474 1249 pro
502 1213 633 1240 fratribus
663 1213 764 1239 nostris
797 1212 935 1246 deponere

150 1264 290 1299 jubemur,
305 1266 334 1288 ut
354 1262 377 1289 si
393 1261 454 1295 quis
479 1260 615 1292 trahatur,
641 1263 668 1285 et
695 1259 730 1285 ab
742 1265 775 1286 eo
798 1257 832 1284 de
853 1263 935 1284 causa

153 1310 244 1343 aliqua
256 1307 445 1343 fidcjussiones
454 1307 609 1341 exigantur,
619 1309 646 1332 et
659 1304 730 1339 quod
747 1311 801 1331 non
818 1302 935 1335 dederit,

155 1357 182 1383 in
199 1362 336 1382 carcerem
354 1353 478 1381 abiturus
502 1353 549 1384 sit,
563 1352 623 1386 ejus
640 1355 729 1378 autem
748 1349 866 1377 clericus
884 1349 936 1375 mi-

154 1406 245 1429 sertus
268 1400 460 1434 ﬁdejussiones
485 1406 534 1434 pro
556 1405 589 1425 eo
611 1398 667 1429 det,
682 1404 736 1424 non
752 1400 857 1423 tantum
881 1401 935 1421 non

154 1447 315 1482 deponetur,
339 1445 386 1472 sed
411 1443 598 1479 pulcherrima
630 1442 742 1477 praemia
775 1440 903 1475 accipiet,
920 1446 936 1466 a

151 1493 243 1528 judice
259 1492 364 1519 scilicet
377 1491 462 1526 justo,
478 1489 563 1525 utqui
576 1488 734 1516 mandatum
747 1486 935 1521 evangelicum

154 1537 318 1572 impleverit.

515 1580 580 1608 Lex.

189 1631 239 1659 Jus
254 1634 344 1657 autem
359 1629 439 1656 civile
454 1628 570 1656 clericOs
584 1628 610 1654 in
623 1626 668 1662 jus
678 1628 792 1653 vocatos
802 1623 938 1652 satisdare

153 1675 273 1756 Ιυῗῖο
282 1720 416 1748 Praedicta
436 1723 525 1746 autem
542 1717 689 1745 Justiniani
702 1715 808 1743 novella
824 1715 938 1742 clericos

155 1769 184 1797 in
209 1768 253 1803 jus
278 1771 390 1794 vocatos
417 1765 609 1799 lidejussiones
629 1770 681 1790 non
698 1762 764 1790 dare
781 1761 871 1796 jubet,
891 1762 938 1789 sed

154 1812 364 1849 promissionem
376 1809 579 1847 pignoratitiam
592 1809 682 1836 facere
697 1807 757 1835 sine
769 1807 935 1842 juramento,

154 1863 298 1897 episcopos
324 1867 388 1888 vero
414 1860 441 1887 in
467 1859 512 1894 jus
537 1864 651 1886 vocatos
673 1865 723 1886 nec
747 1857 938 1892 ﬁdejussioues

155 1909 231 1943 dare,
249 1915 298 1935 nec
318 1906 527 1942 promissionem
544 1905 645 1933 facere.

155 1956 228 1983 CAP.
255 1954 287 1981 ll.
305 1954 340 1980 De
357 1951 592 1980 consuetudinibus
611 1951 736 1979 Ecclesiae
750 1960 802 1978 non
818 1952 935 1986 scriptis.

191 2001 305 2036 Magnus
328 1999 455 2031 Basilius,
477 1998 504 2024 in
519 1997 634 2031 epistola
648 1998 680 2024 ad
698 1997 859 2030 Diodorum,
873 2005 938 2025 eon-

155 2048 326 2075 suetudinem
340 2054 393 2072 non
409 2045 539 2078 scriptam
550 2044 617 2079 legis
627 2045 681 2072 vim
696 2045 798 2072 habere
809 2044 937 2080 ait.quod

155 2101 170 2121 a
184 2092 288 2122 sanctis
304 2091 370 2119 viris
385 2091 454 2118 ritus
465 2091 545 2118 nobis
562 2091 654 2118 traditi
669 2090 780 2118 fuerint.

188 2184 217 2211 In
233 2182 322 2217 capite
334 2186 423 2208 autem
455 2180 490 2207 27
512 2186 605 2206 eorum
620 2186 681 2214 qua;
695 2179 728 2206 ad
742 2178 850 2206 beatum
868 2179 935 2206 Am-

153 2229 319 2265 philochium
339 2227 372 2255 de
389 2231 483 2254 snncto
498 2225 601 2260 Spiritu
618 2226 719 2259 scripta
728 2229 800 2256 sunt,
818 2225 934 2260 Dogma-

153 2281 219 2304 tum,
251 2274 350 2307 inquit,
371 2277 399 2298 et
422 2271 650 2306 praedicationum
676 2279 737 2306 qutc
764 2272 791 2298 in
815 2271 935 2298 Ecclesia

154 2323 308 2351 servantur,
326 2317 379 2344 alia
393 2316 502 2352 quidem
525 2324 557 2342 ex
580 2315 705 2343 doctrina
727 2316 827 2350 scripta
851 2316 936 2343 habe-

154 2373 226 2396 mus,
243 2364 295 2391 alia
323 2371 388 2390 vero
412 2370 445 2389 ex
467 2361 613 2389 traditione
642 2361 828 2396 apostolorum
856 2362 935 2389 nobis

153 2411 215 2438 data
233 2411 259 2436 in
278 2409 408 2444 mysterio
424 2407 606 2442 suscipimus;
620 2415 681 2442 quae
695 2412 811 2442 utraque
822 2407 936 2434 easdem

155 2457 188 2483 atl
205 2456 332 2489 pietatem
348 2455 419 2482 vires
434 2454 545 2482 habent.
562 2454 609 2481 His
629 2459 719 2481 autem
732 2462 812 2482 neruo
826 2458 937 2480 contra-

154 2503 236 2534 dicct,
252 2501 298 2535 qui
316 2501 419 2527 rituum
446 2500 697 2528 erclesiasﬁcurum
725 2501 765 2526 vel
793 2500 934 2530 minimam

153 2546 347 2582 experientiam
372 2546 508 2573 habuerit.
535 2546 562 2573 Si
582 2546 653 2573 enim
671 2554 723 2573 non
740 2548 855 2580 scrlptas
867 2553 936 2573 con-

153 2593 324 2625 suetudines,
344 2597 473 2627 tauquam
490 2599 614 2626 ruagnam
639 2596 800 2625 potestatem
818 2598 870 2618 non
887 2591 936 2618 Ita-

154 2640 258 2668 lrcntcs.
285 2647 412 2666 recusare
442 2639 623 2671 voluerimus,
650 2638 678 2664 in
700 2637 781 2664 rebus
798 2638 936 2672 principa-

151 2686 223 2712 libus
263 2686 352 2719 ipsum
392 2685 569 2718 Evangelinm
615 2683 799 2717 imprudentes
837 2683 936 2710 damno

153 2730 311 2762 alliciemus,
335 2730 375 2757 vel
404 2730 496 2764 potius
515 2729 540 2755 id
565 2727 637 2762 quod
657 2727 826 2754 enuntiatum
845 2733 886 2754 est
904 2729 936 2754 ad

153 2776 254 2803 nudum
285 2784 383 2803 nomen
411 2776 577 2808 rcdigemus.
600 2774 647 2799 Ex.
670 2781 710 2807 gr.
733 2773 816 2806 figura
846 2774 936 2810 cruris

153 2821 268 2856 signari,
287 2826 333 2847 aut
346 2821 380 2847 ad
394 2822 527 2847 orientem
545 2820 610 2846 verti
633 2819 702 2845 inter
717 2820 860 2851 orandum,
874 2819 936 2853 quis

980 210 1050 243 γύας
1067 210 1104 244 μὴ
1118 210 1279 244 ἀποδρᾶναι,
1302 209 1319 245 ἢ
1335 209 1438 236 τούτων
1457 211 1634 245 ἀποροῦντες,
1662 211 1767 246 ἐξωμο-

981 255 1042 282 σίαν
1060 257 1236 290 ποιήσαιντο·
1256 257 1324 290 ὅπερ
1339 257 1421 291 ἣρεσε
1447 257 1494 282 καὶ
1515 258 1547 291 τῇ
1566 257 1619 283 τῶν
1634 258 1766 293 Πατὲρων

982 300 1095 336 συνόδῳ.
1119 300 1271 335 Ἐξωμοσία
1299 301 1327 327 δέ
1354 303 1423 332 ἐστι,
1438 301 1468 327 τὸ
1493 301 1546 333 ἔξω
1570 301 1625 328 τῶν
1644 305 1664 328 ε’
1677 303 1767 338 ὅρκων

980 347 1090 381 ὀμόσαι,
1109 347 1161 373 τῶν
1179 346 1455 382 ὲμπεριειλημμένων
1471 347 1511 382 τῷ
1530 347 1615 383 νόμῳ,
1633 348 1649 383 ἢ
1664 349 1703 379 είς
1716 350 1768 382 τὴν

981 392 1103 427 κεφαλὴν
1119 392 1166 419 τοῦ
1181 392 1314 426 βασιλέως
1332 392 1422 427 τυχὸν,
1437 392 1453 426 ἢ
1471 393 1512 424 είς
1527 392 1576 428 τὴν
1592 393 1696 418 οἰκείαν
1711 401 1767 419 σω-

982 438 1089 472 τηρίαν.
1124 437 1205 464 Ἀλλὰ
1235 437 1321 463 ταῦτα
1338 438 1386 472 μὲν
1413 439 1499 473 ταύτῃ
1530 438 1716 472 συμϐέϐηκεν.
1735 439 1767 465 Εἰ

984 484 1078 518 μέντοι
1102 483 1152 514 τὰς
1181 483 1284 517 ἐγγύας
1303 483 1373 518 ὑπὲρ
1403 483 1499 518 ἑτέρου
1523 492 1565 515 τις
1591 484 1700 518 δοίη,εῐ
1718 485 1769 519 μὲν

983 529 1095 571 αἰσχροῦ
1108 529 1220 564 κέρδους
1238 530 1328 564 χάριν,
1347 529 1425 556 τοῦτο
1445 531 1560 561 καὶτοῖς
1573 530 1655 562 θείοις
1673 533 1769 557 navist

983 576 1096 606 καὶτοῖς
1106 575 1198 610 νόμοις
1210 575 1373 610 ἀπείρηται·
1389 576 1435 602 καὶ
1451 576 1588 602 δείκνυται
1601 578 1633 602 ἐκ
1646 577 1695 612 τῆς
1708 581 1769 612 ρκγ¹

989 621 1208 647 Ίουστινιανείου
1221 622 1321 656 νεαρᾶς
1337 621 1409 648 οὕτω
1425 622 1610 657 θεσπιζούσης
1624 631 1631 638 ·

1323 669 1432 702 Νόμος.

1024 712 1094 738 Ἀλλ’
1125 713 1185 739 οὐδὲ
1211 713 1367 748 ἀπαιτητὴν
1391 714 1529 748 δημοσίων
1556 714 1728 744 συντελειῶν,
1752 714 1767 750 ἢ

984 758 1185 793 ὲκλήπτορα,ῆ
1214 759 1355 794 μισθωτὴν
1370 759 1466 792 τελῶν,
1493 759 1509 794 ἦ
1531 760 1678 794 ἀλλοτρίων
1704 761 1771 795 κτή-

986 813 1065 836 σεων,
1076 807 1092 839 η
1108 805 1262 840 κουράτορα
1277 806 1363 844 οίκου,
1382 807 1398 841 ἢ
1411 806 1521 832 ὲντολέα
1531 806 1618 842 δίκης,
1633 807 1650 841 ἦ
1666 804 1766 841 ἐγγυή-

949 858 971 887 B
985 850 1035 884 τὴν
1047 850 1116 884 ὑπὲρ
1129 849 1231 877 τούτων
1241 850 1295 876 τῶν
1307 851 1412 882 αἰτιῶν,
1426 851 1576 878 ἐπίσκοπον
1591 851 1607 886 ἧ
1624 852 1768 887 οἰκονόμον

984 895 1096 930 ἢᾰλλον
1120 896 1250 930 κληρικδν
1279 896 1440 931 οἱουδήποτε
1470 897 1587 933 βαθμοῦ,
1616 897 1769 933 ἦμοναχδν

986 941 1044 976 ίδίῳ
1058 941 1183 976 ὀνόματι,
1202 941 1219 976 ἦ
1252 941 1303 976 τῆς
1319 942 1465 977 ἐκκλησίας
1481 942 1497 977 ἢ
1520 943 1566 969 τοῦ
1584 945 1768 978 μοναστηρίου

984 985 1138 1012 ὑπεισιὲναι
1168 986 1380 1021 συγχωροῦμεν
1406 987 1450 1013 ἵνα
1479 987 1516 1022 μὴ
1536 987 1579 1013 διὰ
1598 988 1647 1022 τῆς
1663 988 1770 1024 προφά-

986 1040 1053 1063 σεως
1066 1031 1168 1066 ταύτης
1183 1032 1230 1060 καὶ
1244 1033 1301 1063 τοῖς
1328 1032 1417 1066 ἁγίοις
1428 1033 1514 1065 οἴκοις
1530 1033 1616 1068 ζημία
1643 1035 1768 1068 γένηται,

985 1077 1033 1104 καὶ
1049 1077 1077 1103 at
1107 1077 1177 1104 θεῖαι
1208 1078 1358 1113 ὑπηρεσίαι
1385 1080 1605 1114 ὲμποδίζωνταιο
1617 1081 1663 1107 καὶ
1681 1081 1769 1108 ταῦτα

989 1124 1039 1158 μὲν
1056 1124 1072 1158 ή
1087 1124 1183 1159 νεαρά.

1021 1169 1052 1194 El
1066 1169 1095 1194 δὲ
1113 1168 1209 1204 ἀγάπη
1227 1170 1256 1196 τὸ
1268 1169 1361 1196 κινοῦν
1375 1170 1431 1205 εἴη,
1457 1162 1491 1198 δι’
1503 1173 1535 1206 ἣν
1552 1172 1599 1198 καὶ
1616 1172 1664 1204 τὰς
1680 1172 1770 1207 ψυχὰς

1021 1182 1052 1194 nt
1066 1182 1095 1194 ue
1113 1182 1209 1204 υιγοιπη
1227 1182 1256 1196 τυ
1268 1182 1361 1196 κινουν
1375 1182 1431 1205 ειη,
1457 1182 1481 1198 0t
1503 1182 1535 1206 ην
1552 1182 1599 1198 και
1616 1182 1664 1204 τας
1680 1182 1716 1207 ψυ
1738 1182 1769 1205 ας

986 1213 1066 1249 ἡμῶν
1081 1213 1184 1241 τιθέναι
1200 1214 1270 1250 ὑπὲρ
1285 1214 1340 1241 τῶν
1354 1215 1477 1250 ἀδελφῶν
1488 1217 1685 1252 ὲντετάλμεοα,
1702 1182 1769 1250 οἷον,

986 1260 1011 1284 εί
1031 1258 1178 1293 ἑλκόμενόν
1189 1267 1262 1291 τινα,
1279 1260 1326 1286 καὶ
1353 1260 1455 1295 ἐγγύας
1477 1262 1679 1297 ἀπαιτούμενον
1698 1263 1770 1298 ὑπὲρ

986 1312 1058 1334 τινος
1073 1303 1280 1338 παραστάσεως,
1303 1305 1351 1331 καὶ
1366 1305 1404 1340 τῷ
1426 1306 1463 1341 μὴ
1479 1306 1608 1333 δύνασθαι
1622 1307 1713 1334 δοῦναι
1729 1308 1770 1340 εἰς

987 1349 1100 1385 εἱρκτὴν
1123 1351 1319 1385 ἀπαγόμενον,
1345 1352 1400 1378 τῶν
1424 1360 1464 1384 τις
1490 1353 1628 1387 κληρικῶν
1643 1354 1771 1389 ἐλεήσας,

987 1395 1089 1430 ἐγγύας
1103 1396 1174 1431 ὑπὲρ
1191 1395 1272 1422 αὐτοῦ
1284 1396 1352 1430 δοίη,
1369 1397 1408 1432 μὴ
1425 1398 1466 1424 ὅτι
1488 1398 1683 1434 καθαιρέσεως,
1702 1400 1771 1427 ἀλλὰ

987 1443 1035 1469 καὶ
1050 1442 1187 1477 λαμπρῶν
1199 1441 1380 1478 ἀξιωθήσεται
1396 1444 1451 1471 τῶν
1470 1446 1570 1479 γερῶν,
1589 1444 1677 1481 οἶμαι,
1696 1448 1772 1481 παρὰ

987 1488 1025 1523 τῷ
1035 1488 1132 1524 δικαίῳ
1145 1489 1239 1524 κριτῇ,
1255 1489 1293 1521 ὡς
1313 1491 1495 1525 εὐαγγελικὴν
1522 1492 1711 1527 πεπληρωκὼς
1726 1494 1771 1519 ὲν-

952 1534 973 1562 C
990 1534 1081 1570 τολήν.

1324 1584 1434 1618 Νόμος.
1695 1609 1699 1610 ,

1030 1627 1060 1655 '0
1070 1628 1099 1655 δὲ
1113 1628 1195 1663 νόμος
1217 1631 1281 1662 τοὺς
1294 1629 1441 1666 κληρικοὺς
1450 1630 1647 1666 δικαζομένους
1668 1632 1772 1667 ἐγγύας

988 1673 1095 1700 κελεύει
1108 1674 1218 1703 διδόναι.

1029 1719 1064 1746 Ἦ
1075 1720 1104 1746 δὲ
1119 1721 1234 1755 mea“
1246 1722 1460 1754 ‘Iwc'uvuivsw;
1483 1724 1569 1759 νεαρὰ
1591 1725 1654 1756 τοὺς
1675 1726 1771 1761 κληρι-

988 1765 1053 1798 κοὺς
1071 1766 1264 1801 δικαζομένους
1280 1768 1388 1794 κελεύει
1404 1770 1440 1804 μὴ
1466 1769 1567 1796 διδόναι
1583 1771 1694 1805 ἐγγύας,
1712 1771 1771 1798 ἀλλ’

988 1812 1133 1846 ὁμολογίαν
1160 1814 1249 1839 ποιεῖν
1278 1813 1446 1849 ὲνυπόθηκον
1472 1815 1536 1842 ἄνευ
1553 1816 1647 1850 ὅρκου·
1666 1817 1729 1849 τοὺς
1742 1817 1772 1844 δὲ

988 1857 1155 1889 ἐπισκόπους
1179 1857 1372 1894 δικαζομένους
1386 1861 1454 1895 μήτε
1468 1861 1568 1895 ἐγγύας
1581 1862 1691 1895 διδόναι,
1702 1864 1770 1899 μήτε

988 1903 1133 1938 ὁμολογίαν
1149 1905 1250 1932 ποιεῖν.

989 1949 1114 1976 ΚΕΦΑΛ.
1131 1949 1168 1976 B'.
1178 1950 1249 1984 Περὶ
1261 1949 1339 1978 ἐθῶν
1352 1951 1406 1986 τῆς
1425 1951 1606 1986 Ἐκκλησίας
1617 1952 1769 1987 ἁτφόφων.

1031 1995 1060 2022 '0
1088 1996 1176 2030 μέγας
1205 1997 1344 2029 Βασίλειος
1371 1998 1399 2024 ὲν
1415 1998 1464 2033 μὲν
1491 2000 1523 2034 τῇ
1538 2000 1607 2034 πρὸς
1638 2000 1770 2035 Διόδωρον

989 2041 1129 2077 ἐπιστολῇ,
1158 2042 1188 2068 τὸ
1203 2043 1327 2078 ἄγραφον
1358 2043 1419 2075 Εθος
1448 2044 1531 2079 νόμου
1553 2045 1668 2080 δύναμιν
1696 2046 1770 2080 ἔχειν

989 2089 1067 2122 φησι,
1080 2089 1124 2114 διὰ
1137 2089 1167 2115 τὸ
1192 2089 1245 2115 ὑπὸ
1268 2089 1355 2124 ἁγίων
1370 2090 1474 2125 ἀνδρῶν
1490 2092 1554 2123 τοὺς
1571 2091 1689 2126 θεσμοὺς
1704 2093 1770 2127 ἡμῖν

988 2141 1026 2159 πα
1031 2133 1187 2168 ραδοθῆναι.

1031 2179 1075 2205 Ἐν
1085 2179 1114 2205 δὲ
1127 2179 1165 2214 τῷ
1183 2178 1222 2210 κζ’
1232 2179 1286 2206 τῶν
1302 2182 1367 2215 πρὸς
1380 2180 1427 2207 τὸν
1445 2182 1580 2217 μακάριον
1595 2182 1771 2218 Ἀμφιλόχιον

988 2232 1022 2250 πε
1029 2224 1055 2258 pi
1069 2224 1115 2251 τοῦ
1127 2225 1204 2258 ἁγίου
1216 2225 1374 2260 Πνεύματος
1382 2227 1584 2261 γεγραμμένων
1601 2229 1769 2262 κεφαλαίων,

986 2270 1046 2297 Τῶν
1062 2271 1090 2296 ἐν
1104 2273 1136 2305 τῇ
1161 2271 1318 2307 Ἐκκλησία,
1337 2273 1414 2308 φησὶ,
1440 2273 1646 2308 φυλαττομένων
1669 2275 1771 2308 δογμά-

986 2323 1040 2341 των
1055 2317 1102 2342 καὶ
1121 2318 1317 2351 κηρυγμάτων,
1333 2318 1367 2344 τὰ
1384 2319 1434 2352 μὲν
1448 2319 1479 2344 ὲκ
1498 2319 1547 2353 τῆς
1558 2319 1684 2354 ἀγράφου
1699 2320 1770 2346 διδα-

987 2362 1100 2394 σκαλίας
1117 2363 1225 2398 ἔχομεν,
1243 2365 1277 2390 τὰ
1290 2364 1319 2390 δὲ
1334 2366 1365 2390 ἐκ
1380 2365 1429 2400 τῆς
1441 2365 1495 2390 τῶν
1508 2365 1666 2392 ἀποστόλων
1681 2375 1772 2402 παρα-

985 2407 1085 2439 δόσεως
1099 2407 1252 2435 διαδοοέντα
1263 2410 1330 2443 ἡμῖν
1344 2411 1372 2436 ἐν
1397 2411 1539 2446 μυστηρίῳ
1552 2413 1770 2447 παρεδεξὰμεοα,

987 2453 1059 2487 ὅπερ
1078 2453 1221 2488 ἀμφότερα
1233 2455 1282 2489 τὴν
1310 2457 1395 2490 αὐτὴν
1425 2456 1503 2490 ἰσχὺν
1517 2457 1573 2492 ἔχει
1600 2458 1667 2492 πρὸς
1679 2458 1771 2485 0503i-

987 2499 1074 2531 6ειαν,
1090 2500 1138 2526 καὶ
1149 2500 1253 2526 τούτου
1265 2501 1352 2532 οὐδεὶς
1368 2502 1487 2536 ἀντερεῖ,
1502 2502 1577 2534 ὅστις
1591 2505 1660 2530 κατὰ
1673 2504 1772 2539 μικρὸν

987 2545 1051 2579 γοῦν
1070 2546 1179 2580 θεσμῶν
1202 2547 1438 2580 ὲκκλησιαστικῶν
1468 2549 1644 2581 πεπείραται.
1670 2550 1700 2575 Εί
1716 2550 1772 2586 γὰρ

987 2593 1215 2626 ἐπιχειρήσαιμεν
1231 2593 1265 2620 τὰ
1280 2594 1392 2629 ἄγραφα
1407 2595 1459 2621 τῶν
1474 2595 1616 2627 ὲθῶν,·ὡς
1633 2595 1670 2629 μὴ
1685 2597 1772 2630 μεγά-

987 2637 1036 2671 λην
1053 2638 1148 2670 ἔχοντα
1164 2638 1214 2672 τὴν
1241 2638 1357 2673 δύναμιν
1373 2640 1579 2674 παραιτεῖσθαι,
1593 2641 1725 2675 λάθοιμεν
1738 2642 1772 2667 ἂν

987 2683 1027 2713 είς
1043 2682 1114 2708 αὐτὰ
1128 2683 1162 2709 τὰ
1178 2683 1273 2718 καίρια
1289 2684 1451 2718 ζημιοῦντες
1463 2685 1492 2711 τὸ
1510 2685 1690 2719 Εὑαγγέλιον,
1705 2687 1772 2721 μᾶλ-

987 2727 1032 2754 λον
1050 2729 1078 2755 δὲ
1102 2729 1141 2759 είς
1169 2729 1256 2764 ὄνομα
1273 2730 1351 2764 ψιλὸν
1371 2733 1561 2766 περιϊστάντες
1577 2733 1608 2758 τὸ
1628 2733 1770 2767 κήρυγμα’

985 2771 1053 2807 οἷον,
1064 2776 1102 2801 τὼ
1117 2783 1195 2809 τυτῳ
1212 2777 1253 2801 ηιῦ
1274 2777 1392 2812 σταυροῦ
1417 2777 1683 2812 κατασημαίνεσοαι,
1701 2780 1742 2809 τίς
1759 2781 1771 2804 ό

987 2819 1028 2845 διὰ
1041 2819 1204 2855 γράμματος
1216 2821 1332 2854 διδάξας,
1347 2823 1361 2857 ἢ
1375 2822 1404 2848 τὸ
1417 2822 1483 2857 πρὸς
1496 2823 1629 2854 ἀνατολὰς
1641 2824 1770 2858 ἐπεστρά-
