1948 3064
175 124 242 155 ii‘i'i

771 126 955 157 ΜᾹΤἸἭιΈΙ
979 127 1190 156 BLASTARIS

1731 125 1803 158 1'33

174 179 288 208 Temere
302 182 451 214 accusasti.
468 191 521 211 non
548 183 613 212 facit
626 183 703 212 illum
723 183 962 215 calmnniatorem,

1023 182 1099 209 κὺτὺν
1114 183 1154 214 είς
1170 183 1353 216 συκοφαντίαν
1369 190 1375 197 ·
1402 182 1454 208 κᾶν
1473 181 1556 217 μηδὲν
1575 181 1640 218 είπῃ
1665 183 1729 218 περὶ
1754 184 1806 217 τῆς

175 234 225 254 nec
246 235 334 262 prensa
357 229 514 265 subjicitur.

209 363 306 390 Mulier
323 363 371 390 viri
388 364 508 392 ofﬁcium
531 372 586 392 non
606 365 673 396 obit,
689 372 738 392 nec
756 364 783 391 in
800 367 962 392 testamento

175 409 251 436 testis
263 417 326 437 esse
340 415 441 444 potest,
456 411 509 438 nisi
523 411 549 438 in
571 412 673 445 quibus
687 411 737 438 viri
754 418 808 438 non
826 410 962 437 advocan-

176 458 231 483 tur.
254 455 339 484 Porro
363 464 414 484 nec
429 457 462 484 iis
479 457 587 492 publice
613 465 724 485 causam
741 463 820 491 agere
848 456 963 490 permis-

176 507 237 527 sum
258 506 318 535 est;
337 503 383 529 sed
411 506 515 529 tantum
540 510 590 537 pro
618 503 719 537 seipsis
744 509 856 530 causam
877 504 963 536 agunt

177 546 285 579 mulier,
304 552 331 575 et
344 555 443 581 aecus;
460 549 505 577 ille
521 556 586 576 vero
599 553 626 576 et
638 550 683 584 jus
698 549 790 576 dicere
806 553 905 583 potest.

212 592 283 625 Quin
298 598 325 620 et
339 595 445 622 novella
459 594 495 623 48
517 595 693 630 imperatoris
713 594 813 622 Leonis
833 595 962 622 mulieres

177 639 204 666 in
229 641 460 669 conventionibus
492 645 519 669 et
549 642 736 669 contractibus
773 641 962 669 testimonium

177 685 270 713 dicere
298 691 393 714 vetat:
412 688 438 714 in
462 692 541 722 partu
561 692 663 719 autem.
677 692 704 715 et
732 688 758 715 in
785 688 818 715 iis
844 695 905 722 qum
925 687 964 715 fe-

177 732 258 759 minis
275 732 342 760 solis
366 733 457 761 videre
476 734 656 768 permittitur,
671 734 858 761 testimonium
873 734 963 762 dicere

177 783 306 813 possunt.

379 834 421 862 Ea:
432 834 532 863 novella
544 835 691 863 Iustiniani
710 837 770 864 125.

213 890 401 927 Sanctissimis
415 892 582 926 presbyteris
595 898 622 920 et
633 893 766 925 diaconis,
777 894 799 921 si
816 901 865 929 pro
878 901 965 922 causa.

176 937 337 970 pecuniaria
352 937 452 964 falsum
471 938 659 965 testimonium
677 938 781 966 dixisse
798 939 959 973 deprehensi

176 983 241 1015 sint,
257 991 312 1010 non
333 988 424 1012 autem
444 984 603 1018 iuramento
620 984 794 1012 mendacium
814 986 960 1013 conﬁrma-

175 1030 274 1062 verint,
296 1031 331 1058 iis
353 1039 403 1065 pro
425 1039 504 1065 poena
524 1031 651 1063 sufﬁciet,
667 1032 757 1060 tribus
779 1033 859 1059 annis
876 1039 891 1059 a
909 1033 961 1059 mi-

175 1076 289 1104 nisterio
314 1078 455 1111 separari,
477 1083 505 1105 et
525 1079 700 1106 monasteriis
727 1079 807 1106 tradi.
845 1078 873 1106 Si
897 1086 960 1106 vero

176 1123 319 1150 mendacio
345 1123 532 1158 jnramentum
567 1123 729 1158 adiecerint,
754 1132 840 1151 canon
871 1132 919 1152 eos
945 1132 960 1151 a

177 1169 330 1196 sacerdotio
355 1170 523 1204 praescindit.
541 1170 618 1202 Quod
640 1170 662 1197 si
679 1170 705 1197 iu
726 1177 808 1196 causa
825 1169 959 1197 crimina-li

177 1215 275 1242 falsum
303 1215 489 1243 testimonium
522 1216 652 1249 dixerint,
694 1217 811 1249 multati,
840 1221 920 1251 prout
946 1225 960 1243 a

177 1262 265 1290 sacris
295 1263 444 1290 canonibus
468 1263 608 1296 deﬁnitur,
632 1264 706 1291 clero
737 1264 920 1296 ile-nudantur,
933 1269 961 1291 et

178 1308 267 1342 poenis
284 1313 414 1342 praeterea
427 1309 555 1345 legitimis
569 1309 767 1344 subjiciuntur.

212 1398 358 1426 Sufficiunt
386 1400 419 1427 ad
450 1400 639 1435 probationem
669 1401 790 1436 quinque
819 1405 911 1434 testes,
938 1401 960 1428 si

178 1445 279 1479 Smipla
299 1453 352 1472 non
371 1447 447 1478 sint;
471 1447 492 1473 si
509 1454 573 1474 vero
589 1447 691 1481 scripta
704 1447 770 1481 sint,
787 1447 843 1475 sive
860 1448 962 1475 instru-

177 1495 279 1524 menta,
292 1496 347 1519 tres
359 1497 462 1518 tantum
477 1492 630 1520 sufficiunt.

1013 229 1119 263 ποινῆς,
1143 228 1322 256 ἐπακολουθεῖ
1341 229 1406 263 γάρ’
1437 228 1471 255 ἂν
1499 228 1527 254 δὲ
1550 229 1614 264 εἴπῃ
1628 247 1636 260 ,
1656 229 1805 263 Προπετῶς

1012 274 1161 309 ἐκίνησας,
1181 275 1265 310 ἤγουν
1290 274 1340 300 οὐκ
1366 273 1512 305 ἀπέδειξας
1528 293 1536 305 ,
1563 274 1593 299 οὐ
1623 274 1696 300 ποιεῖ
1721 274 1806 301 αὐτὸν

1014 319 1198 354 συκοφάντην,
1211 319 1272 346 οὐδὲ
1289 320 1385 355 ποινὴν
1399 320 1412 346 6
1429 319 1551 350 τοιοῦτος
1564 320 1724 354 ὑφίσταται.

1052 364 1085 390 Ἦ
1098 364 1167 399 γυνὴ
1181 364 1210 391 οὐ
1229 365 1393 400 μετέρχεται
1408 364 1527 399 ἀνδρῷον
1543 365 1681 399 ὀφφίκιον,
1698 365 1760 392 οὐδὲ
1776 366 1805 392 ὲν

1014 410 1132 446 διαθήκῃ
1150 412 1296 446 μαρτυρεῖ,
1312 412 1337 437 εί
1357 411 1396 446 μὴ
1412 412 1441 438 ἐν
1456 408 1496 442 οἷς
1513 410 1610 445 ἄνδρες
1629 411 1658 437 οὺ
1681 420 1807 446 προσκα-

1011 456 1131 483 λοῦνται.
1156 455 1228 483 Ἀὶλε
1241 456 1301 483 οὐδὲ
1317 458 1477 491 συνηγορεῖν
1494 456 1609 488 ταύταις
1627 457 1733 490 ἐφεῖται
1757 457 1807 490 δη-

1014 500 1106 536 μοσίᾳ,
1122 501 1233 533 ἑαυταῖς
1249 500 1278 527 δὲ
1299 502 1378 536 μόνον
1399 502 1581 536 συνηγοροῦσι
1607 502 1655 529 καὶ
1669 502 1740 538 γυνὴ
1757 503 1806 529 καὶ

1013 547 1114 580 τυφλός
1128 554 1142 561 ··
1153 555 1230 579 ουτος
1243 547 1271 573 δὲ
1287 548 1335 574 καὶ
1350 548 1471 580 δικάζειν
1485 548 1608 575 δύναται.

1054 596 1088 622 Ἦ
1111 596 1139 622 δὲ
1157 595 1202 630 μη¹
1221 595 1310 630 νεαρὰ
1336 595 1383 622 τοῦ
1413 595 1546 631 βασιλέως
1564 595 1680 626 Λέοντος
1701 594 1805 621 κωλύει

1012 640 1062 672 τὰς
1076 642 1208 675 γυναῖκας
1226 642 1272 668 ἐπὶ
1290 641 1447 676 συμφώνοις
1466 642 1618 677 μαρτυρεῖν
1640 641 1685 667 καὶ
1703 640 1804 667 συναλ-

1012 687 1162 722 λάγμασιν·
1175 688 1222 714 ἐπὶ
1239 688 1267 714 δὲ
1282 687 1412 719 τοκετῶν,
1430 687 1477 714 καὶ
1491 687 1534 720 ἐφ’
1546 683 1584 715 ὧν
1601 687 1667 722 μόνη
1683 685 1802 721 θηλειῶν

1013 733 1075 768 ὄψις
1087 734 1154 769 ὸρᾷν
1173 734 1383 769 συγκεχώρηται
1395 753 1403 768 ,
1421 733 1614 767 ὲπιτρέπονται
1636 733 1801 768 μαρτυρεῖν.

1105 834 1156 860 Ἐκ
1177 832 1232 867 τῆς
1241 835 1309 868 ρκγν
1333 832 1587 860 ἰουστινιανείου
1599 830 1722 865 νεαρᾶς.

1048 889 1112 921 Τοῖς
1129 889 1339 921 εὐλαϐεστάτοις
1366 889 1564 924 πρεσϐυτέροις
1590 889 1637 915 καὶ
1654 888 1801 920 διακόνοις,

1011 937 1035 963 εί
1051 936 1189 972 εὑρεθεῖεν
1200 935 1270 971 ὑπὲρ
1281 935 1458 970 χρηματικῆς
1470 935 1560 965 αίτίας
1575 934 1802 969 ψευδομαρτυρή-

1012 991 1118 1013 σαντες.
1135 982 1173 1017 μὴ
1187 981 1278 1015 μέντοι
1291 990 1322 1015 γε
1339 981 1412 1016 ὅρκῳ
1420 981 1450 1007 τὸ
1460 980 1558 1014 ψεῦδος
1570 980 1799 1015 βεὸαιωσάμενοι,

1011 1028 1117 1059 τούτοις
1134 1027 1260 1062 ἀρκέσει,
1274 1026 1334 1054 ἀντὶ
1351 1026 1489 1061 βασάνων,
1505 1026 1553 1052 ἐπὶ
1568 1026 1642 1060 τρεῖς
1657 1026 1799 1057 ἐνιαυτοὺς

1011 1073 1178 1109 χωρίζεσθαι
1192 1075 1243 1108 τῆς
1254 1073 1331 1104 θείας
1354 1072 1517 1108 ὑπηρεσίας,
1539 1073 1586 1098 καὶ
1607 1071 1802 1106 μοναστηρὶοις

1011 1119 1216 1154 παραδίδοσθαι.
1230 1119 1261 1145 Εί
1272 1118 1300 1145 δὲ
1312 1119 1359 1145 καὶ
1372 1118 1411 1154 τῷ
1419 1118 1511 1152 ψεύδει
1522 1118 1567 1143 τὸν
1576 1118 1656 1152 ὅρκον
1667 1117 1802 1151 προσέθη-

1011 1175 1074 1198 καν,
1083 1167 1096 1193 6
1112 1165 1201 1192 κανὼν
1213 1165 1312 1197 αὐτοὺς
1321 1164 1457 1200 προέκοψε
1469 1164 1517 1198 τῆς
1531 1164 1695 1199 ἱερωσύνης.
1712 1163 1802 1198 ’Υπὲρ

1011 1212 1039 1239 δὲ
1058 1211 1271 1247 ὲγκληματικὼν
1282 1211 1378 1237 αίτιῶν
1392 1211 1418 1237 εἰ
1432 1209 1672 1245 ψευδομαρτυρίαν
1685 1210 1800 1241 εἴποιεν,

1012 1258 1217 1293 ἐγγραψάμενοι
1246 1257 1387 1292 δηλονότι,
1417 1257 1455 1287 ὡς
1482 1256 1541 1286 τοῖς
1570 1255 1654 1286 θείοις
1683 1254 1801 1289 ὥρισται

1013 1305 1120 1336 κανόσι,
1150 1305 1197 1329 τοῦ
1224 1303 1326 1338 κλήρου
1343 1301 1568 1336 ἀπογυμνοῦνται
1583 1299 1706 1333 καὶνταῖς
1722 1301 1802 1336 νομί-

1014 1358 1074 1384 μοις
1092 1349 1199 1380 ποιναῖς
1215 1348 1426 1375 ὑποϐάλλονται.

1052 1394 1180 1430 Ἀρκοῦσι
1199 1395 1267 1430 πρὸς
1279 1394 1417 1426 ἀπόδειξιν
1433 1393 1518 1419 πέντε
1535 1393 1684 1428 μάρτυρες,
1697 1393 1801 1428 ἐγγρά-

1013 1450 1070 1476 φων
1083 1441 1120 1476 μὴ
1133 1441 1228 1467 ὄντων·
1241 1440 1265 1466 εί
1279 1440 1307 1466 δέ
1321 1440 1391 1466 εἰσιν
1408 1439 1548 1474 ἐγγραφα,
1560 1438 1620 1473 ἦτοι
1637 1437 1800 1473 συμὸόλαια,

1013 1489 1086 1524 τρεῖς
1099 1487 1180 1522 μόνον
1194 1486 1338 1522 ἀρκοῦσιν.

215 1537 310 1564 Testes
327 1545 359 1564 ex
374 1537 468 1565 auditu
489 1538 673 1566 testimonium
693 1547 726 1567 ne
743 1539 852 1571 dicant,
866 1540 959 1566 dicen-

1052 1533 1084 1559 0l
1108 1533 1247 1568 μάρτυρες
1271 1533 1341 1566 ἀκοῇ
1365 1531 1403 1566 μὴ
1421 1530 1658 1566 μαρτυρείτωσαν,
1674 1530 1801 1564 λέγοντες

177 1587 218 1610 tes
230 1591 237 1610 :
251 1583 292 1610 Ab
313 1583 405 1618 aliquo
427 1584 594 1617 audivimus,
609 1585 683 1612 hunc
701 1585 812 1617 debere,
825 1585 865 1612 vel
885 1585 961 1613 illum

177 1629 307 1661 solvisse;
318 1629 445 1664 quamvis
459 1629 594 1657 tabellarii
610 1631 664 1658 sint
677 1631 723 1665 qui
742 1631 800 1658 haec
815 1634 962 1657 testantur.

179 1674 207 1701 In
225 1675 307 1702 rebus
322 1675 394 1702 enim
406 1676 597 1703 crimiuulibus
613 1683 725 1703 necesse
748 1681 789 1704 est
822 1676 899 1712 ipsos
923 1680 964 1704 te-

179 1725 238 1747 stes
254 1721 380 1754 produci,
402 1725 428 1748 et
445 1728 498 1748 non
517 1728 612 1749 eorum
632 1721 725 1749 verba.

212 1807 340 1835 Testibus
352 1812 379 1835 et
396 1816 448 1835 non
466 1809 630 1837 testimoniis
644 1809 810 1836 credendum
828 1813 887 1842 est;
902 1816 964 1838 nam

179 1854 212 1881 de
225 1854 386 1882 Criminibus
398 1855 506 1890 ipsimet
522 1856 725 1890 interrogantur
738 1865 752 1883 a
766 1856 905 1890 iudicibus
918 1865 925 1890 ;
937 1860 965 1884 et

180 1900 224 1935 qui
242 1908 294 1928 non
308 1901 404 1935 probat
422 1901 494 1937 quod
512 1901 677 1934 intenderat.
693 1902 841 1937 relegatur.

183 1993 188 1996 '
215 1981 352 2025 Pauperés
377 1994 459 2018 testes
483 1998 536 2018 non
556 1995 628 2017 sunt.
644 1990 750 2025 Pauper
771 1999 835 2019 vero
850 1997 900 2025 est,
918 1991 964 2027 qui

180 2044 233 2062 non
251 2037 334 2063 habet
347 2036 529 2063 substantiam
550 2035 584 2063 50
601 2036 761 2063 solidorum.

216 2082 415 2115 Testimonium
443 2090 497 2109 non
527 2082 593 2109 dicit
618 2082 733 2110 libertus
767 2082 794 2110 in
820 2087 963 2118 patronum

180 2128 275 2163 ejusre
294 2129 390 2155 lilium.

217 2175 304 2202 Minor
318 2175 413 2210 viginti
428 2176 507 2202 annis
524 2175 603 2202 testis
617 2181 678 2202 esse
692 2181 744 2201 non
760 2179 865 2208 potest;
877 2182 965 2209 neque

1014 1580 1053 1610 ὡς
1075 1580 1248 1613 Ἦκούσαμεν
1266 1578 1298 1605 ἐκ
1310 1586 1385 1609 τινος
1409 1578 1484 1604 τόνδε
1497 1578 1658 1612 χρεωστεῖν,
1685 1577 1701 1612 ἢ
1726 1577 1800 1603 τόνδε

1015 1624 1244 1657 καταϐάλλεσθαι,
1270 1623 1323 1650 κᾶν
1349 1623 1375 1649 εί
1393 1623 1569 1658 ταὸουλάριοι
1595 1622 1649 1649 εἶεν
1670 1624 1695 1649 ol.
1711 1622 1801 1649 ταῦτα

1017 1671 1231 1706 μαρτυροῦντες.
1256 1669 1317 1695 Ἐπὶ
1330 1669 1385 1704 γὰρ
1399 1669 1453 1695 τῶν
1471 1667 1684 1703 ἐγκληματικῶν
1692 1669 1801 1702 ἀνάγκη

1016 1719 1091 1745 πᾶσα
1111 1716 1286 1752 παραχθῆναι
1305 1716 1369 1748 τοὺς
1386 1715 1537 1751 μάρτυρας,
1552 1715 1600 1742 καὶ
1621 1714 1658 1750 μὴ
1680 1714 1730 1745 τὰς
1745 1722 1801 1748 φω-

1015 1764 1063 1795 νὰς
1081 1763 1183 1791 αὐτῶν.

1051 1811 1113 1841 Τοῖς
1136 1810 1254 1844 μάρτυσι
1274 1808 1321 1835 καὶ
1337 1809 1368 1834 οὑ
1381 1809 1438 1840 τοῖς
1455 1807 1617 1843 μαρτυρίοις
1630 1806 1798 1833 πιστευτέον·

1015 1857 1239 1891 αὑτοπροσώπως
1254 1856 1308 1890 γὰρ
1324 1855 1482 1890 ἐρωτῶνται
1497 1855 1573 1889 παρὰ
1591 1854 1648 1880 τῶν
1663 1854 1800 1880 δικαστῶν

1016 1903 1064 1929 ἐπὶ
1077 1903 1131 1929 τῶν
1144 1902 1336 1936 ἐγκλημάτων,
1353 1901 1401 1928 καὶ
1417 1902 1431 1926 6
1449 1901 1486 1937 μὴ
1501 1901 1607 1932 δεικνὺς
1624 1901 1655 1926 τδ
1669 1900 1734 1935 παρ’
1749 1900 1800 1926 αὺ-

1015 1948 1062 1975 τοῦ
1077 1948 1209 1983 προτεθὲν
1228 1947 1393 1983 ἐξορίζεται.

1053 1995 1083 2020 Οἱ
1100 1994 1216 2028 πένητες
1240 1993 1271 2019 οὐ
1300 1992 1481 2028 μαρτυροῦσι·
1498 1993 1583 2027 πένης
1602 1991 1630 2018 δέ
1645 1992 1720 2019 ἔστιν
1735 1991 1750 2017 6
1765 1991 1801 2026 μὴ

1016 2039 1086 2075 ἔχων
1100 2039 1121 2066 ν’
1136 2039 1313 2074 νομισμάτων
1331 2038 1502 2072 περιουσίαν.

1052 2086 1090 2112 Οὐ
1121 2085 1257 2120 μαρτυρεί
1286 2084 1470 2119 ἀπελεύθερος
1500 2084 1572 2111 κατὰ
1600 2083 1755 2118 πάτρωνος,
1784 2083 1800 2117 ἢ

1016 2130 1112 2161 παιδὸς
1130 2130 1224 2156 αὐτοῦ.

1050 2178 1086 2203 Οὺ
1108 2177 1245 2212 μαρτυρεῖ
1268 2177 1282 2202 6
1308 2176 1402 2210 ἥττων
1422 2173 1476 2200 τῶν
1494 2173 1533 2200 κε’
1551 2173 1629 2206 ἑτῶν,
1655 2172 1718 2199 οὔτε
1739 2173 1753 2199 6
1775 2174 1801 2198 ὲν

181 2221 270 2256 quiin
293 2221 401 2256 publico
420 2221 524 2255 judicio
547 2222 691 2248 damnatus
718 2225 779 2250 est.
797 2225 823 2247 et
852 2228 905 2247 non
937 2221 962 2247 in

1023 2223 1139 2258 ἳημοσίῳ
1151 2222 1320 2257 δικαστηρίῳ
1338 2220 1560 2251 καταδικασθεὶς,
1579 2221 1624 2246 καὶ
1644 2219 1680 2254 μὴ
1696 2220 1801 2245 ἀποκα-

181 2267 316 2301 integrum
333 2267 496 2299 restituitur,
516 2273 564 2293 nec
581 2265 664 2301 quiin
677 2265 795 2293 vinculis
810 2267 966 2294 custodiave

180 2312 288 2347 publica
304 2317 362 2344 est;
385 2319 434 2339 nec
449 2312 494 2346 qui
511 2311 547 2338 ob
558 2312 744 2338 testimonium
758 2311 902 2338 dicendum
919 2317 967 2340 aut

182 2366 236 2385 non
248 2357 392 2385 dicendum
409 2357 538 2392 pecunias
554 2358 695 2392 accepisse
713 2358 858 2385 convictus
874 2357 964 2392 fuerit,

182 2412 270 2439 neque
284 2404 330 2439 qui
347 2403 374 2431 in
393 2403 518 2430 adulterii
531 2403 634 2438 judicio
650 2404 805 2430 damnatur.

218 2459 303 2486 Filius
320 2459 400 2494 patri,
416 2464 461 2486 aut
473 2463 549 2494 pater
567 2459 632 2492 lilio,
649 2459 726 2487 testis
741 2467 793 2486 non
807 2464 858 2486 est.

218 2517 273 2544 Nec
285 2517 429 2552 quisquam
446 2517 472 2543 in
489 2524 519 2544 re
534 2524 595 2544 sua.

221 2564 323 2591 Servus
354 2563 430 2590 testis
455 2571 508 2590 non
526 2567 576 2590 est.
595 2563 686 2590 Servis
710 2563 783 2590 enim
806 2568 899 2590 contra
919 2564 967 2591 do-

184 2611 275 2638 minos
315 2610 471 2636 dicentibus
502 2617 555 2636 non
595 2613 699 2636 temere
727 2609 806 2636 [idem
838 2610 966 2637 adhibere

183 2660 302 2690 oportet,
319 2655 418 2690 quippe
431 2655 502 2690 quod
522 2663 618 2682 servus
636 2663 650 2681 a
671 2659 767 2681 natura
784 2655 893 2682 domino
912 2655 966 2682 ini-

186 2703 274 2729 micus
288 2702 334 2729 sit.

218 2747 268 2780 Qui
291 2748 318 2774 in
345 2748 475 2782 aliquem'
493 2745 678 2774 testimonium
706 2745 784 2777 dixit,
816 2752 914 2774 rursus
939 2749 964 2775 in

185 2803 247 2822 eum
266 2794 375 2828 produci
396 2802 448 2820 non
465 2799 562 2828 potest.

223 2840 419 2867 Testimonium
433 2841 496 2867 dare
509 2840 685 2868 prohibentur
696 2841 831 2872 impubes,
853 2841 963 2873 surdus,

1016 2269 1130 2301 ταστὰς,
1141 2269 1157 2304 ἢ
1170 2269 1198 2294 ὲν
1213 2269 1334 2302 δεσμοῖς,
1351 2268 1367 2302 ἢ
1381 2269 1410 2294 ὲν
1424 2267 1542 2301 δημοσίᾳ
1559 2267 1666 2301 φρουρᾷ
1681 2265 1800 2299 βληθείς·

1017 2313 1079 2340 οὔτε
1097 2315 1111 2339 ὁ
1128 2313 1271 2347 ἐλεγχθεὶς
1285 2311 1379 2338 λαϐεῖν
1396 2312 1525 2346 χρήματα
1538 2312 1583 2337 ἐπὶ
1598 2311 1637 2345 τῷ
1659 2311 1796 2345 μαρτυρῆι

1018 2369 1073 2391 σαι,
1097 2359 1113 2393 ἦ
1132 2358 1170 2394 μὴ
1187 2357 1381 2394 μαρτυρῆσαι·
1400 2357 1462 2383 οὗτε
1491 2358 1505 2383 ὁ
1530 2357 1742 2387 καταδικασθεὶς
1758 2357 1800 2382 ἐπὶ

1018 2414 1095 2441 μοιχε
1101 2406 1137 2440 ίᾳ.

1054 2460 1112 2493 Υἱὸς
1129 2460 1224 2496 πατρὶ,
1243 2459 1259 2496 ἢ
1275 2459 1365 2495 πατὴρ
1383 2459 1445 2494 υἱῷ,
1460 2459 1489 2484 οὗ
1509 2459 1653 2494 μαρτυρεῖ.

1053 2518 1122 2545 Οὔτε
1139 2518 1297 2553 οἱοσδήποτε
1313 2518 1342 2543 ὲν
1364 2517 1422 2551 ἰδίῳ
1437 2516 1594 2551 πρᾶγματι.

1054 2565 1084 2591 Ὀ
1100 2565 1193 2596 δοῦλος
1218 2564 1249 2590 οὐ
1277 2564 1432 2599 μαρτυρεῖο
1455 2563 1484 2588 οὐ
1504 2563 1558 2596 γὰρ
1584 2563 1636 2597 χρὴ
1663 2562 1799 2589 πιστεύειν

1017 2611 1160 2646 προπετῶς
1188 2611 1244 2641 τοῖς
1270 2611 1391 2640 οἰκέταις
1415 2609 1526 2642 λέγουσι
1547 2610 1616 2635 κατὰ
1642 2610 1798 2636 δεσποτῶν⁹

1017 2657 1097 2692 φύσει
1112 2657 1165 2691 γὰρ
1179 2657 1194 2682 ὁ
1205 2656 1297 2687 δοῦλος
1311 2655 1350 2690 τῷ
1366 2656 1485 2691 δεσπότῃ
1502 2655 1644 2690 πολέμιος.

1067 2748 1087 2774 0
1102 2747 1171 2773 κατὰ
1187 2755 1258 2776 τινος
1274 2745 1324 2779 ἥδη
1346 2745 1524 2780 μαρτυρήσας
1550 2745 1580 2771 οὐ
1599 2746 1734 2779 μαρτυρεῖ
1752 2745 1796 2772 πά-

1017 2795 1058 2820 λιν
1074 2793 1133 2819 κατ¹
1152 2792 1246 2822 αὑτοῦ.

1053 2839 1193 2866 κωλύεται
1212 2839 1361 2873 μαρτυρεῖν
1376 2837 1486 2872 ἄνηϐος,
1501 2837 1602 2872 xui-(6;,
1616 2837 1724 2871 ἄλαλος,
1742 2847 1796 2873 μαι-
