1948 3064
133 135 203 168 1249

630 133 831 163 SYNTAGMA
853 132 1170 165 ALPHABETICUM.
1192 144 1226 150 -
1245 134 1276 162 Δ.

1685 130 1754 161 1250

133 191 254 223 νόμενος,
269 189 382 221 ἄσωτος,
402 188 458 220 υἱδς
474 187 644 221 ὗπεξοῦσιος,
657 189 721 215 ὅταν
738 189 751 214 ὁ
763 189 852 224 πατὴρ
868 187 915 214 αὺ-

981 191 1075 220 nutus,
1093 188 1216 220 insanus,
1241 186 1368 222 prodigus
1386 194 1393 219 ;
1420 191 1447 213 ct
1470 185 1754 223 ﬁliusfamilias,_cum

133 237 180 264 τοῦ
200 236 264 271 παρ’
279 235 358 263 ἄλλου
372 236 465 270 γραφῇ
481 235 650 270 κληρονόμος
665 235 693 262 ὲν
708 234 835 271 διαθήκῃ.

172 326 207 352 Ἦ
222 325 392 360 παραγραφὴ
416 324 485 351 κατὰ
503 324 551 360 μὲν
568 324 630 356 τοὺς
646 323 746 358 νόμους
765 323 918 358 πολλαχῶς,

132 373 203 400 κατᾶ
233 372 262 399 δὲ
290 373 353 403 τοὺς
370 372 490 406 ῥήτορας
501 370 642 406 τετραχῶς
656 371 762 404 γίνεται
777 378 783 385 ·
799 370 853 396 ἀπὺ
871 369 918 396 τοῦ

132 419 271 448 λείποντος
283 426 291 433 ·
305 414 362 444 οἷον
374 416 481 443 ἀσώτου
497 417 590 452 πατὴρ
616 416 723 451 ἀφανὴς
737 416 854 450 ἐγένετο,
873 415 921 441 καὶ

133 467 215 500 φόνου
226 466 240 492 ὁ
253 465 312 496 υίὸς
326 464 423 499 φεύγει
435 472 443 480 '
469 465 524 491 ἀπὸ
539 464 586 491 τοῦ
608 464 823 499 ὑπερϐάλλοντος
833 470 840 478 ·
865 461 920 489 οἷον

133 511 199 538 δέκα
211 511 267 538 νέοι
281 510 461 544 ἐπωμόσαντο
473 510 511 545 μὴ
522 510 621 544 γῆμαι,
631 510 677 536 καὶ
690 509 821 543 φεύγουσι
834 509 920 536 κακοῦ

136 558 195 593 βίου
206 566 212 573 ·
224 557 241 591 ἢ
255 557 302 590 ἀφ’
316 553 352 583 ὧν
364 556 453 591 ἕτεροι
472 556 656 590 πεποιήκασιν
668 556 698 582 οὐ
713 556 753 582 δεῖ
769 551 921 590 κρίνεσθαι,

135 601 191 629 οἷον
205 603 219 629 ό
235 602 442 638 τρισαριστεὺς,
459 598 491 628 οὗ
507 602 600 628 εἰκόνα
615 601 734 636 ἔστησαν
749 601 772 627 οἱ
786 601 920 635 πολέμιοι,

137 650 184 676 καὶ
198 650 343 685 προδοσίας
360 649 470 684 φεύγων
481 658 488 665 ο
507 649 524 684 ἢ
544 648 615 675 κατὰ
641 648 748 683 χρόνον,
763 646 820 674 οἷον
833 647 922 674 δειλοῦ

136 697 201 728 παῖς
216 695 371 731 ἠρίστευσε,
385 696 432 722 καὶ
447 694 568 730 μοιχείας
591 695 678 729 κρίνει
695 694 744 729 τὴν
757 693 886 728 γυναῖκα.

222 785 286 811 Ἐ’τι
301 783 367 817 περὶ
377 782 435 810 τῶν
447 782 573 815 ἐνδίκως
586 781 834 817 καθαιρεθέντων.

181 829 210 855 Ὀ
225 829 246 856 δ’
271 829 359 856 κανὼν
388 830 438 863 τῆς
463 829 491 856 ὲν
505 829 658 864 Ἀντιοχείᾳ
681 828 803 860 συνόδου,
823 828 854 854 ’0
870 827 923 854 ὑπὸ

139 874 247 901 συνόδου
265 874 449 909 καθαιρεθεὶς,
465 873 558 908 φησὶν.
576 874 737 905 ἐπίσκοπος,
750 876 790 899 ἑτι
814 872 844 899 δὲ
857 881 923 908 πρε-

140 919 279 954 σϐύτερος,
307 919 324 956 ἢ
345 919 477 951 διάκονος,
509 919 561 945 ὑπὸ
584 919 631 945 τοῦ
653 919 719 945 ἰδίου
735 918 813 945 τοῦτο
827 917 923 944 παθὼν

139 966 301 998 ἐπισκόπου,
321 965 345 991 εἰ
373 964 514 1000 μετελθεῖν
538 964 628 991 ὁτιοῦν
659 963 815 999 βουληθείη,
832 963 850 990 ἃ.
867 964 924 994 τοῖς

140 1011 260 1045 ἱερεῦσιν
275 1011 346 1042 ἔθος,
364 1010 401 1045 μὴ
420 1010 523 1043 ἐξεῖναι
544 1010 634 1045 τούτῳ
653 1009 753 1041 ἀδίκως
771 1009 811 1035 ἔτι
827 1009 925 1036 διατει-

140 1057 246 1092 νομένῳ
260 1057 358 1084 παθεῖν
380 1057 463 1092 ἑτέρα
480 1056 625 1091 προσιέναι
644 1056 756 1090 συνόδῳ,
771 1056 818 1082 καὶ
832 1055 924 1090 ζητεῖν

140 1103 262 1136 ἐξετάσει
276 1102 310 1128 τὰ
327 1102 387 1129 κατ’
404 1102 485 1129 αὑτὸν
504 1102 624 1136 δοθῆναι,
643 1101 710 1136 μηδὲ
741 1101 834 1136 χώραν
859 1101 926 1127 ἀπο-

140 1147 234 1179 λογίας
247 1147 321 1181 αὺτῷ
350 1148 486 1182 μετεῖναι·
514 1147 578 1178 τοὺς
598 1147 626 1173 δέ
655 1155 687 1181 γε
709 1147 863 1178 συνειδότας
876 1145 925 1181 τὴν

141 1193 202 1219 κατ’
227 1192 309 1219 αὐτοῦ
329 1192 466 1226 ἀπόφασιν
478 1212 485 1224 .
508 1193 555 1219 καὶ
575 1193 714 1219 κοινωνεῖν
734 1192 808 1227 αὐτῷ
827 1191 926 1227 τολμή-

141 1247 254 1269 σαντας.
270 1240 317 1265 καὶ
330 1238 443 1270 τούτους
458 1239 508 1273 τῆς
520 1238 683 1273 Ἐκκλησίας
694 1238 886 1265 ἐκκόπτεσθαι.

181 1285 210 1312 '0
220 1285 249 1311 δὲ
261 1285 294 1320 ιβ’
304 1285 350 1312 τδν
375 1285 427 1311 ὑπὸ
435 1285 481 1311 τοῦ
499 1285 566 1311 ἰδίου
579 1285 656 1316 αὖθις
666 1285 817 1312 ἐπισκόπου
830 1284 927 1311 καθαι-

140 1331 267 1366 ρεθέντα,
278 1330 489 1366 πρεσϐύτερονῆ
502 1330 632 1362 διάκονον,
649 1330 665 1365 ἢ
680 1330 732 1356 ὑπὸ
746 1331 856 1356 συνόδου
868 1329 928 1355 επί-

142 1385 255 1410 σκοπον,
270 1376 440 1412 ἀπαγορεύει
452 1377 596 1412 προσιέναι
609 1376 646 1410 τῷ
661 1375 777 1411 βασιλεῖ,
792 1375 840 1402 καὶ
858 1374 927 1410 παρ’

140 1423 217 1458 αὐτῷ
231 1423 323 1458 ζητεῖν
340 1423 389 1458 τὴν
405 1423 541 1455 ἐξέτασιν,
560 1422 627 1449 ἀλλὰ
646 1422 751 1456 μείζονι
766 1422 927 1449 ἐπισκόπων

142 1469 254 1504 συνόδῳ,
268 1469 314 1495 καὶ
327 1469 345 1495 ἂ
354 1467 460 1503 νομίζει
474 1468 567 1495 δίκαια
578 1468 662 1503 ἔχειν,
674 1468 781 1499 τούτοις
790 1476 928 1502 προσανα-

970 239 1046 268 pater
1065 234 1125 268 ejus
1151 234 1186 261 ab
1215 234 1270 261 alio
1290 233 1376 261 haeresi
1406 233 1435 262 in
1451 236 1615 270 testamento
1638 231 1756 266 scriptus

971 279 1063 307 fuerit.

1007 326 1137 360 Exceptio
1156 325 1310 352 secundum
1325 325 1399 360 leges
1417 325 1559 360 multiplex
1585 328 1637 357 est,
1657 331 1757 351 secun-

970 373 1034 400 dum
1049 380 1112 399 vero
1137 372 1264 399 rhetoras
1278 371 1448 406 quadruplex
1466 379 1473 398 :
1490 371 1523 398 ab
1539 371 1664 401 absente,
1681 370 1757 396 velut

971 418 1075 454 prodigi
1091 422 1168 454 pater
1183 425 1235 446 non
1255 423 1378 453 apparet,
1393 422 1420 444 et
1435 417 1506 444 illius
1520 416 1658 444 homicidii
1675 423 1756 442 accu-

971 468 1064 496 satur;
1082 464 1116 491 ab
1139 471 1266 496 excess",
1281 468 1310 489 ut
1341 463 1435 490 decem
1449 462 1560 495 iuvenes
1583 462 1709 496 juraruut
1727 467 1757 487 se

972 517 1026 537 non
1053 517 1166 537 uxorem
1184 509 1327 540 ducturos,
1346 513 1373 535 et
1400 508 1478 535 make
1498 508 1559 534 vita?
1576 513 1755 538 accusantur;

972 558 1014 584 vel
1030 556 1064 583 ab
1078 563 1121 587 eo,
1140 555 1213 590 quod
1238 555 1300 589 quis
1317 555 1350 582 de
1375 555 1407 581 iis
1422 562 1481 588 quae
1495 554 1539 580 alii
1562 553 1687 580 fecerunt
1703 561 1756 580 non

973 606 1110 634 teneatur,
1126 605 1157 628 ut
1183 600 1359 632 fortissimus,
1379 599 1456 633 cujus
1484 599 1627 634 imaginem
1656 599 1757 625 inimici

973 649 1129 677 erexerunt,
1143 644 1305 679 proditioais
1317 648 1478 676 accusatur;
1492 644 1532 670 vel
1551 644 1627 677 juxta
1640 648 1755 677 tempus,

973 697 1003 720 ut
1021 692 1107 719 timidi
1132 691 1204 718 ﬁlius
1221 691 1273 717 dux
1290 690 1458 718 fortissimus
1481 689 1577 722 evasit,
1594 694 1621 716 et
1645 697 1756 716 uxorem

973 746 1050 766 suam
1069 738 1197 765 adulterii
1217 742 1339 764 accusat.

1029 783 1106 818 105
1121 783 1212 810 Adhuc
1226 783 1258 810 de
1275 784 1308 810 iis
1323 783 1368 817 qui
1380 783 1452 817 juste
1466 782 1576 816 depositi
1594 781 1703 814 fuerint.

1008 830 1102 857 Canon
1121 830 1137 856 4
1157 837 1216 865 syn.
1232 829 1372 860 Antioch.,
1406 828 1566 862 Episcopus,
1590 828 1689 862 inquit,
1711 827 1757 862 qui

973 884 988 903 a
1005 877 1109 912 synodo
1125 876 1267 910 depositus
1290 875 1381 907 fuerit,
1407 882 1456 901 nec
1472 882 1524 901 non
1550 874 1701 908 presbyter,
1716 873 1757 900 Vel

974 923 1105 951 diaconus
1125 922 1196 949 idem
1220 930 1234 949 a
1252 922 1361 956 proprio
1380 921 1507 954 episcopo
1525 927 1633 954 passus,
1658 919 1680 946 si
1708 919 1758 946 ali-

974 969 1039 1003 quid
1068 975 1162 995 corum
1189 967 1295 1002 operari
1325 967 1452 998 voluerit,
1484 973 1544 1000 quae
1571 965 1758 993 sacerdotibus

975 1014 1064 1042 facere
1088 1022 1147 1042 mos
1165 1019 1215 1047 est,
1240 1021 1274 1040 ne
1298 1013 1378 1040 liceat
1399 1013 1434 1044 ei,
1451 1011 1580 1047 quamvis
1604 1019 1634 1039 se
1659 1011 1759 1045 injuste

973 1062 1028 1097 pati
1045 1061 1203 1096 praetendat,
1221 1060 1334 1087 alteram
1351 1059 1486 1093 synodum
1510 1057 1595 1087 adire,
1612 1063 1638 1084 et
1654 1062 1757 1091 petere,

975 1112 1005 1134 ut
1018 1114 1078 1141 quae
1093 1106 1115 1133 ei
1133 1105 1240 1140 objecta
1255 1109 1319 1133 sunt
1334 1104 1538 1134 examinentur,
1554 1107 1602 1130 aut
1619 1102 1759 1130 defensio-

976 1153 1018 1181 nis
1049 1152 1140 1179 locum
1174 1151 1283 1178 habere.
1318 1150 1339 1176 li
1375 1154 1464 1177 autem
1497 1148 1567 1184 qui,
1595 1148 1759 1175 sententiam

977 1199 1106 1226 adversus
1121 1204 1183 1224 eum
1200 1196 1283 1233 latam
1301 1196 1431 1226 scientes,
1454 1202 1515 1221 cum
1533 1193 1592 1228 ipso
1609 1193 1762 1220 communi-

976 1250 1040 1271 care
1054 1243 1114 1270 ausi
1128 1242 1237 1273 I‘ucrint,
1252 1249 1284 1268 ex
1295 1241 1414 1268 Ecclesia
1430 1240 1601 1267 abdit-eatur.

1012 1290 1125 1322 Insuper
1135 1296 1197 1316 can.
1212 1289 1245 1315 12
1257 1288 1443 1324 presbyterum
1459 1288 1501 1315 vel
1515 1288 1657 1315 diaconum
1670 1295 1684 1313 a
1698 1293 1762 1320 pro-

976 1335 1037 1371 prio
1052 1335 1180 1370 episcopo
1194 1334 1359 1368 depositum,
1376 1334 1418 1360 vel
1437 1334 1596 1367 episcopum
1613 1340 1628 1359 a
1644 1333 1760 1368 synodo,

977 1389 1069 1416 regem
1087 1381 1164 1407 adire
1178 1385 1259 1410 vetat,
1277 1385 1303 1407 et
1314 1379 1544 1406 cxaminationeni
1562 1379 1597 1406 ab
1610 1385 1643 1405 eo
1657 1383 1758 1413 petere,

978 1427 1026 1456 sed
1052 1428 1085 1455 ad
1119 1427 1250 1461 majorem
1278 1427 1469 1461 episcoporum
1499 1425 1633 1460 synodum
1659 1424 1710 1457 ire,
1736 1429 1763 1450 et

975 1474 1033 1508 jus,
1048 1473 1120 1508 quod
1138 1480 1167 1500 se
1183 1473 1285 1500 habere
1300 1475 1386 1506 putat,
1405 1471 1437 1497 ad
1458 1477 1506 1497 eos
1523 1470 1636 1502 referre,
1652 1477 1762 1497 eorum-

142 1514 249 1550 φέρειν,
263 1514 311 1540 καὶ
321 1513 371 1549 τὴν
387 1514 452 1548 παρ’
463 1514 555 1541 αὐτῶν
570 1514 694 1551 ἐξέτασιν
705 1514 866 1549 ἐκδέχεσθαι
882 1513 923 1540 καῖ

981 1528 1031 1554 que
1040 1520 1271 1547 exaniiuationem
1286 1522 1312 1545 et
1324 1517 1457 1550 judicium
1470 1517 1619 1551 suscipere.
1630 1516 1657 1542 Si
1671 1516 1762 1549 itaque

141 1563 293 1597 ἐπίκρισιν.
321 1562 352 1588 El.
367 1561 394 1588 δέ
411 1570 453 1594 τις
467 1561 571 1588 τούτων
587 1561 761 1596 ὀλιγωρήσεις
782 1561 929 1596 ἐνοχλῆσαι

142 1608 273 1642 τολμήσει
295 1607 334 1642 τῷ
363 1608 479 1643 βασιλεῖ,
500 1608 600 1643 μηκέτι
626 1607 720 1643 χώραν
737 1608 811 1642 ἔχειν
828 1607 929 1634 ἀπολο-

141 1654 217 1689 γίας,
233 1655 301 1690 μηδὲ
319 1655 417 1681 ὲλπίδα
436 1655 589 1689 μελλούσης
605 1654 869 1686 ἀποκαταστάσεως.
898 1654 929 1680 Et

142 1701 197 1736 γὰρ
211 1700 259 1727 καὶ
272 1701 355 1727 ’παντὶΙ
373 1701 620 1736 καταδικαζομένῳ
631 1701 677 1728 καὶ
696 1701 851 1729 ἀδικεῖσθαι
876 1701 930 1727 οἱο-

143 1747 220 1782 μένιρ
244 1747 260 1782 ἡ
275 1747 324 1782 τῆς
337 1746 506 1782 Ἥκκλησίας
520 1747 631 1782 βοήθεια
652 1747 769 1779 δέδοται,
790 1747 850 1774 ἀλλ’
867 1747 930 1774 ἐπεί

144 1793 186 1820 τοί
199 1802 232 1826 γε
248 1793 301 1820 τῶν
316 1794 495 1829 πατριαρχῶν
509 1794 537 1820 αι
552 1793 641 1829 ψῆφοι
654 1794 781 1828 ἐκκλήτῳ
795 1794 846 1828 οὐχ
863 1793 930 1820 ὑπό-

143 1845 263 1869 κεινται,
278 1838 292 1864 ό
307 1837 483 1872 πειρώμενος
506 1838 641 1872 ἔκκλητον
656 1839 696 1869 εἰς
721 1837 836 1872 βασιλέα
852 1838 930 1872 ποιή-

144 1884 256 1916 σασθαι,
288 1884 358 1919 μετὰ
392 1884 442 1919 τὴν
469 1884 518 1910 τοῦ
543 1885 717 1920 πατριάρχου
741 1883 929 1918 ὲξενεχθεῖσαν

142 1930 293 1963 ἀπόφασιν,
311 1931 475 1964 τιμωρεῖται
490 1929 561 1956 κατὰ
575 1929 621 1956 τὸν
636 1930 760 1963 παρόντα
780 1928 892 1956 κανόνα.

183 1976 214 2002 '0
224 1975 253 2003 δὲ
266 1979 309 2011 κη’
321 1975 375 2002 τῶν
388 1976 475 2010 ἁγίων
492 1975 651 2002 ἀποστόλων
664 1974 754 2001 κανὼν
776 1974 822 2001 τὸν
833 1974 930 2000 καθαι-

145 2021 257 2056 ρεθέντα
274 2021 386 2053 δικαίως
405 2021 564 2053 ἐπίσκοπον,
583 2021 599 2056 ἢ
624 2021 821 2056 πρεσϐύτερον,
839 2021 855 2056 ἦ
871 2020 929 2047 διά-

144 2077 233 2101 κονον,
247 2069 293 2094 ἐπὶ
308 2068 463 2102 ἐγκλήμασι
477 2068 619 2102 φανεροῖς,
632 2068 679 2094 καὶ
692 2067 815 2102 ἆῲασθαι
827 2067 927 2102 τολμή-

145 2122 230 2140 σαντα
249 2114 299 2148 τῆς
316 2112 517 2148 ἀφαιρεθείσης
543 2112 616 2148 αὐτῷ
635 2112 821 2148 λειτουργίας,
849 2112 929 2138 ὲκκό-

144 2159 260 2186 πτεσθαι
279 2160 441 2186 παντάπασι
453 2159 562 2185 κελεύει
581 2160 630 2195 τῆς
642 2157 819 2193 Ἐκκλησίας,
837 2158 882 2185 διά
898 2167 928 2185 τε

980 1566 1137 1601 quisquam,
1159 1566 1202 1592 his
1229 1565 1392 1599 contemptis
1407 1583 1414 1596 ,
1446 1562 1615 1597 imperatori!
1633 1562 1762 1589 molestus

979 1619 1039 1639 esse
1065 1619 1149 1639 ausus
1174 1611 1265 1642 fuerit,
1293 1611 1316 1638 is
1347 1609 1514 1637 defensionis
1541 1609 1632 1636 locum
1659 1608 1761 1635 nullum

980 1659 1090 1690 habeat,
1118 1663 1165 1685 aut
1186 1665 1261 1692 spem
1288 1656 1387 1684 futura:
1412 1655 1604 1683 restitutionis.
1630 1654 1761 1688 Quamvis

979 1706 1052 1733 enim
1069 1704 1141 1732 omni
1161 1704 1301 1736 damnato,
1324 1707 1350 1730 et
1366 1709 1396 1729 se
1416 1701 1515 1736 injuria
1540 1701 1611 1728 afﬁci
1628 1700 1761 1732 credenti,

979 1751 1110 1780 Ecclesiae
1144 1750 1278 1777 auxilium
1312 1748 1495 1781 conceditur;
1534 1747 1664 1782 quoniam
1699 1753 1763 1774 vero

980 1797 1197 1832 patriarcharum
1208 1795 1350 1824 sententi-.e
1361 1794 1536 1829 appellationi
1548 1801 1600 1820 non
1612 1792 1764 1828 subjiciun-

980 1842 1089 1877 tur.qui
1102 1847 1165 1877 post
1177 1842 1258 1868 latam
1271 1840 1432 1875 patriarchae
1447 1838 1609 1867 sententiam
1625 1839 1657 1865 ad
1674 1845 1763 1872 regem

979 1888 1187 1923 appellationem
1220 1887 1308 1914 facere
1334 1892 1463 1917 certatur,
1494 1885 1572 1920 juxta
1599 1890 1762 1919 prazsentem

979 1941 1111 1962 canonem
1131 1933 1252 1967 punitur.

1014 1978 1098 2006 Porro
1123 1982 1211 2005 sanet.
1237 1977 1351 2012 apostol.
1378 1983 1439 2004 can.
1463 1975 1498 2003 28
1517 1975 1694 2010 episcopum,
1718 1972 1762 2000 vel

978 2025 1178 2061 presbyterum,
1195 2023 1236 2050 vel
1248 2023 1405 2054 diaconum,
1422 2022 1466 2056 qui
1482 2022 1556 2056 justo
1570 2021 1605 2047 ob
1618 2019 1762 2047 manifesta

979 2071 1094 2099 crimina
1124 2069 1285 2104 depositus,
1330 2068 1512 2095 ministerium
1551 2066 1604 2094 sibi
1640 2066 1759 2093 ablatum

979 2118 1111 2152 attingere
1139 2116 1246 2147 audeat.
1280 2115 1314 2142 ab
1343 2114 1466 2142 Ecclesia
1497 2114 1609 2142 omnino
1637 2112 1761 2140 abscindi

977 2163 1065 2198 jubet,
1112 2166 1168 2189 tum
1199 2162 1234 2188 ob
1265 2168 1401 2189 summam
1436 2161 1505 2187 l‘ortc
1538 2158 1735 2195 impudentiam
1753 2177 1761 2189 ,

142 2205 223 2240 τυχὸν
233 2205 284 2240 τῆς
300 2205 447 2236 αὐθαδείας
458 2204 489 2231 τὸ
504 2204 610 2238 περιὸν,
623 2205 670 2230 καὶ
686 2205 728 2231 ὅτι
745 2203 834 2235 ἄλλως
845 2204 923 2231 κολα-

982 2214 1039 2237 tum
1066 2208 1139 2244 quod
1165 2208 1221 2243 jam
1246 2208 1387 2242 depositus
1412 2207 1490 2234 aliter
1514 2206 1645 2234 canonice
1674 2204 1764 2240 puniri

144 2251 242 2286 σθῆναι
257 2251 410 2282 κανονικῶς
423 2251 476 2277 οὐκ
492 2251 532 2277 ἔνι
552 2251 597 2277 τὸν
611 2251 662 2286 ἤδη
679 2250 892 2286 καθαιρεθέντα.

185 2296 215 2322 '0
229 2295 258 2322 δὲ
273 2296 310 2329 ξε’
324 2296 373 2330 τῆς
388 2297 418 2323 ἐν
448 2297 626 2332 Καρθαγένῃ,
653 2296 767 2327 δικαίως
795 2295 928 2331 κληρικοῦ

144 2341 404 2372 καταδικασθέντος,
416 2341 495 2375 φησὶ,
506 2341 576 2376 πρὸς
589 2341 636 2368 τοῦ
652 2335 753 2368 οἰκείου
762 2341 928 2373 ἐπισκόπου,

146 2386 248 2421 μηκέτι
260 2385 387 2421 ἐκκλήτῳ
398 2386 596 2421 βοηθουμένου,
610 2386 657 2412 τοῦ
669 2385 802 2421 κληρικοῦ
814 2385 926 2421 δηλαδὴ,

143 2434 208 2463 τοὺς
219 2434 293 2467 χειρὶ
310 2432 480 2467 χρωμένους,
509 2432 557 2458 καὶ
574 2432 731 2463 κωλύοντας
748 2432 799 2466 τὴν
810 2431 933 2466 ὁρισθεῖ-¹

147 2488 195 2506 σαν
210 2479 272 2506 κατ’
299 2478 382 2505 αὑτοῦ
406 2478 498 2513 ψῆφον
513 2479 560 2505 τὸν
587 2479 741 2505 ἐπίσκοπον
756 2478 928 2512 ἐπενεγκεῖν,

145 2525 279 2552 αἰτεῖσθαι
294 2525 346 2559 χρὴ
361 2524 410 2557 τὴν
426 2524 538 2550 σύνοδον
552 2524 620 2559 πρὸς
637 2523 684 2550 τοῦ
699 2524 833 2558 βασιλέως
848 2524 928 2559 ποινῇ

144 2572 256 2603 τούτους
272 2571 446 2605 χρηματικῇ,
465 2571 513 2597 καὶ
530 2570 675 2604 ἀφαιρέσει
692 2571 741 2606 τῆς
758 2571 842 2605 τιμῆς
861 2570 929 2597 ὑπο-

143 2614 300 2645 ϐάλλεσθαι,
319 2614 374 2640 εἴτε
388 2614 438 2649 τῆς
448 2614 617 2650 Ἐκκλησίας
634 2613 688 2642 εἷεν
704 2617 729 2642 οἱ
745 2615 865 2642 τοιοῦτοι
881 2615 929 2650 δή-

143 2670 207 2694 που,
220 2661 275 2688 εἴτε
289 2660 337 2687 τοῦ
351 2660 428 2693 λαοῦ,
444 2661 495 2688 κᾶν
515 2661 613 2694 ὁποίας
628 2659 680 2689 ὦσι
695 2663 741 2690 καὶ
758 2662 869 2698 ἡλικίας
882 2664 929 2689 καὶ

145 2710 263 2739 θύσεως.

184 2752 214 2778 '0
229 2753 256 2778 δὲ
270 2756 291 2779 ν’
303 2753 349 2780 καὶ
366 2753 422 2779 τῶν
437 2753 598 2780 ἐπισκόπων
613 2755 677 2787 τοὺς
692 2754 730 2790 μὴ
746 2755 810 2786 ταῖς
826 2755 929 2790 ψήφοις

146 2798 354 2830 ὅποκύπτοντας
377 2800 427 2834 τῆς
447 2801 558 2827 συνόδου
576 2802 608 2836 τῇ
621 2801 676 2828 τῶν
694 2801 837 2836 ἀρχόντων
849 2803 927 2835 ἐξου-

145 2844 192 2880 σίᾳ
211 2845 317 2872 κελεύει
329 2846 467 2874 δίδοσθαι·
482 2847 551 2883 πλὴν
568 2849 617 2876 οὐκ
637 2848 750 2882 ἔννομον
762 2848 826 2880 τοὺς
846 2849 928 2883 ἱερω-

980 2260 1108 2284 nequeat.

1015 2264 1109 2330 22:):
1124 2302 1205 2330 etiam
1221 2298 1256 2328 65
1270 2308 1330 2336 syn.
1347 2297 1499 2331 Carth.,.Si
1520 2296 1649 2329 clericus,
1664 2295 1763 2331 inquit.

981 2355 995 2375 a
1024 2348 1134 2383 proprio
1161 2348 1291 2382 episcopo
1316 2346 1390 2380 juste
1418 2344 1558 2378 depositus
1588 2342 1685 2373 fuerit.
1714 2348 1765 2369 nec

981 2392 1317 2431 appellationislauxilium
1342 2392 1439 2418 habeat
1473 2391 1524 2418 iste
1539 2389 1667 2421 clericus,
1683 2395 1765 2423 syno-
1811 2417 1815 2421 ,

980 2441 1031 2469 dus
1054 2448 1068 2467 a
1090 2447 1154 2474 rege
1175 2438 1303 2474 postulet,
1328 2442 1358 2464 ut
1382 2438 1428 2472 qui
1451 2435 1571 2471 potentia
1600 2439 1716 2462 utuntur
1738 2438 1765 2460 ct

981 2487 1137 2520 episcopum
1156 2484 1286 2519 prolatam
1301 2486 1395 2510 contra
1421 2489 1482 2508 eum
1508 2480 1670 2508 sententiam
1693 2478 1766 2505 inﬂi-

981 2542 1044 2569 gere
1072 2541 1127 2560 non
1157 2533 1269 2563 sinunt,
1290 2538 1378 2566 poenae
1406 2527 1571 2565 pecuniariae
1601 2531 1628 2554 et
1654 2523 1766 2552 honoris

981 2578 1124 2614 privationi
1157 2577 1363 2611 subjiciantur,
1395 2575 1454 2603 sive
1485 2574 1540 2600 sint
1574 2569 1765 2601 ecclesiastici,

981 2624 1039 2651 sive
1062 2622 1142 2655 laici,
1161 2627 1188 2650 et
1212 2621 1403 2656 cujuscunque
1428 2618 1514 2646 aetatis
1534 2617 1576 2645 vel
1599 2613 1765 2643 conditionis

980 2667 1093 2697 fuerint.

1013 2757 1128 2791 Insuper
1142 2763 1205 2784 can.
1224 2756 1258 2783 50
1273 2755 1426 2791 episcopos,
1446 2753 1493 2789 qui
1509 2751 1604 2787 synodi
1621 2749 1765 2778 sententiis

981 2810 1035 2831 non
1056 2810 1085 2830 se
1114 2803 1289 2834 submittunt,
1309 2803 1340 2828 in
1366 2801 1574 2834 magistratuum
1605 2798 1765 2832 potestatein

981 2849 1088 2877 tradere
1111 2848 1204 2881 iubet;
1221 2839 1314 2876 verum
1338 2847 1441 2883 justum
1469 2852 1524 2873 non
1549 2847 1641 2876 cst,ut
1668 2841 1766 2870 sacrati
