1948 3064
197 132 261 165 1251

789 129 973 160 MATTH/EI
991 128 1201 159 BLASTM’JS

1747 130 1818 164 ἓξὲξ

192 189 367 216 saecularibus
386 188 591 222 magistratibus
607 188 737 223 puniendi
754 189 906 220 tradantur,
925 185 976 214 nisi

1033 185 1130 220 μένους
1147 185 1188 215 είς
1218 185 1329 211 κόλασιν
1358 185 1501 219 κοσμικαῖς
1526 185 1642 220 ἄρχουσι
1670 187 1818 220 παραδίδο-

192 237 269 270 prius
295 235 411 270 depositi
440 234 549 262 fuerint.
578 234 635 262 lloc
662 239 752 262 autem
781 234 819 267 fit,
848 235 890 261 vel
918 241 979 261 cum

193 281 313 315 synodus
330 280 493 307 sententiam
519 287 596 307 suam
620 280 646 306 in
664 284 755 307 actum
781 279 905 314 redigere
925 287 978 306 non

193 324 290 360 possit,
308 324 347 350 vel
365 331 426 351 cum
445 331 573 358 magnum
592 323 674 350 fuerit
695 323 839 361 delictum,
857 327 884 350 et
913 331 978 350 cen-

193 377 284 396 suram
299 369 514 396 ecclesiasticam
538 369 747 403 magistratuum
771 369 853 399 ctiam
870 375 979 403 poenam

193 416 271 450 sequi
294 420 427 450 oporteat.
445 415 552 442 Etenim
574 416 596 442 si
613 420 738 443 sacratus
760 415 831 442 forte
851 415 979 443 inventus

193 463 229 489 sit
253 462 409 497 imperatori
439 462 554 489 insidias
576 466 693 494 struere,
712 466 812 496 prartcr
829 461 979 496 depositio-

194 515 279 539 nem,
308 508 478 543 magistratui
510 507 658 541 tradetur,
688 511 718 534 ut
745 508 978 535 examinationem

193 553 300 586 subeat,
328 558 354 580 et
381 553 507 580 conscios
539 553 667 588 detegat:
695 552 925 586 quemadmodum
953 556 980 580 et

195 599 321 632 prmdicta
345 599 496 626 Justiniani
525 598 631 626 novella
656 598 709 625 125
735 599 769 626 de
784 598 819 626 iis
841 599 888 634 qui
914 602 979 626 sunt

194 644 328 678 ejusmodi
342 645 448 672 statuit.

385 724 388 727 γ
414 706 417 708 -
539 687 629 726 ng“.

228 733 379 769 Episcopus
404 735 558 762 sacerdotio
582 734 714 762 canonice
736 734 883 766 excidens,
904 735 926 762 si
945 735 978 762 ad

195 779 288 807 urbem
303 787 334 807 ex
349 787 401 815 qua
415 781 518 815 ejectus
533 785 591 808 erat
606 781 805 815 proliciscatur,
820 782 861 807 vel
888 780 977 808 locum

195 826 220 852 in
241 834 295 860 quo
311 828 410 853 morari
434 827 528 861 jussus
547 831 615 858 erat,
645 827 792 861 relinquat,
817 826 888 854 alius
912 834 976 862 pro-

195 872 288 898 vinciae
304 873 470 900 monasterio
494 872 652 900 includitur.

230 917 380 952 Episcopus
411 926 427 945 a
456 919 561 954 synodo
588 918 748 953 depositus,
773 923 800 946 et
828 918 977 946 tumultum

194 964 327 995 excitans.
342 969 371 991 ut
382 965 567 999 episcopatum
582 969 733 999 recuperet,
748 970 857 992 centum
879 964 979 992 millia-

195 1010 271 1037 ribus
293 1010 374 1045 longe
396 1018 410 1038 a
430 1011 539 1038 civitate
555 1019 588 1038 ex
604 1019 656 1046 qua
673 1011 777 1047 ejectus
802 1015 844 1039 est
864 1011 978 1044 habitet,

195 1062 246 1082 nec
269 1056 302 1082 ad
321 1055 513 1090 imperatorem
535 1057 624 1084 adeat.
651 1057 700 1084 Sin
725 1061 815 1084 autem
839 1057 979 1092 profectus

196 1101 299 1128 litteras
321 1102 467 1136 rescriptas
491 1102 598 1134 habeat,
624 1110 662 1130 eo:
678 1102 732 1130 sint
748 1102 870 1135 inutiles,
891 1107 919 1129 et
932 1103 978 1138 qui

195 1154 258 1173 cum
273 1147 435 1181 defenderit,
456 1148 670 1183 indignationem
687 1148 819 1176 incurrat.

199 1203 278 1238 106
287 1202 363 1231 CAP.
387 1203 422 1230 IX
434 1203 503 1240 [XI].
523 1204 598 1237 Quod
611 1204 641 1231 ob
657 1205 682 1231 id
695 1206 781 1239 ipsum
795 1205 833 1232 bis
847 1205 980 1233 vindicare

484 1247 536 1266 non
556 1245 683 1274 oporteat.

231 1285 326 1313 Canon
348 1289 438 1320 apost.
464 1285 520 1319 25,
549 1286 707 1321 EpiscOpus,
737 1287 836 1322 inquit,
861 1288 903 1315 vel
920 1295 981 1323 pre-

197 1331 298 1368 sbyter,
339 1333 381 1359 vel
407 1332 558 1364 diaconus.
584 1332 774 1361 fornicationis
802 1334 842 1361 vel
868 1335 980 1369 periurii

196 1379 238 1405 vel
258 1377 323 1405 furti
342 1379 494 1410 convictus,
508 1379 672 1413 deponatur,
689 1384 716 1407 et
733 1387 787 1406 non
803 1387 979 1416 segregetur:

199 1435 207 1451 ι
226 1425 284 1453 Non
304 1425 375 1452 enim
403 1425 553 1452 vindicabis
577 1425 619 1452 bis
637 1425 663 1452 in
682 1425 708 1453 id
734 1427 843 1461 ipsum:
859 1436 868 1452 ι
897 1434 981 1462 quare

196 1473 242 1506 qui
261 1471 445 1499 sacerdotium
466 1471 586 1498 assecuti
608 1475 681 1503 sunt,
700 1472 825 1507 quamvis
840 1471 981 1506 deponun-

1031 231 1104 262 σθαι,
1126 231 1149 256 εὶ
1166 230 1204 266 μὴ
1219 231 1356 266 πρότερον
1368 231 1571 265 καθαιρεθεῖεν.
1595 231 1683 258 Ἰὀῦτο
1697 232 1725 258 δὲ
1741 233 1817 267 γίνε-

1031 285 1086 309 ται,
1100 276 1116 311 ἢ
1131 278 1197 303 ὅταν
1213 277 1250 311 μὴ
1268 277 1369 311 δυνατὴ
1387 278 1403 312 ἡ
1418 277 1527 308 σύνοδος
1571 277 1620 312 τὴν
1631 279 1737 305 οἰκείαν
1749 280 1818 306 ἀπό-

1030 331 1113 356 φασιν
1128 323 1168 354 είς
1181 322 1262 357 ἔργον
1277 322 1440 356 ἐξενεγκεῖν,
1457 323 1472 357 ἢ
1490 323 1555 349 ὅταν
1568 324 1640 357 μέγα
1685 324 1715 350 τὸ
1729 325 1818 360 ἀμάρ-

1030 377 1116 403 τημα,
1148 369 1197 395 καὶ
1223 369 1264 395 δεῖ
1281 371 1312 403 τῇ
1340 370 1417 403 παρά
1437 369 1487 403 τῆς
1504 369 1683 404 Ἐκκλησίας,
1701 371 1749 396 καὶ
1768 370 1817 405 τὴν

1030 415 1109 450 παρὰ·
1122 415 1176 441 τῶν
1188 415 1329 449 ἀρχόντων
1340 415 1565 449 ἐπακολουθῆσαι
1579 415 1702 441 κόλασιν.
1721 416 1750 442 Εἰ
1762 416 1817 450 γὰρ

1031 461 1156 496 εὑρεθείη
1183 461 1265 495 τυχδν
1297 460 1446 495 ίερωμένος
1480 460 1666 487 ἐπιϐουλεύων
1701 461 1741 495 τῷ
1769 461 1818 495 βα-

1031 505 1110 538 σιλεῖ,
1132 506 1201 541 πρὸς
1219 507 1252 538 τῇ
1279 506 1454 541 καθαιρέσει,
1474 508 1520 532 καὶ
1534 507 1591 537 τοῖς
1615 506 1731 541 ἄρχουσι
1747 506 1817 540 πρὸς

1030 551 1155 584 ἐξέτασιν
1187 551 1378 586 ἐκδοθήσεται,
1409 550 1481 577 ὥστε
1508 551 1555 578 καὶ
1586 553 1728 578 κατειπεῖν
1751 552 1818 584 τοὺς

1030 597 1204 632 συνίστορας,
1221 597 1318 632 ὥσπερ
1337 597 1369 632 δὴ
1383 597 1430 624 καὶ
1451 597 1468 632 ἡ
1486 597 1603 632 ῥηθετσα
1625 600 1684 631 ρκ·(¹
1700 597 1817 624 ’ίουστι-

1029 643 1147 674 νιάνειος
1164 643 1250 678 νεαρά
1267 643 1331 678 περὶ
1349 643 1403 668 τῶν
1416 642 1545 669 τοιούτων
1559 643 1760 670 διακελεύεται.

1373 690 1476 723 Νόμοι.

1070 735 1237 766 Ἐπίσκοπος
1261 734 1415 766 κανονικῶς
1432 734 1483 768 τῆς
1510 734 1662 769 ἱερωσύνης
1678 735 1815 768 ἐκπεσὼν,

1029 782 1076 808 καὶ
1098 781 1250 808 ἐπιϐαίνων
1268 782 1300 816 τῇ
1313 781 1392 807 πόλει
1417 780 1465 815 ἀφ’
1485 778 1518 816 ἧς
1531 780 1678 816 ὲξεὸλήθη,
1693 782 1709 817 ἢ
1730 790 1816 808 κατα-

1029 827 1175 862 λιμπάνων
1189 827 1234 854 τὸν
1254 827 1338 853 τόπον
1352 828 1381 853 ὲν
1393 823 1415 861 ᾧ
1430 827 1536 861 διάγειν
1551 827 1715 863 ἐκελεύσθη,
1735 836 1816 862 μονα-

1031 875 1135 910 στηρίῳ
1152 874 1236 909 ἄλλης
1252 874 1388 909 ἐπαρχίας
1404 873 1587 908 ἐμϐάλλεται.

1073 920 1241 951 Ἐπίσκοπος
1255 919 1310 946 ἀπὸ
1322 919 1433 946 συνόδου
1458 919 1636 956 καθαιρεθεὶς
1648 940 1655 953 ,
1676 919 1723 946 καὶ
1735 919 1815 954 ποιή-

1032 974 1080 997 σας
1096 974 1121 992 τι
1139 965 1290 996 στασιῶδες
1309 964 1378 1000 πρὸς
1392 964 1422 992 τὸ
1439 964 1518 996 αὖθις
1529 966 1678 992 ἀναλαϐεῖν
1691 965 1740 1000 τὴν
1754 966 1815 990 ἐπι-

1032 1010 1148 1045 σκοπὴν,
1177 1010 1231 1037 ἀπὸ
1247 1010 1347 1036 ἑκατὸν
1367 1009 1467 1043 μιλίων
1495 1007 1529 1046 ἧς
1547 1010 1680 1045 ἔξεὸλήθη
1709 1009 1815 1041 πόλεως

1031 1056 1154 1087 οίκείτω,
1177 1056 1245 1092 μηδὲ
1275 1055 1384 1091 βασιλεῖ
1409 1055 1540 1092 προσετὸς
1562 1056 1644 1083 ἔστω.
1673 1056 1704 1082 El
1719 1055 1747 1082 δὲ
1768 1056 1815 1082 καὶ

1031 1102 1154 1137 προσιὼν
1169 1102 1327 1136 ἀντίγραφα
1342 1101 1464 1137 λήψοιτο,
1480 1101 1606 1138 ἄχρηστα
1623 1102 1710 1128 ἔστω·
1739 1103 1785 1128 καὶ
1801 1103 1815 1128 ὀ

1032 1148 1150 1175 ἐκδικῶν
1161 1148 1242 1175 αὐτὸν
1257 1148 1479 1182 ἀγανακτείσθω.

1032 1205 1159 1232 ΚΕΦΑΛ.
1178 1205 1206 1232 Θ¹
1221 1204 1313 1242 [lA’].
1331 1206 1396 1250 Ὅτι
1409 1205 1518 1274 δὶςήὲπι
1539 1206 1572 1233 τὸ
1589 1206 1662 1232 αὐτὸ
1684 1203 1815 1231 ἐκδικεῖν

1363 1249 1398 1267 ου
1417 1249 1453 1274 χρ
1481 1260 1486 1268 .

1363 1249 1398 1267 ου
1417 1249 1486 1274 χρη.

1072 1287 1102 1314 '0
1115 1291 1154 1314 κε’
1169 1287 1224 1314 τῶν
1241 1287 1327 1322 ἁγίων
1338 1287 1498 1314 ἀποστόλων
1516 1287 1619 1320 κανὼν,
1636 1287 1815 1317 Ἐπίσκοπος.

1033 1335 1126 1369 φησὶν,
1154 1335 1170 1370 ἢ
1201 1336 1402 1371 πρεσὸὗτερος,
1423 1336 1439 1370 ἢ
1461 1335 1599 1368 διάκονος,
1625 1335 1671 1361 ἐπὶ
1700 1334 1816 1368 πορνείᾳ

1032 1380 1124 1414 ἁλοὺς,
1141 1382 1157 1417 ἢ
1172 1381 1312 1417 ἐπιορκία,
1340 1381 1355 1416 ἧ
1371 1381 1470 1415 κλοπῇ,
1499 1381 1688 1416 καθαιρείσθω
1712 1381 1760 1407 καὶ
1776 1379 1813 1415 μὴ

1031 1428 1220 1463 ἀφοριζέσθω·
1239 1429 1276 1455 Οὐ
1290 1429 1343 1464 γὰρ
1356 1429 1509 1464 ἐκδικήσεις
1522 1428 1563 1458 δὶς
1579 1429 1625 1454 ἐπὶ
1642 1428 1671 1454 τὸ
1681 1428 1766 1453 αὐτό·
1788 1427 1813 1452 ot

1032 1474 1086 1508 γὰρ
1100 1473 1226 1509 ἱερᾶσθαι
1251 1474 1393 1509 λαχόντες,
1420 1474 1444 1500 εἰ
1471 1473 1675 1509 καθαιρεθείεν,
1693 1472 1764 1499 ἀλλά
1784 1480 1814 1506 γε

198 1524 250 1549 tnr.
279 1525 293 1544 a
319 1517 438 1544 fidelium
468 1522 556 1544 tamen
583 1518 777 1545 communione
805 1525 858 1544 non
887 1525 978 1552 segre-

1033 1519 1083 1554 τῆς
1107 1520 1162 1546 τῶν
1179 1520 1284 1546 πιστῶν
1308 1520 1452 1551 κοινωνίας
1478 1520 1529 1546 οὐκ
1553 1519 1742 1554 ἀφορίζονται,
1763 1518 1816 1544 κᾶν

197 1569 310 1597 gautur,
339 1563 527 1598 ‘cuiuscunque
558 1563 681 1590 criminis
716 1563 755 1590 rei
791 1563 901 1591 fuerint.
925 1564 979 1591 Soli

197 1615 286 1636 autem
304 1612 418 1643 utraque
442 1615 520 1642 prena
545 1608 712 1640 afﬁciuntur,
735 1613 847 1643 propter
871 1609 981 1636 sceleris

198 1656 432 1690 magnitudinem.
462 1655 508 1690 qui
541 1655 666 1690 pecuniis
696 1655 738 1682 vel
772 1655 980 1689 magistratuum

197 1702 317 1738 potentia
330 1702 524 1734 sacerdotium,
536 1702 577 1729 vel
588 1701 667 1729 aliter
677 1701 767 1736 populi
780 1701 980 1736 prasidentiam

196 1748 313 1775 assecuti
329 1753 411 1779 sunt;
440 1748 489 1774 hos
515 1747 587 1774 enim
607 1748 641 1775 l9
664 1755 725 1774 can.
745 1752 835 1782 apost.
856 1754 906 1774 nec
925 1754 978 1774 non

197 1792 233 1820 5O
247 1800 349 1827 eosque
363 1793 409 1827 qui
428 1792 462 1819 iis
479 1793 694 1824 communicant,
723 1800 778 1819 non
793 1792 879 1820 solum
896 1791 980 1827 depo-

197 1839 303 1872 sitioni,
318 1839 363 1866 sed
380 1839 462 1866 etiam
478 1839 657 1874 scgregationi
677 1839 837 1873 subjiciunt.

232 1886 317 1913 Porro
333 1893 448 1920 magnus
474 1885 602 1917 Basilius,
619 1885 646 1912 in
671 1885 793 1916 0312.52,
821 1885 923 1913 dictum
952 1886 978 1913 in

198 1932 285 1965 prima
318 1931 432 1966 epistola
458 1931 592 1958 catholica
615 1931 788 1965 evangelista:
811 1935 838 1958 et
861 1931 979 1966 theologi

195 1978 311 2005 Joannis
332 1984 481 2012 exponens,
502 1976 573 2012 quod
591 1977 626 2003 ita
652 1985 681 2004 se
696 1977 796 2004 habet:
817 1986 826 2002 ε
844 1976 892 2005 Est
918 1985 980 2012 pec-

196 2029 284 2050 t-atum
301 2023 334 2050 ad
360 2027 484 2054 mortem,
507 2027 534 2050 et
557 2027 597 2049 est
613 2028 752 2057 peccatum
779 2030 833 2050 non
850 2026 884 2049 ad
909 2030 980 2050 moro

197 2075 262 2102 tein,
281 2079 290 2095 ι
319 2069 368 2102 ait,
390 2069 516 2100 clericos,
545 2070 591 2104 qui
621 2076 760 2104 peceatum
801 2069 834 2096 ad
863 2074 978 2096 mortem

194 2116 363 2148 admittunt,
392 2115 464 2150 quod
491 2115 596 2143 scilicet
620 2115 653 2142 ad
680 2120 770 2142 actum
795 2115 977 2150 progreditur,

196 2162 341 2188 sacerdotii
371 2162 455 2196 gradu
488 2161 635 2193 excidere,
672 2168 767 2187 verum
796 2168 810 2187 a
844 2161 977 2188 laioorum

195 2207 398 2237 communione.
424 2206 572 2241 quominus
597 2212 658 2232 cum
684 2206 717 2232 iis
740 2211 895 2240 precentur,
922 2214 976 2233 non

196 2253 301 2285 arceri;
321 2252 346 2279 in
373 2251 448 2278 nullo
467 2250 539 2277 enim
558 2258 589 2277 ex
607 2250 694 2277 tribus
721 2251 886 2285 ptenitentiae
911 2251 977 2279 locis

193 2299 328 2330 stabunt;
358 2304 419 2324 nam
441 2303 493 2323 non
528 2295 681 2322 vindicaltis
713 2295 756 2323 bis
785 2296 812 2323 in
848 2297 976 2332 idipsum.

194 2343 430 2377 Quemadmodum
449 2342 521 2369 enim
537 2346 679 2375 peccatum
697 2347 759 2368 actu
778 2341 929 2370 admissum
945 2344 977 2370 ad

197 2395 312 2417 mortem
329 2389 426 2415 animat
442 2387 512 2415 ferre
531 2387 607 2419 dicit,
632 2387 840 2415 fornicationem
863 2388 976 2421 scilicet,

196 2437 238 2463 vel
251 2435 439 2465 homicidium,
458 2434 500 2461 vel
516 2433 625 2464 similia,
637 2434 676 2460 sic
690 2433 762 2467 quod
778 2433 812 2460 ad
838 2434 978 2462 consulta—

171 2475 297 2508 ltionem
327 2484 432 2507 tantum
461 2483 488 2507 et
515 2486 681 2506 consensum
711 2479 894 2514 progreditur,
922 2487 976 2507 non

196 2525 304 2560 quidem
320 2517 557 2559 irreprehe'nsibile
579 2531 652 2555 esse,
678 2523 725 2550 sed
752 2528 839 2550 tamen
861 2529 977 2551 mortem

195 2572 309 2599 omnino
336 2571 432 2597 animae
456 2577 509 2596 non
534 2570 691 2600 conciliare,
719 2570 787 2596 adeo
815 2573 843 2596 ut
869 2569 979 2603 deposid

196 2619 296 2646 tionem
314 2618 433 2650 inducat,
445 2616 523 2651 juxta
533 2616 548 2642 4
561 2623 624 2642 can.
639 2623 700 2650 syn.
714 2614 880 2647 Nemausum,
896 2623 977 2649 quem

195 2673 302 2700 quaeras
327 2667 352 2691 iu
373 2672 432 2698 cap.
451 2664 484 2690 15
503 2663 554 2689 litt.
572 2663 606 2690 Π.
625 2661 719 2696 Neque
731 2662 803 2687 enim
829 2661 978 2689 fornicator

193 2711 370 2746 indicabitur,
402 2710 447 2743 qui
477 2708 606 2735 fornicari
635 2707 790 2742 proposuit,
814 2715 884 2742 opus
912 2716 977 2735 vero

196 2766 249 2785 non
268 2756 390 2792 perfecit.
416 2755 548 2783 Similiter
574 2754 608 2780 de
631 2755 705 2780 crede
731 2755 896 2780 censendum
923 2759 975 2786 est,

195 2806 226 2828 ut
249 2801 315 2828 dicit
334 2807 449 2835 magnus
468 2799 621 2833 Tlieologus
643 2797 814 2832 Gregorius:
844 2798 871 2825 Si
895 2800 976 2826 czedis

198 2848 311 2874 damnas
332 2846 496 2873 homicidam
521 2853 552 2873 es
571 2853 603 2872 eo
626 2845 684 2873 solo
699 2845 771 2880 quod
791 2846 929 2879 cogitarit.
949 2852 974 2873 et

1031 1566 1182 1600 οῐῳδήποτε
1201 1565 1284 1593 πάθει
1302 1565 1490 1602 περιπαρῶσι.
1514 1565 1597 1592 Μόνοι
1624 1573 1656 1599 γε
1687 1565 1741 1599 μὴν
1759 1564 1814 1589 τῶν

1030 1611 1151 1638 εὐθυνῶν
1180 1613 1346 1648 ἀμφοτέρων
1366 1612 1503 1647 τιμῶνται
1535 1611 1579 1638 διὰ
1594 1611 1624 1637 τδ
1651 1609 1747 1645 περιὸν
1764 1611 1815 1645 τῆς

1031 1659 1141 1691 κακίας,
1158 1658 1183 1684 οἱ
1209 1658 1255 1685 διά
1278 1658 1432 1693 χρημάτων
1456 1658 1472 1692 ἢ
1489 1658 1646 1688 δυναστείας
1662 1657 1812 1691 ἀρχόντων,

1031 1702 1192 1738 ἱερωσύνην,
1223 1703 1238 1738 ἦ
1259 1703 1427 1738 προστασίαν
1452 1703 1539 1734 ἄλλως
1564 1702 1630 1728 λαοῦ
1650 1701 1812 1735 δεξάμενον

1029 1749 1143 1780 τούτους
1157 1749 1210 1784 γὰρ
1228 1749 1242 1775 ὁ
1253 1749 1294 1776 κθ¹
1311 1749 1492 1780 ἀποστολικδς
1506 1748 1609 1779 κανὼν,
1625 1747 1666 1774 ἐτι
1693 1747 1721 1773 δὲ
1737 1747 1784 1773 καὶ
1799 1747 1813 1771 6

1029 1795 1050 1821 λ’
1067 1795 1114 1822 καὶ
1127 1795 1191 1827 τοὺς
1207 1796 1300 1826 αὐτοῖς
1313 1795 1521 1826 κοινωνοῦντας,
1536 1795 1566 1821 οὺ
1585 1794 1667 1828 μόνον
1680 1793 1810 1828 καθαιρέ-

1031 1850 1082 1873 σει,
1097 1841 1165 1868 ἀλλά
1183 1841 1230 1867 καὶ
1247 1841 1394 1876 ἀφορισμῷ
1406 1841 1580 1876 ὑποτίθησιν.

1070 1887 1100 1915 '0
1115 1888 1144 1914 δὲ
1163 1888 1250 1923 μέγας
1270 1888 1410 1920 Βασίλειος
1429 1890 1458 1915 ὲν
1479 1889 1518 1924 τῷ
1537 1889 1577 1924 λβ¹
1594 1889 1690 1916 κανόνι
1707 1889 1757 1924 τὴν
1783 1889 1812 1915 ἐν

1029 1935 1061 1969 τῇ
1077 1933 1173 1969 πρώτῃ
1189 1933 1244 1960 τῶν
1262 1934 1417 1960 καθολικῶν
1430 1934 1478 1960 τοῦ
1506 1934 1701 1969 εὐαγγελιστοῦ
1719 1935 1812 1961 Ἰωάν-

1029 1989 1075 2005 νου
1091 1980 1138 2006 καὶ
1151 1979 1283 2014 Θεολόγου
1305 1980 1419 2012 ἐκλέξας
1449 1980 1553 2016 φωνὴν,
1571 1981 1619 2015 τὴν
1636 1981 1738 2007 οὑτωσί
1755 1989 1813 2010 πως

1028 2025 1199 2058 διεξιοῦσαν·
1220 2035 1228 2050 ε
1252 2026 1348 2052 Ἔστιν
1365 2025 1492 2060 ἁμαρτία
1513 2025 1580 2061 πρὸς
1607 2025 1734 2059 θάνατον,
1767 2027 1813 2051 καὶ

1029 2070 1103 2095 ἔστιν
1116 2069 1238 2104 ἁμαρτία
1255 2070 1285 2096 οὐ
1313 2069 1380 2104 προς
1404 2071 1539 2096 θάνατον’
1562 2079 1571 2095 ι
1588 2070 1650 2100 τοὺς
1668 2069 1717 2104 τὴν
1745 2070 1813 2103 πρδς

1029 2114 1144 2142 θάνατον
1154 2115 1305 2150 ἁμαρτίαν,
1320 2117 1412 2150 φησιν,
1424 2115 1636 2151 ἁμαρτάνοντας
1649 2116 1810 2151 κληρικοὺς.

1029 2159 1078 2194 τὴν
1102 2160 1183 2194 μέχρι
1209 2153 1335 2194 πράξεως
1361 2159 1463 2196 δηλαδὴ
1491 2160 1812 2196 πρυχωρήσασανρκπί·

1030 2213 1109 2231 πτειν
1135 2205 1185 2240 μὲν
1214 2206 1261 2232 τοῦ
1285 2206 1390 2241 βαθμοῦ
1408 2207 1458 2241 τῆς
1488 2206 1652 2243 ἱερωσύνης,
1668 2207 1719 2242 τῆς
1735 2208 1764 2233 ὲν
1780 2208 1811 2241 τῇ

1030 2250 1096 2285 εὐχῇ
1109 2250 1136 2277 δὲ
1151 2252 1295 2283 κοινωνίας
1305 2253 1358 2278 τῶν
1370 2252 1471 2279 λαῖκῶν
1496 2253 1535 2288 μὴ
1558 2252 1733 2288 ὲξείργεσθαι
1746 2262 1752 2268 ·
1783 2254 1812 2278 ὲν

1030 2296 1119 2323 οὐδενὶ
1135 2297 1190 2332 γὰρ
1205 2297 1260 2324 τῶν
1274 2298 1396 2334 τέτραχα
1423 2299 1626 2334 διαιρουμένων
1649 2299 1699 2333 τῆς
1729 2307 1813 2334 μετα-

1030 2342 1105 2373 νοίας
1122 2343 1305 2378 σταθήσονται
1325 2346 1433 2371 τόπωψ
1467 2346 1497 2372 οὐ
1514 2345 1569 2380 γὰρ
1597 2345 1752 2380 ὲκδικήσεις
1773 2346 1813 2376 δὶς

1029 2389 1075 2414 ἐπὶ
1087 2389 1118 2414 τὸ
1125 2388 1319 2429 αὑτό..⁸Ὢσπερ
1330 2390 1358 2416 δὲ
1368 2391 1416 2426 τὴν
1425 2390 1585 2426 ἔμπρακτον
1593 2391 1733 2427 ἁμαρτίαν
1746 2392 1814 2427 πρὸς

1030 2433 1148 2460 θάνατον
1161 2434 1237 2468 λέγει
1254 2436 1349 2469 φέρειν
1363 2436 1410 2462 τὸν
1428 2437 1478 2470 τῆς
1499 2437 1601 2472 ψυχῆς.
1624 2437 1753 2471 πορνείαν
1766 2445 1813 2462 τυ-

1029 2479 1087 2513 χὸν,
1108 2480 1124 2514 ἢ
1141 2480 1240 2514 φόνον,
1265 2481 1282 2516 ἡ
1309 2489 1335 2507 τι
1351 2481 1405 2508 τῶν
1419 2482 1563 2514 τοιούτων,
1579 2482 1650 2508 οὕτω
1676 2483 1726 2517 τὴν
1749 2482 1812 2517 ἄχρι

1031 2525 1130 2560 βουλῆς
1145 2526 1192 2552 καὶ
1207 2527 1436 2560 συγκαταθέσεως
1452 2528 1612 2563 προϊοῦσαν,
1628 2528 1677 2554 οὐκ
1688 2528 1812 2554 ἀνεπιτί-

1032 2580 1117 2606 μητον
1135 2572 1184 2607 μὲν
1198 2570 1279 2604 εἶναι,
1297 2573 1328 2599 οὺ
1342 2573 1395 2609 μὴν
1410 2574 1512 2600 καὶτὸν
1523 2574 1645 2608 παντελῆ
1659 2576 1709 2609 τῆς
1722 2573 1812 2609 ψυχῆς

1031 2618 1231 2652 μνηστεύεσθαι
1264 2619 1392 2652 θάνατον,
1416 2620 1487 2646 ὥστε
1510 2620 1559 2646 καὶ
1587 2619 1749 2655 καθαίρεσιν
1764 2621 1812 2645 ἑπ-

1029 2663 1118 2696 άγειν,
1130 2664 1203 2690 κατὰ
1213 2664 1261 2690 τὸν
1272 2664 1293 2690 δ’
1307 2664 1358 2698 τῆς
1374 2666 1402 2691 ἐν
1421 2665 1625 2700 Νεοκαισαρείᾳ
1642 2665 1752 2692 συνόδου
1766 2674 1813 2692 καί

1029 2709 1103 2741 νόνα,
1120 2709 1148 2735 ὃν
1165 2710 1240 2744 ζήτει
1262 2711 1290 2736 ὲν
1305 2710 1344 2745 τῷ
1361 2714 1391 2737 ιε’
1407 2719 1471 2744 κεφ.
1494 2711 1542 2737 τοῦ
1558 2712 1579 2737 Π
1595 2712 1741 2746 στοιχείου.
1763 2713 1812 2738 Οὑ-

1028 2755 1056 2781 δὲ
1071 2755 1126 2790 γὰρ
1142 2756 1174 2782 ἂν
1193 2757 1292 2790 πόρνος
1305 2757 1424 2792 κριθείη,
1439 2758 1452 2783 ὁ
1468 2757 1620 2792 πορνεῦσαι
1647 2757 1698 2791 μὲν
1715 2757 1811 2792 προθέ-

1030 2809 1122 2835 μενος.
1135 2801 1185 2836 τὴν
1200 2802 1299 2837 πρᾶξιν
1313 2802 1342 2828 δὲ
1361 2803 1397 2838 μὴ
1407 2803 1520 2834 τελέσας
1530 2811 1537 2818 ·
1549 2802 1586 2834 ὡς
1601 2803 1629 2829 δὲ
1648 2803 1695 2829 καὶ
1709 2803 1755 2829 ἐπὶ
1764 2802 1809 2828 τοῦ

1028 2847 1134 2881 φονέως
1147 2847 1295 2881 λογιστέον,
1309 2847 1346 2879 ὥς
1361 2857 1443 2884 φησιν
1456 2849 1469 2875 ὁ
1494 2849 1578 2884 μέγας
1593 2849 1726 2883 Θεολόγος
1740 2848 1807 2883 Γρη-
