1948 3064
118 140 186 172 1253

611 137 818 168 SYNTAGMA
839 138 1153 170 ALPHABETICUM.
1171 152 1205 156 —
1217 138 1245 170 Α.

1682 141 1748 173 1254

120 198 222 232 γόριος,
245 194 277 222 Εἰ
292 194 397 230 κρίνεις
418 194 500 228 φόνου
514 193 561 221 τὸν
580 195 693 228 φονικὸν
707 194 740 221 ὲκ
758 195 841 229 μόνου
857 193 902 221 τοῦ

958 202 1018 229 qum
1036 201 1198 230 sequuntur.
1216 195 1315 224 Dicunt
1337 201 1428 224 autem
1456 198 1580 226 nonnulli
1606 206 1750 233 peccatum

117 241 274 279 βούλεσθαι,
289 242 338 268 καὶ
351 241 386 268 τὰ.
401 240 477 275 ἑξῆς.
488 241 567 271 Τινὲς
578 241 606 267 δέ
623 249 691 274 φασι
702 241 769 276 πρὸς
785 241 902 268 θάνατον

116 289 188 318 εἶναι
205 291 359 324 ἁμάρτημα
372 289 402 316 τὺ
415 288 537 322 κεφαλῆς
550 288 709 323 ἀφαίρεσιν,
724 289 771 314 καὶ
785 287 903 314 θάνατον

116 337 220 369 ἐπάγον
230 335 270 370 τῷ
281 334 478 369 ἁμαρτάνοντι,
492 332 540 360 καὶ
551 333 655 367 κρίνειν
665 333 712 359 τὸν
723 331 802 366 ἅγιον
819 333 902 368 μηδὲν

117 383 198 408 πλέον
213 381 265 415 τῆς
285 379 475 415 καθαιρέσεως
494 378 539 405 τὸν
561 379 639 414 ίερέα
655 379 834 413 ὑφίστασθαι,
851 379 904 407 κᾶν

119 428 247 462 μεγάλων
261 426 414 462 αὐτουργὸς
430 425 543 459 γέγονεν
559 425 753 460 ἐγκλημάτων,
771 424 790 452 ἃ
805 425 837 460 δὴ
855 426 904 453 καὶ

117 474 233 501 θάνατον
248 473 320 500 κατὰ
348 472 412 503 τοὺς
437 472 549 506 νόμους,
569 471 617 498 καὶ
643 471 796 507 κεφαλικὴν
823 472 855 499 τὸ
870 472 903 508 δὴ

116 519 264 553 λεγόμενον
281 518 445 552 ἐφέλκονται
459 516 586 543 κόλασιν.

158 564 204 591 Ἐν
216 565 245 591 δὲ
257 564 295 600 τῷ
309 563 351 590 va’
364 564 431 598 μίαν
441 563 487 589 ἐπὶ
498 563 555 594 τοῖς
564 562 757 598 παραπεσοῦσι
772 563 828 590 τῶν
838 563 905 598 κλη-

118 611 203 646 ρικῶν
218 611 348 638 ἁπάντων
373 610 423 644 τὴν
449 609 587 644 τιμωρίαν
599 609 747 644 ὡρίσαντο,
767 610 863 645 φησὶν,
877 610 902 637 σί

118 658 253 692 Πατέρες,
279 657 330 692 τὴν
354 656 494 683 ἔκπτωσιν
519 655 572 690 τῆς
603 655 769 690 ὑπηρεσίας,
798 655 854 683 εἴτε
873 657 903 683 ἐν

118 703 216 738 βαθμῷ
229 703 339 738 τύχοιεν
353 703 442 735 ὅντες,
459 702 507 729 καὶ
523 702 694 737 χειροτονίαν
708 701 902 737 πρεσὸυτέρου

116 751 133 786 ἢ
150 750 274 777 διακόνου
292 751 309 785 ἤ
325 750 507 777 ὑποδιακόνου
529 748 687 783 δεξάμενοι.
713 748 770 776 εἴτε
790 750 819 776 ὲν
837 749 904 776 ἀνα-

116 797 239 830 γνώστου
266 795 395 831 σφραγῖδι
420 795 569 830 ἢψάλτου,
594 794 610 830 ἢ
637 794 764 830 θυρωροῦ
777 803 785 811 ο
801 794 903 830 οὐγὰρ

116 841 179 872 τοὺς
202 841 328 875 μείζονος
338 840 418 872 ὄντας
435 839 542 875 βαθμοῦ
557 841 658 875 μᾶλλον
670 840 829 874 κολάζουσι,
839 849 905 868 κου-

117 887 181 922 φότε
187 896 233 923 ρον
244 888 274 914 δὲ
287 887 351 919 τοὺς
365 887 507 918 ἐλάττονος
518 895 526 902 ·
549 886 607 913 ἀλλ’
628 887 723 922 ὥσπερ
735 887 837 914 indvat
853 887 904 922 τῆς

117 932 269 968 ἱερωσύνης
281 933 434 967 εἴργονται,
446 931 534 963 οὕτως
546 932 570 959 οἱ
582 932 770 966 ἀναγνῶσται,
779 932 828 959 τοῦ
846 932 905 959 σίσ-

116 980 206 1006 ελθεῐν
220 980 262 1011 είς
287 980 317 1006 τὸ
337 979 426 1015 βῆμα,
452 979 469 1014 ἢ
485 978 534 1005 ἐπὶ
547 978 677 1014 ᾶμὸωνος
701 979 868 1014 ἀναγνῶναι,
885 979 903 1015 ἢ

116 1026 157 1057 εις
173 1024 287 1060 μείζονα
304 1024 442 1058 προκόψαι
457 1023 575 1058 βαθμόν.

152 1071 263 1102 Τούτοις
280 1070 400 1106 συνᾴδων
417 1071 465 1096 καὶ
483 1070 496 1096 ό
512 1069 554 1102 κζ’
566 1069 618 1105 τῆς
634 1069 664 1096 ἐν
678 1069 856 1106 Καρθαγένῃ,
871 1070 905 1098 οι

117 1116 164 1144 ἐπὶ
180 1116 356 1150 ἀνηκέστοις,
372 1115 466 1149 φησὶν,
493 1115 695 1151 ἁμαρτήμασιν
724 1115 904 1151 ἑληλεγμένοι

118 1161 256 1196 κληρικοὶ,
274 1161 322 1187 καὶ
337 1160 415 1196 παρὰ
433 1160 513 1187 τοῦτο
530 1160 585 1186 τῶν
599 1161 708 1187 οίκείων
726 1160 841 1196 βαθμῶν
855 1162 903 1188 lx-

117 1210 277 1240 πίπτοντες,
293 1208 343 1234 οὐκ
369 1207 549 1244 ἀφορίζονται
581 1208 632 1241 μὲν
649 1208 699 1242 τῆς
725 1208 782 1234 τῶν
797 1207 905 1235 πιστῶν

116 1255 291 1292 ὀμηγύρεως,
322 1255 418 1290 ἀρκεῖν
448 1254 502 1290 γὰρ
526 1253 620 1284 αὐτοῖς
645 1254 685 1284 εἰς
714 1253 827 1280 κόλασιν
854 1252 905 1289 τὴν

117 1300 280 1335 καθαίρεσιν
298 1299 398 1334 μόνην·
416 1299 475 1325 ἀλλ’
490 1298 545 1325 οὐδ’
566 1298 709 1333 ἡντιναοῦν
733 1298 905 1334 χειροτονίαν

115 1346 166 1381 τῆς
183 1346 262 1376 ἐκτὸς
278 1345 326 1372 τοῦ
343 1345 468 1380 βήματος
483 1344 639 1379 ὑπηρεσίας
654 1344 742 1371 οἴεται
760 1344 903 1377 δέξασθαι,

121 1393 183 1420 οὺδι
209 1391 454 1425 ὰναῦαπτίζονται,
484 1392 523 1422 ὡς
548 1390 629 1425 δῆθεν
652 1390 701 1417 τοῦ
731 1391 905 1425 ἐγκλήματος

120 1439 316 1473 ἔκπλυνθῆναι,
329 1437 365 1468 ὥς
375 1446 447 1469 τινες
463 1437 555 1468 κακῶς
569 1436 683 1468 οἴονται,
693 1437 740 1463 καὶ
750 1437 789 1468 είς
801 1436 905 1471 βαθμὸν

119 1484 198 1517 αὖθις
205 1486 308 1520 κλήρου
320 1484 468 1518 προκόψαι.
491 1484 540 1510 Ἓν
550 1482 606 1517 γὰρ
619 1482 649 1509 τὸ
657 1483 794 1518 σωτήριον
810 1481 907 1517 βάπτι-

118 1541 175 1566 σμα
188 1540 195 1547 ”
210 1531 254 1558 διὰ
275 1531 302 1557 δὲ
320 1529 457 1556 τοῦτοκαὶ
474 1529 499 1555 οἱ
515 1528 585 1563 μετὰ
606 1529 657 1564 τὴν
677 1528 841 1564 καθαίρεσιν
859 1529 903 1556 ἐπ’
917 1544 938 1573 c

117 1577 244 1612 ᾶμσωνος
275 1575 519 1609 ἀναγινώσκοντες,
551 1573 680 1609 ἤεὺχὰς.
706 1573 723 1609 ἢ
756 1573 903 1608 εὐλογητὸν

117 1623 254 1656 λέγοντες,
269 1621 317 1656 οὐχ
334 1621 396 1648 ὅσια
414 1620 509 1655 δρῶσι.
535 1620 617 1654 Ζήτει
635 1619 682 1646 καὶ
694 1620 723 1646 ιν
746 1619 785 1654 τῷ
801 1618 822 1645 θ’
837 1627 901 1654 κεφ.

115 1667 166 1694 τοῦ
179 1667 313 1702 παρόντος
324 1666 459 1701 στοιχείου
487 1666 588 1693 κανόνα
599 1664 620 1692 ν’
633 1665 682 1700 τῆς
694 1666 724 1692 ὲν
738 1665 904 1702 Καρθαγένῃ

117 1714 239 1741 συνόδου.
254 1713 335 1747 Ζήτει
349 1713 397 1740 καὶ
412 1714 441 1740 ὲν
457 1712 496 1747 τῷ
513 1711 545 1738 ts’
557 1720 621 1746 κεφ.
645 1711 692 1738 τοῦ
715 1712 737 1739 Π
767 1711 901 1747 στοιχείου

116 1761 219 1788 κανόνα
230 1759 255 1793 γ’
271 1759 318 1786 τοῦ
331 1759 450 1794 μεγάλου
465 1757 619 1786 Βασιλείου.

116 1807 244 1834 ΚΕΦΑΛ,
257 1807 275 1833 l'
284 1805 359 1842 [lB’].
371 1805 440 1840 Περὶ
527 1805 698 1832 διωκόντων
711 1805 796 1839 τινὰς
805 1805 843 1833 δι’
853 1807 903 1834 εὐ-

452 1849 470 1867 σ
509 1847 586 1867 star.

151 1876 234 1921 ἶήτει
247 1887 276 1912 ὲν
288 1895 326 1922 τῳ
337 1886 360 1912 α’
377 1894 440 1920 κεφ.
457 1885 504 1912 τοῦ
517 1886 536 1911 Α
552 1885 686 1921 στοιχείου
702 1887 802 1913 κανόνα
817 1885 839 1913 θ’
850 1887 902 1922 τῆς

115 1936 144 1961 ὲν
167 1932 287 1968 Ἀγκύρᾳ
302 1931 412 1959 συνόδου
429 1931 477 1958 καὶ
490 1931 540 1965 τὴν
560 1931 627 1967 πρὸς
651 1931 839 1966 Ῥουφινιανδν
853 1933 901 1960 τοῦ

115 1979 236 2014 μεγάλου
248 1977 410 2005 Ἀθανασίου
423 1975 582 2011 ἐπιστολήν.

114 2037 240 2065 neua.
265 2033 400 2071 ΙΑ¹[1[“⁴].
419 2024 489 2068 nep:
503 2033 626 2071 δούλων
650 2033 824 2068 ἐλευθερίας
851 2035 902 2062 και

413 2069 604 2104 πληρώσεως.

154 2119 185 2145 ὐ
204 2120 247 2144 ’κε’
263 2117 311 2152 τῆς
323 2115 350 2150 ς’
362 2117 473 2143 συνόδου
493 2115 582 2142 κανὼν
607 2115 654 2141 ἐπὶ
671 2115 721 2150 τῆς
731 2116 786 2143 τῶν
797 2116 902 2143 δούλων

113 2164 271 2198 ἐλευθερίας
300 2163 338 2198 μὴ
355 2162 464 2194 πλείους
474 2161 528 2188 τῶν
544 2161 628 2197 τριῶν
649 2162 797 2198 μαρτύρων
813 2171 902 2198 παρα-

957 238 992 265 ad
1011 244 1125 266 martem
1140 247 1211 273 esse,
1226 241 1299 275 quod
1326 241 1424 275 capitis
1448 242 1613 270 ablutionem
1628 249 1656 270 et
1672 252 1753 272 mor-v

957 288 1011 311 tem
1043 286 1180 319 peccaturi
1220 285 1343 318 inducit,
1373 291 1402 314 et
1430 292 1555 315 sanctum
1587 289 1748 318 existimare

958 329 1115 362 pontificem
1142 329 1210 356 nihil
1238 336 1335 365 praeter
1361 331 1557 366 depositionem
1582 334 1674 361 subire
1699 334 1747 362 de-

957 373 1041 407 bere,
1064 375 1126 402 licet
1151 376 1269 402 maxima
1297 376 1414 404 crimina
1449 379 1665 412 perpetraverit,
1685 388 1746 415 qua:

958 423 1073 447 mortem
1088 421 1240 448 secundum
1260 421 1344 456 leges,
1365 425 1393 449 et
1414 430 1522 457 prunam
1539 431 1600 458 qum
1621 425 1748 460 capitalis

957 464 1057 492 dicitur
1072 465 1201 494 iul‘erunt.

993 554 1106 590 Insuper
1118 556 1146 583 in
1162 564 1222 584 can.
1240 557 1284 588 5|,
1307 558 1410 591 Unum,
1425 558 1525 593 inquit,
1538 560 1702 594 supplicium
1717 561 1746 589 in

956 606 1005 627 eos
1024 601 1072 635 qui
1087 601 1157 636 lapsi
1170 607 1235 629 sunt
1247 602 1342 630 Patres
1353 603 1547 637 decreverunt,
1562 612 1578 632 a
1593 606 1746 634 ministerio

957 645 1062 674 scilicet
1076 648 1245 675 amotionem
1260 657 1268 681 ;
1286 650 1343 676 sive
1357 650 1383 677 iu
1400 652 1485 685 gradu
1504 651 1616 684 fuerint,
1631 656 1659 678 et
1674 653 1748 679 ordi-

957 692 1095 720 nationem
1112 694 1263 729 presbyteri
1293 695 1335 722 vel
1361 696 1470 723 diaconi
1493 699 1673 732 acceperint,
1689 699 1747 725 sive

957 737 985 765 in
998 739 1105 767 lectoris
1124 747 1247 772 munere,
1274 741 1315 768 vel
1330 743 1461 775 cantoris,
1478 743 1520 770 vel
1544 744 1663 771 ostiarii.
1686 744 1746 772 Non

956 784 1028 811 enim
1050 792 1098 813 eos
1119 785 1167 821 qui
1188 786 1214 813 in
1235 787 1332 822 majori
1357 787 1441 822 gradu
1466 793 1541 822 sunt,
1559 790 1670 824 gravius
1693 798 1745 825 pu-

956 828 1046 862 niunt,
1070 829 1157 858 levius
1186 838 1252 859 vero
1276 839 1324 858 eos
1351 832 1441 867 quiin
1465 833 1564 860 minori
1592 838 1674 865 sunt,
1697 835 1746 862 sed

917 874 943 905 Β
957 875 1029 902 sicut
1041 875 1058 903 ii
1068 877 1392 910 asacerdotioarcentnr.
1403 879 1442 906 sic
1452 884 1480 907 et
1488 880 1604 908 lectores
1615 881 1647 908 ad
1660 881 1747 908 altare

955 920 1072 957 ingredi,
1097 922 1140 949 vel
1163 923 1190 950 iu
1215 924 1332 951 amboue
1356 924 1456 959 legere,
1484 926 1525 954 vel
1551 927 1586 954 ad
1610 927 1744 962 majorem

955 969 1070 1004 gradum
1086 969 1240 1004 promoveri
1255 970 1444 1004 prohibentur.

991 1059 1040 1087 His
1055 1066 1176 1087 consona
1187 1063 1310 1088 statuens
1327 1068 1388 1088 can.
1403 1061 1438 1088 50
1455 1069 1516 1096 syn.
1529 1061 1744 1097 Carthag..Cle—

956 1104 1017 1137 rici,
1035 1105 1134 1140 inquit,
1153 1106 1381 1140 gravissimorum
1402 1107 1549 1134 criminum
1572 1109 1700 1142 convicti,
1717 1114 1744 1137 et

956 1156 1099 1187 propterea
1128 1152 1258 1187 gradibus
1288 1153 1346 1180 suis
1364 1153 1544 1186 excidentes,
1576 1162 1590 1181 a
1623 1155 1743 1183 fidi-lium

957 1202 1029 1225 metu
1051 1205 1104 1224 non
1121 1203 1321 1234 segregantur;
1345 1200 1402 1226 sola
1416 1200 1488 1227 enim
1514 1200 1648 1234 depositio
1666 1202 1699 1229 iis
1716 1203 1744 1230 in

956 1250 1065 1278 pugnam
1092 1243 1212 1277 suﬂicit;
1232 1252 1364 1272 manuum
1382 1253 1448 1272 vero
1471 1245 1674 1280 impositionem
1692 1249 1744 1275 aii-

956 1297 1049 1324 qnam,
1079 1294 1108 1316 ut
1138 1293 1214 1317 extra
1245 1290 1364 1318 tribunal
1393 1291 1547 1320 ministerio
1579 1293 1742 1329 fungantur,

955 1335 1096 1369 suscipere
1108 1341 1262 1368 nequeunt;
1276 1344 1363 1370 neque
1375 1337 1592 1372 rcbaplizautur,
1605 1345 1633 1366 ut
1645 1340 1746 1368 exinde

956 1387 971 1408 a
991 1380 1105 1408 crimine
1131 1382 1249 1416 purgati,
1268 1381 1340 1410 sicut
1364 1384 1488 1410 nonnulli
1504 1388 1610 1418 putant,
1627 1386 1660 1412 ad
1679 1386 1745 1414 cieri

956 1426 1070 1461 gradum
1106 1434 1201 1454 rursus
1229 1433 1455 1463 promoveantur.
1485 1429 1562 1458 Unus
1597 1432 1669 1459 enim
1702 1438 1746 1460 est

957 1472 1084 1500 salutaris
1097 1473 1267 1508 baptismus;
1279 1475 1396 1509 ideoque
1407 1476 1454 1510 qui
1468 1482 1530 1511 post
1544 1478 1743 1512 depositionem

957 1518 983 1545 in
1009 1519 1126 1546 amboue
1150 1519 1256 1555 legunt,
1275 1521 1317 1548 vel
1333 1529 1438 1555 preces,
1463 1521 1505 1548 vel
1527 1522 1743 1550 benedictionem

955 1564 1061 1598 dicunt,
1090 1572 1144 1592 non
1178 1573 1257 1593 sacra
1284 1566 1398 1594 faciunt.
1429 1567 1542 1600 Qua-ras
1563 1569 1645 1595 etilm
1673 1569 1699 1595 in
1728 1570 1744 1597 9

953 1617 1015 1645 cap.
1033 1611 1176 1646 praesentis
1192 1612 1289 1640 littera;
1317 1621 1378 1641 can.
1396 1613 1430 1640 50
1443 1621 1505 1648 syn.
1522 1614 1650 1650 Carthag.
1665 1614 1746 1648 Quae.

952 1665 999 1684 ras
1030 1657 1112 1685 etiam
1145 1659 1174 1685 in
1203 1658 1237 1686 15
1270 1666 1330 1696 cap.
1365 1659 1420 1687 litt.
1452 1659 1484 1693 lll
1515 1667 1575 1688 can.
1606 1661 1622 1688 5
1652 1662 1743 1696 ωεικηὶ

951 1702 1056 1731 Basilii.

986 1804 1065 1839 107
1076 1804 1143 1832 CAP
1156 1805 1193 1844 .X_
1207 1806 1290 1844 [XII].
1319 1807 1358 1834 De
1369 1808 1402 1834 iis
1415 1809 1460 1842 qui
1476 1809 1580 1843 aliquos
1606 1814 1714 1844 propter

1155 1841 1309 1876 religionem
1336 1841 1540 1877 peruertuntur.

989 1886 1138 1919 Quaarasin
1153 1888 1165 1914 1
1183 1895 1243 1922 cap.
1262 1889 1315 1916 litt.
1333 1889 1355 1915 Α
1385 1897 1444 1916 can.
1463 1890 1479 1916 9
1509 1897 1570 1925 syn.
1594 1890 1695 1926 Aucyr.
1716 1895 1744 1919 ct

952 1930 1033 1965 epist.
1049 1931 1140 1967 magni
1157 1932 1301 1959 Athanasii
1317 1934 1349 1959 ad
1362 1932 1552 1961 Rnlinianum.

952 2031 1028 2061 CAP.
1047 2033 1081 2061 XI
1098 2032 1193 2070 [Xill].
1212 2033 1249 2070 De
1274 2041 1408 2061 servorum
1426 2034 1646 2066 manumissioue,
1669 2040 1694 2062 et
1705 2037 1740 2063 ad

1198 2068 1300 2095 clerum
1325 2070 1498 2096 admissiane.

989 2114 1058 2142 Can.
1085 2114 1120 2142 85
1136 2122 1197 2149 syn.
1222 2122 1247 2141 Vl
1269 2115 1301 2141 ad
1324 2122 1468 2142 servorum
1493 2117 1741 2145 manumissionem

954 2169 1007 2189 non
1021 2162 1113 2196 plures
1126 2161 1211 2188 tribus
1228 2161 1344 2188 testibus
1358 2161 1489 2189 adhibere
1507 2162 1584 2196 jubet
1597 2171 1604 2190 :
1617 2162 1645 2189 In
1669 2164 1741 2190 duo-

113 2209 299 2245 λαμὸἀνεσθαι
316 2207 402 2242 ἀξιοῖ·
424 2208 485 2235 Ἐπὶ
503 2207 550 2234 δύο
570 2207 634 2242 γὰρ,
648 2207 687 2240 ὥς
703 2217 786 2243 φησιν
801 2209 900 2244 ὴΓρα-

958 2209 1006 2235 lius
1028 2208 1102 2235 enim
1123 2207 1164 2234 vel
1179 2207 1267 2235 tribus
1282 2207 1408 2239 testibus,
1422 2211 1452 2235 ut
1477 2208 1566 2243 inquit
1587 2207 1741 2244 Scriptura,

113 2258 169 2292 φὴ,
198 2257 214 2291 ἢ
242 2254 325 2290 τριῶν
347 2254 493 2291 μαρτύρων
515 2254 568 2280 πᾶν
597 2253 672 2288 ῥῆμα
706 2253 901 2289 βεϐαιούμενον

114 2304 203 2337 ίσμεν.

156 2349 185 2376 '0
202 2349 230 2376 δέ
242 2357 273 2380 γε
287 2346 311 2382 γ’
329 2347 379 2382 τῆς
396 2347 424 2373 ἐν
439 2346 552 2382 Γάγγρᾳ
577 2346 686 2373 συνόδου
704 2345 832 2381 ἄγνωμον
846 2346 901 2372 οἴε-

111 2405 157 2422 ται
173 2394 283 2430 κομιδῆ,
300 2393 393 2421 δοῦλον
404 2393 573 2425 ἀναπείθειν,
587 2393 723 2428 προφάσει
746 2392 900 2423 θεοσεϐείας

113 2443 160 2468 καὶ
173 2441 327 2476 ἀσκήσεως,
346 2439 479 2466 δεσπότου
497 2439 690 2472 καταφρονεῖν,
710 2438 757 2464 καὶ
780 2438 818 2473 μὴ
840 2436 900 2472 μετ’

112 2487 219 2517 εὐνοίας
233 2487 279 2512 καὶ
293 2486 376 2520 τιμῆς
390 2485 514 2512 ὑπείκειν
525 2485 624 2520 τούτῳ,
640 2485 689 2511 κα)⁸
703 2484 898 2511 διακονεῖσθαι¹

111 2534 199 2569 ταύτῃ
209 2541 250 2559 τοι
266 2533 312 2559 καὶ
327 2532 377 2567 τὴν
391 2531 498 2558 δικαίαν
515 2530 720 2566 ἐνδεικνύμενος
741 2530 900 2565 ἀγανάκτη-

113 2588 167 2610 σιν,
184 2579 222 2614 τῷ
238 2577 391 2612 ἀναθέματι
408 2577 453 2604 τὸν
469 2578 519 2610 τῆς
536 2577 733 2612 ἀγνωμοσύνης
748 2577 898 2612 παραπέμ-

112 2633 158 2652 πει
186 2623 356 2650 διδάσκαλον.
379 2622 410 2650 Ὀ
425 2622 479 2657 γάρ
505 2631 546 2650 τοι
573 2623 644 2654 θεῖος
661 2623 824 2654 ’Δπόστολος
843 2624 899 2654 τοῖς

111 2671 155 2696 τὸν
169 2670 252 2702 ζυγὸν
267 2669 383 2701 ἕλκουσι
393 2668 442 2703 τῆς
452 2667 573 2699 δουλείας
585 2667 630 2694 διὰ
645 2667 778 2703 Τιμοθέου
792 2675 899 2702 παρεγ-

111 2715 211 2748 γυᾱται
223 2713 270 2740 τοῦ
285 2715 366 2744 πάνυ,
380 2714 472 2749 πάσης
484 2713 568 2747 τιμῆς
583 2712 676 2745 ἀξίους
692 2712 754 2743 τοὺς
765 2713 898 2744 δεσπότας

111 2760 255 2796 ἡγεῖσθαι·
273 2769 281 2785 ι
296 2760 326 2785 Εἰ
339 2760 366 2786 δὲ
377 2761 423 2786 καὶ
438 2760 532 2786 πιστοὶ
547 2757 602 2786 εἶεν
616 2761 640 2786 οἰ
657 2760 799 2792 δεσπόται,
820 2760 898 2795 φησὶ,

113 2805 151 2840 μὴ
163 2805 414 2839 περιφρονείτωσαν
431 2806 542 2837 αὐτοὺς,
554 2806 594 2832 ὅτι
610 2805 719 2840 ἁδελφοί
735 2806 816 2836 εἰσιν,
830 2804 898 2832 ἀλλὰ

113 2851 213 2883 μᾶλλον
226 2851 434 2883 δουλευέτωσαν,
454 2852 494 2879 ὅτι
513 2852 603 2878 πιστοί
625 2853 694 2878 τίσιν
710 2853 735 2879 oi
760 2853 808 2887 τῆς
822 2852 901 2886 εὐερ-

953 2257 1034 2282 oinne
1048 2254 1161 2281 verbum
1175 2253 1294 2282 stabiliri
1306 2255 1443 2282 novimus.

987 2344 1097 2372 Tertius
1112 2349 1202 2371 autem
1225 2351 1286 2380 syn.
1301 2344 1471 2379 Gangrensis
1489 2345 1562 2372 nulla
1583 2346 1661 2373 venia
1679 2346 1742 2380 dig:

952 2400 1017 2419 nnm
1034 2391 1186 2425 existimat,
1197 2394 1228 2418 ut
1243 2399 1340 2418 servus
1355 2391 1465 2426 pietatis
1475 2392 1517 2420 vel
1528 2392 1740 2421 exercitationis

951 2443 1084 2473 praetextu
1100 2439 1243 2465 dominum
1258 2441 1428 2472 contemnat,
1449 2441 1477 2465 et
1501 2445 1554 2465 non
1574 2446 1636 2466 cum
1657 2439 1741 2466 bene—

951 2484 1072 2511 voieutia
1088 2487 1116 2511 et
1128 2484 1290 2518 honnreipsi
1300 2483 1388 2511 cedat.
1399 2488 1426 2510 et
1441 2484 1559 2515 serviat;
1571 2489 1739 2518 quapropter

949 2532 1052 2567 justam
1067 2530 1282 2565 indignationem
1300 2529 1470 2563 exprimens,
1484 2530 1667 2566 improbitatis
1681 2537 1739 2557 uia-

952 2578 1068 2613 gistrum
1082 2577 1257 2603 anathemate
1270 2575 1341 2602 ferit.
1361 2575 1475 2603 Divinus
1503 2577 1575 2602 enim
1592 2577 1742 2610 Apostolus

950 2631 998 2651 eos
1029 2624 1074 2658 qui
1104 2622 1244 2649 servitutis
1264 2622 1360 2656 jugum
1388 2622 1503 2648 traliunt
1529 2628 1577 2656 per
1608 2629 1739 2655 magnum

951 2670 1126 2697 Timotheum
1154 2668 1282 2695 dominos
1316 2675 1382 2695 suos
1410 2667 1485 2694 omni
1513 2667 1618 2694 hortare
1641 2667 1740 2701 dignos

950 2716 1108 2744 existimare
1120 2714 1212 2750 jubet:
1227 2723 1236 2740 ι
1254 2713 1333 2747 Quod
1351 2714 1372 2741 si
1389 2714 1506 2746 domini,
1525 2713 1624 2747 inquit,
1644 2713 1739 2741 ﬁdeles

951 2762 1017 2793 sint.
1049 2769 1081 2787 ne
1104 2765 1282 2787 contemnant
1303 2767 1362 2791 eos.
1386 2761 1459 2794 quod
1482 2759 1580 2786 fratres
1605 2760 1671 2792 sint,
1689 2759 1738 2787 sed

952 2807 1039 2842 magis
1063 2806 1195 2839 serriant,
1226 2806 1358 2841 quoniam
1385 2811 1450 2833 sunt
1475 2805 1568 2833 ﬁdeles
1590 2806 1644 2840 .qui
1666 2806 1739 2833 bono

952 2862 1047 2881 eorum
1065 2861 1148 2889 opere
1167 2854 1308 2880 fruuntur.
1328 2862 1337 2878 ι
1358 2851 1391 2880 Et
1409 2859 1505 2880 rursus
1522 2851 1554 2878 ad
1565 2850 1658 2879 Titum
1671 2854 1741 2880 scri-
