1939 3067
198 134 268 167 19.55
789 133 972 163 ΜΛΤἸἩᾹΞΙ

1054 131 1205 162 lSTARiS
1749 125 1814 158 1256

197 192 263 218 beus
279 199 284 216 :
300 199 308 216 ι
331 190 434 218 Doccas
455 197 550 218 servos
578 190 636 218 suis
652 189 771 218 dominis
785 190 894 225 subjici,
912 194 940 217 et
954 190 981 217 in

1054 188 1127 220 εσίας
1137 185 1415 222 ἀντιλαμϐανόμενοι⁹
1430 194 1439 212 ι
1453 185 1500 212 καὶ
1516 184 1584 220 πρὸς
1599 183 1644 211 τδν
1653 183 1724 211 θεῖον
1739 184 1816 212 αὖθις

196 236 323 264 omnibus
342 235 410 263 bene
428 236 567 270 placentes
583 243 655 268 esse,
676 243 730 263 non
748 237 978 269 contradicentes,

1055 234 1110 259 ίτον
1120 241 1127 249 ο
1142 242 1152 259 ι
1170 233 1286 260 Δίδασκε
1298 232 1408 263 δούλους
1424 232 1536 263 οἰκείοις
1547 231 1693 262 δεσπόταις
1701 231 1819 258 ὑποτάσ-

196 289 251 309 non
268 286 436 317 arrogantes,
452 281 501 309 sed
528 281 607 309 [idem
632 289 742 310 omnem
767 282 866 309 bonam
881 286 977 310 osten-

1054 279 1136 309 εσθαι.
1148 279 1195 305 καὶ
1210 279 1239 305 ὲν
1251 278 1333 305 πᾶσιν
1345 277 1508 311 εὐαρέστους
1520 273 1600 308 εἶναι,
1613 275 1651 311 μὴ
1665 275 1817 308 ἀντιλέγονι

197 328 302 356 dentes.
326 336 336 354 ι
1031 334 1091 357 τας,
1104 326 1141 361 μὴ
1155 325 1376 360 νοσφιζομένους,
1391 323 1458 350 ἀλλὰ
1471 324 1563 350 πίστιν
1575 323 1667 350 πᾶσαν
1682 322 1817 363 ἐνδεικνυ-

1034 372 1131 407 μένους
1146 371 1262 406 ἀγαθήν.
1278 380 1288 396 ι

232 418 327 447 Canon
351 425 416 445 vero
436 418 471 445 82
491 421 581 446 sanct.
596 421 696 452 rapost.
721 424 830 444 omnem
858 415 981 444 scandali

1075 418 1104 444 '0
1116 417 1145 444 δὲ
1161 417 1205 452 πβ¹
1221 418 1277 444 τῶν
1287 416 1372 451 ἁγίων
1387 415 1559 445 ἀποστόλων.
1572 415 1664 442 πᾶσαν
1678 414 1818 449 πρόφασιν

200 465 373 492 occaioucm
390 464 500 495 tollens,
514 471 568 490 non
586 463 721 498 permittit
737 470 845 490 servum
858 462 917 490 sine
931 462 982 489 do-

1054 463 1183 490 κανδάλου
1198 463 1359 498 περιαιρῶν,
1384 462 1435 488 οὐκ
1462 461 1606 496 ἐπιτρέπει
1627 459 1721 487 δοῦλον
1741 458 1819 485 ἀλλό-

200 510 267 537 mini
281 510 360 537 venia
376 510 403 536 in
429 509 532 536 clerum
559 508 695 542 provehi;
724 508 776 536 hoc
799 509 871 536 enim
898 509 984 535 totius

1054 517 1109 543 ριον
1124 508 1200 543 παρὰ
1213 508 1328 543 γνώμην
1340 507 1388 534 τοῦ
1404 507 1533 534 δεσπότου
1558 505 1724 541 κληροῦσθαι
1735 512 1741 520 ·
1756 505 1819 532 ὅλου

203 555 352 590 aliquando
368 555 466 582 domus
488 555 596 582 eversio
613 554 653 586 ﬁt,
673 558 700 581 et
715 554 868 581 molestiam
893 560 920 581 et
933 555 984 582 tri-

1055 554 1089 589 ὰρ
1105 554 1181 580 οῐκου
1194 553 1335 588 ἀνατροπὴ
1349 553 1406 580 ἐσθ’
1420 553 1465 579 ὅτε
1480 553 1586 586 γίνεται
1600 551 1688 583 τοῦτο,
1705 551 1754 577 καὶ
1771 550 1819 576 λύ-

205 602 308 631 stitiam
325 601 436 628 domino
456 600 513 627 dat.
529 601 576 627 Vel
601 601 673 627 enim
691 603 785 627 servus
814 600 865 627 iste
887 601 984 628 domus

1054 608 1090 634 ης
1102 600 1149 626 καὶ
1160 600 1271 634 ἀτιμίας
1287 599 1373 626 αῐτιον
1381 598 1419 633 τῷ
1431 598 1558 632 δεσπότῃ.
1570 598 1606 624 Ἢ
1620 598 1674 632 γὰρ
1685 596 1732 622 τοῦ
1746 595 1820 622 οἴκου

203 652 365 681 procurator
378 651 447 678 erat,
463 646 506 674 vel
528 647 647 673 taberna:
663 647 837 681 praepositus,
861 651 887 674 et
905 646 985 681 cujus

1054 645 1130 672 οῦτον
1144 642 1202 680 εἶχε
1213 645 1360 680 διοικητὴν,
1375 645 1391 679 ἢ
1407 644 1588 679 ἐργαστηρίου
1610 642 1820 679 προϊστάμενον,

204 693 266 720 ﬁdei
278 692 388 720 creditae
399 696 477 719 erant
489 692 612 726 pecunia:
626 692 658 718 ad
673 692 894 727 negotiationem.
906 692 985 724 Quod

1068 692 1198 727 χρήματα
1213 692 1252 723 είς
1273 691 1408 727 ἐμπορίαν
1425 690 1601 718 πεπίστευτο.
1626 689 1658 716 Εἰ
1671 689 1700 715 δὲ
1711 688 1785 721 ἄξιος
1808 689 1821 714 ὀ

204 739 227 766 si
247 746 344 766 servus
371 738 456 773 gradu
478 745 558 765 sacro
596 737 695 771 dignus
721 737 902 768 existimetur,
930 737 988 771 cpi-

1054 739 1146 772 ἱκέτης
1173 737 1311 773 ἱερατικοῦ
1336 737 1444 772 κριθείη
1464 736 1580 772 βαθμοῦ,
1595 734 1751 763 κοινοῦσθαι
1768 734 1820 770 χρὴ

210 791 326 819 scopum
343 783 417 810 deeo
438 783 548 818 negotio
571 790 633 810 cum
649 782 761 810 domino
783 783 987 810 communicare

1054 784 1082 810 δν
1094 784 1244 810 ἐπίσκοπον
1259 783 1292 810 τὰ
1321 784 1383 817 περὶ
1412 783 1496 810 αὑτοῦ
1519 782 1557 817 τῷ
1581 781 1709 816 δεσπότῃ,
1739 780 1786 807 καὶ
1797 779 1822 806 εί

206 834 323 865 oportet.
340 833 366 856 et
388 829 412 856 si
435 829 459 855 is
473 829 657 859 consenserit,
676 835 784 854 servum
801 834 897 855 secure
910 827 986 854 ordi-

1057 830 1164 856 ἁκεῖνον
1191 829 1267 864 σχοίη
1294 829 1465 864 πειθόμενον,
1491 828 1656 863 χειροτονεῖν
1672 826 1759 857 ἀδεῶς
1777 825 1822 851 τὸν

207 863 283 904 nare.
309 875 422 910 Magnus
448 875 548 901 etenim
582 873 684 901 Paulus
703 872 878 905 Onesimum,
900 873 989 900 Phile-

1057 876 1158 910 ἱκέτην.
1176 863 1231 902 Kal.
1246 863 1266 902 όγ
1274 876 1361 910 μέγας
1377 863 1441 910 γὰρ
1468 875 1573 906 Παῦλος
1592 874 1637 900 τὸν
1662 873 1820 907 Ὀνήσιμον,

207 922 298 950 monis
314 928 435 952 servum,
451 920 530 954 cujus
547 919 729 946 ministerium
752 918 804 946 sibi
829 918 894 946 utile
914 918 988 953 judi-

1054 921 1130 948 οὖλον
1142 921 1207 948 ὄντα
1217 921 1381 956 Φιλήμονος,
1394 920 1441 949 καί
1457 929 1499 947 τοι
1510 920 1664 955 εὔχρηστον
1676 918 1751 953 αὺτῷ
1765 926 1822 952 κρι-

207 967 297 999 cabat,
316 966 375 994 sine
397 965 501 992 domini
525 965 663 992 voluntate
678 964 802 992 detinere
818 964 917 998 noluit,
941 964 990 993 sed

1055 967 1119 994 ἑντα
1137 967 1177 998 είς
1190 967 1338 998 διακονίαν.
1350 967 1426 1000 ὅμως
1444 966 1509 993 ἄνευ
1525 965 1638 1000 γνώμης
1654 964 1702 991 τοῦ
1725 963 1821 990 δεσπό-

206 1014 295 1049 ipsum
307 1012 341 1040 ad
354 1011 540 1039 Philemonem
557 1009 674 1037 remisit.

243 1116 360 1149 Insuper
387 1114 403 1141 4
425 1121 487 1141 can.
520 1121 547 1140 tv
569 1120 629 1148 syn.
652 1111 887 1139 excommunicari
911 1111 991 1146 jubet

211 1169 274 1190 eum
307 1160 354 1195 qui
369 1166 478 1187 servum
502 1158 529 1185 in
545 1157 741 1185 monasterium
761 1157 868 1192 recipit,
886 1161 915 1184 ut
930 1164 990 1184 mo-

213 1207 320 1235 nachus
337 1206 394 1238 ﬁat,
409 1206 469 1233 sine
484 1204 586 1239 proprii
603 1203 708 1231 domini
723 1204 814 1231 venia.

555 1249 634 1285 Lequ
639 1269 646 1277 .

245 1297 301 1325 Lex
319 1297 352 1325 ad
371 1296 442 1325 servi
455 1295 604 1323 libertatem
619 1294 915 1330 suﬁlcere'dicit,quod
925 1294 994 1322 sciat

212 1343 341 1372 dominus
365 1350 427 1370 eum
444 1342 472 1369 in
488 1342 592 1370 clerum
618 1341 754 1376 cooptari,
771 1345 797 1368 et
814 1348 867 1368 non
884 1345 994 1368 contra-

213 1391 298 1418 dicat.

246 1435 358 1463 Novella
374 1439 463 1462 autem
480 1434 580 1462 Leonis
591 1433 740 1468 Sapientis,
764 1431 875 1465 Servus,
893 1432 992 1467 inquit,

210 1482 257 1516 qui
273 1482 299 1508 in
313 1481 415 1508 clerum
436 1485 579 1516 promotus
604 1484 645 1506 est
674 1478 813 1506 nesciente
834 1478 953 1509 domino,
967 1481 995 1504 et

1038 1021 1085 1039 του
1101 1013 1227 1047 κατέχειν
1241 1013 1290 1039 οὐκ
1299 1011 1368 1048 ᾤετο
1379 1013 1444 1045 δεῖν,
1456 1011 1513 1039 ἀλλ’
1525 1011 1648 1046 ἐπεμψεν
1662 1009 1744 1037 αὑτὸν
1755 1008 1821 1044 πρὸς

1038 1058 1188 1092 Φιλήμονα.

1081 1104 1111 1131 '0
1127 1105 1155 1131 δὲ
1169 1105 1189 1131 δ’
1205 1105 1255 1140 τῆς
1273 1105 1406 1139 τετὰρτης
1433 1104 1541 1131 συνόδου
1568 1103 1617 1130 καὶ
1641 1101 1822 1136 ἀκοινώνητον

1041 1148 1111 1178 εῖναι
1136 1151 1242 1178 κελεύει
1256 1153 1302 1178 τὸν
1320 1151 1464 1186 δεχόμενον
1475 1150 1516 1181 είς
1535 1148 1717 1184 μοναστήριον
1732 1147 1823 1174 δοῦλον

1041 1197 1088 1224 ἐπὶ
1101 1196 1140 1232 τῷ
1158 1196 1274 1232 μονάσαι
1294 1197 1370 1231 παρὰ
1386 1196 1500 1230 γνώμην
1514 1194 1563 1222 τοῦ
1582 1193 1648 1221 ίδίου
1663 1192 1804 1219 δεσπότου.

1382 1243 1484 1276 Νόμοι.

1084 1288 1115 1317 '0
1148 1289 1177 1316 δὲ
1203 1289 1284 1324 νόμος
1307 1289 1402 1324 ἀρκεῖν
1429 1289 1469 1320 είς
1499 1287 1656 1323 ἐλευθερίαν
1683 1288 1752 1323 φησὶ
1777 1286 1824 1314 τοῦ

1043 1335 1136 1362 δούλου
1165 1334 1195 1361 τὸ
1215 1335 1315 1366 εἰδότος
1329 1335 1376 1361 τοῦ
1394 1334 1524 1361 δεσπότου
1548 1335 1596 1362 καὶ
1612 1334 1651 1369 μὴ
1668 1334 1824 1368 ἀντιλέγονι

1043 1388 1098 1413 τος,
1112 1379 1150 1415 τῷ
1166 1380 1259 1416 κλήρῳ
1273 1376 1355 1407 αὐτὸν
1374 1379 1569 1413 καταλεγῆναι.

1085 1427 1118 1453 'ﬂ
1131 1426 1160 1453 δὲ
1177 1427 1263 1461 νεαρὰ
1284 1425 1331 1452 τοῦ
1343 1426 1424 1460 σοφοῦ
1439 1426 1566 1458 Λέοντος,
1582 1425 1604 1452 Τ
1605 1425 1634 1452 ὸν
1650 1424 1826 1460 κληρωθέντα

1043 1472 1146 1504 δοῦλον,
1162 1473 1256 1508 φησὶν,
1282 1472 1443 1507 ἀγνοοῦντος
1469 1471 1516 1498 τοῦ
1531 1472 1674 1502 δεσπότου,
1687 1471 1757 1498 ἀλλὰ
1773 1471 1826 1506 μὴν

211 1527 257 1562 qui
275 1526 437 1559 monachus,
457 1526 498 1553 vel
515 1525 661 1560 episcopus
687 1524 727 1555 tit,
747 1523 780 1550 ad
801 1523 919 1558 priorem
946 1522 993 1549 do-

1054 1520 1092 1546 ιαὶ
1108 1519 1154 1546 τδν
1175 1519 1340 1554 μονάσαντα,
1354 1519 1458 1546 καὶτὸν
1473 1519 1604 1553 γεγονότα
1614 1517 1826 1553 ἐπίσκοπον,τῷ

212 1573 316 1601 minum
347 1572 451 1600 inritus
475 1575 635 1603 revertatur,
664 1570 732 1597 nihil
760 1570 795 1596 ab
822 1568 993 1596 ordinatione

211 1617 332 1653 adjutus.
347 1616 480 1644 Dominus
506 1620 596 1643 autem
615 1615 756 1642 indeﬁnite
778 1621 840 1642 eum
866 1620 995 1641 revocare

212 1663 315 1697 nequit.
333 1663 380 1690 sed
396 1663 468 1689 intra
491 1661 676 1694 triennium,a
693 1665 815 1695 tempore
827 1665 883 1695 quo
891 1658 993 1686 factum

212 1709 366 1741 resciverit,
382 1707 592 1735 numerandum.

247 1795 430 1823 Personarum
449 1795 537 1830 prima
549 1795 649 1824 divisio
663 1795 720 1824 haec
736 1799 778 1823 est
790 1803 798 1823 :
813 1794 939 1822 homines
948 1793 994 1822 alii

213 1845 278 1868 sunt
295 1841 384 1872 liberi,
401 1842 447 1868 alii
471 1846 561 1869 autem
580 1842 672 1875 servi;
697 1847 725 1869 et
751 1841 863 1869 libertas
885 1840 995 1875 quidem

213 1887 359 1921 (29,1108
369 1887 484 1915 facultas
494 1888 626 1915 naturalis
637 1887 749 1915 cuilibet
757 1894 888 1915 concessa
899 1885 995 1921 agendi

213 1940 274 1966 quae
291 1933 366 1964 velit,
384 1933 435 1960 nisi
449 1933 490 1960 lex
504 1933 544 1960 vel
564 1933 604 1960 vis
617 1933 756 1968 impediat.
770 1932 892 1961 Servitus
904 1937 994 1959 autem

212 1983 255 2006 est
279 1978 346 2014 legis
365 1979 480 2006 ethnicae
510 1983 536 2006 et
559 1979 628 2014 juris
646 1979 708 2006 belli
718 1978 831 2006 enectus
846 1985 854 2011 ;
872 1985 918 2013 per
933 1985 993 2009 eam

213 2024 312 2058 aliquis
328 2025 442 2052 alterius
450 2025 574 2060 potestati
591 2025 751 2059 subjicitur;
764 2023 838 2059 quod
851 2023 901 2058 legi
917 2028 996 2050 natu-

214 2069 263 2097 rali
289 2071 455 2098 contrarium
478 2075 530 2099 est.
557 2069 660 2098 Natura
686 2070 758 2098 enim
782 2077 878 2098 omnes
896 2069 995 2097 liberos

213 2116 350 2150 produxit.

250 2161 355 2189 Rursus
368 2161 447 2189 liberi
462 2161 624 2190 dividuntur
640 2161 796 2196 dupliciter,
811 2161 839 2188 in
852 2161 994 2194 ingenuos,

1045 1565 1170 1601 προτέρῳ
1183 1565 1300 1600 δεσπότῃ
1328 1565 1376 1591 καὶ
1391 1564 1492 1591 ἄκοντα
1507 1563 1756 1595 ἀποκαθίστασθαι,
1771 1572 1825 1598 μη-

1044 1612 1089 1639 δὲν
1101 1612 1150 1647 τῆς
1166 1611 1333 1646 χειροτονίας
1349 1611 1532 1646 ἀπονάμενον.
1561 1611 1599 1637 Οὔ
1615 1610 1668 1645 μὴν
1683 1610 1828 1645 ἀπροσδιο-

1046 1658 1145 1694 ρίστως
1170 1658 1284 1686 δύναται
1307 1658 1321 1683 ό
1349 1657 1484 1693 δεσπότης
1500 1657 1696 1684 ἁνακαλεῑσθαι
1721 1657 1825 1689 τοῦτον,

1045 1704 1102 1731 ἀλλ’
1127 1703 1202 1735 ὲντδς
1227 1704 1350 1740 τριετίας
1368 1704 1436 1739 μετὰ
1460 1703 1490 1730 to
1506 1702 1597 1730 λαϐεῖν
1624 1703 1706 1730 αὐτὸν
1724 1704 1827 1739 εἰδησιν

1044 1749 1092 1776 τοῦ
1104 1757 1246 1784 γεγονότος
1260 1749 1478 1785 ἀριθμουμένης.

1085 1795 1119 1822 Ἠ
1131 1796 1185 1822 τῶν
1198 1794 1351 1833 προσώπων
1365 1796 1437 1830 ἄκρα
1448 1795 1580 1830 διαίρεσις
1591 1795 1661 1831 αὕτη
1676 1796 1751 1822 ἐστίν
1762 1804 1769 1812 ”
1787 1797 1828 1823 ὅτι

1044 1840 1099 1868 τῶν
1110 1840 1262 1875 ἀνθρώπων
1279 1842 1303 1867 οἱ
1316 1841 1366 1876 μέν
1382 1841 1451 1868 εἰσιν
1468 1841 1616 1875 ἐλεύθεροι,
1632 1842 1656 1868 οἱ
1672 1842 1700 1868 δὲ
1716 1841 1805 1868 δοῦλοι
1818 1851 1826 1858 υ

1045 1887 1092 1914 καὶ
1107 1886 1248 1921 ἐλευθερία
1260 1887 1308 1922 μέν
1336 1888 1410 1914 ἐστιν
1435 1887 1560 1922 εὐχέρεια
1575 1887 1689 1922 φυσικὴ,
1720 1888 1828 1922 ἑκάστῳ

1046 1933 1224 1968 συγχωροῦσα
1241 1933 1370 1967 πράττειν
1381 1932 1398 1960 ἃ
1412 1933 1544 1969 βούλεται,
1560 1935 1584 1960 εί
1599 1934 1636 1968 μὴ
1651 1934 1732 1969 νόμος
1745 1935 1763 1970 ἢ
1784 1935 1829 1970 βία

1047 1979 1162 2006 κωλύει·
1179 1979 1285 2006 δουλεία.
1301 1979 1329 2005 δέ
1357 1980 1432 2006 ὲστιν
1459 1979 1568 2016 coemo
1580 1981 1663 2014 νόμου
1688 1980 1828 2008 διατύπω-

1046 2033 1090 2057 σις
1113 2025 1160 2051 καὶ
1177 2025 1303 2059 πολέμων
1319 2025 1437 2058 ἐπίνοια,
1451 2024 1481 2057 ἐξ
1495 2022 1529 2061 ἧς
1543 2034 1584 2058 τις
1598 2025 1780 2053 ὑποὸἀλλεται
1794 2029 1826 2062 τῇ

1046 2071 1141 2106 ἑτέρου
1168 2070 1325 2105 δεσποτεία,
1338 2070 1507 2102 ὑπεναντίως
1532 2072 1579 2097 τοῦ
1598 2071 1715 2106 φυσικοῦ
1727 2072 1827 2108 νόμου·

1045 2118 1062 2152 ἡ
1073 2117 1125 2152 γὰρ
1139 2116 1219 2151 φύσις
1235 2115 1338 2147 πάντας
1349 2116 1509 2152 ἐλευθέρους
1519 2117 1689 2152 προήγαγεν.

1081 2163 1167 2189 Πάλιν
1180 2163 1206 2189 οι
1233 2163 1370 2198 ἐλεύθεροι
1383 2162 1552 2198 διαιροῦνται
1567 2165 1605 2194 εἰς
1616 2163 1675 2195 δύο,
1690 2165 1730 2196 είς
1749 2165 1827 2199 εὖγε-

213 2211 240 2233 et
254 2207 377 2234 libertos.
390 2207 423 2234 Et
441 2207 576 2242 ingenuus
595 2207 704 2241 quidem
721 2212 773 2236 est.
792 2205 838 2240 qui
852 2205 945 2232 statim
961 2211 993 2231 ac

1054 2209 1102 2238 θεῖς
1120 2208 1167 2234 καὶ
1194 2207 1402 2243 ἀπελευθέρους.
1435 2208 1490 2234 Καὶ
1506 2208 1619 2243 εὐγενὴς
1648 2209 1698 2244 μέν
1726 2210 1798 2236 ἐστιν
1814 2211 1828 2236 ό

213 2257 294 2279 natus
314 2255 366 2285 est,
392 2252 460 2279 liber
475 2252 592 2285 exsistit,
608 2258 635 2280 et
648 2251 790 2279 servitutis
802 2251 898 2285 jugum
924 2258 994 2276 nun-

213 2305 294 2332 quam
313 2298 450 2332 gustavit;
465 2298 580 2326 libertus
596 2306 669 2331 vero,
690 2298 737 2333 qui
750 2305 782 2326 ex
797 2304 876 2325 servo
895 2303 994 2323 manu-

212 2344 298 2370 misso
312 2348 393 2370 natus
409 2348 461 2371 est.

247 2389 342 2416 Potest
356 2389 456 2424 aliquis
473 2397 583 2417 servum
599 2397 680 2418 suum
694 2390 896 2423 manumittere,
911 2391 953 2418 vel
966 2391 994 2418 in

212 2434 395 2462 sanctissimis
415 2435 553 2468 ecclesiis,
572 2437 612 2463 vel
627 2444 719 2463 coram
737 2436 862 2471 praeside,
890 2437 930 2464 vel
948 2444 995 2464 co-

213 2487 270 2508 ram
299 2480 395 2507 amicis
421 2481 543 2515 quinque
572 2482 606 2509 ad
630 2482 680 2509 hoc
696 2481 813 2514 vocatis,
836 2482 878 2509 vel
907 2482 995 2510 tribus

212 2527 460 2561 subscribentibus,
475 2529 516 2556 vel
533 2536 581 2563 per
597 2529 713 2561 litteras,
726 2530 768 2557 vel
779 2530 805 2556 in
816 2534 994 2564 testamento,

212 2574 253 2601 vel
274 2581 437 2609 quacunque
461 2580 582 2602 extrema
602 2576 752 2602 voluntate.
780 2575 813 2602 Et
834 2575 856 2603 si
883 2583 994 2603 servum

211 2627 292 2647 suum
309 2628 433 2655 personae
456 2620 548 2648 libera:
574 2622 675 2655 juuxit,
694 2622 736 2648 vel
752 2629 814 2648 eum
832 2627 930 2656 praeter
945 2629 994 2649 vo-

211 2666 345 2694 luntatem
359 2674 436 2693 suam
448 2667 574 2701 junctum
588 2668 713 2699 audiens,
733 2668 758 2694 id
773 2668 901 2701 patiatur.

247 2711 349 2739 Servus
360 2713 406 2747 qui
418 2714 522 2740 sciente
545 2713 693 2740 dominoiu
710 2713 834 2740 militiam
851 2713 909 2741 abit
934 2721 993 2741 ma-

211 2757 380 2784 numittitur.

246 2802 298 2834 Qui
313 2803 414 2830 caedem
430 2803 532 2830 domini
553 2803 597 2833 sui
615 2803 728 2839 indica}.
745 2805 992 2837 manumissioncm

213 2846 312 2875 habeat
329 2856 379 2884 pro
396 2848 520 2885 praemio.

1044 2254 1145 2285 εὐθέως
1167 2253 1226 2288 ἅμα
1242 2253 1280 2289 τῷ
1299 2254 1427 2288 τεχθῆναι
1443 2253 1585 2289 ἐλεύθερος
1610 2253 1658 2286 ὢν,
1679 2256 1727 2282 καὶ
1742 2257 1824 2290 μήπω

1043 2299 1091 2326 τοῦ
1107 2298 1189 2333 ζυγοῦ
1215 2299 1267 2334 τῆς
1290 2299 1412 2331 δουλείας
1438 2300 1624 2334 γευσάμενος·
1643 2301 1826 2338 ἀπελεύθερος

1043 2345 1072 2372 δὲ
1087 2345 1101 2372 ὁ
1117 2346 1149 2372 ἐκ
1163 2345 1256 2371 δούλου
1269 2345 1498 2380 ἐλευθερωθέντος
1511 2346 1665 2381 γεννηθείς,

1079 2392 1196 2418 Δύναταί
1220 2400 1262 2423 τις
1290 2391 1450 2427 ἐλευθεροῦν
1472 2392 1518 2419 τὸν
1534 2393 1633 2420 ἑαυτοῦ
1650 2393 1744 2420 δοῦλον
1768 2394 1829 2429 ἢέν

1045 2438 1105 2468 ταῖς
1131 2437 1299 2471 ἁγιωτάταις
1325 2437 1496 2472 ἐκκλησίαις,
1510 2437 1526 2473 ἢ
1542 2438 1589 2464 ἐπὶ
1601 2438 1768 2474 ἄρχοντος,ἢ
1784 2441 1829 2465 ἐπὶ

1046 2484 1130 2519 φίλων
1143 2484 1223 2510 πέντε
1241 2484 1287 2511 ἐπὶ
1297 2483 1376 2510 τοῦτο
1390 2484 1626 2518 προσκληθέντων,
1645 2484 1662 2519 ἢ
1679 2485 1728 2511 καὶ
1747 2486 1830 2520 μέχρι

1045 2529 1127 2564 τριῶν
1152 2529 1399 2567 ἁπογραφομένων,
1413 2529 1430 2564 ἢ
1443 2528 1477 2555 δι’
1491 2529 1647 2564 ἐπιστολῆς,
1662 2530 1679 2565 ἢ
1694 2530 1723 2556 ἐν
1736 2530 1831 2565 διαθή-

1047 2583 1093 2612 κῃ.
1106 2575 1123 2610 ἢ
1141 2576 1170 2601 ἑν
1182 2575 1330 2610 οῐᾳδήποτε
1345 2574 1487 2610 τελευταίᾳ
1499 2575 1636 2610 βουλήσει.
1652 2576 1707 2603 Καὶ
1723 2577 1772 2603 ἐὰν
1786 2578 1831 2603 τὸν

1047 2621 1111 2647 ίόιον
1123 2621 1214 2647 δοῦλον
1230 2620 1366 2654 ἐλευθέρῳ
1381 2620 1521 2655 προσώπῳ
1538 2621 1632 2656 ζεύξῃ,
1645 2621 1661 2656 ἢ
1675 2622 1752 2657 παρὰ
1762 2623 1832 2656 γνώ-

1048 2675 1102 2702 μην
1119 2666 1202 2692 αύτοῦ
1216 2666 1400 2700 ζευγνύμενον
1417 2665 1539 2697 ἀκούσας
1557 2667 1723 2702 ἁνάσχηται.

1084 2712 1180 2743 Δοῦλος
1193 2711 1406 2747 στρατευόμενος
1419 2711 1521 2746 εἰδήσει
1533 2711 1579 2738 τοῦ
1589 2712 1690 2739 οἰκείου
1699 2714 1828 2741 δεσπότου

1048 2755 1250 2793 ἐλευθεροῦται.

1090 2804 1119 2829 '0
1136 2803 1248 2838 μηνύων
1264 2803 1310 2829 τὸν
1338 2803 1417 2838 φόνον
1445 2804 1492 2830 τοῦ
1509 2804 1610 2832 οἰκείου
1625 2804 1757 2838 δεσπότου
1781 2806 1828 2841 τὴν

1049 2849 1206 2884 ἐλευθερίαν
1222 2849 1306 2884 ἐχέτω
1331 2849 1368 2881 ὼς
1385 2849 1510 2878 ἔπαθλον.
