1939 3067
144 153 211 185 1269

631 159 832 191 SYNTAGMA
856 162 1166 196 ALPHABETICUM.
1189 178 1222 184 —
1245 166 1278 196 E-

1701 166 1769 198 12ῗο

179 211 282 243 Παντὸς
313 213 467 247 μιμητικῶς
493 214 695 251 εἰκονιζομένου
728 218 777 253 σύχ
803 219 926 255 ἡφύσις,

1014 224 1152 259 Quidquid
1170 224 1321 252 imitatione
1339 224 1482 260 ﬁguratur,
1500 232 1552 252 non
1576 223 1637 259 ejus
1657 230 1767 262 natura,

143 258 202 285 ἀλλ’
217 259 392 294 ἠύπόστασις
418 260 581 293 εἰχονίζεται
594 272 600 279 -
617 263 664 290 καὶ
680 264 724 291 διὰ
741 265 820 292 τοῦτο
836 267 932 293 ταύτὸν

143 304 182 339 τῷ
196 305 342 341 ἀρχετύπῳ
357 307 373 341 ἡ
386 306 467 334 εἰκὼν
485 308 577 340 αὐτοῦ,
591 310 621 335 οὺ
638 311 670 344 τῇ
690 310 772 344 φύσει
784 332 790 344 ,
807 312 876 339 ἀλλὰ
899 315 931 349 τῇ

143 351 301 384 ὑποστάσει,
319 353 404 387 ῆγουν
419 354 452 388 τῇ
469 355 582 390 μιμήσει
597 357 646 389 τῆς
661 357 847 390 ὑποστάσεως.

179 399 235 430 Τὰς
265 399 339 434 ἱερὰς
366 401 475 431 εἰκόνας
498 403 725 438 ἀναστηλοῦμεν,
759 405 803 432 ἵνα
831 407 933 438 ταύτας

144 443 272 479 ὁρῶντες,
289 445 322 471 δι’
342 446 433 488 αυτῶν
447 447 571 483 δοκῶμεν
598 450 665 485 ὸρᾷν
681 450 715 477 τὰ
733 451 837 477 τούτων
853 452 935 487 ἀρχέ-

144 498 229 520 τυπα.
245 492 292 518 καὶ
309 492 438 525 γίνωνται
462 494 529 528 ἡμῖν
543 495 730 530 ὑπομνήματα
745 497 793 523 καὶ
809 505 934 532 παρηγο-

147 538 193 573 ρία
213 538 260 565 τοῦ
279 540 362 566 πόοου
375 560 382 572 ,
410 542 457 568 τοῦ
487 543 556 576 πρδς
574 544 608 570 τὰ
630 544 733 571 τούτων
756 545 933 579 πρωτότυπα.

146 584 230 610 ’Ὅσον
244 585 298 620 γὰρ
315 587 434 622 συνεχῶς
450 589 478 614 αἰ
492 589 595 620 εἰκόνες
617 590 745 624 ὁρῶνται,
769 590 896 617 τοσοῦτον
911 592 935 617 οἰ

146 629 249 661 ταύτας
262 632 379 664 ὁρῶντες
399 633 586 661 διανίστανται
604 636 672 669 προς
687 635 736 670 τὴν
749 636 806 662 τῶν
819 636 935 671 ἀρχετύ-

146 684 206 703 πων
220 677 331 712 μνήμην
346 679 393 704 καὶ
407 679 580 714 ἐπιπόθησιν.

188 723 221 749 'll
242 723 291 758 μὲν
303 724 330 750 ἐν
347 724 483 760 πνεύματι
499 727 546 753 καὶ
563 727 677 764 ἀληθείᾳ
691 728 804 764 λατρεία
832 730 865 763 τῇ
883 737 935 764 μα-

147 768 232 804 καρίᾳ
259 769 353 804 Τριάδι
369 771 446 806 παρὰ
471 772 526 798 τῶν
543 772 691 808 ὀροοδόξων
709 775 914 810 ὰπονενέμηται
928 782 936 790 ⁸

146 815 207 845 ταῖς
230 815 259 841 δὲ
285 815 377 849 ἁγίαις
406 818 511 844 εἰκόσιν
530 818 561 844 οὔ
587 817 700 854 λατρεία
727 821 847 853 πάντως,
870 819 937 847 ἀλλὰ

147 862 344 897 προσκύνησις,
361 863 406 890 καὶ
416 863 572 899 ἁσπκσμδς,
586 867 632 892 καὶ
648 867 725 902 τιμή.
739 866 770 893 Εἰ
784 866 839 902 γὰρ
860 867 905 893 καί
920 867 938 902 ὴ

987 272 1034 299 sed
1053 279 1168 305 persona
1198 271 1329 306 ﬁguratur
1346 279 1353 298 :
1382 275 1410 299 et
1435 271 1470 299 ob
1488 271 1525 305 id,
1540 270 1612 299 idem
1632 272 1705 311 quod
1727 279 1770 298 ar-

986 318 1119 353 chetypus
1136 317 1196 351 ejus
1212 322 1254 345 est
1270 319 1370 351 imago,
1381 325 1436 344 non
1455 322 1563 350 natura,
1574 317 1620 345 sed
1637 325 1768 352 persona,

985 363 1043 391 sive
1059 363 1212 391 inuitatione
1231 371 1363 398 personae.

1022 410 1122 437 Sacras
1140 410 1270 445 imagines
1287 410 1436 445 pingimus,
1459 414 1488 438 ut
1509 417 1557 438 eas
1570 410 1706 442 videntes,
1722 417 1771 445 per

984 462 1033 482 eas
1050 456 1142 484 videre
1159 457 1268 484 illarum
1285 457 1448 492 archetypos
1463 456 1617 488 videamur.
1634 460 1662 484 et
1677 456 1706 483 in
1720 464 1771 483 no-

985 502 1028 530 liis
1041 502 1203 530 memoriam
1225 507 1254 530 et
1272 503 1439 531 desiderium
1457 504 1668 538 archetyporum
1693 502 1778 531 exci-~

987 552 1056 576 teut.
1084 548 1152 576 Nam
1189 550 1311 584 quandiu
1339 550 1474 585 imagines
1501 550 1599 577 crebro
1633 550 1782 582 videntur,.

987 595 1079 623 tandiu
1096 596 1142 630 qui
1167 603 1214 623 eas
1230 596 1333 629 vident,
1356 597 1389 623 ad
1413 598 1626 634 archetyporum
1645 596 1783 625 recordar

988 640 1089 668 tionem
1104 645 1131 668 et
1144 642 1310 669 desiderium
1326 643 1495 671 excitantur.

1024 731 1119 761 Cultus
1134 732 1244 767 quidem
1261 733 1289 760 in
1306 734 1403 767 spiritu
1421 738 1448 762 et
1479 734 1607 768 veritate,
1619 742 1680 769 quae
1695 735 1789 763 latria'

988 777 1201 810 dicitur,beataa
1226 778 1352 806 Trinitati
1378 780 1412 807 ah
1440 780 1602 808 orthodoxis
1623 781 1773 809 tribuitur:

989 825 1093 852 sanctis
1107 830 1198 853 autem
1215 824 1384 860 imaginibus
1400 833 1455 853 non
1477 827 1590 854 omnino
1612 827 1705 859 latria,
1726 828 1774 856 sed

990 871 1122 903 adoratio,
1137 871 1267 899 salutatio
1289 877 1315 899 et
1331 871 1430 898 honor.
1454 871 1530 900 Licet
1546 873 1619 900 enim
1647 873 1787 908 imaginis-

149 908 216 943 τιμὴ
234 909 284 943 τῆς
302 909 405 941 εἰκόνος
416 910 462 936 ἐπὶ
474 911 503 937 τὸ
520 911 701 946 πρωτότυπον
713 913 858 945 διαϐαίνει,
882 912 939 939 ἀλλ’

998 924 1079 944 tonor
1090 917 1124 944 ad
1138 921 1311 951 prototypum
1335 916 1445 950 transit,
1458 917 1537 944 latria
1562 922 1654 945 tamen
1671 923 1713 945 est
1727 925 1775 945 so-

149 956 165 989 ἡ
179 955 291 990 λατρεία
306 956 354 990 τῆς
370 957 510 991 μακαρίας
529 958 612 994 μόνης
629 959 688 985 ἐστὶ
704 959 832 994 Τριάδος,
847 960 893 987 καὶ
906 961 936 986 οὺ

148 1000 203 1027 τῶν
218 1001 325 1028 σεπτῶν
356 1002 483 1036 εἰκόνων,
509 1003 553 1031 ἵνα
584 1004 622 1040 μὴ
640 1005 870 1041 κτισματο).ἀτραι
891 1007 940 1034 καὶ

150 1047 300 1083 ὑλολάτραι
317 1048 447 1084 δόξωμεν.

191 1094 250 1121 Ἐπ’
264 1095 347 1122 αὐτοῦ
371 1095 421 1131 μὲν
435 1096 482 1123 τοῦ
495 1096 614 1131 Χριστοῦ
629 1098 799 1136 λατρευτικὴ
823 1100 840 1135 ἠ
855 1109 940 1136 προσ-

149 1141 264 1175 κύνησις
292 1143 340 1168 καὶ
383 1143 501 1179 φυσική·
533 1144 546 1171 ὁ
570 1146 734 1180 προσκυνῶν
762 1147 817 1181 γὰρ
857 1147 940 1174 αὑτὸν

151 1189 358 1223 συμπροσκυνεῖ
382 1190 429 1215 καὶ
444 1190 490 1217 τὸν
518 1191 626 1227 Πατέρα
641 1192 699 1223 ,καὶ
723 1193 753 1219 τδ
778 1193 891 1228 Πνεῦμα
910 1194 940 1220 τὸ

151 1233 237 1267 ἅγιον,
256 1236 307 1270 τὴν
318 1236 347 1261 ἐν
361 1236 456 1271 Τριάδι
472 1237 536 1271 μίαν
550 1238 642 1272 φύσιν,
658 1239 725 1275 ὅπερ
742 1240 815 1266 ἐστὶν
829 1240 846 1275 ἡ
859 1249 936 1274 τρια-

150 1280 213 1316 δικὴ
238 1282 424 1318 προσκύνησις
443 1278 490 1309 aut
502 1284 629 1319 λατρεία.
650 1285 712 1312 Ἐπὶ
726 1285 755 1312 δὲ
769 1286 818 1320 τῆς
835 1287 940 1318 εἰκόνος

150 1326 198 1353 τοῦ
224 1327 355 1362 Χριστοῦ,
384 1329 528 1364 σχετικὴή
546 1331 733 1366 προσκύνησις
758 1332 806 1358 καὶ
834 1333 941 1368 ὁμώνυ-

154 1381 203 1407 μος
215 1382 221 1388 ·
237 1374 250 1399 ὁ
266 1374 427 1408 προσκυνῶν
442 1374 497 1409 γὰρ
518 1375 603 1409 αὐτὴν
618 1375 648 1402 οὐ
669 1378 875 1411 συμπροσκυνεῖ
894 1378 941 1404 τὸν

152 1418 262 1454 Πατέρα
279 1419 326 1445 καὶ
345 1419 391 1446 τδν
406 1420 481 1452 Υἰὸν,
496 1420 564 1447 ἀλλὰ
584 1420 664 1455 μόνον
683 1423 728 1448 τὸν
741 1423 770 1448 ὲν
781 1423 849 1458 αὐτῇ
875 1423 942 1459 Χρια

153 1465 227 1498 στὸν,
244 1466 288 1492 τὸν
298 1466 342 1492 διὰ
357 1467 387 1493 τὸ
404 1468 582 1502 σαρκωθῆναι
595 1468 798 1504 εἰκονιζόμενον
811 1471 881 1497 κατὰ
892 1470 940 1506 τὴν

153 1513 325 1548 σωματοειδῆ
341 1512 405 1540 θέαν
420 1513 515 1546 αὐτοῦ,
534 1514 601 1549 ὅπερ
616 1515 673 1541 ἐστὶ
688 1515 801 1551 σχετικὴ
819 1517 942 1551 προσκύ-

153 1568 230 1595 νησις
242 1560 289 1586 καὶ
305 1561 486 1596 ὑποστατική.

989 962 1043 990 lius
1072 963 1158 990 beatae
1185 961 1341 994 Trinitatis,
1363 969 1417 988 non
1443 962 1526 989 etiam
1555 963 1773 990 venerandarum

989 1008 1152 1043 imaginum,
1170 1016 1204 1036 ne
1219 1014 1408 1037 creaturarum
1425 1011 1452 1036 et
1462 1008 1641 1036 materiarum
1654 1009 1778 1037 cultores

989 1060 1050 1081 esse
1080 1054 1231 1081 videamur.

1027 1099 1087 1126 Soli
1113 1099 1223 1135 quidem
1253 1100 1363 1128 Christo
1395 1109 1443 1135 per
1471 1102 1580 1128 latriam
1598 1106 1625 1128 et
1641 1100 1775 1128 naturalis

991 1146 1116 1173 adoratio
1143 1147 1291 1174 convenit:
1318 1155 1379 1174 nam
1411 1148 1458 1183 qui
1481 1156 1544 1175 eum
1568 1148 1673 1180 adorat,
1692 1147 1775 1175 simul

991 1193 1087 1218 adorat
1102 1196 1129 1219 et
1142 1191 1242 1219 Filium
1257 1196 1284 1220 et
1300 1192 1408 1220 Patrem
1433 1197 1460 1220 et
1482 1193 1611 1228 Spiritum
1637 1197 1776 1225 sanctum.

991 1245 1074 1264 unam
1091 1238 1117 1265 in
1144 1237 1278 1266 Trinitate
1294 1243 1431 1272 naturam,
1449 1244 1476 1267 et
1493 1240 1549 1268 haec
1568 1245 1610 1268 est
1628 1239 1775 1267 Trinitatis

991 1282 1115 1310 adoratio
1133 1288 1160 1311 et
1176 1283 1266 1312 latria.
1281 1284 1396 1320 lmagini
1413 1293 1476 1313 vero
1495 1285 1594 1314 Christi
1611 1287 1641 1313 Iit
1653 1286 1777 1314 adoratio

991 1329 1104 1356 relativa
1126 1333 1154 1356 et
1177 1330 1327 1364 aequivoca.
1346 1329 1397 1363 Qui
1418 1331 1491 1358 enim
1519 1339 1579 1358 eam
1603 1332 1709 1364 adorat,
1722 1339 1777 1358 non

992 1375 1074 1402 simul
1104 1375 1201 1403 adorat
1227 1375 1336 1404 Patrem
1355 1381 1382 1404 et
1397 1376 1508 1410 Filium,
1525 1378 1573 1406 sed
1589 1378 1678 1405 solum
1699 1378 1727 1405 in
1746 1385 1777 1404 ea

991 1421 1142 1454 Christum,
1156 1429 1189 1449 eo
1207 1422 1278 1456 quod
1291 1430 1401 1450 carnem
1414 1423 1604 1458 assumpserit,
1617 1431 1777 1458 expressum

993 1468 1144 1496 secundum
1162 1468 1332 1503 corporalem
1344 1469 1404 1504 ejus
1413 1473 1568 1504 aspectum,
1584 1477 1644 1504 quae
1658 1473 1700 1497 est
1713 1469 1790 1497 ado-A

992 1515 1063 1542 ratio
1075 1514 1186 1542 relativa
1200 1519 1227 1541 et
1244 1514 1424 1550 hypostatica.

193 1607 223 1632 Ὀ
236 1607 284 1640 μὲν
298 1606 415 1641 Χριστὸς
430 1595 525 1641 ὁρᾶται
552 1608 580 1634 ὲν
602 1609 637 1643 τῇ
651 1608 736 1635 εἰκόνι
759 1609 854 1641 αὐτοῦ,
871 1609 940 1644 αὕτη

1029 1605 1157 1634 Christus
1181 1607 1291 1641 quidem
1317 1607 1346 1635 in
1370 1615 1419 1636 sua
1437 1608 1555 1643 imagine
1567 1608 1701 1640 cernitur,
1718 1614 1785 1642 qua

152 1653 180 1680 δὲ
198 1653 344 1685 ὑφίσταται
360 1654 389 1680 ὲν
417 1653 500 1688 αὐτῷ,
525 1655 594 1689 ὅπερ
611 1656 627 1690 ή
646 1656 709 1682 σκιὰ
724 1655 762 1690 τῷ
779 1656 897 1691 σώματι,
912 1653 942 1684 οὗ

153 1701 200 1726 καὶ
218 1700 378 1735 μερισθῆναι
394 1701 499 1734 ταύτην
526 1701 682 1736 ἀμήχανον,
698 1702 749 1728 κᾶν
766 1702 803 1738 μὴ
817 1703 861 1729 διὰ
876 1712 944 1730 παν-

152 1747 198 1778 τὸς
217 1746 287 1780 αὕτη
301 1747 441 1780 φαίνηται.
469 1747 540 1773 Ἀλλ’
555 1747 649 1782 ὥσπερ
663 1748 679 1782 ἡ
697 1748 761 1774 σκιὰ
776 1749 809 1784 τῇ
828 1748 945 1783 ἐπιλάμ-

151 1794 199 1828 ψει
212 1793 349 1820 δείκνυται
368 1793 415 1820 τοῦ
431 1793 518 1828 ἡλίου.
536 1793 607 1820 οὕτω
632 1796 679 1821 καὶ
691 1796 707 1829 ἡ
724 1795 842 1830 Χριστοῦ
862 1796 944 1822 εἰκὼν

152 1840 186 1874 τῇ
200 1839 366 1864 διατυπώσει
382 1838 432 1872 τῆς
453 1838 530 1873 ὕλης.

190 1886 244 1919 Οὐχ
259 1885 297 1916 ὡς
318 1885 397 1917 θεοὺς
423 1884 474 1916 τὰς
500 1885 609 1916 εἰκόνας
637 1885 855 1920 προσκυνοῦμεν,
883 1886 945 1913 οὐδὲ

153 1931 202 1963 τὰς
216 1932 326 1962 ἐλπίδας
341 1933 391 1967 τῆς
408 1931 545 1965 σωτηρῖας
561 1931 590 1956 ὲν
605 1931 701 1962 αὑταῖς
715 1932 825 1966 ἔχομεν,
840 1932 900 1958 οὐδὲ
915 1932 945 1958 τὺ

154 1978 226 2005 θεῖον
251 1978 332 2010 σέδας
363 1979 459 2010 αὑταῖς
479 1977 668 2012 ἀπονέμομεν,
692 1978 729 2009 ὡς
748 1979 773 2004 οί
810 1979 945 2013 Ἑλλήνων

154 2025 260 2057 παῖδες,
273 2025 341 2051 ἀλλὰ
357 2025 437 2059 μόνον
464 2025 514 2058 τὴν
529 2024 622 2058 σχέσιν
641 2023 690 2050 καὶ
707 2024 755 2058 τὴν
773 2025 885 2059 ἀγάπην
897 2026 946 2060 τῆς

154 2071 233 2106 ἡμῶν
245 2071 345 2106 ψυχῆς,
368 2073 401 2106 ἣν
418 2071 518 2107 ἔχομεν
540 2072 580 2102 εἰς
596 2071 629 2097 τὰ
645 2072 825 2106 πρωτότυπα,
840 2071 884 2098 διὰ
897 2072 946 2105 τῆς

154 2117 283 2150 τοιαύτης
300 2117 510 2151 προσκυνήσεως
531 2116 728 2150 ὲμῳανίζομεν.
741 2116 822 2142 Ὅθεν
838 2116 885 2142 τοῦ
900 2124 948 2150 χα-

158 2164 293 2198 ρακτῆρος
307 2163 444 2195 λυθέντος,
455 2164 491 2195 ὡς
507 2162 585 2196 ξύλον
598 2162 694 2197 ἀργὸν,
710 2162 760 2198 τήν
775 2170 841 2188 ποτε
859 2170 946 2188 κατα-

156 2211 270 2245 καίομεν
285 2210 389 2236 εἰκόνα.

430 2255 498 2289 Περί
522 2254 667 2288 σταιφοῦ.

191 2304 244 2329 ἠν
261 2302 307 2329 τοῦ
325 2301 443 2335 σταυροῦ
459 2301 544 2327 τύπον
560 2301 592 2327 ἐκ
618 2300 666 2327 δύο
693 2300 780 2333 ξύλων
796 2300 946 2327 συνάπτον-

155 2358 210 2381 τες,
228 2349 309 2384 ἡνίκα
332 2357 374 2380 τις
390 2348 456 2383 ἡμῖν
481 2347 535 2373 τῶν
562 2347 683 2373 ἀπίστων
706 2347 946 2381 ὲγκαλέσαιεν,ὼς

157 2395 234 2428 ξύλον
250 2393 446 2430 προσκυνοῦσι,
464 2392 603 2427 δυνάμεθα
619 2393 653 2419 τὰ
665 2392 711 2419 δύο
729 2392 796 2424 ξύλα
809 2391 945 2427 χωρίσαν-

156 2450 213 2473 τες,
228 2441 275 2467 καὶ
290 2440 335 2466 τὸν
348 2440 434 2466 τύπον
457 2438 502 2464 τοῦ
520 2438 636 2473 σταυροῦ
659 2438 847 2470 διαλύσαντες,
862 2437 946 2463 ταῦτα

157 2487 367 2523 νομίζεινβιργὲι
380 2487 458 2519 ξύλα,
475 2487 522 2512 καὶ
543 2486 590 2512 τὴν
612 2486 726 2512 ἄπιστον
744 2484 945 2520 ἐπιστομίζειν,

157 2536 198 2562 ὄτι
213 2536 242 2561 οὐ
260 2535 291 2561 τὸ
303 2533 380 2567 ξύλον
392 2553 399 2565 ,
420 2533 487 2559 ἀλλὰ
502 2532 546 2558 τὸν
562 2532 608 2559 τοῦ
635 2531 752 2566 σταυροῦ
767 2532 853 2557 τύπον
871 2531 947 2557 σεϐό-

159 2581 242 2615 μεοα.

194 2629 246 2655 Σὺν
263 2628 339 2662 φόϐῳ
354 2627 402 2654 καὶ
415 2625 529 2660 ἀληθείᾳ
550 2625 705 2660 προσιτέον,
724 2625 772 2651 καὶ
790 2633 946 2659 προσκυνη-

158 2676 218 2702 τέον
232 2674 279 2705 τὰς
290 2674 371 2708 ἁγίας
386 2673 508 2704 εἰκόνας,
524 2673 572 2698 καὶ
589 2672 750 2698 πιστευτέον
772 2671 852 2706 χάριν
871 2671 946 2697 θείαν

160 2720 302 2755 ἑπιψοιτᾷν
321 2721 348 2746 ὲν
360 2719 466 2750 αὑταῖς,
485 2716 622 2752 ἁγιασμοῦ
638 2717 831 2752 μεταδοτικήν.

171 2765 299 2799 Διαφορὰ
318 2764 377 2791 τῶν
391 2763 512 2792 σεπτῶν
525 2765 650 2791 εἰκόνων
668 2762 742 2796 πρὸς
757 2762 792 2788 τὰ
807 2762 927 2788 εἴδωλα.

201 2811 234 2837 'H
253 2811 387 2845 σεὸασμία
417 2810 500 2837 εἰκὼν
528 2810 596 2846 πρὸς
616 2810 646 2836 τὸ
667 2809 812 2844 βδελυκτὺν
838 2808 946 2834 εἴδωλον

161 2857 261 2890 ταύτην
274 2856 330 2891 ἔχει
341 2856 388 2891 τὴν
406 2855 550 2889 διαφορὰν,
567 2856 608 2881 ὅτι
624 2855 678 2880 τῶν
695 2854 745 2888 μὲν
766 2853 884 2880 εἰδώλων
914 2853 947 2878 τὰ

161 2902 325 2936 aperuit-J11:
340 2902 426 2937 ψευδῆ
441 2902 580 2936 τυγχάνει,
598 2901 667 2927 Οεῶν
684 2900 737 2934 γὰρ
759 2899 946 2932 ὲκτυπὼματα

994 1652 1063 1679 etin
1083 1653 1143 1687 ipso
1163 1652 1290 1681 subsistit
1303 1658 1333 1681 ut
1347 1653 1442 1681 umbra
1469 1655 1497 1681 in
1515 1661 1640 1689 corpore,
1655 1662 1670 1681 a
1685 1661 1740 1688 quo
1752 1656 1781 1681 et

994 1698 1068 1726 illam
1093 1700 1216 1734 separari
1236 1700 1408 1735 impossibile
1429 1705 1483 1733 est,
1509 1701 1573 1728 licet
1598 1701 1645 1728 illa
1671 1707 1780 1735 semper

994 1753 1049 1772 non
1067 1750 1188 1780 apparet.
1204 1745 1256 1773 Sed
1274 1747 1505 1781 quemadmodum
1523 1747 1619 1774 umbra
1635 1747 1782 1782 splendore

995 1791 1060 1818 solis
1072 1797 1196 1826 apparet,
1211 1792 1245 1819 ad
1260 1793 1385 1819 eumdem
1399 1793 1511 1820 modum
1529 1795 1556 1820 et
1569 1792 1672 1820 Christi
1688 1792 1795 1826 imago!

995 1838 1118 1864 matcrim
1131 1838 1305 1871 figuratione.

1031 1881 1089 1909 Non
1118 1886 1148 1909 ut
1164 1883 1230 1910 deos
1259 1882 1392 1916 imagines
1420 1881 1581 1913 adoramus,
1603 1888 1692 1916 neque
1707 1881 1733 1907 in
1748 1880 1783 1908 iis

996 1936 1073 1959 spem
1090 1929 1186 1956 salutis
1202 1929 1346 1960 habemus,
1360 1935 1449 1962 neque
1464 1927 1569 1955 cultum
1584 1927 1706 1954 divinum
1725 1926 1782 1953 illis

997 1974 1160 2010 prmbeiuus.
1175 1980 1205 2002 ut
1219 1974 1362 2010 gentilium
1378 1974 1447 2001 ﬁlii:
1466 1973 1514 2001 sed
1530 1973 1619 2001 solum
1638 1971 1724 1999 animi
1736 1979 1785 1999 no-

997 2020 1048 2047 stri
1063 2019 1189 2047 aﬂ‘ectum
1204 2025 1231 2047 et
1252 2020 1429 2052 charitatem,
1443 2027 1496 2054 qua
1513 2023 1674 2054 protolypos
1690 2025 1783 2053 prose~

997 2066 1119 2101 quimur,
1137 2065 1293 2100 hujusmodi
1312 2065 1472 2092 adoratioue
1493 2063 1677 2092 ostendimus.
1706 2062 1783 2090 Unde

997 2111 1156 2138 charactere
1180 2112 1281 2143 soluto,
1313 2115 1342 2138 ut
1368 2110 1617 2146 lignumotiosum,
1646 2110 1740 2142 talem,
1758 2110 1784 2137 si

997 2157 1108 2193 quando
1124 2158 1217 2190 fuerit,
1231 2157 1422 2186 eouihurimus
1437 2157 1595 2192 imaginem.

1323 2247 1362 2274 De
1375 2255 1462 2274 cruce.

1033 2295 1130 2324 Crucis
1149 2295 1264 2330 ﬁguram
1289 2302 1323 2322 ex
1348 2294 1456 2322 duobus
1472 2294 1555 2329 lignis
1574 2301 1783 2330 componentes,

997 2342 1020 2369 si
1037 2342 1145 2377 quando
1157 2341 1306 2368 inﬁdelium
1324 2341 1424 2376 aliquis
1441 2349 1489 2368 nos
1501 2342 1693 2375 reprehendat,
1707 2343 1782 2377 quod

997 2389 1101 2425 lignum
1119 2389 1284 2420 adoremus;
1301 2394 1458 2422 possumus,
1473 2388 1581 2415 duobus
1598 2387 1680 2423 lignis
1706 2396 1784 2422 sepa-

998 2436 1075 2466 ratis,
1093 2439 1120 2463 et
1136 2435 1229 2462 crucis
1247 2435 1332 2468 ﬁgura
1356 2433 1500 2465 dissoluta,
1517 2441 1548 2461 ea
1571 2433 1678 2460 inutilia
1709 2433 1780 2468 ligna

998 2486 1122 2511 censere,
1136 2482 1162 2505 ct
1172 2478 1288 2505 inﬁdelis
1304 2485 1335 2505 os
1350 2478 1503 2510 obstruere,
1516 2477 1588 2512 quod
1599 2485 1653 2504 non
1666 2478 1782 2512 lignum,

998 2526 1045 2554 sed
1063 2525 1154 2552 crucis
1174 2526 1287 2559 ligarant
1307 2532 1480 2552 veneremur.

1034 2617 1062 2644 lu
1077 2618 1174 2644 timore
1190 2621 1217 2644 et
1232 2616 1349 2643 veritate
1371 2623 1465 2643 sacras
1487 2614 1623 2648 imagines
1649 2612 1781 2640 accedere

997 2670 1024 2692 et
1047 2664 1165 2692 adorare
1185 2668 1302 2699 oportet,
1322 2667 1350 2690 et
1375 2662 1487 2689 credere
1516 2660 1637 2687 divinam
1665 2658 1780 2694 gratiam

998 2711 1052 2738 illis
1070 2712 1172 2743 inesse,
1183 2717 1243 2745 quae
1261 2707 1504 2737 sanctiticationem
1520 2705 1685 2740 impertitur.

999 2757 1037 2784 De
1056 2757 1207 2791 differentia
1237 2754 1447 2783 venerandarum
1475 2751 1622 2786 imaginum
1641 2750 1673 2776 ab
1690 2749 1781 2778 idolis.

1036 2803 1195 2830 Veneranda
1214 2802 1303 2836 imago
1317 2801 1351 2827 ab
1368 2797 1545 2827 abnmiuabili
1564 2796 1638 2824 idolo
1653 2796 1723 2823 hanc
1736 2796 1783 2822 ha-

999 2851 1044 2877 bet
1062 2846 1339 2881 diﬂ'ereutiam,quod
1355 2845 1465 2880 quidem
1483 2843 1618 2870 idolorum
1637 2846 1779 2877 prototypa

999 2901 1062 2924 sunt
1076 2896 1153 2927 falsa,
1168 2895 1280 2922 deorum
1298 2891 1370 2919 enim
1387 2890 1486 2925 ciligics
1500 2889 1572 2917 dicta
1589 2894 1670 2916 sunt:
1686 2896 1711 2915 at
1727 2895 1780 2915 non
