1939 3067
177 133 246 165 1’07

772 137 953 168 ΜᾹΤΤΗΕΙ
978 137 1024 167 ιιι.
1031 138 1148 169 ΛΞΤΑΒ
1155 140 1191 170 IS

1745 141 1814 174 1308

176 194 274 217 testate
290 197 352 218 cum
379 189 508 223 moritur,
522 190 623 226 quibus
642 190 700 219 vult
719 196 747 220 et
760 192 800 220 "ut.
827 194 897 226 vult,
924 193 964 220 illa

1023 195 1069 221 καὶ
1083 195 1122 227 ὡς
1138 195 1263 230 βούλεται
1282 197 1368 224 ταῦτα
1389 197 1564 232 καταλιπεῖν,
1577 197 1727 232 ὀρθοδόξοις
1749 198 1813 232 μέν-

175 235 344 270 relinquere,
371 234 454 262 modo
486 235 543 262 sint
570 236 716 264 orthodoxi
744 237 912 270 Christiani;
942 243 969 265 et

178 288 232 308 non
249 288 341 308 rerum
356 281 606 309 ecclesiasticarum
622 283 768 311 occasione
788 291 832 311 res
845 283 968 319 episcopi

174 326 352 359 intercidant,
368 327 415 361 qui
441 334 638 361 nonnunquam
668 337 785 356 uxorem
812 333 840 357 et
866 330 969 358 liberos

174 370 271 401 habet.
285 371 327 399 vel
342 376 486 406 cognatos,
505 377 552 400 aut
569 373 695 402 fatiittlos.
712 373 822 401 Juslum
840 375 912 402 enim
928 379 970 403 est

175 419 248 453 apud
264 418 348 447 Deum
364 424 391 447 et
403 420 539 452 homines,
563 424 594 447 ut
621 428 672 448 nec
696 421 812 448 ecclesia
837 421 967 449 damnum

171 466 307 501 percipiat
328 472 438 501 propter
454 467 575 502 episcopi
592 468 724 494 bonorum
744 468 943 502 ignorationem
959 477 967 501 ;

171 520 225 540 nec
244 513 401 547 episcopus,
416 513 460 540 vel
488 513 547 546 eius
567 514 647 549 127
662 514 773 548 cognati
803 522 894 542 rerum
923 523 970 543 cc-

173 557 264 584 clesi:e
293 558 439 586 occasione
462 558 563 587 damno
593 560 761 593 adiciantur,
786 569 847 596 quae.
873 560 968 589 forsan

175 603 328 630 debitorum
344 605 472 639 gravitati
493 605 616 641 subjecta
639 611 690 638 est,
710 611 737 634 et
755 607 780 633 in
807 608 915 642 negotia
941 612 969 635 et

175 647 236 674 lites
260 648 392 678 incidant.
418 655 446 677 et
469 651 530 685 ejus
550 655 667 678 mortem
694 652 849 680 maledictis
876 660 969 687 prose-

174 699 305 729 quantur.
319 695 377 723 Nisi
391 695 477 728 enim,
497 703 523 724 et
537 705 598 732 quae
622 703 685 725 ante
711 699 924 732 ordinationem,
942 704 970 727 et

173 749 236 776 quae
252 747 312 776 post
327 750 386 770 eam
415 744 447 770 ad
470 743 545 770 illum
570 744 691 779 legitime
711 745 900 780 pertinebant,
923 753 968 772 ra-

177 788 251 814 tione
272 788 407 822 probabili
433 789 578 817 manil'esta
610 790 711 824 faciat;
734 791 781 826 qui
816 795 878 826 post
905 799 967 818 cum

174 833 319 862 ordinatus
344 839 386 862 est
407 835 551 870 episcopus
578 837 670 863 omnia
691 837 752 872 ejus
775 838 848 865 bona
871 845 969 872 appre-

176 879 287 912 hendat,
301 879 455 908 debitorum
475 882 642 909 solutionem
662 883 775 917 qmninu
789 883 816 910 in
837 891 866 912 se
880 884 968 912 susci-

175 926 262 959 piens.

211 971 441 1007 Quadragesimus
458 975 564 1009 primus
579 975 627 1007 ait,
644 975 803 1010 episcopum
831 976 901 1004 bona
920 984 966 1004 cc-

174 1018 329 1046 clcsiastica
354 1020 565 1048 administrandi
599 1025 761 1056 potestatem
793 1022 914 1054 habere,
940 1026 966 1049 ct

174 1063 234 1098 ejus
245 1065 379 1092 arbitratu
399 1065 443 1092 illa
457 1066 623 1101 dispensari,
643 1067 768 1095 diaconis
783 1067 964 1095 ecclesiarum

175 1110 202 1136 in
220 1109 318 1137 virtute
334 1114 361 1138 et
393 1111 596 1140 existimatione
620 1112 691 1139 bona
714 1113 810 1140 electis
832 1118 965 1141 utentem.

176 1155 205 1182 Si
221 1156 292 1183 enim
322 1157 503 1192 pretiosarum
530 1163 555 1185 et
580 1157 778 1186 immortalium
807 1159 964 1187 animarum

175 1201 442 1229 administrationem
460 1209 656 1238 consequatur,
671 1205 757 1232 multo
773 1206 859 1241 magis
873 1214 965 1234 rerum

176 1247 359 1274 materialium
378 1252 405 1275 et
419 1249 639 1284 corruptibilium
654 1250 825 1285 dispensatio
842 1252 880 1279 illi
898 1260 965 1280 con-

173 1293 308 1320 crcdenda
320 1299 382 1327 est;
401 1299 430 1322 ut
450 1295 514 1327 illis,
535 1296 582 1331 qui
598 1302 688 1332 egent,
702 1301 730 1325 et
759 1297 900 1332 fratribus,
919 1300 965 1334 qui

172 1339 392 1372 peregrinantur,
410 1341 436 1367 in
452 1342 581 1370 omnibus
592 1343 650 1370 suis
668 1345 881 1372 necessitatibus
897 1345 965 1373 sub-

174 1385 319 1413 ministrct.
336 1387 421 1414 Porro
436 1391 463 1415 et
486 1396 552 1423 erga
568 1389 637 1417 alios
666 1389 828 1425 hospitalem
858 1397 966 1426 oportrt

173 1440 235 1459 esse
249 1433 430 1467 episcopum;
447 1439 475 1460 et
499 1442 594 1462 eorum
623 1435 788 1470 quibusdam
815 1437 851 1463 uti
868 1438 901 1464 ad
917 1446 965 1465 ne-

170 1481 308 1507 cessarios
326 1480 386 1514 ejus
405 1488 481 1512 usus,
491 1481 620 1509 alimenta
635 1482 739 1510 scilicet
754 1487 783 1510 et
797 1483 963 1511 vestimenta

172 1525 322 1552 secundum
349 1525 472 1553 divinum
497 1527 680 1560 Apostolutn;
703 1536 756 1555 non
779 1529 904 1564 equidem
929 1529 962 1556 ad
977 1537 1000 1568 ε

172 1570 285 1598 delicias
325 1571 389 1598 vitae
414 1577 441 1599 et
463 1572 605 1600 mollitiem
633 1579 660 1600 et
687 1581 909 1609 supervacaneos
937 1580 963 1603 et

172 1617 284 1645 inutiles
300 1617 447 1653 appetitus;
464 1618 676 1648 Slatuitetenim
692 1620 745 1654 lex,
764 1625 794 1648 ut
810 1621 857 1656 qui
884 1621 963 1649 altari

171 1663 306 1694 assident,
328 1672 362 1690 ex
390 1664 468 1692 altari
494 1665 624 1700 alantur;
664 1666 887 1702 quandoquidem
914 1674 964 1694 nec

170 1709 249 1736 miles
272 1717 392 1744 unquam
420 1711 537 1745 propriis
569 1712 727 1747 sumptibus
757 1713 889 1741 adversus
912 1713 963 1741 lio-

168 1759 229 1783 stes
254 1763 330 1783 arma
347 1763 494 1790 capessere
507 1762 622 1792 paratus
646 1758 692 1786 δίι.

207 1893 264 1922 ﬂos
279 1895 349 1923 duos
361 1895 526 1930 apostolicos
538 1903 660 1924 canones
673 1896 851 1924 Antioalicnte
865 1897 963 1932 synodi

168 1941 320 1969 vicesimus
331 1947 446 1977 quartus
457 1947 482 1970 et
494 1943 608 1978 quintus
622 1947 780 1978 sequentes.
794 1944 888 1970 eadem
901 1951 962 1971 cum

126 2003 128 2006 ν
167 1987 215 2015 this
227 1987 388 2019 decernunt,
398 1994 426 2015 et
438 1989 571 2023 adjiciunt
582 1998 588 2016 :
601 1989 630 2016 Si
645 1989 686 2017 eis
698 1989 819 2024 quidem,
831 1997 892 2024 quae
907 1989 965 2016 suf-

168 2033 280 2064 vliciunt.
292 2035 437 2070 episcopus
459 2035 549 2062 vivere
572 2043 628 2063 non
646 2036 859 2070 persuadeatur,
875 2043 964 2070 neque

166 2086 204 2106 ex
222 2087 317 2107 eorum
329 2081 474 2112 Sententia,
488 2082 534 2116 qui
552 2081 579 2108 in
591 2081 665 2108 clero
685 2082 826 2108 constituti
837 2086 910 2113 sunt,
926 2089 966 2109 re-

172 2132 232 2151 rum
245 2125 494 2153 ecclesiasticarum
506 2126 613 2154 reditus
630 2126 834 2158 administrare,
847 2131 874 2153 et
890 2134 965 2154 sum-

170 2176 234 2205 ptus
250 2171 369 2207 denique
389 2181 440 2207 qua
456 2173 562 2200 ratione
576 2177 684 2208 oportet
697 2172 802 2206 facere;
818 2172 866 2200 sed
881 2173 962 2200 etiam

171 2218 298 2251 cognatis
315 2218 373 2245 suis
389 2218 500 2245 illorum
516 2219 784 2246 administrationem
802 2219 961 2254 relinquens

169 2263 198 2290 in
213 2264 336 2298 proprios
351 2272 419 2292 usus
434 2265 565 2299 majorem
594 2270 697 2299 partem
713 2264 867 2296 convertit,
893 2264 962 2292 adeo

167 2311 281 2338 utclam
295 2311 490 2340 detrimentum
508 2313 617 2347 capiant
639 2321 730 2340 rerum
759 2313 962 2341 ecclesiastica-

166 2366 230 2384 rqu
255 2359 392 2386 rationes:
416 2359 522 2393 justum
554 2364 648 2392 esset,
680 2364 710 2387 ut
737 2359 784 2387 illo
811 2360 962 2395 provinciae

166 2404 287 2441 synodo,
300 2410 430 2439 tanquam
459 2405 631 2436 ealculatori.
660 2406 707 2441 qui
731 2406 821 2441 decipi
854 2407 960 2441 nequit,

167 2439 419 2479 administrationis
440 2452 573 2479 rationem
591 2452 699 2480 reddat.
721 2452 750 2480 Si
781 2460 845 2479 vero
866 2459 962 2480 rursus

167 2497 316 2531 cpiscopus
334 2497 517 2530 insimuletur,
540 2503 567 2526 et
590 2499 711 2534 quicum
737 2499 784 2526 illo
809 2503 874 2526 sunt
899 2506 962 2533 pre-

168 2543 281 2577 sbyteri,
298 2544 370 2575 quod
390 2544 460 2571 bona
489 2545 674 2573 ecclesiastica
700 2545 752 2572 sibi
768 2544 844 2580 ipsis,
863 2549 889 2571 et
907 2552 960 2572 non

168 2590 208 2616 nti
226 2589 315 2622 decet,
335 2597 466 2625 erogant;
497 2599 531 2619 ex
556 2599 612 2627 quo
638 2598 774 2626 pauperes
798 2591 962 2618 necessariis

166 2637 291 2665 destituti
324 2638 457 2666 subsidiis
486 2643 617 2672 careant,
645 2637 759 2665 infamia
790 2645 854 2665 vero
891 2637 962 2664 male

169 2688 254 2719 gesta
267 2692 358 2712 rerum
386 2685 632 2716 administrationi,
662 2689 689 2711 et
704 2684 766 2716 illis,
790 2684 836 2718 qui
854 2691 901 2710 cas
914 2683 962 2710 ad-

169 2726 355 2763 ministrant,
385 2731 542 2758 adhaereat:
576 2731 634 2757 lucc
663 2729 746 2757 etiam
779 2730 959 2765 conﬁgantur,

168 2777 274 2810 synodo
301 2776 376 2811 quod
396 2784 505 2811 aequum
522 2781 565 2804 cst
590 2776 760 2811 exploranle.
785 2776 882 2810 Qna'rc
903 2782 928 2804 et
945 2776 962 2804 ι

167 2826 250 2854 caput
261 2822 354 2849 litterae
365 2824 395 2849 Δ.

1020 249 1060 267 τοι
1075 242 1258 276 Χριστιανοῖς·
1275 244 1322 270 καὶ
1335 244 1374 279 μὴ
1388 245 1525 280 προφάσει
1558 245 1612 272 τῶν
1637 246 1688 281 τῆς
1713 244 1814 279 ἔκκλη-

1022 287 1082 319 σίας
1110 289 1281 324 πραγμάτων
1304 290 1473 318 ἀπόλλυσθαι
1503 291 1538 318 τὰ
1573 291 1621 317 eo":
1647 291 1811 324 ιπισκόπου,

1020 335 1138 368 γυναῖκα
1150 336 1197 361 καὶ
1210 336 1309 367 παῖδας
1329 336 1385 362 ἔσθ’
1410 337 1455 363 ὅτε
1472 338 1657 373 κεκτημένου,
1672 337 1689 372 ἦ
1711 345 1811 370 συγγε-

1020 382 1086 412 νεῖς,
1105 381 1120 417 ἢ
1138 381 1247 414 οἰκέτας
1259 392 1265 397 ·
1280 383 1385 410 δίκαιον
1400 385 1454 418 γὰρ
1470 383 1547 418 παρὰ
1562 384 1621 418 Θεῷ
1641 384 1688 410 καὶ
1704 383 1810 418 ἀνθρώ.

1022 435 1082 458 ποις
1114 428 1185 461 μήτε
1210 428 1260 463 τὴν
1283 429 1432 463 ἐκκλησίαν
1457 429 1623 464 ζημιοῦσθαι
1641 430 1737 464 ἀγνοίᾳ
1759 431 1811 455 τῶν

1020 472 1066 498 τοῦ
1082 473 1231 500 ἐπισκόπου
1263 475 1448 510 πραγμάτων,
1467 477 1536 511 μήτε
1562 475 1608 502 τὸν
1630 476 1778 502 ἐπίσκοπον
1795 475 1812 509 ἢ

1019 518 1082 549 τοὺς
1095 518 1176 545 αὑτοῦ
1190 521 1342 553 συγγενεῖς,
1352 521 1491 556 προφάσει
1505 522 1558 549 τῶν
1584 521 1633 556 τῆς
1650 521 1811 556 ἐκκλησίας,

1020 562 1124 598 ζημίαν
1146 564 1304 599 ὑπομένειν,
1320 566 1399 601 βάρει
1413 567 1502 602 χρεῶν
1525 567 1590 598 ἴσως
1614 566 1812 601 ὑποκειμένης.

1020 608 1068 634 καὶ
1081 610 1121 640 εἰς
1133 609 1287 644 πράγματα
1301 610 1407 642 τούτοις
1435 612 1633 646 ἐμπίπτοντας.
1663 611 1702 646 τῷ
1728 610 1812 637 αὑτοῦ

1020 652 1244 688 διαλοιδορεῖσθαι
1264 655 1382 689 θανάτῳ.
1412 656 1443 682 El
1456 657 1508 691 γὰρ
1524 655 1562 691 μὴ
1576 656 1644 691 δῆλα
1659 656 1693 682 τά
1708 664 1737 681 τε
1758 655 1812 690 πρὸ

1020 697 1069 733 τῆς
1083 699 1259 733 χειροτονίας,
1276 701 1367 727 καὶτὰ
1381 703 1453 736 μετὰ
1466 702 1569 737 ταύτην
1596 702 1671 735 αὐτῷ
1700 702 1810 737 περιελο

1021 744 1113 776 Θόντα,
1125 744 1155 776 ἐξ
1169 745 1260 777 αίτίας
1273 747 1457 782 εὐπροσώπου
1474 748 1630 783 ποιήσαιτο,
1648 748 1703 774 τῶν
1727 747 1810 774 αὑτοῖν

1021 790 1131 816 πάντων
1145 790 1158 816 6
1172 792 1231 825 μετ’
1243 792 1324 819 αὐτὸν
1338 793 1542 828 χειροτονηθεὶς
1564 793 1717 826 ἀνθέξεται,
1743 795 1812 820 ἀνα.-

1020 837 1178 872 δεδεγμένος
1192 839 1301 871 πὰντως
1326 841 1372 866 καὶ
1385 840 1433 876 τὴν
1443 841 1497 867 τῶν
1509 841 1598 876 χρεῶν
1611 841 1726 868 ἔκτισιν.

1112 970 1140 996 δὲ
1164 979 1202 1005 μα
1247 971 1293 998 τὸν
1327 971 1478 998 ἐπίσκοπον
1506 971 1556 1006 τὴν
1581 971 1705 1003 ἐξουσίαν
1738 970 1810 1005 ἔχειν

1017 1016 1072 1042 τῶν
1086 1016 1136 1051 τῆς
1158 1016 1307 1051 ἐκκλησίας
1331 1017 1471 1043 ἐπιτάττει
1481 1017 1664 1052 πραγμάτων,
1678 1016 1726 1043 καὶ
1740 1016 1810 1042 κατὰ

1017 1059 1066 1094 τὴν
1082 1059 1166 1086 αὑτοῦ
1178 1059 1265 1087 ταῦτα
1277 1061 1440 1088 διοικεῖσθαι
1451 1062 1578 1096 γνώμην,
1591 1062 1729 1093 διακόνοις
1738 1060 1811 1095 χρώ-

1019 1114 1099 1140 μενον
1112 1106 1167 1133 τῶν
1181 1106 1321 1142 κληρικῶν
1344 1109 1402 1139 τοῖς
1425 1108 1625 1142 ὲξειλεγμένοις
1654 1108 1696 1134 ἐπ’
1724 1108 1808 1142 ἁρετῇ

1018 1152 1065 1179 καὶ
1085 1153 1219 1188 ὑπολήψει
1241 1155 1358 1190 χρηστῇ,
1379 1153 1410 1181 El
1426 1154 1480 1190 γὰρ
1495 1154 1550 1181 τῶν
1569 1154 1668 1188 τιμίω)
1682 1155 1729 1180 καὶ
1743 1154 1810 1180 ἀθα-

1017 1200 1105 1226 νάτων
1127 1199 1222 1234 ψυχῶν
1250 1201 1451 1236 ἐπιτέτραπται
1479 1201 1529 1236 τὴν
1555 1201 1700 1234 διοίκησιν,
1719 1198 1809 1235 πολλῷ

1017 1255 1048 1280 γε
1065 1246 1098 1281 δὴ
1114 1247 1275 1273 πιστευτέον
1287 1247 1362 1282 αὑτῴ
1380 1247 1429 1282 τὴν
1442 1247 1496 1273 τῶν
1512 1247 1612 1273 ὑλικῶν
1624 1256 1653 1273 τε
1667 1247 1714 1273 καὶ
1731 1246 1808 1281 φθει-

1018 1293 1152 1328 ρομένων,
1168 1293 1240 1320 ὥστε
1255 1295 1384 1329 χορηγεῖν
1407 1293 1495 1321 ταῦτα
1513 1295 1570 1325 τοῖς
1599 1294 1739 1328 δεομένοις
1762 1295 1810 1320 καὶ

1016 1341 1071 1370 τοῖς
1084 1339 1308 1374 ἐπιξενουμένσις
1328 1339 1383 1366 τῶν
1398 1339 1532 1375 ἀδελφῶν,
1555 1340 1603 1366 καὶ
1630 1339 1744 1375 μηδενὸς
1767 1341 1809 1366 ὲν-

1015 1385 1084 1416 δ.ὦς
1098 1385 1209 1420 ἔχοντας
1225 1386 1359 1421 καθιστᾷν
1373 1393 1381 1400 ’
1416 1387 1520 1413 ὲπείτοι
1542 1395 1574 1419 γε
1595 1387 1643 1413 καὶ
1669 1386 1810 1420 ςιλόξειιον

1015 1427 1086 1456 εἶναι
1106 1431 1147 1457 δεῖ
1160 1430 1205 1457 τὸν
1217 1430 1367 1458 ἐπίσκοπον
1381 1432 1450 1466 πρὸς
1470 1433 1526 1463 τοῖς
1559 1432 1668 1463 ἄλλοις·
1687 1431 1809 1466 χρῆσθαι

1015 1475 1043 1501 δέ
1056 1484 1111 1502 τισι
1128 1476 1232 1503 τούτων
1249 1478 1295 1502 καὶ
1311 1477 1410 1508 εἰςτὰς
1426 1477 1578 1510 ἀναγκαίας
1600 1476 1682 1503 αὐτοῦ
1699 1476 1806 1511 χρείας,

1017 1522 1165 1557 διατροφάς
1182 1532 1222 1554 τε,
1251 1523 1334 1558 φημὶ,
1364 1523 1412 1550 καὶ
1441 1523 1636 1558 σκεπάσματα,
1662 1523 1735 1550 κατὰ
1761 1523 1809 1549 τὸν

1017 1571 1088 1598 θεῖον
1105 1570 1268 1597 Ἀπόστολον
1279 1578 1286 1586 ⁸
1299 1569 1330 1596 οὐ
1341 1570 1394 1605 μὴν
1406 1570 1447 1602 είς
1469 1570 1575 1604 τρυφὰς
1590 1570 1638 1596 καὶ
1666 1569 1807 1604 βλακείας,

1015 1619 1063 1646 καὶ
1081 1618 1215 1653 περιττὰς
1236 1617 1341 1653 ὀρέξεις
1357 1617 1403 1644 καὶ
1424 1617 1566 1651 ἀνοήτους.
1596 1617 1651 1642 Καὶ
1664 1616 1742 1650 γὰρό
1766 1615 1810 1641 νό-

1017 1675 1066 1701 μος
1082 1665 1235 1698 διετάξατο,
1250 1665 1315 1696 τοὶς
1345 1663 1383 1700 τῷ
1414 1663 1603 1699 θυσιαστηρίῳ
1638 1662 1789 1698 προσεδρεύ

1014 1720 1093 1743 οντας
1128 1713 1160 1738 ἐκ
1195 1711 1247 1737 ίτοῦ
1287 1710 1486 1746 θυσιαστηρίου
1529 1710 1698 1745 τρέφεσθαιο
1732 1709 1792 1735 ἐπεί

1016 1766 1068 1792 περ
1100 1757 1162 1784 οὐδὲ
1201 1756 1373 1791 στρατιώτης
1397 1755 1532 1791 δήπουθεν
1575 1755 1650 1786 ἰδίοις
1681 1754 1805 1789 ὀψωνίοις

1014 1804 1085 1831 ὅπλα
1113 1803 1185 1830 κατὰ
1216 1803 1271 1831 τῶν
1304 1802 1442 1837 πολεμίων
1474 1801 1591 1838 ἄρασθαι
1626 1801 1804 1836 προθυμηθή-

1015 1857 1103 1877 σεται.

1050 1897 1114 1928 Τοῖς
1128 1896 1188 1923 δυσῖ¹
1201 1895 1307 1927 τούτοις
1318 1895 1513 1928 ἀποστολικοῖς
1543 1895 1654 1922 κανόσιν
1679 1895 1807 1930 ἑπόμενοι

1015 1943 1029 1969 ὃ
1045 1951 1074 1968 τε
1090 1942 1130 1969 κδ’
1148 1942 1196 1968 καὶ
1212 1943 1226 1968 6
1251 1940 1292 1968 κε’
1306 1942 1357 1976 τῆς
1383 1943 1412 1968 ὲν
1438 1941 1593 1977 Ἀντιοχείᾳ
1619 1941 1742 1973 συνόδου,
1772 1941 1807 1967 τὰ

1016 1988 1088 2016 αὑτὰ
1105 1988 1170 2022 περὶ
1187 1987 1240 2014 τῶν
1255 1988 1346 2014 αὐτῶν
1375 1988 1492 2020 ἐκείνοις
1526 1987 1736 2022 ὲπιψηφίζουσι,
1759 1987 1808 2013 καὶ

1015 2033 1170 2068 ἐπάγουσιν
1185 2041 1191 2048 ·
1210 2034 1259 2061 'Av
1272 2034 1301 2060 δὲ
1313 2035 1370 2065 τοῖς
1397 2033 1557 2068 ἀποχρῶσιν
1571 2033 1585 2059 ὁ
1602 2034 1752 2064 ἐπίσκοπος
1769 2034 1806 2068 μὴ

1016 2079 1128 2114 αἱρῆται
1153 2078 1259 2113 βιῶναι,
1282 2081 1350 2114 μήτε
1364 2079 1419 2114 μὴν
1432 2080 1535 2115 είδήσει
1552 2080 1605 2106 τῶν
1615 2079 1644 2105 ὲν
1660 2079 1698 2114 τῷ
1714 2079 1807 2114 κλήρῳ

1015 2127 1065 2157 τὰς
1094 2126 1242 2161 προσόδους
1270 2126 1326 2153 τῶν
1364 2128 1413 2161 τῆς
1451 2125 1598 2160 ἐκκλησίας
1635 2126 1806 2160 πραγμάτων

1016 2172 1199 2206 εἰσδέχεσθαι,
1218 2172 1267 2198 καὶ
1282 2171 1331 2206 τὴν
1340 2172 1477 2206 χορηγίαν
1506 2168 1616 2208 αὖθιςῇ
1634 2170 1693 2197 δέον
1721 2172 1807 2197 ποιεῖ-

1014 2218 1077 2244 σθαι
1098 2226 1105 2233 ·
1121 2218 1152 2244 οὐ
1171 2218 1226 2253 μὴν
1245 2217 1312 2244 ἀλλὰ
1325 2219 1374 2244 καὶ
1388 2218 1445 2249 τοῖς
1457 2217 1532 2252 γένει
1550 2218 1720 2252 προσήκουσι
1735 2217 1806 2244 διαι-

1013 2267 1110 2300 τηταῖς
1126 2267 1231 2292 τούτων
1246 2265 1399 2300 χρώμενος.
1427 2266 1468 2297 είς
1500 2266 1605 2296 οἰκείας
1634 2265 1748 2300 ἐκφέρει
1772 2265 1805 2292 τὰ

1013 2311 1099 2338 πλείω
1115 2312 1221 2346 χρείας,
1237 2311 1275 2343 ὼς
1299 2311 1451 2346 λεληθότως
1470 2311 1637 2346 βλάπτεσθαι
1666 2311 1730 2342 τοὺς
1761 2313 1806 2338 λο-

1013 2357 1132 2392 γισμοὺς
1150 2357 1205 2383 τῶν
1220 2358 1395 2392 πραγμάτων
1430 2357 1481 2391 τῆς
1510 2357 1668 2391 ἐκκλησίας,
1690 2356 1806 2387 εὐθύνας

1014 2404 1047 2431 ἂν
1062 2403 1105 2439 εἴη
1131 2403 1233 2434 δίκαιος
1251 2403 1393 2438 ὑποσχεῖν,
1410 2400 1456 2430 οἷα
1477 2402 1615 2436 λογισταῖς
1636 2403 1806 2436 ἁπαραλογί-

1014 2451 1141 2485 στοις,τῇ
1157 2449 1261 2484 συνόδῳ
1274 2450 1322 2484 τῆς
1335 2450 1481 2484 ἐπαρχίας.
1496 2449 1527 2475 Et
1541 2449 1563 2475 δ’
1575 2448 1653 2480 αὖθις
1663 2450 1677 2475 ὁ
1692 2449 1804 2474 ὲπίσκο·

1013 2505 1062 2527 πος
1077 2496 1263 2527 διαδάλλοιτο,
1287 2495 1334 2521 καὶ
1347 2496 1371 2521 οί
1391 2495 1439 2522 σὺν
1456 2494 1530 2529 αὺτῷ
1557 2493 1750 2529 πρεσδύτεροι,
1768 2493 1806 2524 ὡς

1013 2541 1047 2569 ἂν
1072 2541 1108 2568 τὰ
1134 2542 1183 2574 τῆς
1200 2541 1351 2575 ἐκκλησίας
1369 2541 1409 2571 εἰς
1426 2541 1540 2572 ἑαυτοὺς
1565 2541 1612 2567 καὶ
1643 2540 1694 2566 οὐκ
1717 2541 1758 2570 εις
1776 2540 1806 2566 τὸ

1014 2589 1073 2615 δέον
1089 2587 1274 2618 δαπανῶντες,
1290 2587 1328 2618 ὡς
1349 2586 1492 2613 θλίϐεσθαι
1529 2586 1578 2621 μὲν
1604 2585 1668 2617 τοὺς
1686 2586 1806 2620 πένητας

1015 2634 1052 2669 μὴ
1066 2633 1099 2659 τὰ
1116 2632 1184 2667 πρὸς
1201 2632 1299 2667 χρείαν
1325 2632 1537 2667 ποριζομένους,
1571 2630 1750 2666 βλασφημίαν
1777 2629 1806 2656 δὲ

1013 2681 1051 2715 τῷ
1063 2689 1093 2706 τε
1108 2679 1233 2714 λογισμῷ
1254 2679 1309 2705 τῶν
1339 2678 1513 2714 πραγμάτων
1546 2677 1596 2704 καὶ
1631 2677 1688 2708 τοῖς
1719 2676 1808 2703 ταῦτα

1013 2725 1146 2753 διοικοῦσι
1176 2724 1403 2761 προστρίϐεσθαι,
1431 2725 1480 2751 καὶ
1508 2723 1595 2751 ταῦτα
1634 2722 1806 2757 διορθώσεως

1014 2771 1185 2806 τυγχανέτω,
1216 2772 1247 2798 τὸ
1287 2770 1394 2806 πρέπον
1425 2770 1475 2805 τῆς
1515 2769 1598 2803 ἁγίας
1640 2769 1807 2803 δοκιμαζοὺ-

1015 2825 1066 2852 σης
1111 2816 1232 2844 συνόδου.
1275 2816 1357 2852 Ζήτει
1394 2816 1440 2842 καὶ
1478 2815 1507 2842 τὸ
1533 2814 1553 2840 δ’
1588 2814 1685 2849 κεφά).
1719 2814 1764 2840 tu]
1788 2815 1805 2839 Δ

1015 2863 1159 2899 στοιχείου.
