1939 3067
98 133 101 139 ,
139 98 207 131 1327

737 100 873 130 ΜΛΤΤΗ
880 99 925 130 ίΕῙ
946 100 1090 130 BLASTA
1097 99 1159 129 MS

1699 95 1769 128 1328

134 159 250 186 viviticee
270 158 361 187 crucis
376 158 473 194 figura,
487 166 536 194 per
551 166 649 186 manus
663 159 724 195 ejus
737 159 783 194 qui
812 164 923 194 pactum

998 161 1027 187 αὶ
1041 158 1176 191 ζωοποιοῦ
1201 156 1319 192 σταυροῦ
1339 156 1424 188 τύπος
1438 156 1481 183 διὰ
1499 156 1592 191 χειρὸς
1612 156 1659 182 τοῦ
1675 156 1770 183 συνθε-

103 214 112 221 τε
138 206 210 238 iniit,
227 205 361 239 signatur,
382 205 461 232 debet
484 205 592 231 firmum
610 210 637 232 et
655 205 827 233 immutabile
855 212 926 237 esse,

139 253 201 280 licet
217 253 365 280 constituta
390 258 469 287 ptena
486 258 539 279 non
557 251 592 279 sit
606 251 755 279 ﬁrmatum.

172 342 258 370 Nemo
271 349 320 377 per
337 341 422 368 Deum
436 341 534 376 jurans
549 340 736 376 periclitatur;
768 349 831 368 nam
861 341 928 368 satis

137 388 235 415 fortem
259 387 394 415 vindicem
422 387 507 414 Deum
541 387 624 413 habet
650 386 928 421 jusjurandum;qui

136 441 202 461 vero
220 440 282 460 cum
299 433 451 460 temeritate
465 431 556 466 aliqua
576 439 624 466 per
639 432 830 467 imperatorem
852 431 928 466 jura-

136 479 218 512 verit,
228 478 334 506 veniam
347 478 543 512 consequitur;
563 477 608 504 sed
625 477 671 512 qui
697 477 722 503 in
744 477 930 512 persolutioue

137 533 186 561 per
214 526 405 560 imperatorem
429 523 549 558 j-ejerat,
566 530 660 557 poenas
689 523 746 556 dat,
770 526 797 549 et
820 523 928 558 propria

135 572 326 607 jurisdictione
345 569 455 602 excidit,
471 573 497 596 et
509 567 620 595 infamia
639 572 759 596 notatur.

175 618 205 646 ln
225 617 317 646 dubiis
332 616 418 644 rebus
435 615 598 650 soletjudex
612 614 807 650 jusjurandum
827 615 928 648 allega-

139 673 179 697 re,
189 668 216 690 et
230 663 267 691 ita
276 663 412 697 judicare.

169 710 248 744 136
259 708 330 735 Bene
338 707 434 742 allego,
452 713 500 741 per
518 705 633 734 salutem
645 709 718 733 tuam
741 706 858 740 jurasse.
868 705 931 732 0m-

139 765 174 784 ne
184 756 256 782 enim
267 755 416 790 legitimum
426 760 457 779 ex
471 752 826 787 inductionejusjurandum
835 760 930 780 scrva-

140 807 196 834 tur,
212 800 319 835 etquod
333 800 396 835 quis
413 799 517 834 juravit
539 799 689 826 secundum
706 800 842 834 propriam
866 798 930 826 reli—

985 206 1066 240 μένου
1079 205 1155 235 αὐτὸ.
1171 203 1245 239 ἔχειν
1256 203 1358 238 ὀφείλει
1373 204 1403 230 τὸ
1418 203 1529 238 ἰσχυρὸν
1545 203 1591 229 καὶ
1603 202 1771 237 ἀμετάπτω-

981 259 1037 278 τον.
1057 250 1082 276 εἰ
1103 250 1150 276 καὶ
1179 249 1436 284 κατησφαλισμένον
1451 248 1501 275 οὐκ
1521 247 1579 274 ἔστι
1593 248 1638 274 διὰ
1663 247 1772 283 προστί-

983 304 1046 330 μου.
1106 307 1115 321 ι.

1017 340 1111 372 Οὐδεὶς
1127 341 1198 367 κατὰ
1214 340 1281 367 Θεοῦ
1304 340 1407 376 ὀμόσας
1424 340 1593 366 κινδυνεύει·
1610 340 1701 367 lxava
1715 340 1771 375 γὰρ

981 388 995 414 ὀ
1009 388 1089 422 ὅρκος
1105 388 1225 422 τιμωρὸν
1240 386 1298 422 ἔχει
1316 387 1346 413 τῖι
1359 387 1436 413 Θεῖον
1447 394 1454 401 ·
1471 387 1484 414 ὁ
1499 387 1527 413 δὲ
1547 387 1617 413 κατά
1636 386 1770 420 βασιλέως

981 434 1083 468 ὀμόσας
1097 434 1168 461 κατά.
1184 442 1246 460 τινα
1265 434 1421 468 θερμότητα
1443 434 1645 467 συγχωρείται’
1671 431 1741 467 πλὴν
1759 433 1773 459 ὁ

983 480 1012 505 ὲν
1024 479 1146 506 διαλύσει
1159 479 1299 515 ἐπιορκῶν
1309 480 1381 506 κατὰ
1396 479 1443 505 τοῦ
1457 478 1590 514 βασιλέως
1614 478 1644 505 τὸ
1657 479 1772 514 πρόστι-

986 534 1036 560 μον
1062 526 1167 560 δίδωσι,
1199 526 1245 553 καὶ
1272 526 1399 552 ἐκπίπτει
1415 525 1464 561 τῆς
1482 525 1551 557 ἰδίας
1573 524 1697 559 ἀγωγῆς,
1725 525 1774 552 καὶ

983 571 1140 604 άτιμοῦται,

1024 617 1069 643 Ἐν
1085 618 1138 648 τοῖς
1157 617 1320 652 ἀμφιὸόλοις
1337 617 1433 644 εῐωθεν
1450 618 1463 644 ὁ
1483 617 1614 653 δικαστὴς
1629 618 1773 654 ἐπιφέρειν

982 661 1076 697 ὅρκον,
1092 665 1140 690 καὶ
1151 664 1224 690 οὕτω
1240 664 1422 700 ψηφίζεσθαι.

1019 709 1121 740 Καλῶς
1135 710 1260 745 ὲπιῳέρω
1280 719 1320 736 σοι
1341 710 1413 737 κατὰ
1426 710 1475 745 τῆς
1495 711 1633 747 σωτηρίας
1647 720 1694 738 σου
1709 712 1776 747 ὀμό-

986 764 1050 782 σαι·
1064 756 1120 787 πᾶς
1137 755 1191 790 γὰρ
1205 756 1315 790 θεμιτὺς
1333 756 1364 787 ἐξ
1378 757 1526 791 ἐπαγωγῆς
1542 758 1623 791 ὅρκος
1639 758 1775 791 φυλάττε-

984 809 1039 833 ται,
1053 801 1101 828 καὶ
1114 801 1142 828 ὄν
1163 810 1205 832 τις
1221 802 1308 838 ὀμόσῃ
1332 802 1403 829 κατὰ
1419 803 1468 838 τὴν
1493 803 1561 830 ἰδίαν
1579 804 1747 838 θρησκείαν·
1762 805 1776 830 ὀ

141 847 248 881 gionem
265 854 272 872 :
288 845 361 880 quod
375 849 466 872 autem
478 844 507 871 ﬁt
518 852 565 879 per
579 844 747 872 insinceram
766 845 928 880 religionem

998 848 1010 874 ἐ
1027 846 1097 874 κατὰ
1112 847 1243 883 ἀδοκίμου
1268 849 1419 883 θρησκείας
1434 849 1555 883 γεγονὼς
1577 850 1658 884 ὅρκος
1674 850 1705 876 οὐ
1721 858 1774 885 φυ-

138 892 345 928 jusjnrandum,
363 899 417 918 non
435 895 572 919 servatur.

176 939 226 973 Qui
243 947 274 966 ex
290 938 414 972 judiciali
431 937 576 971 electione,
588 938 629 966 vel
645 937 794 966 adversarii
811 938 936 973 postula-

141 987 217 1014 ti0ne
230 985 423 1020 jusjurandum
440 984 467 1010 in
489 983 608 1012 ecclesia
634 984 718 1017 subit,
749 984 935 1012 sacrosanctis

141 1033 222 1060 tactis
236 1039 319 1060 manu
340 1030 506 1066 Evangeliis,
518 1031 540 1058 si
559 1031 674 1066 posthac
688 1031 826 1066 peierasse
843 1031 936 1058 convi-

141 1084 203 1107 ctus
223 1077 316 1110 fuerit,
329 1077 420 1112 lingua
436 1076 569 1111 privetur.
584 1075 657 1104 Idem
672 1081 699 1104 et
709 1076 742 1104 de
753 1077 930 1111 martyribus.

172 1168 374 1203 Jusjurandum
391 1173 434 1196 est
454 1167 542 1196 oratio
555 1171 668 1202 propter
692 1174 769 1194 suam
790 1167 934 1194 veritatem

138 1216 224 1245 .ﬁdem
245 1215 360 1243 faciens.

216 1281 294 1309 CAP.
311 1281 432 1308 XXXIII.
447 1281 483 1308 De
500 1281 629 1309 tutoribus
643 1286 667 1308 et
682 1281 863 1309 curatoribus.

183 1360 292 1389 Tertius
307 1366 417 1396 quartae»
426 1360 522 1396 synodi
547 1368 634 1388 canon
653 1361 769 1389 clericos
784 1361 826 1389 vel
842 1369 936 1389 mona-

146 1409 212 1436 chos
224 1412 334 1443 propter
347 1412 425 1442 turpe
444 1407 556 1442 aliquod
576 1407 684 1434 Iucrum
701 1408 805 1435 alienas
828 1415 936 1441 posscs-

146 1456 238 1483 siones
254 1455 407 1482 conducere
424 1454 581 1489 prohibuit;
596 1454 668 1490 quod
688 1458 740 1486 est,
756 1461 800 1481 res
824 1454 936 1482 saecula-

148 1510 191 1530 res
212 1507 339 1533 tractare,
358 1501 448 1528 divina
479 1501 609 1536 mysteria
636 1497 768 1535 neglectui
783 1500 935 1528 habentes:

138 1548 199 1576 .nisi
220 1548 254 1575 ad
278 1547 460 1574 inevitabilem
479 1546 649 1581 impuberum
672 1546 783 1573 tutelam
801 1554 815 1573 a
834 1546 938 1580 legibus

138 1599 259 1622 avocetur
275 1594 392 1628 aliquis;
415 1593 605 1627 impulieribus
619 1592 691 1620 enim
707 1597 810 1620 tutores
823 1593 938 1625 dantur,

137 1640 301 1670 ,minoribus
339 1644 430 1666 autem
459 1643 612 1666 curatores.
645 1639 802 1673 lmpuberes
827 1638 938 1673 quidem

139 1690 211 1713 sunt
227 1684 352 1716 masculi,
369 1684 415 1719 qui
439 1688 505 1711 sunt
521 1683 730 1718 quatuordecim
756 1683 836 1711 annis
851 1683 939 1710 mino-

148 1739 193 1758 rcs
211 1730 388 1763 :impuhercs
405 1736 470 1756 vero
499 1729 606 1763 puella,
619 1736 680 1763 quae
694 1728 837 1755 duodecim
858 1727 939 1754 annis

138 1777 269 1805 .minores
285 1779 359 1803 sunt.
378 1775 497 1802 Minores
515 1783 582 1802 vero
597 1779 674 1806 sunt,
688 1774 733 1808 qui
764 1774 937 1808 pubertatem

149 1822 350 1856 pra-terierunt,
366 1820 488 1848 minores
501 1825 591 1848 tamen
621 1826 685 1848 sunt
696 1820 733 1848 25
756 1821 846 1852 annis,
882 1819 940 1846 sive

148 1868 202 1894 sint
219 1874 310 1894 mares
326 1866 386 1894 sive
403 1865 509 1901 puellae.
538 1866 690 1900 Episcopus
712 1865 831 1893 civitatis
858 1865 939 1892 etiam

149 1913 210 1941 istis
234 1913 392 1948 permittere
417 1916 517 1946 potest,
539 1916 569 1938 ut
583 1911 831 1940 ecclesiasticarum
848 1919 938 1939 rerum

138 1967 243 1987 .curam
261 1963 368 1994 gerant,
386 1958 428 1986 vel
447 1957 634 1993 orphanorum
649 1963 676 1986 et
691 1957 848 1990 viduarum,
877 1958 940 1993 qui-

139 2006 202 2033 :llllS
215 2013 268 2033 non
297 2004 469 2040 providetur,
484 2008 510 2031 et
541 2011 603 2038 quae
630 2003 817 2031 ecclesiastico
838 2003 941 2037 auxilio

151 2052 269 2079 maxime
284 2051 420 2085 indigent,
438 2053 551 2084 propter
574 2049 618 2076 Dei
638 2050 774 2079 timorem.
792 2054 821 2076 ut
837 2050 863 2076 in
886 2049 941 2076 Ac-

151 2099 223 2125 tibus
237 2101 414 2127 memoratur,
429 2095 570 2130 apostolos
591 2100 694 2129 septem
722 2094 854 2121 diaconos
886 2095 941 2121 cle-

151 2145 236 2179 gisse,
254 2143 325 2170 uein
339 2141 494 2169 ministerio
514 2141 676 2176 quotidiano
703 2140 793 2168 viduae
818 2140 940 2175 despice-

987 893 1123 920 λάττεται.

1027 938 1057 965 '0
1070 940 1102 965 ἐκ
1116 939 1277 974 δικαστικῆς
1291 940 1395 975 ψήφου,
1409 941 1425 976 ἢ
1444 941 1472 975 ἐξ
1487 941 1624 976 αἰτήσεως
1638 940 1685 968 τοῦ
1701 941 1776 968 ἀντι·

987 985 1064 1012 δίκου
1096 985 1178 1021 ὅρκον
1195 986 1305 1020 ὑπέχων
1317 988 1361 1013 ἐπ’
1378 987 1538 1022 ἐκκλησίας,
1562 988 1618 1014 τῶν
1633 988 1776 1023 ἀχράντων

987 1032 1174 1066 ἐφαπτόμενος
1191 1032 1368 1067 εὐαγγελίων,
1387 1035 1527 1069 ἐπιορκεῖν
1548 1034 1577 1061 δέ
1595 1035 1663 1069 μετὰ
1689 1034 1776 1061 ταῦτα

987 1077 1140 1112 ἐλεγχθεὶς,
1163 1078 1427 1112 γλωσσοκοπείσθω·
1445 1079 1475 1106 τὸ
1498 1079 1564 1106 αὐτὸ
1579 1079 1627 1106 καὶ
1645 1080 1690 1106 ἐπὶ
1706 1088 1780 1114 μαρ-

987 1124 1089 1159 τύρων.

1024 1172 1124 1206 Ὅρκος
1147 1171 1204 1198 ἐστὶ
1232 1171 1311 1204 λόγος
1337 1171 1518 1206 πιστούμενος
1543 1171 1577 1198 δι’
1603 1171 1702 1199 ἑαυτοῦ
1728 1172 1779 1208 τὴν

987 1219 1128 1254 ἀλήθειαν.

1002 1288 1126 1315 ΚΕΦΑΛ.
1144 1288 1202 1314 Al".
1226 1288 1294 1322 Περὶ
1310 1289 1479 1322 ἐπιτρόπων
1496 1288 1546 1315 καὶ
1563 1290 1766 1324 κουρατόρων.

1029 1357 1058 1384 Ὀ
1077 1360 1100 1391 γ’
1117 1357 1168 1391 τῆς
1180 1357 1201 1383 δ’
1218 1357 1328 1383 συνόδου
1341 1356 1431 1384 κανὼν
1454 1357 1603 1392 κληρικοὺς
1616 1358 1632 1392 ἢ
1647 1358 1782 1392 μονάζον-

988 1411 1036 1434 τας
1066 1403 1218 1438 ἀπείρηκεν
1243 1403 1372 1438 ἀλλότρια
1398 1402 1526 1438 κτήματα
1555 1403 1720 1438 μισθοῦσθαι
1744 1405 1781 1431 δι·

989 1449 1225 1485 αἰσχροκέρδειαν¹
1252 1450 1322 1484 ὅπερ
1353 1450 1411 1476 ἐστὶ
1442 1451 1594 1485 πράγματα
1619 1451 1782 1485 ἐργολαϐεῖν

991 1496 1123 1530 κοσμικὰ,
1138 1497 1188 1530 τῆς
1206 1496 1284 1528 θείας
1305 1496 1477 1531 λειτουργίας
1499 1497 1732 1531 καταμελοῦντας,
1757 1499 1783 1524 εἰ

993 1544 1085 1577 μήπου
1102 1543 1132 1569 ὲκ
1142 1542 1292 1576 τῶννόμων
1306 1543 1413 1569 καλοῖτὸ
1422 1551 1463 1574 τις
1479 1543 1518 1574 εἰς
1533 1543 1674 1579 ἀφηλίκων
1687 1544 1782 1578 ἀπαρ-

991 1588 1100 1623 αίτητον
1134 1588 1305 1623 ἐπιτροπήν·
1321 1590 1376 1619 τοῖς
1402 1588 1450 1622 μὲν
1467 1588 1521 1622 γὰρ
1540 1588 1652 1623 ἀνήϐοις
1671 1589 1784 1624 ἐπίτρο-

991 1643 1036 1660 ¹ποι
1052 1633 1178 1666 δίδονται,
1192 1635 1248 1666 τοῖς
1260 1634 1288 1660 δὲ
1300 1629 1413 1669 ἁφήλὶξι
1429 1634 1604 1669 κουρᾱιτορες.
1619 1634 1671 1660 Καὶ
1684 1634 1783 1669 ἄνηϐοι

992 1681 1041 1715 μέν
1058 1681 1127 1707 εἰσιν
1145 1680 1269 1716 ἄρρενες,
1287 1681 1310 1707 οἱ
1336 1681 1389 1706 τῶν
1406 1680 1437 1706 ιδ’
1452 1685 1550 1714 ηττους
1570 1680 1640 1707 ἐτῶν
1652 1688 1658 1693 “
1684 1681 1783 1716 ἄνηϐοι

990 1727 1017 1753 δὲ
1035 1727 1149 1760 θήλειαι,
1170 1728 1198 1753 αἱ
1217 1726 1316 1761 ἥττους
1342 1726 1396 1753 τῶν
1414 1726 1450 1760 ιβ’
1470 1726 1557 1752 ἑτῶν·
1583 1726 1714 1760 ἀφήλικες
1741 1727 1783 1759 δὲ,

990 1773 1014 1798 οἱ
1031 1773 1080 1807 τὴν
1093 1773 1165 1808 ἥϐην
1181 1772 1413 1807 ὑπεραναϐάντες,
1426 1773 1525 1807 ἥττους
1537 1772 1564 1798 δὲ
1575 1772 1630 1798 τῶν
1647 1772 1686 1798 κε’
1699 1773 1781 1804 ἐτῶν,

992 1819 1043 1846 κᾶν
1058 1820 1173 1855 ἄρρενες
1199 1817 1261 1851 ὦσι,
1281 1820 1332 1846 κᾶν
1359 1819 1475 1854 θήλειαι.
1501 1818 1620 1845 Δύναται
1638 1818 1685 1845 καὶ
1702 1820 1716 1844 ὁ
1732 1820 1784 1853 τῆς

992 1866 1097 1898 πόλεως
1114 1867 1264 1896 ἐπίσκοπος
1283 1865 1442 1900 ἐπιτρέπειν
1455 1866 1511 1896 τοῖς
1522 1865 1661 1898 ⁸τοιούτοις
1677 1865 1783 1900 ἐκκλη-

992 1913 1141 1939 σιαστικῶν
1162 1912 1315 1948 φροντίζειν
1335 1911 1524 1947 πραγμάτων,
1549 1911 1565 1946 ἢ
1590 1911 1717 1946 ὀρφανῶν
1736 1912 1786 1938 καὶ

992 1958 1084 1994 χηρῶν
1101 1959 1290 1993 ἀπρονοήτων,
1312 1958 1360 1983 καὶ
1384 1957 1437 1984 τῶν
1456 1957 1574 1989 μάλιστα
1591 1957 1787 1992 ἐκκλησιαστι-

992 2004 1044 2039 κῆς
1060 1994 1196 2039 δεομένων
1215 2004 1354 2038 βοηθείας,
1379 2004 1422 2030 διὰ
1445 2004 1491 2030 τὸν
1505 2004 1587 2038 φόϐον
1601 2003 1648 2031 τοῦ
1667 2004 1786 2040 Κυρίου,

992 2050 1029 2082 ὡς
1054 2051 1083 2076 ἐν
1102 2051 1161 2081 ταῖς
1189 2049 1323 2085 Πράξεσιν
1350 2050 1501 2085 ἱστόρηται.
1525 2051 1787 2085 προχειρισαμένων

992 2096 1047 2122 τῶν
1063 2096 1222 2122 ἀποστόλων
1237 2096 1300 2122 τοὺς
1317 2095 1389 2122 ἑπτὰ
1405 2096 1557 2128 διακόνους,
1582 2096 1625 2122 ἵνα
1648 2097 1685 2131 μὴ
1701 2098 1731 2123 ἐν
1751 2099 1786 2132 ’τῇ

994 2142 1166 2177 καθημερινῇ
1184 2141 1308 2176 διακονίᾳ
1326 2142 1353 2168 al
1379 2141 1464 2177 χῆραι
1486 2142 1734 2176 παραθεωρῶνται·
1753 2143 1787 2169 οὐ

152 2196 247 2217 rentur
263 2198 271 2216 ι
288 2189 355 2218 lucri
369 2193 461 2217 autem
477 2187 627 2222 autglorim
646 2186 795 2221 cupiditate
821 2187 874 2214 illis
891 2187 937 2214 hu-

997 2187 1050 2223 μὴν
1064 2188 1178 2219 ἑαυτοὺς
1192 2188 1251 2217 ταῖς
1267 2188 1406 2217 τοιαύταις
1430 2189 1605 2223 ἑπιρῤἰπτειν
1618 2188 1787 2222 διοικήσεσιν

149 2235 268 2269 jusmodi
284 2232 569 2261 administrationibus
581 2232 687 2266 seipsos
698 2231 768 2258 ultro
777 2231 874 2259 ollcrre
889 2240 942 2259 non

153 2282 333 2315 permittitur.
350 2280 402 2312 Qui
414 2286 480 2306 vero
497 2278 600 2305 auxilio
629 2278 750 2313 indigent
772 2283 836 2305 sunt
862 2279 941 2312 tales,

151 2329 196 2363 qui
213 2328 239 2354 in
257 2326 389 2354 ecclesias
404 2325 596 2360 profugerunt,
627 2329 653 2351 ut
672 2324 851 2359 dynastarum
872 2325 941 2359 inju-

152 2375 220 2400 riam
239 2373 367 2402 vitarent,
393 2371 432 2398 vel
445 2371 491 2404 qui
507 2369 610 2404 aliquid
644 2369 736 2396 forsan
767 2369 942 2399 offenderint.

153 2421 193 2447 vel
207 2419 254 2454 qui
272 2417 373 2451 injuste
391 2418 418 2444 in
441 2416 602 2443 servitutem
631 2416 803 2449 rediguntur,
822 2421 847 2442 et
878 2424 943 2449 sup-

152 2466 239 2500 petias
256 2464 406 2499 postulant,
434 2467 543 2498 propter
575 2469 645 2497 quos
670 2462 751 2488 etiam
784 2461 942 2488 defensm'es

152 2513 231 2539 liunl.
250 2510 278 2538 Si
295 2510 357 2545 quis
381 2517 445 2536 vero
474 2509 684 2542 transgreditur,
711 2507 860 2542 aquuatis
876 2515 942 2542 sup-

151 2558 241 2593 pliciis
254 2564 317 2584 eum
330 2556 428 2590 subjici
444 2555 513 2582 vult.
529 2555 631 2582 Omnes
646 2554 727 2589 igitur
735 2554 827 2581 clerici
842 2558 866 2580 ct
883 2562 942 2581 mo-

152 2603 232 2631 nachi
251 2610 312 2630 cum
333 2601 453 2636 episcopi
467 2601 508 2627 sui
527 2601 674 2635 permissu,
693 2607 747 2626 non
763 2600 843 2627 modo
858 2600 943 2627 cccle-

151 2650 274 2682 siastica,
289 2656 383 2676 verum
402 2650 483 2675 etiam
497 2647 637 2674 saecularia
649 2647 754 2680 negotia
766 2646 942 2673 administra~

151 2705 182 2724 re
198 2701 326 2730 possunt,
342 2699 370 2721 ut
389 2699 416 2722 et
435 2692 546 2720 tutelam
562 2697 588 2718 et
615 2691 764 2717 curutelani
789 2691 940 2725 snsripere.

151 2743 384 2776 Ahsquecxterna
415 2744 506 2766 autem
537 2737 718 2772 permissioue
747 2736 883 2771 rpiscopis
916 2742 941 2762 ct

153 2788 295 2815 moruachis
310 2794 359 2814 nec
368 2786 486 2817 tutelam
505 2791 555 2810 nec
572 2783 722 2811 curam-lam
752 2789 846 2816 gerere
879 2790 940 2817 ρων-

155 2834 282 2866 mittitur,
292 2834 354 2860 liret
369 2840 384 2860 a
395 2831 501 2866 legibus
516 2835 647 2858 vocentur
659 2838 664 2856 :
676 2829 722 2856 sed
736 2829 840 2861 clerici,
854 2837 943 2864 quan-

995 2235 1100 2269 ἐφεῖται
1127 2234 1239 2269 κέρδους
1260 2234 1339 2268 χάριν
1354 2233 1369 2266 ἢ
1384 2232 1473 2266 δόξης.
1490 2235 1520 2260 Οἱ
1533 2234 1561 2260 δὲ
1583 2234 1708 2269 βοηθείας
1725 2235 1787 2261 δεό-

998 2289 1084 2314 μενοι,
1103 2276 1174 2307 οὗτοι
1191 2281 1225 2307 ἂν
1243 2277 1299 2306 εἶεν
1313 2281 1337 2306 οἱ
1353 2281 1386 2315 τῇ
1419 2280 1553 2316 ἐκκλησίᾳ
1578 2281 1789 2316 προσπεφευγό-

995 2334 1051 2357 τες,
1068 2325 1198 2360 ἐπηρείας
1212 2325 1351 2352 δυναστῶν
1371 2325 1580 2359 ἐκτρεπόμενοι.
1605 2326 1620 2359 ἢ
1639 2326 1663 2351 οἱ
1681 2327 1746 2359 περί
1763 2336 1790 2352 τι

996 2371 1171 2402 πταίσαντες,
1199 2370 1214 2404 ἢ
1240 2371 1281 2401 εἰς
1304 2370 1427 2396 δουλείαν
1445 2371 1544 2400 ἀδίκως
1570 2371 1723 2404 ἑλκόμενοι,
1740 2372 1790 2399 καὶ

995 2417 1141 2451 ζητοῦντες
1158 2417 1331 2452 ἐπικουρίαν,
1355 2417 1388 2442 δι’
1405 2417 1451 2449 οὓς
1466 2417 1513 2442 καὶ
1529 2418 1553 2442 οἱ
1581 2416 1684 2443 ἔκδικοι
1700 2418 1792 2451 γίνον-

994 2471 1040 2489 ται
1053 2470 1059 2477 ·
1080 2463 1125 2489 τὴν
1144 2463 1172 2489 δέ
1190 2462 1395 2498 παραϐαίνοντα
1424 2464 1481 2494 τοῖς
1504 2463 1688 2498 προσήκουσιν
1701 2464 1792 2490 ἐπιτιη

997 2508 1069 2543 μίοις
1102 2507 1360 2534 καθυποὸἁλλεσοαι
1389 2508 1524 2543 βούλεται.
1562 2509 1667 2540 Πάντες
1697 2509 1790 2536 τοίνυν

995 2553 1123 2589 κληρικοί
1137 2563 1166 2581 τε
1182 2556 1229 2580 καὶ
1248 2556 1373 2588 μοναχοὶ,
1390 2554 1452 2581 κατ’
1474 2554 1624 2589 ἐπιτροπὴν
1643 2556 1690 2580 τοῦ
1712 2556 1790 2589 συῶν

996 2601 1160 2631 ἐπισκόπου,
1176 2601 1206 2626 οὐ
1224 2601 1304 2633 μόνον
1324 2600 1551 2635 ὲκκλησιαστικὰ,
1570 2601 1638 2627 ἀλλὰ
1653 2601 1699 2627 καὶ
1713 2603 1791 2628 πολι-

996 2647 1059 2672 τικὰ
1074 2647 1222 2681 ἐνεργῆσαι
1233 2647 1360 2673 δύνανται
1374 2647 1535 2681 πράγματα,
1549 2646 1579 2672 οὗ
1596 2647 1648 2681 μὴν
1660 2646 1729 2673 ἀλλὰ
1743 2649 1791 2673 καὶ

997 2693 1146 2728 ἐπιτροπὴν
1163 2693 1288 2719 ὑπελθεῖν
1300 2694 1347 2719 καὶ
1363 2693 1573 2728 κουρατορείαν¹
1593 2693 1747 2727 ἐπιτροπῆς
1764 2695 1793 2720 δὲ

997 2739 1045 2772 τῆς
1064 2738 1163 2770 ἔξωθεν
1179 2738 1250 2773 δίχα,
1268 2738 1430 2769 ἐπισκόποις
1445 2739 1491 2764 καὶ
1504 2738 1642 2772 μονιχοῖς,
1653 2738 1715 2764 οὗτε
1730 2740 1794 2765 ἑπι-

996 2785 1110 2819 τροπὴν,
1127 2784 1188 2810 οὔτε
1213 2784 1409 2819 κουρατορείαν
1428 2784 1516 2816 ἔξεστι
1533 2783 1674 2817 δέξασθαι,
1699 2785 1747 2811 καὶ
1769 2787 1793 2811 εἰ

996 2832 1026 2857 ἐκ
1042 2831 1095 2857 τών
1112 2831 1202 2863 νόμων
1225 2830 1387 2857 καλοῦνται·
1414 2831 1437 2857 οἱ
1462 2830 1490 2857 δὲ
1518 2830 1656 2866 κληρικοὶ,
1678 2831 1723 2858 ὅτε
1740 2841 1794 2858 κα-
