1939 3067
177 170 245 202 152')

689 172 892 207 SYNTAGMA
907 176 1215 209 ALPUABETICUM.
1237 179 1316 209 -Ε,

1732 178 1803 209 1330

175 230 284 257 λοῦνται
301 230 375 265 παρὰ
388 231 442 257 τῶν
458 229 559 267 νόμων,
575 232 621 259 καὶ
637 233 672 260 τὰ
683 234 825 269 ἀμφότερα
836 234 963 261 ὑπελθεῖν

1039 243 1049 260 )
1066 243 1080 262 a
1098 235 1202 269 legibus
1221 240 1361 267 vocantur,
1378 241 1493 270 utraque
1511 235 1605 263 subire
1623 243 1676 262 non
1707 236 1801 270 prohi-
1834 256 1839 261 .

178 277 205 303 ,νὺ
239 276 408 303 κωλύονται·
440 277 541 309 πάντες
575 278 604 305 δὲ
634 280 711 314 κοινῇ
746 279 964 315 ἐκκλησιαστικά

178 322 329 357 πράγματα
343 323 466 358 ἐνεργεῖν
478 323 528 350 οὐκ
545 324 747 358 ἐμποδίζονται,
761 326 808 352 καὶ
824 326 884 360 δὶχα
897 334 961 361 προ-

178 369 278 405 τροπῆς
297 370 457 397 ἐπισκόπου.

518 418 610 452 Νόμοι
615 438 621 444 .

213 462 283 494 Τοὺς
299 461 523 497 Θεοφιλεστάτους
540 464 706 496 ἐπισκόπους
729 465 745 500 ἢ
772 466 904 500 μοναχοὺς
932 467 964 491 ὲκ

179 507 291 542 μηδενὸς
305 508 388 542 νόμου
404 509 570 544 ὲπιτρξπους
583 510 599 545 ἦ
614 510 784 546 κουράτορας
807 511 964 546 οίουδήποτε

178 553 326 587 προσώπου
345 555 468 587 γίνεσθαι
490 556 701 591 συγχωροῦμεν·
720 557 911 593 ἐπιτροπεύειν
937 556 965 582 δὲ

179 601 232 626 τῶν
247 601 317 635 ὑπὲρ
336 600 427 636 ψυχῆς
452 601 615 635 ὀφειλόντων
636 602 767 634 δίδοσθαι,
786 603 832 629 καὶ
854 603 966 629 διοικεῖν

181 647 448 682 προσκαλουμὲνους,
463 649 493 674 οὐ
518 649 673 683 κωλύομεν.
693 650 748 676 Καὶ
764 650 819 685 γὰρ
839 651 895 680 τοῖς
918 650 966 684 ἁρ-

179 694 300 728 χιερεῦσι
324 694 425 729 μᾶλλον
440 696 454 721 ὁ
471 695 541 730 ὑπὲρ
564 695 619 722 τῶν
641 696 888 732 πλημμελημάτων
907 696 967 722 ἱλα-

179 741 247 775 σμὺς
262 741 426 776 ἀφιέρωται.

215 787 286 817 Τοὺς
297 787 510 823 πρεσϐυτέρους,
525 788 572 815 καὶ
589 788 744 820 διακόνους,
762 789 808 816 καὶ
825 789 968 816 ὑποδιακό-

179 841 252 865 νους,
266 832 304 867 τῷ
315 833 413 868 δικαίῳ
432 833 505 869 μόνῳ
519 834 570 868 τῆς
588 835 748 868 συγγενείας
763 836 802 867 είς
817 835 968 871 ἐπιτροπὴν

1016 278 1125 306 bentur.
1142 279 1243 308 Omnes
1259 289 1322 308 vero
1338 281 1522 308 communiter
1550 281 1735 309 ecclesiastica
1758 291 1805 310 ne-

1016 328 1087 361 gotia
1129 327 1322 354 administrare
1351 337 1403 356 non
1448 329 1643 364 impediuntur,
1674 329 1716 356 vel
1743 330 1804 358 sine

1016 373 1162 407 episcopali
1175 374 1369 408 permissiune.

1357 420 1448 456 Leges.

1054 465 1288 501 Religiosissitnos
1305 467 1448 502 episcopos
1465 467 1503 494 Vel
1515 468 1664 495 monachos
1682 475 1714 495 ex
1730 467 1804 494 nulla

1018 512 1076 547 lege
1097 516 1199 539 tutores
1216 513 1258 539 vel
1283 518 1425 540 curatores
1459 513 1649 548 cujuscunque
1682 521 1807 548 personae

1018 558 1074 584 lieri
1093 558 1290 585 concedimus:
1304 557 1351 584 sed
1369 564 1464 585 eorum
1482 558 1586 593 quaead
1606 557 1727 585 animam
1744 565 1807 593 per-

1019 604 1115 635 tinent,
1132 603 1245 630 tutelam
1263 603 1414 638 suscipere,
1433 608 1460 630 ct
1486 608 1595 631 vocatos
1611 604 1807 632 administrare

1019 657 1072 675 non
1086 649 1271 684 prohibemus.
1301 649 1406 676 Etenim
1427 650 1599 678 antistitibus
1612 650 1730 678 maxime
1759 658 1808 686 pro

1018 695 1124 722 delictis
1138 695 1256 730 placatio
1273 695 1416 723 incumbit.

1056 794 1231 830 Presbyteros
1261 800 1287 822 et
1302 795 1477 823 diaconos-et
1491 796 1673 824 subdiaconus
1686 797 1746 824 solo
1760 803 1809 823 co-

1019 841 1157 876 gnationis
1169 841 1233 876 jure
1247 841 1281 868 ad
1298 842 1411 869 tutelam
1424 842 1465 869 vel
1477 842 1510 868 ad
1523 843 1673 870 curatelatn
1699 847 1810 870 vocatos

179 879 195 912 ἢ
222 880 262 910 εἰς
281 879 478 914 κουρατορείαν
497 880 692 916 καλουμένους,
719 881 769 916 τὴν
795 882 967 917 λειτουργίαν

1040 888 1287 915 dministrationem
1304 888 1445 923 suscipere
1461 888 1651 917 concedimus.

179 922 358 958 ὑποδέχεσθαι
377 925 582 960 συγχωροῦμεν.

221 969 464 1005 Ἐπιτροπεύονται
494 971 522 998 δὲ
551 973 620 999 κατά
645 973 692 999 τὸν
720 973 859 1000 πολιτικὴν
887 974 968 1008 νόμον

180 1014 328 1050 ἐλεύθεροι,
347 1017 371 1042 οἱ
391 1016 433 1043 διὰ
457 1016 506 1052 τὴν
532 1018 640 1053 ἡλικίαν
665 1018 782 1045 ἐκδικεῖν
800 1019 916 1050 ἑαυτοὺς
932 1019 970 1054 μὴ

179 1062 332 1096 δυνάμενοι.

222 1108 372 1144 ’Λλλότριος
385 1109 493 1144 οἰκέτης
503 1110 531 1136 ἐν
544 1110 660 1147 διαθήκῃ
673 1111 814 1146 ἀχρήστως
823 1110 970 1147 ἐπίτροπος

179 1157 289 1184 δίδοται.

217 1205 273 1230 Οὐκ
291 1204 467 1239 ἐπιτροπεύει
481 1206 541 1232 οὐδὲ
557 1206 751 1241 κουρατορεῦει
769 1209 782 1233 ὁ
802 1207 901 1242 μείζων
917 1207 971 1234 τῶν

182 1249 369 1284 ἔδδσμήκοντα
386 1251 465 1283 ἐτῶν,
493 1251 554 1277 οὐδὲ
575 1253 588 1278 ὁ
612 1252 731 1278 ἐλάττων
745 1253 798 1279 τῶν
819 1256 856 1279 κε’
885 1253 969 1280 ἐτῶν

183 1295 241 1327 πῶς
259 1296 314 1330 γὰρ
329 1296 342 1322 ὁ
360 1296 487 1331 δεόμενος
502 1297 582 1324 ἄλλου
597 1298 779 1333 κηδεμονίας

219 1385 337 1413 Ἀσωτοι
363 1385 410 1412 καὶ
437 1386 604 1421 μαινόμενοι,
634 1385 684 1413 κᾶν
709 1386 832 1421 μείζονες
858 1383 910 1414 ὦσι
938 1388 971 1423 τῇ

181 1431 286 1467 ἡλικίᾳ,
306 1433 552 1466 κουρατορεὺονται
568 1432 620 1458 ὑπὸ
636 1432 690 1458 τῶν
710 1432 782 1458 ἰδίων
800 1433 951 1468 συγγενῶν.

217 1477 312 1507 Οὐδεὶς
327 1475 476 1511 ἐγχειρίζει
492 1476 573 1503 πλέον
589 1476 642 1503 τῶν
659 1478 742 1516 τριῷν
766 1478 934 1514 ἐπιτροπῶν.

219 1522 264 1558 Τῷ
282 1522 332 1557 υἱῷ
357 1523 403 1549 τοῦ
431 1522 605 1558 αἰχμαλώτου
631 1521 780 1559 ἐπίτροπος
803 1525 833 1551 οὐ
860 1524 971 1558 δίδοται,

1059 978 1175 1006 Tutores
1193 979 1312 1005 habeant
1334 978 1422 1006 liberti
1437 979 1589 1006 secundum
1617 980 1689 1014 leges
1704 979 1810 1011 civiles,

1022 1024 1067 1058 qui
1085 1030 1194 1061 propter
1218 1028 1324 1052 attatem
1359 1024 1465 1059 seipsos
1490 1025 1630 1053 vindicare
1660 1029 1810 1060 nequeunt.

1061 1111 1172 1139 Alienus
1200 1118 1296 1138 servus
1325 1111 1351 1137 iu
1377 1115 1540 1139 testamento
1573 1111 1673 1140 frustra
1701 1116 1813 1139 curator

1023 1159 1191 1194 designatur.

1059 1205 1153 1241 Neque
1171 1207 1281 1234 tutelam
1298 1214 1387 1242 neque
1398 1205 1550 1234 curatelam
1567 1210 1654 1240 gerat,
1668 1204 1716 1240 qui
1749 1212 1813 1239 sep«

1023 1253 1144 1288 tuaginta
1155 1255 1235 1282 annis
1249 1260 1292 1282 est
1303 1253 1401 1289 major,
1417 1261 1505 1287 neque
1520 1253 1567 1287 qui
1582 1252 1676 1287 viginti
1690 1252 1813 1287 quinque

1023 1306 1066 1328 est.
1082 1301 1258 1328 minor-mam
1271 1301 1410 1336 quomodo
1424 1300 1573 1328 curatelam
1588 1304 1675 1335 gerat,
1687 1299 1733 1334 qui
1746 1299 1814 1326 alte-

1025 1346 1082 1374 rius
1091 1354 1156 1374 cura
1173 1347 1297 1382 indiget?

1061 1391 1228 1421 Decoctores
1241 1397 1268 1422 et
1278 1397 1412 1426 amentes,
1427 1394 1491 1421 licet
1507 1394 1679 1426 pubertatem
1710 1392 1815 1428 egreSsi

1024 1439 1090 1472 sint,
1105 1447 1120 1466 a
1135 1439 1252 1474 propriis
1262 1440 1387 1474 cognatis
1402 1440 1430 1467 in
1444 1440 1556 1468 tutelam
1577 1440 1778 1474 suscipiuntur.

1063 1485 1141 1521 137
1161 1485 1246 1513 Nemo
1259 1486 1404 1521 plusquam
1425 1490 1482 1514 tres
1499 1490 1604 1514 tutores
1621 1486 1746 1513 assumit.

1061 1532 1168 1567 Captivi
1188 1532 1245 1560 lilio
1276 1537 1350 1560 tutor
1385 1539 1440 1560 non
1458 1535 1540 1560 datur
1553 1552 1560 1564 ,
1578 1532 1626 1560 sel
1654 1531 1816 1559 substantia:

183 1569 251 1596 ἀλλὰ
264 1570 297 1604 τῇ
317 1568 395 1604 οὐσίᾳ
422 1569 567 1604 κουράτωρ
580 1578 587 1584 ·
610 1570 827 1604 ὑποστρέφοντος
851 1570 905 1606 γὰρ
925 1571 969 1597 τοῦ

1043 1583 1228 1612 urator;nam
1246 1585 1357 1606 reverso
1373 1583 1460 1612 patre,
1479 1578 1519 1606 illi
1540 1578 1681 1611 subjectus
1704 1577 1768 1610 erit,
1784 1584 1817 1604 ac

185 1616 298 1650 πατρὸς,
314 1615 420 1649 γίνεται
443 1615 527 1642 αὐτοῦ
553 1615 721 1649 ὕπεξούσιος,
738 1616 775 1648 ὼς
790 1617 814 1644 εί
838 1617 973 1652 μηδέποτε

183 1662 390 1698 ᾐχμαλωτίσθη.

220 1708 265 1742 Τῷ
281 1707 368 1742 ἔχοντι
386 1708 533 1742 ἐπίτροπον
549 1708 689 1742 νοσοῦντα,
703 1709 718 1744 ἢ
734 1710 861 1745 γέροντα,
875 1710 975 1738 δίδοται

185 1755 330 1788 κουράτωρ
344 1753 420 1789 παρὰ
440 1753 486 1779 τοῦ
503 1754 646 1789 ἄρχοντος.

226 1801 289 1827 Ἐὰν
303 1800 440 1834 κλέψωσιν
456 1800 481 1826 οί
498 1801 642 1837 ἐπίτροποι
656 1802 808 1837 πράγματα
819 1804 975 1839 ἀφηλίκων,

184 1845 298 1878 ἕκαστος
317 1846 406 1872 αὐτῶν
418 1847 458 1877 είς
472 1846 502 1873 τὸ
519 1846 632 1874 διπλοῦν
647 1848 778 1883 ἐνέχεται.

223 1892 414 1926 Προτιμῶνται
438 1892 493 1919 τῶν
522 1893 638 1928 θηλειῶν
664 1894 689 1920 οἱ
717 1894 842 1930 ἄρρενες,
870 1895 976 1927 τελείας

187 1938 294 1974 ἡλικίας
318 1938 504 1974 ὑπάρχοντες·
531 1939 600 1974 γυνὴ
627 1939 680 1975 γὰρ
705 1940 734 1966 οὺ
762 1941 975 1977 κουρατορεύει,

185 1985 247 2011 οὐδὲ
266 1985 301 2011 τὰ
313 1985 366 2019 ’τῆς
392 1985 544 2021 ἐπιτροπῆς
569 1985 719 2021 ὑπέρχεται
742 1986 975 2023 λειτουργήματα,

187 2031 220 2059 εἶ’
232 2033 322 2068 μήπου
339 2032 431 2068 μήτηρ
446 2033 462 2066 ἤ
477 2033 578 2068 μάμμη
593 2032 648 2068 εῖηο

228 2079 259 2105 ’0
286 2079 482 2114 πλησιέστερος
508 2078 643 2115 συγγενὴς
671 2080 867 2116 ἐπιτροπεύει·
897 2083 921 2108 εί
948 2081 976 2108 δὲ

187 2124 280 2151 πολλοῖ¹
300 2124 346 2150 τὸν
363 2123 445 2150 αὑτὸν
463 2123 593 2159 ἐπέχουσι
607 2123 722 2159 βαθμὸν,
743 2125 844 2158 πάντες
865 2126 976 2162 ἐπιτρο-

185 2171 327 2198 πεύουσιν.

223 2217 304 2253 Ζήτει
323 2216 371 2243 καὶ
380 2217 409 2243 ἐν
425 2217 464 2252 τῷ
482 2220 513 2244 ιε’
527 2225 590 2251 κεφ.
602 2217 648 2244 τοῦ
662 2218 687 2244 Μ
706 2218 852 2254 στοιχείου.

341 2263 468 2290 ΚΕΦΛΛ.
486 2263 548 2291 ΛΔ’.
566 2264 636 2298 Περὶ
649 2265 816 2299 εὐνούχων.

228 2311 258 2337 '0
276 2310 325 2345 μὲν
349 2309 393 2337 κα¹
407 2311 461 2338 τῶν
477 2310 563 2344 ἁγίων
578 2311 736 2338 ἀποστόλων
752 2311 854 2345 κανὼν,
873 2312 975 2338 Εὐνοῦ-

187 2366 245 2393 χος,
263 2357 358 2392 φησιν,
375 2357 399 2383 εἰ
417 2356 467 2391 μὲν
486 2357 517 2389 ἐξ
532 2356 667 2392 ἐπηρείας
680 2356 835 2392 ἀνθρώπων
852 2366 895 2388 τις
911 2358 976 2390 ὲγε-

188 2403 273 2438 γόνει,
289 2402 305 2438 ἢ
324 2403 352 2428 ὲν
367 2402 482 2437 διωγμῷ
498 2403 532 2429 τὰ
548 2403 602 2429 τῶν
617 2403 723 2439 ὰνδρῷν
739 2403 876 2440 ἀφῃρέθη,
896 2404 914 2438 ἢ
929 2403 977 2430 οὗ.

187 2458 241 2481 τως
253 2450 314 2483 ἔφυ,
331 2449 355 2475 εί
379 2449 426 2474 καὶ
440 2449 454 2475 ὁ
471 2447 528 2480 βίος
547 2447 621 2482 αὐτῷ
639 2448 736 2484 σεμνὸς
755 2449 798 2483 εἴη
826 2449 873 2475 καὶ
889 2448 978 2484 ἄμεμ-

188 2504 264 2527 πτος,
282 2495 321 2526 εἰς
337 2493 487 2529 ἱερωσύνην
502 2492 722 2527 προϐιὸαζέσϐω.

228 2585 258 2612 ’0
271 2584 298 2612 δὲ
311 2584 371 2620 κβ¹¹
394 2585 424 2611 '0
442 2583 538 2611 ἑαυτὸν
554 2585 766 2620 ἀκρωτηριάσας
784 2585 913 2620 κληρικὸς
939 2587 977 2621 μὴ

155 2661 159 2664 ,
188 2631 316 2665 γινέσθω·
332 2631 460 2666 αὐτόχειρ
474 2631 529 2666 γὰρ
545 2631 629 2658 αὐτοῦ
649 2632 744 2666 γέγονε
766 2632 805 2667 τῷ
828 2632 978 2668 παραϐόλῳ

187 2677 235 2704 τοῦ
255 2677 431 2713 πράγματος,
446 2677 538 2713 ἐαυτῷ
553 2677 599 2704 τὸν
612 2677 728 2705 θάνατον
739 2678 834 2714 ὥσπερ
850 2679 978 2714 προμνώ-

191 2731 280 2757 μενος,
302 2722 349 2749 καὶ
366 2723 400 2758 τῇ
421 2722 468 2749 τοῦ
487 2721 553 2749 Θεοῦ
569 2722 735 2759 δημιουργία
756 2723 883 2759 πολεμῶν
900 2724 977 2751 ἄντι-

190 2777 268 2803 κρυς.

230 2815 260 2841 '0
282 2815 310 2841 δὲ
327 2814 369 2849 κγ’
380 2824 386 2831 ·
404 2815 438 2842 Εἴ
451 2824 503 2849 τις,
521 2816 652 2851 κληρικὸς
668 2816 716 2849 ὢν,
735 2817 832 2844 ἑαυτὸν
849 2819 976 2854 ἀκρωτη-

191 2860 320 2898 ριάσειεν,
338 2860 374 2893 ὡς
391 2861 576 2897 προδηλότατα
593 2862 726 2896 Θανατῶν,
745 2864 940 2899 καθαιρεὶσῢω.

1028 1625 1051 1653 si
1069 1632 1211 1660 nunquam
1230 1625 1258 1652 in
1277 1625 1465 1659 captivitatem
1483 1625 1582 1653 fuisset
1604 1624 1743 1652 redactus.

1062 1705 1103 1732 illi
1121 1705 1198 1738 cujus
1220 1710 1294 1733 tutor
1312 1706 1353 1734 vel
1369 1706 1464 1734 morbo
1480 1706 1598 1738 laborat,
1609 1705 1651 1733 vel
1663 1704 1740 1732 senio
1753 1712 1818 1732 eoi:-

1028 1752 1114 1780 fectus
1126 1756 1178 1784 cst,
1197 1760 1212 1779 a
1231 1752 1395 1788 magistratu
1412 1753 1495 1781 datur
1509 1758 1630 1780 curator.

1063 1799 1092 1826 Si
1105 1799 1277 1835 impuberum
1293 1799 1439 1828 facultates
1447 1804 1551 1828 tutores
1559 1801 1720 1840 surripiant,
1733 1809 1818 1829 unus-

1027 1847 1146 1882 quisque
1172 1854 1270 1874 eorum
1286 1846 1314 1873 in
1333 1847 1448 1881 duplum
1468 1851 1588 1875 tenetur.

1062 1891 1251 1919 Prml‘eruntur
1267 1891 1378 1919 feminis
1394 1892 1522 1924 masculi,
1533 1900 1595 1920 cum
1613 1897 1678 1921 sunt
1690 1894 1819 1928 perfectae

1028 1938 1131 1966 atatis.
1149 1937 1247 1965 Mulier
1271 1937 1345 1965 enim
1372 1939 1523 1966 curatelam
1553 1947 1608 1966 non
1625 1945 1713 1974 gerat,
1730 1949 1819 1975 neque

1028 1984 1121 2012 tutelae
1155 1984 1424 2012 administrationem
1442 1984 1552 2018 subeat,
1582 1985 1635 2012 nisi
1664 1986 1706 2013 vel
1732 1992 1819 2013 mater

1028 2031 1071 2058 vel
1083 2030 1144 2058 avia
1162 2031 1209 2058 sit.

1063 2076 1211 2104 Proximus
1245 2081 1377 2110 cognatus
1415 2081 1534 2104 tutorem
1566 2082 1650 2112 agat:
1683 2077 1724 2105 sin
1752 2085 1818 2105 vero

1028 2123 1084 2151 sint
1099 2122 1192 2158 plures
1206 2122 1330 2158 ejusdem
1346 2122 1461 2157 gradus,
1479 2127 1537 2151 tum
1553 2130 1650 2152 omnes
1665 2124 1815 2151 curate-lani

1029 2174 1137 2205 gerant.

1065 2215 1178 2249 Quaeras
1192 2214 1273 2243 etiam
1292 2215 1319 2242 in
1337 2216 1373 2243 15
1385 2223 1446 2250 cap.
1470 2216 1567 2244 litterze
1580 2216 1615 2243 M.

1207 2261 1284 2288 CAP.
1301 2260 1422 2289 XXXIV.
1447 2261 1486 2289 De
1501 2262 1639 2290 eunuchis.

1068 2308 1234 2336 Sanctorum
1255 2308 1444 2342 apostolomm
1474 2308 1628 2336 vicesimus
1648 2310 1755 2344 primus
1770 2318 1818 2337 ca—

1032 2361 1098 2387 non,
1122 2353 1284 2387 Eunuchus,
1313 2353 1415 2387 inquit,
1429 2354 1453 2381 si
1473 2362 1505 2381 ex
1524 2354 1626 2389 injuria
1642 2354 1753 2389 quidem
1768 2356 1820 2383 ho-

1032 2399 1136 2426 minum
1148 2398 1239 2426 factus
1260 2398 1306 2430 sit,
1321 2398 1362 2425 vel
1377 2398 1404 2425 in
1416 2399 1610 2433 persecutione
1626 2399 1749 2428 virilibus
1761 2401 1819 2436 pri-

1032 2449 1111 2472 vatus
1124 2444 1170 2477 sit,
1185 2445 1226 2471 vel
1243 2444 1286 2472 sic
1301 2449 1382 2471 natus
1408 2445 1490 2472 fuerit
1503 2454 1510 2478 ;
1525 2445 1674 2473 dummodo
1686 2446 1745 2481 ejus
1765 2447 1819 2474 vita

1032 2493 1069 2519 sit
1084 2496 1178 2519 sancta
1193 2496 1220 2518 et
1232 2491 1492 2526 irreprehensibilis,
1509 2492 1535 2519 in
1555 2493 1741 2520 sacerdotium
1756 2500 1820 2528 pro-

1032 2542 1185 2566 moveatur.

1070 2583 1223 2612 Vicesimus
1240 2585 1379 2612 secundus
1396 2592 1462 2613 vero
1479 2594 1486 2612 :
1503 2585 1556 2619 Qui
1570 2586 1690 2620 seipsutn
1710 2585 1819 2612 mutila-

1031 2631 1081 2664 vit,
1097 2638 1130 2659 ne
1158 2631 1195 2659 sit
1223 2631 1340 2660 clericus
1354 2641 1361 2665 ;
1378 2633 1437 2667 ipse
1453 2632 1528 2660 enim
1542 2632 1585 2659 sui
1611 2631 1698 2666 ipsius
1713 2635 1756 2658 est
1771 2632 1820 2657 lio-

1032 2678 1133 2706 micida
1148 2684 1260 2714 propter
1279 2678 1345 2707 facti
1371 2679 1520 2710 diritatem,
1537 2683 1654 2706 mortem
1672 2677 1726 2704 sibi
1740 2677 1818 2712 quasi

1032 2725 1182 2762 spondens,
1200 2730 1228 2754 et
1248 2725 1294 2754 Dei
1309 2725 1511 2761 opiticii-bostis
1528 2725 1617 2760 palam
1633 2724 1733 2752 factus.

1067 2816 1100 2843 Et
1119 2817 1154 2844 25
1168 2825 1176 2844 :
1194 2817 1223 2844 Si
1237 2817 1310 2852 quis,
1325 2825 1389 2845 cum
1415 2816 1452 2844 sit
1468 2815 1598 2847 clericus,
1621 2815 1742 2850 seipsutn
1759 2822 1820 2842 mu-

1032 2863 1162 2894 tilaverit,
1181 2868 1311 2899 tanquam
1329 2863 1382 2892 sibi
1403 2862 1551 2891 manifesto
1578 2867 1692 2890 mortem
1711 2865 1820 2896 optans,

1033 2910 1196 2943 deponatur.
1355 2920 1358 2922 ·
