1939 3067
112 117 177 150 1331

700 125 727 154 Μ
734 126 801 156 ATT
808 126 882 155 ΗΛΞΙ
903 127 1047 157 BLASTA
1055 128 1118 157 lllS

1665 125 1734 160 1332

147 175 302 205 Vicesimus
326 183 442 213 quartus
464 180 545 207 item:
563 181 672 214 Laicus,
697 183 743 217 qui
772 183 892 218 seipsum

986 185 1016 210 ὐ
1031 184 1060 210 δὲ
1076 183 1125 211 κδ’·
1152 184 1251 215 Δαῑκὺς
1267 185 1363 210 ἑαυτὸν
1381 183 1603 218 ἀκρωτηριάσας,
1626 185 1666 215 εἰς
1683 185 1732 219 ἐτη

113 222 260 256 mutilavit,
288 223 376 251 tribus
401 225 480 253 annis
509 232 677 261 segregetur.
706 229 771 263 quia
787 233 831 256 est
848 231 893 256 sui

113 269 201 304 ipsius
218 270 280 296 vitae
293 269 449 299 insidiator.
473 271 618 305 Praeterea,
645 281 706 300 cum
724 274 750 301 in
774 275 895 302 virorum

112 319 237 342 naturam
252 315 323 342 Deus
338 315 414 351 ipsos
428 317 568 350 lormavit,
583 319 610 345 in
626 319 708 346 aliam
725 320 758 347 ab
772 327 804 347 ea
820 328 898 355 pror-

112 367 161 387 sus
183 360 321 388 diversam
347 369 409 389 sese
432 363 682 391 transformarunt:
699 364 736 392 ita
754 369 783 392 ut
810 373 898 400 neque

113 406 164 432 viri
181 406 247 438 sint,
260 406 326 440 quia
342 408 502 435 seminalem
521 410 625 444 pariter
641 418 673 436 ac
699 410 896 445 generatriccm

114 451 269 478 facultatem
297 451 475 486 abjecerunt,
505 461 594 489 neque
614 453 732 486 feminae,
759 455 825 489 quia
842 463 897 483 non

114 496 214 523 habent
227 497 394 531 parturiendi
410 502 547 525 naturam.

147 541 246 568 Eadem
263 542 343 569 etiam
359 543 502 570 constituit
519 551 527 570 ι
542 551 603 578 syn.
619 545 631 571 l
649 551 713 573 can.
731 555 737 572 :
755 545 896 578 nimirum,

114 592 141 613 ut
158 588 202 622 qui
218 594 232 613 a
250 587 363 615 medicis
381 588 407 614 in
427 589 523 616 morbo
538 590 659 622 excisus,
677 590 718 617 vel
735 598 750 617 a
769 590 897 618 barbaris

114 631 278 666 genitalibus
305 633 437 661 membris
457 633 590 667 privatur,
612 641 627 661 e
647 634 721 662 clero
750 642 803 662 non
824 634 898 662 exci-

115 678 180 711 dat;
202 679 357 713 quicunque
373 684 475 712 autem,
490 687 550 707 cum
575 685 648 708 esset
662 689 756 714 sanus,
770 689 802 708 ex
820 681 898 708 indu-

116 723 184 750 stria
203 723 323 757 seipsum
351 725 486 756 enecuit,
500 734 553 752 non
569 727 650 753 modo
670 726 697 753 in
712 726 897 753 sacerdotium

117 777 171 796 non
189 774 345 805 cooptetur,
366 771 413 798 sed
429 772 511 798 etiam
530 771 558 798 in
582 772 656 799 clero
677 773 838 805 recens-itus,
852 773 898 807 eji-

115 815 228 848 ciatur;
254 815 294 842 illi
311 821 403 843 autem
434 817 461 843 in
491 817 595 844 clerum
610 817 802 850 admittuntur,
821 817 867 852 qui
883 824 897 844 a

114 861 240 890 barbaris
258 861 299 889 vel
331 862 450 890 dominis
471 867 536 889 sunt
561 863 685 896 castrati,
704 864 726 891 si
757 870 816 891 eam
839 871 900 898 quae

114 907 269 934 sacerdotio
283 908 419 941 convenit,
433 909 516 936 vitam
535 910 671 942 prosecuti
686 910 752 936 sint.

150 954 252 989 Synodi
270 961 336 982 vero
349 961 357 981 I
372 959 400 982 et
415 962 434 982 ιι
445 954 526 982 dict-.e
540 955 557 983 8
568 962 657 983 canon
682 963 757 988 eum,
769 956 815 991 qui
829 956 897 983 alios

115 999 226 1027 exsecat
253 1001 396 1035 (tanquam
421 1000 469 1027 Dei
497 1000 609 1035 opilicio
628 1001 756 1036 injuriam
770 1001 898 1037 faciens),

115 1046 172 1073 sive
187 1046 305 1080 propriis
334 1047 473 1079 manibus,
495 1047 553 1074 sive
567 1047 643 1082 jussu
657 1066 666 1080 ,
685 1047 708 1074 si
727 1048 762 1075 sit
786 1048 897 1082 quidem

115 1092 244 1124 clericus,
263 1092 363 1127 deponi
378 1092 476 1126 jubet,
496 1092 539 1119 sin
558 1100 622 1120 vero
638 1093 735 1125 laicus,
749 1087 897 1128 se'gregari;

117 1138 168 1164 nisi
187 1138 300 1165 morbus
320 1138 400 1166 alicui
421 1138 545 1166 incidens
572 1146 633 1166 eum
653 1139 686 1166 ad
715 1141 897 1166 exsecandum

117 1187 296 1217 aegrotantem
323 1184 452 1218 coegerit.
479 1184 571 1218 Neque
597 1185 670 1212 enim
696 1185 898 1212 condemnandi

118 1235 182 1257 sunt
196 1231 364 1263 sacerdotes,
377 1231 424 1265 qui
439 1231 536 1259 morbo
551 1231 708 1259 laborantes
724 1232 838 1259 castrari
850 1232 898 1266 ju-

118 1275 183 1302 bent
196 1284 201 1300 :
215 1283 304 1310 neque
318 1276 391 1309 laici,
407 1277 455 1311 qui
471 1277 590 1312 propriis
607 1277 734 1305 manibus
745 1277 778 1304 ad
791 1282 899 1305 castra-

120 1319 222 1347 tionem
247 1325 370 1348 utuntur.
395 1321 452 1348 Hoc
465 1322 539 1349 enim
566 1322 654 1349 morbi
670 1329 730 1350 esse
752 1322 898 1355 medelam,

119 1373 173 1392 non
194 1369 284 1393 autem
313 1371 447 1394 creaturae
476 1367 591 1395 insidias
612 1368 682 1400 lieri,
704 1367 745 1395 vel
759 1367 898 1402 opiﬁcium

119 1411 220 1445 injuria
237 1411 305 1439 allici
325 1412 526 1440 existimamus.

158 1457 222 1486 Vide
235 1458 318 1485 etiam
333 1457 361 1486 in
372 1458 406 1487 l9
418 1465 479 1494 cap.
493 1459 592 1487 litterae
602 1460 633 1493 I‘,
645 1459 752 1495 synodi.
761 1467 787 1488 vr
798 1466 859 1487 can.
871 1460 899 1487 5.

949 230 1121 264 ἀφοριζέσθω
1143 230 1216 264 τρία,
1242 229 1280 261 ὡς
1304 229 1445 261 ἐπίϐουλος
1459 229 1509 264 τῆς
1523 230 1620 256 ἑαυτοῦ
1638 229 1709 264 ζωῆς
1721 238 1730 247 ο

949 275 1035 307 ἄλλως
1059 285 1088 303 τε
1114 277 1162 303 καὶ
1181 277 1221 308 είς
1248 276 1354 310 ἀνδρῶν
1374 276 1455 309 φύσιν
1469 276 1516 302 τοῦ
1533 276 1600 302 Θεοῦ
1619 277 1732 308 τούτους

947 322 1209 357 δημιουργήσαντος,
1225 323 1265 352 εἰς
1288 321 1385 355 ἑτέραν
1399 321 1543 348 ἀλλόκοτον
1566 322 1644 348 αὐτοὶ
1666 323 1732 349 ἑαυ-

947 368 1011 399 τοὺς
1027 368 1272 402 μεταπλάττουσιν,
1291 367 1360 394 ὥστε
1385 367 1453 401 μήτε
1469 367 1568 402 ἄνδρας
1582 366 1662 398 εἶναι,
1685 368 1733 395 καὶ

948 414 1140 448 σπερματικὴν
1155 413 1202 440 καὶ
1215 414 1261 440 τοῦ
1276 413 1370 447 ὁμοίου
1383 412 1527 447 γενετικὴν
1539 413 1654 447 δύναμιν
1665 413 1733 440 ἀπο-

948 459 1125 495 ϐιῦληκότας,
1145 460 1214 495 μήτε
1238 460 1379 493 γυναῖκας,
1396 458 1426 486 οὐ
1439 458 1493 493 τὰρ
1515 458 1618 485 τίκτειν
1639 458 1731 493 ἔχουσι

949 513 1040 538 φυσιν.

984 551 1025 577 Τὰ
1039 550 1108 577 αὐτὰ
1124 550 1172 576 καὶ
1185 550 1199 576 ὁ
1211 549 1235 576 α’
1247 549 1296 583 τῆς
1311 549 1338 576 α’
1349 549 1458 575 συνόδου
1470 547 1561 575 κανὼν
1572 547 1732 582 διορίζεται,

948 597 993 624 τὸν
1012 597 1041 623 ὲν
1065 597 1135 632 νόσῳ
1155 596 1207 623 ὑπὸ
1237 595 1338 630 ίατρῶν
1367 594 1609 630 χειρουργηθέντα,
1635 594 1652 628 ἢ
1679 593 1733 619 ὑπὸ

950 642 1095 678 βαρὸάρων
1110 642 1164 668 τῶν
1180 641 1348 675 παιδογόνων
1363 641 1465 676 μορίων
1478 639 1671 675 ἀφαιρεθέντα,
1682 639 1732 664 τοῦ

949 689 1049 724 κλήρου
1070 688 1107 723 μὴ
1126 688 1298 714 διαπίπτειν·
1314 687 1389 719 ὅστις
1409 695 1441 720 γε
1458 685 1496 720 μὴ
1515 686 1657 719 ὑγιαίνων,
1670 685 1733 711 ἐπί-

949 735 1028 769 τηδες
1049 734 1176 768 ἐξέτεμεν
1192 733 1300 765 ἑαυτὸν,
1318 733 1413 759 τοῦτον
1438 732 1475 767 μὴ
1490 732 1532 758 ὅτι
1552 730 1732 766 κληροῦσθαι,

949 780 1017 807 ἀλλὰ
1029 780 1076 806 καὶ
1086 780 1123 814 τῷ
1138 779 1232 813 κλήρῳ
1244 778 1446 812 ἐξεταζόμενον,
1459 776 1618 809 ιξωθείσθαι
1627 783 1635 791 ⁸
1650 783 1735 810 προσ-

951 826 1039 852 ίεσθαι
1051 825 1079 852 δὲ
1091 826 1131 856 είς
1145 825 1245 860 κλῆρον
1258 825 1322 855 τοὺς
1338 823 1391 850 ὺπδ
1403 822 1551 858 βαρσάρων
1563 822 1580 856 ἢ
1595 820 1734 848 δεσποτῶν

950 871 1183 906 εὐνουχισθέντας,
1199 871 1224 897 εί
1237 869 1420 904 συμϐαίνοντα
1430 870 1464 903 τῇ
1480 867 1614 904 ίερωσύνῃ
1629 867 1675 893 καὶ
1688 866 1734 892 τὸν

932 935 937 937 -
949 917 1007 952 βίον
1022 916 1161 951 μετιόντες
1171 912 1238 941 εἷεν.

989 962 1018 988 '0
1033 962 1061 987 δὲ
1076 961 1125 995 τῆς
1148 961 1300 994 λεγομένης
1324 958 1348 986 α’
1364 959 1410 985 καὶ
1434 957 1457 993 β’
1472 957 1580 984 συνόδου
1605 955 1695 983 κανὼν
1707 955 1734 990 η’

948 1007 1055 1034 καὶτὸν
1069 1007 1180 1042 ἑτέρους
1202 1005 1378 1040 ἐκτέμνοντα,
1404 1004 1441 1035 ὡς
1463 1003 1512 1037 τῆς
1534 1002 1582 1029 τοῦ
1603 1001 1670 1028 Θεοῦ
1687 1001 1734 1035 δη-

950 1052 1095 1088 μιουργίας
1113 1051 1253 1086 ὑδριστὴν,
1280 1050 1336 1077 εἴτε
1353 1048 1526 1084 αὐτοχειρίᾳ,
1545 1048 1600 1075 εῐτε
1621 1047 1652 1079 ἐξ
1673 1048 1733 1073 ἑπι-

947 1099 1098 1133 τάγματος,
1115 1097 1245 1132 κληριχδν
1258 1096 1307 1131 μὲν
1331 1095 1394 1122 δντα
1408 1094 1599 1128 καθαιρεῖσθαι
1613 1092 1732 1124 κελεύει,

948 1144 1040 1171 λαῑκὺν
1055 1143 1083 1170 δὲ
1105 1141 1286 1177 ἀφορίζεσθαι
1296 1149 1304 1156 ο
1322 1141 1346 1167 ει
1362 1140 1453 1174 μήπου
1466 1138 1574 1173 νόσημά
1587 1146 1640 1164 τινι
1650 1145 1734 1171 προσ-

949 1190 1032 1216 πεσὸν
1052 1189 1123 1224 πρὸς
1135 1188 1184 1223 τὴν
1199 1188 1318 1222 ἐκτομὴν
1328 1185 1375 1213 τοῦ
1387 1184 1552 1215 πεπονθότος
1562 1183 1732 1218 ἠνάγκασεν*

948 1235 1010 1262 οὗτε
1026 1236 1081 1270 γὰρ
1098 1235 1189 1269 ίερέας
1206 1233 1353 1264 αίτιατέον,
1368 1233 1423 1263 τοῖς
1445 1230 1570 1257 νοσοῦσιν
1593 1229 1623 1262 ἐξ
1639 1229 1735 1255 ἐπιτά-

949 1290 1053 1317 γματος
1078 1280 1242 1315 ἐφιστάντας
1271 1279 1317 1305 τὸν
1346 1276 1555 1312 εὑνουχίζοντα,
1590 1274 1652 1301 οὔτε
1679 1273 1733 1307 μὴν

950 1327 1061 1358 λαῖκοὺς
1075 1325 1233 1361 αὐτοχειρίᾳ
1249 1324 1407 1360 χρωμένους
1418 1330 1424 1338 ·
1438 1322 1518 1349 τοῦτο
1540 1320 1596 1355 γὰρ
1612 1318 1734 1354 ἰατρείαν

949 1373 998 1400 τοῦ
1012 1373 1176 1407 νοσήματος,
1198 1370 1254 1397 ἀλλ’
1269 1371 1320 1396 οὐκ
1335 1367 1480 1403 ἔπιεουλὴν
1492 1366 1541 1393 τοῦ
1561 1365 1733 1400 πλάσματος,

950 1419 967 1455 ἢ
982 1419 1033 1452 τῆς
1050 1418 1173 1449 πλάσεως
1187 1417 1265 1452 ὕϐριν
1276 1415 1452 1451 λογιζόμεθα.

987 1464 1067 1499 Ζήτει
1084 1464 1132 1489 καὶ
1142 1463 1170 1488 ὲν
1185 1462 1223 1497 τῷ
1237 1461 1268 1487 ιθ¹
1281 1469 1343 1495 κεφ.
1355 1459 1402 1486 τοῦ
1416 1459 1436 1486 Γ
1451 1458 1583 1494 στοιχείου
1601 1455 1700 1483 κανόνα
1711 1457 1734 1480 ι’

913 1521 936 1553 C
952 1510 1001 1545 τῆς
1015 1509 1041 1542 ς’
1059 1509 1181 1536 συνόδου.

421 1549 502 1584 138
512 1549 602 1585 Leges.

156 1595 288 1624 iubemus
303 1600 333 1623 ut
358 1596 450 1624 nullus
467 1596 608 1624 Romanus
625 1602 775 1630 castretur,
790 1605 824 1625 ne
839 1597 902 1632 qui-

122 1642 182 1668 dem
199 1647 275 1669 extra
298 1641 453 1669 Romanum
481 1643 582 1675 solum,
601 1647 629 1670 et
648 1647 677 1670 ut
695 1643 787 1670 nullus
804 1643 903 1670 Roma-

122 1695 186 1713 num
211 1691 359 1714 castratum
385 1691 460 1714 emat
478 1696 484 1714 :
502 1688 548 1715 sed
567 1692 593 1715 et
608 1695 681 1720 eum,
693 1689 739 1723 qui
761 1689 902 1721 castravit,

122 1738 148 1760 el
175 1741 237 1759 eum
265 1733 310 1767 qui
328 1733 403 1763 eruit,
424 1736 451 1759 et
469 1733 655 1766 tabellionem,
669 1739 696 1760 et
716 1733 904 1768 publicanum,

123 1780 171 1813 qui
192 1779 330 1813 vrctigalis
359 1778 462 1813 aliquid
490 1785 539 1813 pro
559 1786 593 1806 eo
620 1780 735 1814 accepit,
751 1779 904 1814 puniendos

123 1833 193 1852 esse.
212 1825 330 1851 Barbara
357 1830 446 1851 autem
471 1825 618 1860 mancipia,
632 1833 693 1861 quae
708 1831 785 1853 extra
801 1825 904 1853 Roma-

127 1879 191 1898 num
206 1872 294 1898 solum
319 1876 486 1903 castrantur,
501 1870 580 1898 liceat
601 1871 729 1898 omnibus
744 1871 905 1899 mercatori-

126 1917 176 1943 bus
190 1921 216 1944 et
230 1924 321 1944 emere
334 1921 361 1944 et
373 1917 498 1945 vendere.
513 1916 541 1945 Si
558 1917 619 1952 quis
642 1925 736 1945 servus
749 1926 763 1945 ιι
780 1918 859 1946 nobis
871 1918 908 1947 sit

126 1967 273 1994 castratus,
289 1963 379 1990 statim
398 1963 436 1990 illi
451 1963 605 1991 libertatem
620 1964 692 1996 dari,
707 1963 771 1991 licet
784 1963 818 1991 ob
834 1971 908 1991 mor-

127 2009 190 2036 bum
207 2013 342 2036 castratus
360 2009 421 2036 fuit.

161 2055 212 2088 Qui
228 2055 263 2082 oh
280 2055 446 2090 voluptatem
472 2055 514 2082 vel
535 2060 717 2084 mercaturam
734 2056 843 2090 aliquos
860 2063 907 2083 ca-

126 2101 236 2132 strat,si
250 2101 285 2128 sit
300 2101 409 2136 quidem
424 2101 537 2134 nobilis,
551 2102 621 2129 bona
636 2102 695 2137 ejus
709 2102 884 2137 publicentur
899 2109 907 2133 ς

127 2146 250 2179 plebeius
269 2153 333 2172 vero
348 2145 438 2180 gladio
453 2150 480 2172 et
496 2145 590 2173 bestiis
604 2146 744 2180 objicitur.

163 2191 334 2225 imperatoris
361 2198 426 2217 vero
449 2191 548 2218 bconis
573 2190 712 2225 Sapientis
728 2191 834 2218 novella
859 2198 908 2217 cu-
928 2193 949 2220 D

127 2238 261 2270 nuclium,
274 2238 321 2271 qui
337 2237 458 2271 legitime
474 2237 581 2264 mulieri
602 2237 778 2264 matrimonio
793 2237 911 2272 conjun-

128 2285 211 2318 gitur,
237 2283 412 2310 scortationis
432 2290 521 2317 poena:
542 2282 641 2317 subjici
661 2282 760 2316 jubet,
775 2286 802 2309 et
817 2289 911 2309 sacer-

128 2329 231 2360 dotem,
258 2328 304 2363 qui
330 2327 443 2362 proiane
461 2327 537 2354 illum
566 2327 715 2361 copulavit,
746 2326 911 2354 sacerdotali

129 2375 262 2410 dignitate
280 2374 379 2407 privari
397 2382 403 2400 z
421 2373 652 2408 pennittilautem
666 2372 811 2404 eunuchis,
827 2379 913 2407 quos-

130 2429 239 2455 cunque
254 2421 350 2448 volunt
370 2420 498 2454 adoptare
522 2419 590 2446 etin
611 2418 728 2446 ﬂliorum
744 2424 848 2446 sortem
861 2418 914 2446 eli—

130 2475 203 2503 gere.

277 2510 353 2539 CAP.
369 2510 478 2537 XXXV.
493 2511 529 2537 De
541 2519 646 2543 precum
659 2511 761 2539 ordine.

166 2557 391 2593 Septuagesimus
409 2557 521 2592 quintus
532 2562 615 2584 seum
629 2557 725 2592 synodi
745 2565 843 2589 canon,
860 2557 916 2584 vult

133 2610 162 2633 ut
176 2605 223 2640 qui
241 2604 267 2631 in
294 2603 410 2631 ecclesia
430 2607 577 2637 precantur
593 2607 620 2629 et
631 2602 762 2636 psallunt,
773 2609 826 2628 non
841 2601 917 2628 inor-

130 2652 217 2678 dinati
245 2650 397 2682 accedant,
415 2656 500 2683 neque
541 2647 661 2675 intentas
690 2647 816 2675 emittant
844 2647 918 2674 voci-

131 2697 293 2730 ferationes,
308 2696 356 2724 sed
387 2702 451 2722 cum
481 2693 601 2721 contrito
626 2693 727 2725 corde,
743 2697 769 2720 et
796 2692 917 2720 moribus

131 2743 293 2778 compositis
306 2763 313 2776 ,
330 2746 357 2769 ct
375 2741 474 2769 mentis
499 2739 659 2771 attentione,
684 2745 778 2772 preces
798 2743 825 2765 et
847 2739 918 2772 psal-

134 2789 242 2817 modias
274 2793 426 2823 peragant:
457 2786 529 2814 unde
550 2789 576 2811 et
607 2784 722 2811 internis
741 2784 864 2811 moribus
891 2790 917 2812 et

136 2838 249 2865 externa
285 2834 375 2869 specie
405 2832 454 2860 Dei
481 2829 674 2859 misericordia
702 2831 731 2858 in
759 2835 918 2865 peccatores

1295 1552 1398 1586 Νόμοι,

991 1600 1144 1633 Κελεύομεν
1157 1598 1258 1634 μηδένα
1279 1596 1420 1631 Ῥωμαίων
1436 1592 1647 1628 εὐνουχίζεσθαι,
1666 1591 1736 1626 μηδὲ

955 1645 1008 1678 ἔξω
1022 1645 1075 1671 τῶν
1096 1643 1239 1678 Ῥωμαίων
1254 1642 1315 1676 γῆς,
1333 1641 1399 1675 μηδὲ
1416 1639 1562 1674 ἀγοράζειν
1577 1637 1678 1672 μηδένα
1691 1636 1737 1662 τον

955 1690 1161 1725 εὖνουχισθέντα
1178 1689 1313 1723 Ῥωμαῖον
1322 1695 1329 1703 ⁸
1343 1685 1411 1713 ἀλλὰ
1421 1685 1522 1712 καὶτὸν
1532 1683 1736 1717 εὐνουχίσαντα,

956 1737 1004 1763 καὶ
1019 1736 1063 1763 τὸν
1079 1735 1262 1770 ἀγοράσαντα,
1279 1732 1326 1759 καὶ
1346 1732 1391 1758 τὸν
1407 1729 1672 1764 συμσολαιογρὰφον,
1687 1728 1735 1754 καὶ

955 1783 1001 1810 τὸν
1019 1781 1138 1816 τελώνην
1156 1781 1199 1808 τὸν
1213 1779 1399 1813 κομισάμενον
1413 1777 1489 1806 τέλος
1503 1784 1530 1802 τι
1545 1775 1614 1809 ὑπὲρ
1629 1774 1738 1805 τούτου,

956 1826 1154 1860 τιμωρεῖσθαι·
1182 1824 1216 1850 τὰ
1239 1823 1266 1850 δὲ
1297 1822 1349 1854 ἔξω
1375 1820 1423 1848 τοῦ
1450 1819 1604 1855 Ῥωμαῖκοῦ
1624 1818 1739 1852 ἐδάφους

957 1872 1167 1907 εὖνουχιζόμενα
1191 1869 1344 1905 ἀνδράποδα
1383 1868 1506 1904 βάρϐαρα
1533 1866 1633 1898 ἐξεῖναι
1656 1865 1740 1890 πᾶσιν

959 1919 1091 1954 ἐμπόροις
1113 1917 1259 1952 ἀγοράζειν
1279 1924 1309 1942 τε
1333 1916 1379 1942 καὶ
1397 1913 1564 1949 πιπράσκειν
1577 1922 1584 1928 ·
1600 1913 1633 1938 ἂν
1653 1911 1681 1938 δέ
1697 1919 1741 1941 τις

959 1967 1025 2000 παρ’
1051 1967 1118 2000 ἡμῖν
1136 1964 1299 1998 εὐνουχισθῇ
1328 1962 1430 1993 δοῦλος,
1459 1961 1557 1987 αὐτίκα
1581 1958 1667 1991 τούτῳ
1690 1957 1741 1992 τὴν

960 2010 1116 2045 ἐλευθερίαν
1129 2010 1257 2037 δίδοσθαι.
1272 2007 1324 2034 κᾶν
1334 2007 1378 2033 διὰ
1392 2007 1470 2032 νόσον
1481 2003 1651 2038 εὐνουχισθῇ.

1001 2058 1032 2083 ’0
1048 2056 1081 2084 δι’
1095 2056 1190 2091 ἡδονὴν
1203 2055 1219 2090 ἢ
1232 2055 1366 2089 ἐμπορίαν
1375 2051 1531 2086 εὑνουχίσας
1543 2050 1614 2080 τινὰ,
1630 2047 1744 2082 εὐγενὴς

963 2103 1012 2139 μὲν
1032 2103 1080 2134 ὢν,
1095 2102 1262 2137 δημεύεται·
1283 2098 1393 2133 εὐτελὴς
1415 2098 1454 2130 δὲ,
1479 2097 1549 2130 ξίφει
1571 2095 1618 2122 καὶ
1640 2094 1745 2129 θηρίοις

963 2149 1153 2177 ὑποϐάλλεται.

1002 2195 1036 2222 Ἦ
1059 2194 1087 2221 δὲ
1112 2192 1197 2228 νεαρὰ
1223 2192 1269 2219 τοῦ
1290 2191 1421 2227 βασιλέως
1445 2190 1560 2219 Λέοντος
1583 2187 1630 2213 τοῦ
1658 2184 1745 2217 Σοφοῦ

962 2241 1008 2268 τὸν
1027 2240 1138 2275 γυναικὶ
1160 2239 1234 2274 νόμῳ
1250 2238 1339 2272 γάμου
1362 2236 1532 2270 συναφθέντα
1555 2232 1691 2267 εὐνοῦχον,
1711 2232 1746 2265 τῇ

963 2287 1013 2321 τῆς
1027 2285 1156 2320 πορνείας
1172 2283 1332 2310 ὑποκεῖσθαι
1355 2282 1465 2309 κολάσει
1493 2278 1608 2310 κελεύει,
1630 2277 1676 2302 καὶ
1700 2275 1748 2301 τὸν

964 2333 1080 2368 ἀνιέρως
1103 2331 1313 2366 συναρμόσαντα
1336 2327 1412 2363 ίερέα
1439 2327 1488 2360 τῆς
1505 2323 1644 2360 ἱερατικῆς
1667 2322 1747 2368 ἀξίας

965 2366 1189 2413 ἀποχυμνοῦσθαι
1200 2384 1207 2391 ·
1223 2375 1315 2409 ἐφίησι
1332 2373 1361 2399 δὲ
1381 2374 1436 2402 τοϊς
1458 2371 1606 2404 εὐνούχοις,
1623 2368 1670 2398 οὓς
1687 2366 1749 2401 βού-

965 2423 1056 2451 λονται
1072 2423 1213 2454 εἰσποιεῖν,
1229 2421 1275 2448 καὶ
1290 2421 1330 2452 εἰς
1346 2420 1443 2455 μοῖραν
1461 2417 1568 2445 τάττειν
1583 2414 1659 2441 υἱῶν.

1074 2511 1199 2538 ΚΕΦΑΛ.
1215 2509 1277 2537 AE’.
1292 2509 1360 2543 Περὶ
1378 2506 1477 2542 εὐχῶν
1491 2507 1643 2539 εὐταξίας.

1009 2560 1038 2585 '0
1051 2558 1088 2584 οε¹
1102 2557 1150 2591 τῆς
1171 2560 1197 2588 ς⁴
1211 2555 1321 2582 συνόδου
1340 2554 1430 2581 κανὼν
1450 2554 1512 2583 τοὺς
1543 2552 1705 2587 εὐχομένους
1723 2551 1753 2577 ὲν

968 2603 1101 2638 ἐκκλησίᾳ
1130 2602 1176 2628 καὶ
1197 2601 1349 2636 ψάλλοντας
1382 2599 1420 2634 μὴ
1450 2599 1585 2628 ἀτάκτους
1606 2597 1752 2632 προΐεσθαι

969 2650 1016 2676 καὶ
1031 2647 1228 2682 ὲπιτεταμένας
1245 2647 1408 2680 ἐπισκήπτει
1425 2643 1526 2678 φωνὰς,
1542 2643 1600 2670 ἀλλ’
1614 2643 1643 2668 ἐν
1660 2650 1756 2668 συντε-

970 2694 1106 2731 τριμμένῃ
1119 2693 1237 2729 ’καρδίᾳ,
1254 2693 1301 2719 καὶ
1323 2691 1383 2726 ἤθει
1401 2689 1622 2725 κατεσταλμένῳ,
1641 2690 1688 2715 καὶ
1703 2688 1752 2715 νοῦ

970 2742 1090 2776 προσοχῇ
1106 2740 1155 2771 τὰς
1176 2739 1258 2774 εὐχὰς
1282 2737 1416 2764 ποιεῖσθαι
1435 2737 1482 2763 καὶ
1496 2735 1666 2770 ψαλμῳδίας,
1680 2732 1755 2769 ἐφ’ᾦ

970 2788 1008 2822 τῷ
1027 2795 1056 2813 τε
1070 2785 1146 2816 ἐντὸς
1165 2784 1236 2820 ἤθει,
1258 2783 1304 2810 καὶ
1316 2783 1355 2817 τῷ
1368 2782 1447 2813 ἐκτὸς
1466 2781 1541 2814 εῖδει,
1559 2780 1606 2806 τοῦ
1622 2780 1690 2806 Θεοῦ
1708 2781 1756 2807 τὸν

971 2833 1044 2860 ἔλεον
1055 2831 1100 2858 ἐπὶ
1112 2831 1167 2862 τοῖς
1178 2829 1384 2865 ἡμαρτημένοις
1400 2827 1525 2856 ἑλκύσαι.
1543 2825 1675 2858 Εὐλασεῖς
1690 2825 1756 2862 γὰρ,
