1939 3067
155 144 222 177 13323

667 140 871 174 SYN'l‘AGMA
890 137 1201 171 ALPIIABETICUM.
1228 150 1262 155 —
1282 138 1318 168 Ε.

1712 135 1780 167 133-1

152 203 235 237 φησιν
261 201 279 235 ἡ
307 200 353 227 τοῦ
373 199 517 227 Λευῖτικοῦ
538 199 639 235 βίϐλος,
656 201 758 226 ποιεῖτε
781 199 843 230 τοὺς
866 198 941 229 υἱοὺς

1007 194 1124 222 rabitur.
1152 193 1212 220 I’iOs
1243 193 1328 224 enim,
1347 191 1436 227 inquit
1465 190 1681 223 Leviti‘ei'liber.
1705 190 1786 219 facite

153 247 278 282 Ἰσραήλ·
296 247 363 282 μηδὲ
375 248 430 277 τοῖς
442 246 636 281 κεκλασμένοις
649 245 695 272 καὶ
707 246 835 280 ἅσέμνοις
849 244 942 279 μέλεσι

152 293 281 329 χρῆσθαι,
298 293 344 320 καὶ
359 294 391 328 τῇ
409 294 522 328 περιττῇ
537 294 571 328 τῇ
585 292 639 319 τῶν
652 292 783 328 ᾀσμάτων
806 290 940 325 ποικιλὶᾳ,

154 339 201 365 καὶ
227 339 304 374 ᾠδῶν
330 339 533 372 τερετίσμασιν,
550 337 567 364 ἃ
585 338 741 373 θυμελικοῖς
762 338 811 372 οἰχ
830 337 942 372 ἥκιστα,

154 386 201 411 καὶ
215 386 270 416 τοῖς
286 385 331 410 ἐπὶ
349 385 398 418 τῆς
412 385 513 419 σκηνῆς
529 384 545 419 ἢ
560 383 695 419 ἐκκλησίᾳ
709 384 831 418 προσῆκε
864 381 943 413 Θεοῦ,

154 431 283 462 πολλάκις
297 431 325 457 δὲ
340 431 426 457 ταῦτα
445 431 492 457 καὶ
505 430 573 465 πρὸς
587 430 692 456 πολλῶν
707 429 876 456 κεκώλυνται
893 437 945 455 πα-

154 476 294 512 τριαρχῶν
312 475 380 511 μετὰ
395 475 520 510 σφοδρῶν
536 475 591 502 τῶν
607 476 767 509 ἐπιτιμίων·
784 475 943 511 παρήγγελ-

155 530 199 548 ται
209 522 238 548 δὲ
247 522 278 548 τὸ
292 522 396 548 ἁπλοῦν
405 522 453 548 καὶ
463 521 605 548 ἁποίκιλον
618 522 667 556 τῆς
681 521 842 556 ψαλμῳδίας
854 521 944 548 ἀσπά-

157 567 263 600 ζεσθαι,
283 568 311 594 ἐν
334 568 362 594 δὲ
378 569 439 599 ταῖς
454 568 601 601 παννυχίσι
616 569 664 594 καὶ
682 569 742 599 ταῖς
757 568 879 599 τελεταῖς
891 568 945 593 τῶν

156 614 356 648 ἀποιχομένων,
368 614 405 645 ὡς
420 616 451 640 τὸ
462 615 574 649 ἀρχαῖον
587 614 646 645 ἑοος
668 615 714 641 καὶ
725 615 846 649 θεοριλὲς
860 613 943 650 εἶχεν,

156 660 214 687 ἀλλ’
229 660 305 687 οὐδὲν
322 661 417 695 γέγονε
432 661 524 688 πλέον.

333 752 403 786 Περὶ
421 753 474 779 τοῦ
488 753 647 788 τρισαγίου
662 754 768 787 ὕμνου.

199 798 229 823 'O
243 797 270 824 δι
284 796 329 824 πα⁹
346 799 408 830 τοὺς
431 799 469 833 τῷ
479 800 614 835 τρισαγίῳ
625 799 703 834 ὕμνῳ
717 799 766 835 τὴν
780 799 827 826 τοῦ
841 800 946 834 Πέτρου

158 843 206 870 τοῦ
234 845 365 878 Κναφέως
389 845 479 880 φωνὴν
498 847 671 882 παρενείρειν
694 847 732 881 μὴ
757 846 944 881 αἰδουμένους,

999 241 1069 268 ΙίἸίοε
1088 240 1192 272 lsrael;
1219 247 1308 274 neque
1323 238 1450 266 infractis
1466 243 1492 266 et
1505 237 1690 265 irreverendis
1706 241 1787 264 utan-

999 293 1043 315 tur
1059 287 1215 317 cantilenis,
1235 291 1262 313 et
1276 292 1481 320 supervacanea
1500 285 1671 312 canticorum
1696 283 1786 310 varie-

997 337 1062 364 tate.
1078 338 1105 361 et
1127 332 1256 360 cantibus
1274 331 1402 359 lascivis:
1419 339 1480 366 qua:
1499 331 1652 366 tbymelicis
1677 329 1788 357 histrio-

998 379 1134 414 uibusque
1155 379 1242 412 magis
1267 385 1348 412 quam
1364 377 1487 405 ecclesia:
1506 377 1554 404 Dei
1571 376 1748 404 conveniunt.
1765 376 1788 402 Α

997 425 1210 461 quamplurimis
1242 431 1306 450 vero
1333 423 1499 458 patriarcltis
1525 431 1588 450 cum
1612 421 1789 456 gravissimis

999 472 1082 500 etiam
1101 473 1190 507 pcenls
1210 471 1269 498 haec
1297 471 1399 505 stepius
1427 470 1537 497 luerunt
1557 469 1706 505 prohibita.
1722 468 1789 495 Per-

1001 518 1116 546 miSSnm
1146 523 1189 545 est
1206 521 1298 545 autem
1319 516 1470 551 simplicem
1485 521 1512 543 et
1529 516 1693 543 invariatam
1715 514 1790 548 psal-

1000 565 1097 592 modize
1116 564 1330 591 modulationem
1356 570 1504 597 usurpare,
1525 567 1552 590 et
1577 563 1604 589 iu
1634 560 1734 596 vigiliis
1762 565 1791 587 et

998 617 1048 644 pro
1066 609 1202 636 defunctis
1223 608 1386 644 peragendis
1414 609 1597 640 cmremoniis,
1623 613 1652 634 ιιι
1669 605 1790 633 obtinuit

999 656 1113 690 antiqua
1131 660 1157 682 et
1181 654 1347 682 venerabilis
1371 654 1543 682 consuetudo
1559 663 1565 681 :
1583 652 1715 681 sed-nihil
1730 660 1791 679 atu-

1000 701 1070 736 plius
1087 700 1186 728 factum
1208 705 1259 728 est.

1214 747 1252 774 De
1266 752 1441 775 sacrosancto
1468 748 1575 782 hymno.

1036 793 1229 829 Octogesimus
1256 793 1361 828 primus
1390 794 1463 825 illos,
1491 794 1538 828 qui
1560 795 1587 821 in
1614 795 1792 822 sanctissimo

1001 841 1102 875 hymno
1125 839 1197 867 Petri
1217 839 1339 867 Fullonis
1353 847 1446 867 vocem
1469 840 1590 868 inserere
1605 842 1718 875 audent,
1732 849 1793 877 qua:

159 890 208 925 τὴν
224 889 274 924 τῷ,
285 890 379 923 ’Δγιος
395 878 546 924 νὰῢάνατος,
568 892 596 919 '0
612 878 779 928 σταυρ-ωθεὶς
808 878 842 919 δέ
858 893 944 927 ἡμᾶς,

1007 886 1045 918 lli,
1062 886 1179 913 Sanctus
1205 885 1469 919 immortalis,l10c,
1496 886 1546 919 Qui
1580 887 1729 915 cruciﬁxus
1763 895 1794 915 es

161 935 273 969 ἐλέησον
301 937 387 970 ἡμᾶς,
406 938 608 971 προστιθεῖσαν,
633 940 665 974 τῇ
685 939 799 974 ὀλεθρίῳ
817 940 865 966 τοῦ
883 940 949 966 ἁνα-

161 981 279 1015 θέματος
293 983 385 1017 ὲφῐησι
399 984 533 1019 καταδίκῃ
543 992 550 999 ·
565 984 580 1019 ἢ
593 985 646 1019 γὰρ
658 985 788 1020 τέταρτον
803 985 819 1020 ή
836 985 948 1019 τοιαύτη

161 1027 308 1062 πρόσωπον
324 1028 430 1062 εἰσάγει
445 1029 532 1065 φωνὴ,
550 1030 602 1057 ἀνὰ
615 1031 697 1065 μέρος
715 1031 821 1057 τιθεῖσα
839 1031 885 1057 τὸν
900 1031 948 1058 τοῦ

161 1073 229 1100 Θεοῦ
243 1074 318 1107 Υἰδν,
331 1074 380 1110 τὴν
391 1076 575 1103 ὲνυπόστατον
588 1076 636 1103 τοῦ
647 1078 752 1112 Πατρδς
763 1077 890 1112 δύναμιν,
904 1077 951 1104 καὶ

162 1121 213 1148 ἀνὰ
228 1121 310 1156 μέρος
320 1122 367 1148 τὺν
384 1123 591 1158 ἐσταυρωμένον
606 1123 737 1159 Χριστὸν,
747 1123 786 1155 ὡς
796 1123 875 1150 ἄλλον
886 1124 951 1151 ὄντα

163 1167 238 1202 παρὰ
255 1167 301 1193 τὸν
323 1168 443 1202 ίσχυρδν,
464 1168 479 1202 ἦ
495 1168 622 1204 παθητὴν
646 1169 697 1204 τὴν
711 1168 814 1204 Τριάδα
830 1168 948 1201 δοξάζει,

164 1212 353 1248 συσταυροῦσα
386 1213 424 1247 τῷ
457 1213 513 1248 Υίῷ
540 1215 585 1240 τὸν
616 1214 726 1248 Πατέρα
748 1215 795 1240 καὶ
821 1214 852 1240 τὸ
874 1214 952 1246 ἅγιον

164 1257 288 1293 Πνεῦμα.
316 1260 410 1293 Ἰσμεν
435 1259 474 1290 δὲ,
504 1259 541 1290 ὡς
569 1261 585 1294 ἡ
612 1259 828 1296 ὲκκλησιαστικὴ
856 1260 952 1286 δίεισιν

163 1302 279 1337 ἱστορία,
295 1303 369 1334 ὅπως
386 1303 572 1336 λιτανεύοντος
591 1303 638 1331 τοῦ
652 1305 716 1332 λαοῦ
732 1306 762 1331 ἐν
781 1306 953 1332 Κωνσταντι-

164 1347 291 1374 νουπόλει
306 1349 353 1375 ὲπί
371 1357 425 1376 τινι
442 1348 565 1385 θεηλάτῳ
580 1350 741 1385 πιεζομένου
758 1351 862 1385 πληγῇ,
881 1351 953 1386 Πρό-

163 1395 228 1421 κλου
253 1396 505 1431 ἀρχιερατεύοντος,
530 1397 652 1432 αίοέρισν
674 1398 812 1433 ἁρπαγείη
834 1398 952 1430 παιδίον,

164 1441 211 1468 καὶ
225 1441 270 1468 τὸν
285 1441 371 1475 ὕμνον
384 1442 490 1469 τουτονὶ
505 1443 635 1478 μυηθείη,
649 1444 696 1470 καὶ
710 1444 883 1479 κατενεχθὲν,
897 1445 954 1474 τοῖς

165 1486 284 1522 παροῦσι
307 1487 338 1514 τὸ
364 1489 467 1523 μυηοὲν
490 1489 702 1524 ἁπαγγείλειεν·
718 1489 835 1525 ᾄσαντος
854 1490 882 1516 δὲ
905 1490 951 1516 τοῦ

164 1533 231 1560 λαοῦ
247 1534 297 1567 τῆς
313 1534 473 1569 προσθήκης
491 1535 586 1570 χωρὶς,
602 1536 619 1570 ἡ
639 1535 770 1570 θεήλατος
787 1537 867 1571 σταίη
884 1536 954 1570 πλη-
968 1553 989 1581 C

164 1579 211 1613 γή.
231 1579 312 1606 Ἀλλὰ
328 1580 375 1606 καὶ
389 1580 405 1614 ἡ
419 1580 483 1613 ἁγία
498 1581 545 1606 καὶ
557 1581 737 1616 οίκουμενικὴ
753 1581 873 1616 τετάρτη
890 1581 954 1607 σύν-

165 1624 224 1656 οδος
243 1623 330 1657 οὕτως
345 1625 456 1661 ᾄδεσθαι
471 1625 516 1651 τὸν
530 1626 672 1660 τρισάγιον
689 1625 774 1661 ’ὕμνον
787 1627 933 1653 ἐθέσπισεν
945 1635 952 1642 ·

165 1671 189 1697 εί
203 1671 250 1698 καὶ
265 1672 294 1697 τὸ
305 1672 427 1706 κρυπτὸν
440 1672 518 1706 γένος
536 1673 591 1698 τῶν
606 1673 758 1708 Ἀρμενίων
774 1674 820 1700 καὶ
837 1673 952 1707 ὕφαλον,

166 1718 214 1751 τῆς
232 1717 364 1752 βδελυρᾶς
378 1717 478 1753 ταύτης
501 1718 585 1745 είσέτι
609 1720 656 1745 καὶ
685 1718 732 1746 νῦν
755 1719 785 1746 οὐ
814 1719 953 1754 μεθίενται

167 1762 282 1796 πλάνης.
301 1763 382 1797 Ζήτει
407 1763 454 1789 καὶ
478 1763 506 1789 ὲν
522 1763 561 1798 τῷ
586 1766 621 1790 ια’
636 1772 696 1798 κεφ.
718 1763 765 1790 τοῦ
784 1764 805 1790 Β
820 1765 953 1799 στοιχείου

166 1808 264 1836 κανόνα
281 1808 310 1834 ιε’
325 1809 374 1844 τῆς
394 1810 422 1835 ὲν
438 1809 582 1844 Λαοδικείᾳ
597 1810 721 1836 συνόδου.

208 1897 239 1924 ’0
254 1897 282 1924 δὲ
300 1897 338 1931 ις’
352 1899 454 1934 ταύτης
475 1899 504 1925 ὲν
529 1900 586 1930 τοϊς
603 1899 720 1926 σάϐϐασι
738 1899 808 1933 μετὰ
825 1900 879 1927 τῶν
897 1900 954 1926 ἑτέ-

169 1953 226 1980 ρων
253 1945 370 1979 Γραφῶν
387 1946 434 1972 καὶ
450 1945 615 1980 Εὐαγγέλιον
641 1946 748 1972 κελεύει
770 1946 954 1979 ἀναγινώσκε-

169 1991 242 2018 σθαι.
265 1991 320 2025 [Ιρδ
336 1991 390 2026 γὰρ
415 1991 463 2025 τῆς
479 1991 626 2026 γινομένης
639 1991 689 2027 τὴν
709 1993 832 2027 τήμερον
849 1992 954 2024 τάξεως

169 2039 198 2063 ὲν
216 2039 275 2068 ταῖς
292 2037 385 2071 εὐχαῖς
401 2045 430 2064 τε
445 2038 491 2064 καὶ
508 2038 691 2072 ψαλμῳὸίαις,
709 2039 785 2073 εὐχαὶ
802 2038 881 2073 μόνον
897 2039 953 2071 ἐγί-

167 2092 244 2110 νοντο
261 2085 290 2109 ἐν
309 2083 447 2118 σαϐϐάτῳ,
463 2083 508 2121 καὶ
525 2084 596 2111 οὕτω
607 2084 655 2118 τὴν
671 2084 839 2119 ἀναίμακτον
855 2086 953 2120 προσέ-

166 2136 250 2163 φερον
276 2130 300 2154 οἰ
330 2129 412 2162 ἱερεῖς
440 2129 544 2155 θυσξαν.
568 2129 734 2163 Εὑαγγέλιον
751 2129 779 2155 δὲ
796 2131 813 2164 ἡ
831 2130 896 2164 ἄλλη
910 2138 953 2161 τις

167 2174 262 2209 Γραφὴ
285 2174 330 2200 ἐπ’
349 2173 497 2209 ἐκκλησίας
517 2175 567 2201 οὐκ
583 2175 798 2209 ἀνεγινώσκετο,
815 2173 860 2203 οἶα
876 2185 951 2211 τηνι-

168 2220 255 2246 καῦτα
281 2220 479 2255 πανηγυρίζειν
507 2220 602 2252 εἰωθὸς
626 2221 696 2248 κατὰ
730 2221 792 2252 τοὺς
823 2221 952 2255 λέγοντας
970 2228 991 2256 ι)

169 2266 294 2297 κανόνας,
314 2267 383 2301 μήτε
409 2266 563 2301 νηστεύειν,
584 2267 653 2301 μήτε
678 2267 743 2300 γόνυ
764 2266 902 2301 κάμπτειν
926 2268 955 2293 ἐν

170 2311 307 2345 σαῦόἀτῳ.

211 2357 241 2384 ’0
276 2357 304 2384 δὲ
336 2358 369 2390 ιζ’
387 2358 639 2394 κηδεμονικάηερόν
658 2368 684 2385 τι
719 2359 816 2390 ποιῶν,
841 2359 888 2386 καὶ
915 2359 955 2390 είς

170 2403 325 2439 καθίσματα
343 2405 507 2440 μερισθῆναι
522 2405 584 2436 τοὺς
596 2405 755 2437 Δαυῖτικοὺς
769 2405 895 2440 ψαλμοὺς
909 2406 957 2432 έπ-

171 2448 262 2482 έταξε,
288 2449 336 2476 καὶ
361 2449 529 2484 ἀναγνώσεις
557 2449 660 2484 μεταξὺ
685 2450 818 2483 γίνεσθαι,
844 2450 888 2477 ἵνα
919 2449 956 2484 μὴ

170 2494 290 2529 ἀκηδιῶν
306 2495 320 2521 ὁ
332 2494 395 2527 λαὸς
409 2494 448 2530 τῷ
465 2496 570 2530 συνεχεί
589 2495 638 2529 τῆς
657 2495 816 2530 ψαλμῳδίας
831 2495 881 2530 τῆς
911 2496 957 2522 ὲκ-

171 2539 285 2575 κλησίας
300 2541 489 2576 ἀποπηδῶσιν.

212 2586 241 2612 '0
266 2586 296 2613 at
318 2590 364 2622 ιη’,
385 2587 433 2618 τὰς
456 2587 678 2622 παραδεδομένας
703 2587 784 2622 εὐχὰς
811 2589 900 2621 λέγειν
926 2589 956 2613 ἐν

169 2633 230 2664 ταῖς
245 2632 369 2664 ἑννάταις
384 2641 414 2659 τε
429 2634 476 2660 καὶ
489 2633 629 2669 ἑσπέραις,
648 2634 696 2660 καὶ
715 2634 752 2668 μὴ
766 2634 813 2660 τὸν
827 2633 957 2668 βουλόμε-

171 2685 215 2702 νον
245 2677 313 2709 ιδίας
340 2677 424 2712 εὐχὰς
440 2677 605 2710 συντιθέναι,
626 2679 673 2704 καὶ
698 2678 799 2709 ταύτας
818 2678 908 2712 λέγειν
926 2679 955 2704 ὲν

170 2723 228 2753 ταῖς
244 2722 396 2755 συνάξεσιν.

206 2768 318 2800 Τούτοις
332 2770 528 2805 ὲπιψηφίζεται
541 2772 588 2798 καὶ
597 2772 610 2798 ὁ
618 2772 667 2806 τῆς
683 2773 711 2797 έν
721 2771 881 2806 meum
893 2781 954 2798 συν-

171 2812 232 2838 όδου
249 2816 300 2847 ργ’,
316 2814 364 2846 τὰς
387 2815 438 2841 ὑπὸ
453 2816 506 2842 τῶν
525 2817 716 2852 συνετωτέρων
732 2818 953 2852 συντεταγμένας

171 2859 219 2886 καὶ
239 2859 292 2886 ὑπὸ
309 2860 357 2895 τῆς
377 2861 486 2888 συνόδου
507 2864 702 2899 κεκυρωμένας
727 2863 807 2898 εὐχὰς
825 2863 952 2897 λέγεσθαι

999 940 1048 967 pro
1067 932 1158 964 nobis,
1169 931 1300 959 miserere
1314 931 1414 965 nostri,
1428 932 1546 964 addidit,
1560 933 1662 960 exitiali
1679 932 1794 960 anathe-

1000 978 1082 1005 matis
1094 978 1199 1013 judicio
1213 978 1336 1012 subiicit.
1350 978 1397 1005 Vel
1412 979 1484 1005 onim
1504 984 1629 1014 quartam
1646 987 1792 1014 personam

999 1024 1104 1051 inducit
1120 1024 1170 1051 ista
1184 1031 1248 1054 vox.
1269 1028 1297 1051 et
1317 1024 1364 1050 Dei
1388 1023 1501 1056 Filium,
1516 1023 1670 1052 Servatoris
1687 1025 1795 1052 scilicet

1002 1069 1197 1097 consistentem
1225 1069 1394 1101 facultatem.
1412 1077 1538 1096 seorsum
1557 1070 1644 1104 ponit,
1659 1073 1685 1097 ct
1710 1070 1793 1097 Citri-

1003 1120 1074 1143 stum
1096 1115 1257 1142 crucilixum
1276 1119 1406 1149 tanquam
1430 1115 1513 1142 alium
1531 1121 1545 1141 ιι
1562 1115 1637 1146 forti,
1666 1115 1708 1142 vel
1728 1115 1794 1142 διιε-

1003 1161 1142 1189 ctiouibus
1170 1161 1321 1195 subiectam
1345 1160 1510 1188 Trinitatem
1535 1161 1682 1196 gloriﬁcat,
1699 1166 1726 1189 et
1742 1161 1794 1188 Pa-

1005 1212 1073 1235 trem
1093 1212 1120 1234 et
1141 1207 1274 1242 Spiritum
1293 1211 1417 1234 sanetum
1435 1215 1487 1234 una
1506 1214 1568 1234 cum
1600 1207 1669 1234 Filio
1683 1206 1793 1234 cruciﬁ-

1004 1254 1053 1288 git.
1076 1252 1185 1280 Scimus
1204 1260 1270 1280 vero
1294 1252 1433 1287 quomodo
1461 1252 1651 1280 ecclesiastica
1673 1252 1793 1279 Historia

1003 1298 1137 1332 loquitur.
1164 1304 1239 1330 cum,
1268 1296 1366 1324 Proclo
1407 1297 1631 1332 archiepiscopo,
1661 1297 1792 1332 populus,

1004 1343 1123 1379 quadam
1139 1342 1270 1370 divinitus
1290 1343 1423 1370 intentata
1442 1350 1594 1377 oppressus
1611 1343 1701 1378 plaga,
1718 1342 1792 1370 Con-

1004 1389 1183 1424 stantinopoli
1203 1389 1383 1424 supplicaret,
1413 1389 1440 1416 iu
1458 1389 1561 1416 mtltera
1581 1394 1690 1424 raptum
1706 1389 1794 1417 fuisse

1005 1442 1133 1470 puerum,
1147 1438 1175 1461 et
1191 1434 1323 1470 hymnum
1343 1434 1416 1461 hunc
1435 1434 1520 1462 fuisse
1539 1434 1681 1468 edoctum,
1695 1439 1722 1462 et
1736 1443 1796 1461 rur-

1005 1489 1053 1509 sus
1070 1481 1218 1508 demissum
1244 1481 1424 1515 praesentibus
1447 1480 1526 1513 illud,
1545 1480 1616 1514 quod
1637 1479 1795 1507 institutum

1005 1531 1076 1560 erat,
1096 1526 1288 1559 renuntiasse;
1304 1526 1377 1560 quod
1402 1526 1503 1561 populo
1527 1526 1586 1553 sine
1608 1525 1796 1553 additamento

1006 1576 1132 1601 canente.
1147 1571 1280 1598 divinitus
1297 1571 1457 1598 intentatam
1471 1577 1595 1598 cessasse
1612 1570 1729 1605 plagam.
1741 1568 1794 1596 Sed

1005 1622 1032 1645 et
1043 1621 1136 1644 sancta
1151 1622 1179 1644 et
1192 1617 1361 1644 uecumenica
1378 1623 1475 1652 quarta
1504 1616 1628 1652 synodus
1648 1616 1685 1643 ita
1703 1623 1796 1643 saero-

1006 1668 1130 1691 sanctum
1148 1663 1279 1698 hymnum
1303 1663 1456 1690 canendum
1484 1670 1547 1691 esse
1566 1663 1690 1690 decernit
1706 1671 1712 1689 :
1733 1662 1797 1689 licet

1006 1710 1154 1737 obscurum
1172 1710 1364 1737 Armeniorum
1384 1716 1471 1745 genus
1482 1715 1508 1737 ct
1526 1710 1672 1737 subdolum
1691 1710 1796 1736 abomi—

1006 1757 1123 1784 nabilcm
1140 1757 1220 1792 139
1233 1757 1309 1784 illutn
1324 1763 1446 1784 errorem
1461 1757 1580 1784 nondum
1594 1757 1794 1790 deposuerunt.

1006 1803 1073 1830 Vide
1091 1804 1211 1830 etiamin
1229 1803 1374 1830 undecimo
1388 1803 1476 1838 capite
1496 1803 1591 1830 littera:
1623 1802 1644 1829 B
1661 1810 1795 1829 canoncm

1008 1849 1039 1876 15
1055 1849 1218 1876 Laodiceme
1233 1849 1343 1885 synodi.

1040 1894 1167 1928 Ejusdem
1178 1901 1242 1921 vero
1257 1894 1352 1928 synodi
1371 1893 1404 1921 16
1417 1894 1444 1921 in
1456 1894 1584 1921 Sabbatis
1596 1901 1649 1921 uua
1665 1902 1726 1921 cum
1743 1902 1797 1921 cae-

1005 1940 1072 1968 teris
1093 1940 1244 1975 Scripturis
1267 1940 1349 1966 etiam
1376 1939 1523 1974 Evangelia
1542 1939 1594 1975 legi
1614 1939 1703 1974 jubet.
1726 1939 1795 1966 Nam

1005 1991 1151 2021 antequam
1168 1987 1247 2017 ordo,
1273 1986 1320 2020 qui
1339 1986 1419 2013 hodie
1437 1986 1464 2012 in
1483 1985 1611 2020 precibus
1628 1989 1654 2012 et
1675 1985 1796 2020 psalmo-

1004 2033 1056 2060 diis
1071 2032 1246 2062 observatur,
1270 2032 1413 2058 institutus
1426 2030 1487 2063 fuit,
1512 2030 1686 2058 solummodo
1698 2037 1794 2066 preces

1005 2079 1030 2105 in
1056 2077 1176 2105 Sabbato
1201 2077 1281 2104 dieue
1311 2076 1437 2109 fuerunt.
1458 2081 1486 2104 et
1509 2077 1550 2104 sic
1574 2076 1739 2104 sacriﬁcium
1767 2077 1795 2103 in

1004 2129 1146 2151 cruentutn
1169 2122 1319 2150 oﬂ'crebant
1332 2122 1498 2150 sacerdotes.
1514 2122 1690 2157 Evangelium
1718 2129 1794 2154 vero,

1005 2169 1046 2196 vel
1066 2168 1119 2195 alia
1137 2167 1286 2203 Scriptura;
1308 2175 1370 2202 pars
1382 2169 1408 2195 itt
1427 2168 1541 2196 ecclesia
1566 2176 1620 2196 non
1634 2168 1794 2204 legebatur;

1004 2223 1066 2242 nam
1084 2220 1148 2242 tunc
1165 2215 1264 2242 festum
1279 2214 1419 2243 celebrare
1429 2215 1555 2243 solebant
1573 2215 1651 2250 juxta
1664 2222 1796 2248 canones,

1006 2262 1064 2296 quiﬁ
1082 2260 1436 2296 dieuut,Nequejcjunare,
1448 2269 1537 2296 neque
1565 2262 1746 2297 genuﬂectcre
1769 2262 1797 2289 in

1007 2308 1128 2335 Sabbato
1144 2312 1259 2342 oportet.

1043 2354 1171 2382 Decimus
1200 2354 1334 2388 septimus
1364 2359 1454 2382 autem
1481 2356 1639 2382 accuratius
1668 2356 1798 2390 quiddam

1008 2401 1124 2432 faciens,
1137 2400 1220 2428 etiam
1237 2400 1264 2427 in
1281 2401 1420 2428 sessiones
1438 2401 1536 2435 partiri
1559 2401 1706 2429 Davidicos
1722 2401 1798 2429 Psal-

1010 2454 1070 2473 mos
1085 2446 1179 2481 ju35it,
1203 2450 1231 2472 et
1246 2446 1390 2480 interiecto
1406 2447 1496 2481 spatio
1514 2447 1659 2475 lectionem
1678 2448 1747 2480 ﬁeri,
1766 2456 1799 2474 ne

1009 2493 1129 2528 populus
1145 2492 1303 2527 psalmodia:
1323 2492 1532 2521 continuatione
1547 2501 1666 2521 maerore
1685 2493 1799 2522 affectus

1008 2541 1044 2568 ab
1060 2539 1178 2567 ecclesia
1192 2539 1356 2567 discederet.

1045 2585 1174 2613 Decimus
1200 2593 1265 2613 vero
1281 2591 1406 2619 octavus,
1425 2592 1454 2614 ut
1479 2587 1505 2614 in
1527 2586 1611 2614 Nonis
1627 2591 1653 2613 et
1671 2587 1797 2620 Vesperis

1008 2631 1163 2663 recitentur
1179 2631 1285 2659 tradita:
1315 2639 1421 2667 preces,
1437 2637 1462 2659 et
1480 2639 1514 2659 ne
1529 2631 1592 2666 quis
1607 2638 1657 2666 pro
1683 2631 1798 2659 arbitrio

1008 2684 1104 2712 preces
1122 2681 1261 2709 content,
1285 2682 1312 2705 et
1338 2678 1399 2705 illas
1430 2678 1456 2705 in
1483 2677 1599 2712 pubticis
1619 2677 1799 2705 comantibus

1007 2724 1112 2757 recitet,
1126 2724 1290 2760 praescribit.
1771 2738 1789 2747 κ

1043 2770 1091 2798 His
1102 2772 1184 2798 etiam
1204 2772 1344 2798 consentit
1359 2771 1584 2806 Curthagineusis
1600 2779 1661 2806 syu.
1675 2772 1797 2799 centesi-

1006 2823 1067 2843 mus
1083 2816 1191 2849 tertius,
1215 2820 1244 2843 ut
1272 2816 1299 2843 in
1324 2816 1568 2850 supplicationibus
1597 2816 1730 2844 universa:
1751 2818 1799 2844 ad-

1007 2862 1219 2891 ministrationis
1243 2862 1308 2891 sola:
1331 2863 1453 2897 lcgantur
1469 2871 1574 2898 preces,
1589 2871 1648 2898 quae
1664 2873 1677 2891 ιι
1691 2865 1797 2899 Sapien-

1815 2930 1833 2940 Δ
