1939 3067
147 101 215 133 1335

745 106 932 137 MATTH/El
955 108 1127 139 BLAS’I‘AH
1134 110 1168 139 IS

1700 110 1770 142 1336

142 157 259 184 tioribus
274 158 448 192 ordinantur,
465 163 493 186 et
507 166 522 186 a
539 159 644 194 synodo
672 160 883 193 conﬁrmantur,
901 162 927 188 in

990 164 1079 195 λὸιας,
1106 166 1134 190 ὲν
1148 167 1208 196 ταῖς
1228 165 1326 198 λιταῖς,
1340 164 1423 200 φημὶ,
1448 164 1497 200 τῆς
1514 164 1687 200 λειτουργίας
1701 166 1774 192 ἀπά-

141 204 361 238 praefationibus,
375 205 506 232 nimirum
526 214 614 240 usque
628 206 662 233 ad
676 214 754 233 saera
769 207 928 242 Evangelia,

143 254 170 276 in
185 250 445 278 catechumenorum
466 252 764 284 commendationibus,
791 261 838 288 per
863 261 931 288 quas

141 303 189 323 eos
217 296 272 323 Deo
297 297 491 326 commendant
509 298 687 332 sacerdotes;
704 305 732 326 et
754 300 781 326 in
800 307 931 326 manuum

143 342 378 376 impositionibus,
392 348 446 372 tam
459 344 486 370 in
503 351 550 372 eos
568 345 616 379 qui
629 345 745 372 ordinati
760 350 835 378 sunt,
849 354 930 380 quam

143 388 190 422 qui
208 389 396 423 paenitentiam
418 396 522 424 agunt:
540 399 616 418 nova=
641 395 732 418 autem
751 399 856 426 preces,
871 399 932 426 quae

145 433 178 460 ab
190 433 328 469 aliquibus
342 435 563 467 introducuntur.
577 444 631 464 non
647 437 837 464 admittautur.
850 437 931 470 Qua:-

144 487 253 514 cunquc
270 481 344 508 enim
360 481 472 508 Patrum
486 482 592 516 judicio
605 490 658 510 non
680 487 744 511 sunt
768 483 930 518 approbata,

142 525 257 553 dubium
288 531 363 554 certe
400 527 522 555 habent:
548 528 641 564 itaque
672 529 849 556 metuendum
879 535 931 562 est,

143 580 187 603 ne,
207 580 268 606 qum
279 573 312 601 ad
331 578 432 601 rectam
451 574 531 601 [idem
552 575 645 606 minus
663 576 830 607 comlucunt,
848 575 933 604 intro-

146 617 266 647 mittant.

181 709 309 737 Decimus
327 718 414 739 nonus
430 719 493 738 vero
523 712 621 748 synodi
637 712 799 740 Laodicenm
819 721 906 741 canon
924 734 932 746 ,

143 755 424 791 Catechttmenorum,
451 758 549 792 inquit,
579 767 685 793 preces.
711 764 738 786 ct
764 767 858 787 eorum
886 761 932 795 qui

146 802 335 836 paenitentiam
351 809 435 838 agunt
456 804 586 838 primunt,
608 805 707 832 deinde
725 805 858 836 ﬁdelium,
874 805 932 832 ﬁeri

145 852 273 882 oportet;
303 856 398 883 postea
415 850 482 878 solis
502 851 619 878 sacratis
645 851 731 878 licere
753 852 878 879 decernit
900 851 934 879 ad

145 893 230 920 altare
253 895 385 922 accedere
400 900 427 923 et
450 897 668 924 communicare.
698 897 796 930 Quaere
813 902 841 924 et
862 898 890 924 in
918 898 934 925 9

145 949 206 974 cap.
232 941 327 969 litterae
355 942 375 969 B
399 950 520 971 canones
540 944 556 971 5
572 948 598 972 et
618 944 653 970 20
670 943 766 979 synodi
793 944 934 979 Gangren-

146 988 194 1015 sis.

180 1034 354 1064 Centcsimus
368 1035 492 1063 decimus
513 1041 628 1070 quartus
642 1043 724 1071 porro
736 1035 936 1070 Carthaginen-

146 1082 185 1107 sis
211 1081 308 1115 synodi
334 1081 409 1108 illum
441 1082 615 1108 anathemate
638 1082 750 1116 dignum
767 1087 871 1114 censet,
888 1082 935 1117 qui

146 1127 296 1159 existimat,
312 1136 365 1154 non
384 1136 458 1160 vere,
476 1130 522 1156 scd
539 1129 700 1156 humilitatis
711 1130 810 1164 gratia,
822 1137 871 1157 nos
889 1129 936 1156 ad-

147 1173 304 1200 hortantem
330 1180 455 1201 sanctum
483 1175 637 1209 apostolum
664 1174 798 1202 Joannem
818 1175 933 1208 dixisse,

150 1229 158 1243 I
175 1219 203 1245 Si
216 1219 380 1251 dixerimus,
393 1220 463 1254 quod
482 1226 625 1255 peccatum
644 1229 696 1249 non
716 1222 859 1253 habemus.
873 1229 936 1249 nos—

149 1266 279 1300 metipsos
299 1267 468 1300 seducimus,
486 1275 536 1295 nec
557 1268 657 1295 veritas
682 1268 708 1295 in
743 1268 823 1295 nobis
847 1271 898 1294 est.
922 1276 931 1292 ι

147 1311 214 1338 Nam
228 1320 260 1339 ex
277 1312 400 1346 proxime
418 1313 597 1348 sequentibus
615 1314 743 1348 Epistula:
760 1313 851 1342 verbis
877 1321 935 1340 ma-

149 1357 247 1389 nifeste
272 1359 426 1386 ostenditur
454 1360 572 1394 apostoli
591 1359 739 1392 sententia,
756 1359 803 1394 qui
819 1359 936 1394 subjun-

148 1404 202 1437 git:
222 1414 230 1431 ε
247 1405 295 1432 Sin
313 1411 402 1433 autem
424 1411 534 1440 peccata
548 1411 642 1434 nostra
658 1406 776 1433 confessi
789 1406 935 1443 fuerimus,

149 1450 238 1483 {idolis
266 1456 309 1478 est
335 1456 362 1478 et
385 1451 486 1485 justus,
513 1453 561 1487 qui
586 1452 631 1479 illa
656 1453 734 1480 nobis
756 1452 888 1485 remittet,
906 1455 935 1479 et

148 1497 274 1531 purgabit
290 1505 340 1524 nos
356 1497 390 1524 ab
410 1498 486 1525 omni
503 1498 664 1532 iniustitia.»

183 1541 357 1570 Centesimus
372 1542 495 1569 decimus
518 1543 631 1577 quintus
651 1551 716 1571 vero
739 1550 767 1571 et
784 1545 834 1571 ll6
859 1545 935 1571 illum

147 1588 267 1621 quidem.
291 1589 336 1622 qui
362 1589 502 1616 existimat
523 1594 634 1617 sanctos
650 1590 765 1617 dicere:
792 1601 800 1616 ι
826 1591 936 1618 Dimitte

149 1634 229 1661 uobis
253 1635 342 1662 debita
362 1639 467 1666 IIOsll‘a,
492 1645 501 1660 ι
520 1640 547 1662 at
563 1636 670 1670 seipsos
688 1637 787 1664 debitis
801 1637 934 1669 eximere,

149 1688 199 1711 nec
216 1680 270 1707 illis
285 1682 358 1707 enim
381 1682 494 1707 onmino
510 1682 695 1709 necessariam
709 1689 771 1709 esse
788 1673 869 1709 talem
886 1690 934 1716 pe-

135 1727 284 1758 ‘titiottcln,
297 1729 343 1754 sed
357 1727 419 1754 aliis
431 1728 476 1760 qui
494 1732 557 1754 sunt
573 1728 599 1754 in
616 1729 715 1763 populo
730 1729 934 1763 peccatoribus,

149 1773 323 1806 anathemate
353 1778 568 1807 prosequuntur.
590 1774 668 1807 Quod
682 1775 755 1802 enim
772 1783 822 1802 nec
838 1782 936 1810 preca-

151 1819 235 1846 tionis
247 1827 272 1853 pl
280 1828 298 1846 κ
306 1824 404 1852 textus,
415 1826 465 1846 nec
474 1820 636 1849 humilitatis
650 1821 803 1856 hypocrisis
815 1829 936 1856 unquam

149 1866 252 1893 sanctis
269 1866 369 1900 iuerat,
383 1868 432 1896 sed
463 1875 526 1895 vera
545 1868 637 1894 cordis
654 1867 796 1900 contritio,
813 1868 936 1895 ostendit

148 1920 261 1947 magnus
280 1913 413 1948 Jacobus,
439 1915 486 1949 qui
505 1915 556 1942 hoc
580 1914 662 1942 modo
688 1914 835 1949 aliquando
848 1914 935 1941 dicit:

155 1971 164 1987 ε
188 1960 215 1987 in
236 1962 328 1989 multis
354 1961 518 1989 oll‘endimus
533 1969 650 1994 omnes;
674 1971 682 1986 ι
701 1966 728 1988 et
743 1961 845 1988 David:
865 1969 875 1986 ι
899 1959 938 1988 Ne

151 2006 272 2034 introeas
292 2007 318 2033 in
334 2007 469 2041 judicium
491 2014 554 2033 cum
571 2014 652 2034 servo
669 2011 728 2039 tuo,
745 2006 809 2040 quia
828 2013 881 2033 nou
893 2006 938 2040 ju—

150 2052 314 2080 stilicabitur
328 2053 355 2079 in
371 2057 520 2088 conspectu
545 2057 591 2080 tuo
605 2053 695 2080 omnis
714 2052 826 2085 vivens;
843 2062 852 2078 ι
869 2052 936 2079 etin

148 2099 272 2126 oratione
290 2099 417 2126 Salomon
432 2109 438 2126 :
466 2108 475 2125 ι
497 2098 556 2126 Non
572 2104 614 2127 est
630 2100 722 2130 homo,
739 2099 785 2134 qui
802 2107 855 2126 non
875 2106 936 2133 pec-

149 2146 253 2174 caVerit
266 2166 273 2178 ,
292 2154 304 2174 ι,
322 2151 349 2172 et
373 2145 434 2178 Job,
453 2154 462 2171 ί
485 2145 520 2172 Ut
535 2145 625 2172 omnis
645 2145 727 2172 homo
755 2144 824 2171 sciat
852 2143 938 2172 imbe-

985 217 1044 243 σης,
1058 210 1086 236 ἐν
1102 212 1157 241 τοῖς
1173 212 1338 245 προοιμίοις,
1353 210 1418 246 ἄχρι
1436 210 1538 246 δηλαδὴ
1555 210 1610 236 τῶν
1626 210 1706 237 θείων
1722 211 1774 237 Εὑ-

983 256 1130 289 αγγελίων,
1153 256 1182 282 ἐν
1197 257 1257 287 ταῖς
1281 256 1336 283 τῶν
1353 257 1570 291 κατηχουμὲνων
1589 256 1771 291 παραθέσεσι,

982 298 1064 327 δι’ὧν
1085 301 1123 336 τῷ
1142 301 1202 336 Θεῴ
1221 301 1333 333 τούτους
1356 302 1380 327 oi
1399 302 1483 336 ἱερεῖς
1499 301 1708 335 παρατίθενται,
1726 300 1774 328 καὶ

983 347 1012 373 ἐν
1031 347 1090 378 ταῖς
1106 347 1247 374 ὲπιθέσεσι
1271 348 1329 374 τῶν
1349 347 1449 382 χειρῶν
1471 347 1518 374 ἐπί
1537 355 1567 373 τε
1584 347 1640 374 τῶν
1655 355 1775 382 χειροτο-

983 394 1121 428 νουμένων
1143 395 1190 421 καὶ
1204 394 1259 420 τῶν
1276 395 1305 420 ὲν
1322 393 1453 429 μετανοίᾳ
1467 394 1623 428 γενομένων
1634 402 1642 410 ο
1672 394 1723 424 τας
1745 393 1773 419 δὲ

983 441 1050 474 παρ’
1076 440 1154 466 ὲνίων
1188 440 1370 476 είσαγομένας
1399 440 1462 471 νέας
1500 440 1585 475 εὐχὰς
1619 439 1657 475 μὴ
1689 448 1775 474 προσ-

985 486 1085 514 ίεσθαι.
1107 487 1197 521 “Amp
1224 487 1279 521 γὰρ
1306 487 1331 513 oi
1364 487 1485 521 Πατέρες
1515 486 1566 512 οὐκ
1595 486 1772 521 ἐδοκίμασαν,

983 532 1013 558 τὸ
1042 532 1192 567 ἀμφίϐολον
1215 532 1350 568 δήπουθεν
1375 532 1445 567 ἔχει,
1468 532 1512 559 καὶ
1540 532 1599 564 δέος
1614 531 1772 566 ὑποτρέχει,

986 581 1024 615 μὴ
1049 581 1105 615 ἄρα
1128 581 1161 607 τὰ
1183 581 1216 616 τῇ
1241 579 1308 615 ὀρθῇ
1328 580 1365 615 μὴ
1380 579 1565 614 συμϐαίνοντα
1587 579 1774 614 παρενείρωσι

984 636 1086 654 πιπτει.

1027 716 1055 742 '0
1070 715 1098 742 δὲ
1113 715 1162 750 τῆς
1180 716 1209 742 ὲν
1224 714 1371 750 Λαοδικείᾳ
1385 713 1417 741 ιυ’
1437 714 1540 747 κανὼν,
1560 714 1615 745 Τὰς
1638 714 1707 748 ὑπὲρ
1720 713 1775 740 τῶν

985 763 1209 798 κατηχουμένων,
1234 763 1327 797 φησὶν,
1346 761 1428 796 εὐχὰς
1454 761 1575 796 πρῶτον,
1597 761 1643 787 καὶ
1664 760 1719 786 τῶν
1745 761 1774 786 ὲν

987 809 1127 845 μετανοίᾳ,
1142 807 1201 835 εἶτα
1212 809 1268 835 τῶν
1280 808 1382 834 πιστῶν
1397 807 1520 842 γίνεσθαι
1532 807 1571 833 δεῖ
1582 816 1588 822 ·
1604 805 1665 834 εἶτα
1680 806 1773 841 μόνοις

987 856 1088 888 ἐξεῖναι
1107 854 1233 887 Θεσπίζει
1251 855 1308 885 τοῖς
1325 854 1474 889 ἱερατικοῖς
1490 853 1530 884 εἰς
1546 853 1577 878 τὸ
1597 853 1675 886 ἆγιον
1693 852 1775 878 είσιέ-

987 911 1030 929 ναι
1049 901 1255 935 θυσιαστήριον,
1273 900 1320 926 καὶ
1334 899 1484 925 κοινωνεῖν.
1504 899 1585 932 Ζήτει
1598 897 1645 924 καὶ
1656 899 1684 924 ὲν
1697 897 1737 932 τῷ
1752 896 1775 923 0'

987 955 1051 981 κεφ.
1064 946 1111 973 τοῦ
1129 946 1149 972 Β
1164 945 1297 980 στοιχείου
1311 945 1410 971 κανόνα
1425 943 1448 969 ε’
1459 944 1507 971 καὶ
1517 943 1540 970 κ’
1554 944 1604 981 τῆς
1618 944 1646 969 ὲν
1661 942 1776 976 Γάγγρα

988 993 1109 1024 συνόδου.

1028 1038 1057 1064 '0
1072 1037 1100 1064 δὲ
1116 1036 1164 1072 ριδ¹
1183 1037 1231 1071 τῆς
1252 1038 1280 1062 ὲν
1292 1035 1456 1071 Καροαγένῃ
1475 1035 1596 1067 συνόδου,
1614 1034 1660 1061 τοῦ
1679 1034 1776 1061 ἀναθέ-

989 1093 1072 1120 ματος
1085 1084 1156 1116 ἀξιοῖ
1170 1084 1215 1110 τὸν
1224 1083 1348 1118 οἰόμενον
1367 1083 1404 1117 μὴ
1421 1083 1540 1117 ἀληθῶς,
1557 1081 1626 1109 ἀλλὰ
1639 1081 1776 1108 ταπεινώ-

988 1140 1057 1162 σεως
1075 1130 1157 1166 χάριν
1183 1129 1369 1165 παραινοῦντα
1385 1130 1460 1164 ἡμᾶς
1474 1129 1518 1154 τὸν
1533 1129 1611 1162 ἆγιον
1626 1128 1776 1154 ἀπόστολον

986 1179 1114 1212 Ἰωάννην
1132 1178 1234 1212 λέγειν,
1255 1178 1320 1204 Ἐὰν
1337 1176 1632 1212 εἴπωμεν,Ἀμαρτίαν
1650 1176 1700 1202 οὐκ
1715 1175 1776 1210 ἐχο-

988 1233 1047 1259 μεν,
1060 1214 1181 1255 έὲαυτοῦς
1196 1223 1358 1258 ἀπαιτῶμεν,
1373 1223 1423 1250 καὶ
1452 1223 1566 1257 ἀλήθεια
1592 1223 1621 1249 ἐν
1639 1223 1706 1256 ἡμῖν
1724 1222 1776 1248 οὐκ

987 1270 1071 1297 ἔστιν.
1087 1270 1136 1296 Ἐκ
1157 1269 1211 1305 γὰρ
1231 1269 1287 1296 τῶν
1304 1269 1369 1303 ἑξῆς
1397 1269 1529 1304 ῥημάτων
1554 1268 1604 1302 τῆς
1629 1267 1777 1301 ἐπιστολῆς

984 1317 1121 1344 δείκνυται
1150 1316 1292 1351 προδήλως
1311 1314 1359 1342 τοῦ
1391 1314 1542 1341 ἀποστόλου
1571 1314 1588 1348 ἠ
1608 1313 1710 1345 ἔννοια,
1728 1313 1777 1338 ἐπ-

987 1365 1117 1398 άγοντοςο
1149 1362 1213 1390 Ἐὰν
1247 1363 1275 1388 δὲ
1303 1361 1517 1396 ὁμολογήσωμεν
1555 1360 1605 1391 τὰς
1636 1359 1778 1394 ἁμαρτίας

986 1410 1078 1445 ἡμῶν,
1093 1408 1189 1439 πιστός
1211 1408 1269 1433 ἐστι
1297 1406 1345 1433 καὶ
1374 1405 1489 1438 δίκαιος,
1503 1405 1578 1436 ὅστις
1594 1405 1696 1439 ἀφήσει
1710 1403 1777 1430 ταὺ-

987 1462 1038 1486 τας
1069 1455 1146 1489 ἡμῖν,
1178 1453 1225 1479 καὶ
1252 1451 1398 1487 καθαρίσει
1423 1451 1497 1486 ἡμᾶς
1526 1450 1580 1477 ἀπὸ
1600 1450 1692 1485 πάσης
1718 1450 1777 1476 ἀδι-

987 1500 1062 1531 κίας.

1028 1546 1057 1574 '0
1081 1546 1109 1572 δὲ
1131 1549 1179 1580 ριε¹
1194 1547 1243 1572 καὶ
1262 1549 1316 1580 ρις¹
1337 1545 1382 1571 τὸν
1405 1545 1575 1580 ὑπειληφότα
1596 1544 1657 1575 τοὺς
1677 1542 1777 1576 ἁγίους

987 1592 1079 1626 λέγειν
1095 1592 1144 1624 μὲν
1155 1591 1289 1626 τὸ,“Ἀφες
1305 1592 1371 1627 ἡμῖν
1383 1591 1417 1618 τὰ
1432 1591 1607 1626 ὀφειλήματα
1620 1589 1778 1624 ήμῶν,ὲαυ-

987 1639 1051 1669 τοὺς
1068 1638 1096 1664 δὲ
1107 1637 1162 1664 τῶν
1175 1637 1343 1672 ὀφλημάτων
1370 1637 1502 1673 ἐξαίρειν,
1526 1636 1588 1663 οὐδὲ
1603 1636 1658 1670 γὰρ
1684 1634 1778 1664 αὐτοῖς

987 1683 1057 1712 εἶναι
1085 1684 1189 1718 ταύτην
1211 1684 1261 1718 τὴν
1287 1683 1454 1720 παραίτησιν
1479 1684 1551 1712 πάνυ
1571 1691 1598 1708 τι
1613 1682 1776 1714 ἀναγκαῖον,

988 1731 1056 1761 ἀλλὰ
1085 1731 1143 1761 τοῖς
1162 1731 1191 1757 ὲν
1212 1730 1251 1765 τῷ
1273 1729 1330 1765 λαῷ
1349 1730 1548 1766 ἁμαρτάνουσι,
1568 1729 1608 1764 τῷ
1623 1728 1777 1763 ἁναθέματι

988 1776 1233 1812 παραπέμπουσιν.
1245 1777 1306 1803 Ὀτι
1319 1776 1373 1812 γὰρ
1392 1777 1443 1804 οὐκ
1458 1777 1541 1812 εὐχῆς
1551 1775 1701 1810 πρόσχημα
1720 1774 1776 1801 οὐδ’

988 1822 1134 1857 ὑπόκρισις
1159 1822 1355 1858 ταπεινότητος
1380 1825 1435 1854 τοῖς
1463 1822 1551 1855 ἁγίοις
1578 1822 1683 1857 ὑπῆρξέ
1697 1830 1776 1853 ποτε,

987 1866 1045 1894 ἀλλ’
1060 1866 1163 1902 ἀληθὴς
1191 1866 1304 1901 καρδίας
1321 1867 1463 1902 συντριῦὴ,
1478 1867 1554 1901 δηλοῖ
1573 1867 1587 1892 ὸ
1612 1866 1699 1900 μέγας
1724 1865 1778 1893 Ἰά-

988 1911 1087 1944 κωϐος,
1110 1908 1162 1938 ὧδὲ
1185 1920 1223 1946 πη
1240 1910 1345 1945 λέγων·
1371 1912 1415 1938 Ἐν
1443 1911 1552 1943 πολλοῖς
1578 1911 1777 1946 ἁμαρτάνομεν

988 1957 1090 1988 πάντες
1103 1965 1109 1972 ·
1130 1957 1177 1983 καὶ
1194 1958 1208 1983 ὁ
1225 1957 1328 1984 Δαυῒδ·
1344 1957 1389 1992 Μὴ
1404 1957 1529 1993 εἰσέλθῃς
1544 1958 1583 1988 είς
1602 1957 1692 1991 κρίσιν
1707 1956 1778 1989 μετὰ

987 2003 1035 2030 τοῦ
1050 2003 1146 2030 δούλου
1167 2012 1226 2036 σου,
1244 2003 1286 2029 ὅτι
1307 2004 1338 2029 οὑ
1361 2003 1573 2038 δικαιωθήσεται
1590 2001 1704 2028 ὲνώπιόν
1728 2010 1777 2027 σου

988 2050 1042 2080 πᾶς
1058 2050 1112 2081 ζῶν
1125 2058 1132 2065 ·
1150 2049 1198 2076 καὶ
1207 2050 1237 2076 ὲν
1250 2051 1283 2085 τῇ
1301 2049 1368 2084 εὐχῇ
1385 2050 1399 2075 ὁ
1415 2049 1542 2084 Σολομῶν
1553 2057 1559 2064 ·
1573 2048 1630 2075 Οὐκ
1645 2047 1720 2074 ἐστιν
1732 2048 1779 2073 ἄν-

989 2094 1097 2130 θρωπος
1112 2095 1141 2127 ὃς
1157 2095 1207 2130 οὐχ
1221 2095 1348 2130 ἥμαρτε·
1377 2095 1424 2121 καὶ
1450 2095 1465 2121 δ
1478 2094 1559 2129 Ὶώϐή
1575 2094 1657 2120 Ὥστε
1676 2094 1779 2119 ειδέναι

990 2142 1081 2168 πάντα
1093 2141 1238 2176 ἄνθρωπον
1249 2141 1297 2176 τὴν
1309 2141 1454 2168 ἀσθένειαν
1465 2140 1549 2168 αὐτοῦ
1557 2148 1566 2161 ι
1579 2140 1625 2166 καὶ
1641 2141 1655 2166 ὁ
1665 2139 1778 2174 Δανιήλ-

148 2193 290 2220 eillitatem
302 2200 380 2219 suam
395 2201 403 2225 ;
420 2201 430 2218 ι
443 2197 471 2219 et
487 2191 592 2223 Daniel,
609 2200 618 2217 t
640 2191 829 2222 Peccavimus,
844 2190 934 2226 inique

995 2186 1186 2222 Ἦμάρτομεν,
1203 2187 1394 2222 ὴνομήσαμεν,
1415 2187 1464 2222 καὶ
1481 2185 1517 2213 τὰ
1545 2186 1609 2220 ἑξῆς
1622 2193 1628 2200 ·
1655 2186 1698 2217 τίς
1725 2186 1781 2219 γὰρ

148 2239 266 2273 egimus,
283 2248 295 2267 ι,
312 2243 340 2266 ct
356 2241 465 2267 extera.
495 2237 563 2269 Quis
577 2236 648 2264 enim
664 2243 760 2263 eorunt
784 2236 938 2263 simulatio-

148 2294 211 2312 nem
231 2285 313 2317 fcrat,
330 2286 376 2320 qui
396 2284 486 2311 verbis
507 2283 565 2311 suis
582 2283 718 2311 contraria
737 2282 874 2318 cogitant;
890 2282 937 2317 qui

151 2331 237 2363 labris
270 2331 381 2366 quidem
415 2329 604 2358 remissionem
630 2334 804 2364 peccatorum
831 2333 936 2363 petunt,

150 2378 233 2408 corde
258 2382 348 2406 autent
366 2385 396 2405 se
421 2384 483 2404 esse
511 2378 634 2404 insontes
659 2376 828 2407 existimant,
841 2380 868 2402 et
883 2382 938 2401 non

154 2423 234 2459 140
250 2424 419 2456 hominibus,
434 2424 482 2450 sed
500 2423 555 2450 Deo
571 2423 622 2458 ipsi
640 2421 829 2449 mentiuntur?
841 2421 938 2454 Quaere

148 2471 231 2500 etiam
249 2471 276 2497 in
292 2470 326 2497 57
361 2478 421 2506 cap.
441 2470 537 2498 littera:
552 2470 587 2502 Κ,
600 2477 661 2497 can.
681 2469 714 2496 90
731 2477 756 2495 νι
771 2476 832 2502 syn.

510 2515 574 2542 Lex.

182 2562 318 2591 Jubemus
331 2570 427 2589 omnes
441 2562 584 2596 episcopos
598 2564 625 2588 et
637 2561 824 2595 presbyteros,
837 2563 867 2586 ut
882 2566 938 2586 non

148 2610 241 2639 tacite.
269 2609 317 2636 sed
339 2616 406 2636 voce
422 2616 437 2635 a
454 2607 615 2635 ﬁdeliSsimo
636 2606 736 2641 populo
753 2605 936 2637 exaudicnda.

147 2663 255 2687 sacrant
287 2654 456 2681 oblationem
482 2657 510 2680 et
539 2659 622 2685 super
646 2656 771 2677 sanctum
800 2650 936 2684 baptisma

148 2702 334 2736 precationem
350 2701 505 2732 celebrent;
519 2703 548 2725 ut
558 2697 656 2724 exinde
669 2696 826 2724 auditorum
839 2696 938 2723 anima:

147 2750 172 2777 in
192 2749 323 2782 majorem
339 2746 584 2781 compuuetioucm
602 2748 627 2771 et
648 2742 755 2770 Domini
770 2742 816 2770 Dei
833 2743 935 2778 gloriﬁ-

146 2795 280 2825 czttioneut
293 2793 457 2823 excitentur.

990 2233 1041 2269 τῆς
1055 2234 1196 2269 εἰρωνείας
1210 2233 1354 2268 ἀνάσχοιτο
1366 2233 1419 2259 τῶν
1430 2233 1561 2260 τάναντία
1576 2234 1632 2263 τοῖς
1646 2232 1723 2266 σφῶν
1737 2231 1781 2257 λό-

991 2288 1050 2314 γοις
1065 2278 1237 2314 φρονούντων
1248 2285 1256 2293 ·
1272 2278 1299 2305 οἵ
1313 2287 1368 2313 περ
1384 2278 1488 2314 χείλεσι
1506 2278 1555 2312 μὲν
1574 2278 1672 2311 ἄφεσιν
1689 2277 1783 2303 atro?)-

991 2334 1035 2352 σιν
1049 2326 1204 2361 ἁμαρτιῶν,
1224 2325 1261 2356 ὼς
1282 2325 1366 2352 ἃ,θῶοι
1391 2324 1419 2351 δὲ
1435 2323 1538 2350 τούτων
1553 2325 1586 2358 τῇ
1608 2323 1708 2358 καρδίᾳ
1723 2323 1782 2349 διά-

991 2380 1108 2405 κεινται,
1121 2372 1168 2398 καὶ
1182 2371 1220 2406 μὴ
1233 2370 1401 2405 ἀνθρώποις,
1414 2369 1471 2397 ἀλλ’
1483 2365 1559 2404 αὺτῷ
1568 2369 1730 2404 ψευδόμενοι
1740 2369 1780 2403 τῷ

990 2418 1060 2452 eaq);
1078 2419 1158 2453 Ζήτει
1169 2418 1215 2444 καὶ
1231 2418 1260 2443 ὲν
1274 2416 1313 2451 τῷ
1326 2415 1364 2449 λζ’
1381 2425 1441 2451 κεφ.
1454 2415 1501 2443 τοῦ
1514 2416 1539 2443 Κ
1553 2416 1688 2450 στοιχείου
1701 2416 1781 2442 χανὸ-

991 2473 1023 2492 να
1040 2466 1058 2498 ιι
1072 2465 1121 2499 τῆς
1133 2466 1159 2495 ς’
1175 2462 1296 2490 συνόδου.

1325 2509 1434 2542 Νόμος.

1026 2556 1186 2591 Κελεύομεν
1205 2556 1310 2587 πάντας
1327 2555 1496 2586 ἐπισκόπους
1512 2563 1542 2581 τε
1563 2555 1612 2581 καὶ
1628 2554 1783 2589 πρεσϐυτέ-

992 2613 1067 2640 ρους,
1087 2604 1125 2639 μὴ
1143 2603 1216 2630 κατὰ
1230 2604 1261 2629 τὸ
1280 2603 1499 2638 σεσιωπημὲνον,
1518 2602 1586 2629 ἀλλὰ
1602 2602 1673 2637 μετά
1687 2603 1781 2636 φωνῆς

990 2650 1028 2685 τῷ
1049 2650 1207 2684 πιστοτάτῳ
1230 2648 1288 2683 λαῷ
1304 2648 1516 2682 ἐξακουομένης,
1530 2647 1580 2682 τὴν
1596 2647 1674 2674 Θείαν
1697 2655 1781 2682 προσ-

991 2697 1117 2732 κομιδὴν,
1137 2697 1184 2722 καὶ
1205 2695 1255 2730 τὴν
1269 2696 1317 2721 ἐπὶ
1333 2694 1371 2728 τῷ
1385 2694 1455 2729 ἁγίῳ
1470 2694 1642 2729 βαπτίσματι
1662 2702 1783 2729 προσευ-

990 2742 1041 2777 χὴν
1056 2741 1204 2773 ποιεῖσθαι,
1214 2740 1282 2775 πρὸς
1295 2741 1325 2767 τὸ
1338 2740 1485 2767 κάντεῦθεν
1497 2740 1553 2766 τῶν
1564 2740 1722 2767 ἀκουόντων
1732 2739 1781 2770 τὰς

990 2788 1078 2823 ψυχὰς
1102 2788 1141 2817 εἰς
1160 2786 1274 2813 πλείονα
1291 2786 1437 2818 κατάνυξιν
1459 2787 1506 2812 καὶ
1526 2787 1577 2822 τὴν
1594 2786 1664 2822 πρὸς
1679 2786 1724 2813 τὸν
1736 2786 1785 2812 Δει-

993 2834 1094 2869 σπότην
1107 2833 1172 2860 Θ;ὸν
1185 2833 1372 2861 διανίστασοαι
1383 2831 1548 2868 δοξςλογίαν.
