1939 3067
169 126 236 163 1313

382 183 514 211 lNlTlU-M
536 183 698 212 LlTTElle
723 186 744 212 ι.

246 276 251 284 1
281 241 396 274 CAl‘._|.
417 242 454 268 De
467 242 552 269 sacris
564 243 633 269 vasis
650 248 673 270 et
691 242 842 277 Sacrilegio.

204 295 429 331 Septuagesimus
462 297 600 324 Secundus
630 301 791 324 sanctorum
816 296 955 331 apostolo-

170 349 242 373 rum.
259 348 287 368 ιιι
303 347 330 369 ct
355 343 406 373 75,
422 343 557 376 cum,qui
586 344 620 370 ab
646 343 763 370 ecclesia
791 351 882 369 ceram
913 342 956 368 vel

170 388 260 415 oleum
286 388 385 420 aufert,
403 396 483 423 porro
504 394 531 416 et
554 389 600 422 qui
625 396 671 415 vas
700 388 899 415 sanctificatum
923 395 955 414 ex

172 442 242 462 auro
265 435 305 461 vel
323 439 437 470 argento
452 435 566 466 factum,
584 434 625 461 vel
642 435 755 461 linteum
773 433 799 460 in
815 434 955 468 proprium

170 486 250 506 usum
268 481 413 513 convertit,
436 485 463 507 ct
478 488 626 507 commune
642 480 721 510 facit,
738 481 759 506 si
776 488 828 506 non
846 479 957 506 sacrile-

169 525 223 559 gii,
239 529 367 560 tanquam
393 526 505 553 sceleris
532 530 622 553 autem
651 526 792 559 praemium
814 530 956 560 reportan-

171 577 235 603 tcm,
250 573 433 606 segregationi
446 573 605 606 subjiciunt.
625 571 690 598 Nam
709 572 811 605 Achar,
827 580 887 606 qua:
901 572 956 600 Deo

169 626 220 644 nec
235 618 325 644 oblata
347 623 434 650 erant,
453 626 502 645 nec
525 618 705 650 sanctificata,
722 618 768 645 sed
783 619 873 645 solum
895 626 957 652 pro-

173 663 269 694 missa,
291 664 466 695 subtrahens,
482 670 619 691 extremas
641 664 716 691 dedit
736 672 832 699 prenas
848 665 881 692 ab
895 665 957 692 uni-

170 716 248 735 verso
264 709 364 743 populo
384 708 520 743 lapidibus
536 709 662 736 obrutus.
934 738 940 742 _

205 755 332 782 Decimus
349 763 413 782 vero
435 755 529 790 prima:
549 760 575 782 et
601 756 729 783 secundae
753 756 832 783 dicite
848 757 956 792 synodi,

169 802 360 829 dilucidiorem
383 802 480 829 borum
496 811 632 830 canonum
658 804 855 838 interpretatus
878 812 956 830 men-

759 128 939 158 MATTllel
963 131 1074 157 Βιριδί
1082 131 1173 156 Λιιιδ

1728 127 1801 154 1231M-

1185 181 1280 208 ΑΡΧΗ
1301 182 1371 209 ΤΟΥ
1394 183 1402 209 Ι
1423 181 1618 209 ΣΤΟΙΧΕΙΟΥ.

1009 241 1133 267 ΚΕΦΛΛ.
1154 241 1193 267 Λ’.
1215 241 1283 274 Περὶ
1301 239 1388 273 ἱερῶν
1408 239 1529 267 σκευῶν
1546 239 1595 266 καὶ
1612 239 1798 273 ἔεροσυλίας.

1048 298 1077 325 '0
1089 297 1127 332 οβ’
1141 298 1196 324 τῶν
1215 298 1301 331 ἁγίων
1312 297 1478 330 ζὰποστόλων
1495 297 1597 329 κανὼν,
1611 296 1680 323 ἀλλὰ
1693 296 1725 329 δὴ
1750 300 1801 322 καὶ

1008 348 1021 372 ὀ
1043 345 1083 379 ογ¹
1100 345 1147 372 τὸν
1167 346 1221 372 ἀπὸ
1249 345 1298 380 τῆς
1314 345 1465 378 ἐκκλησίας
1485 345 1651 379 ἀφελόμενον
1669 343 1766 377 κηρὸν,
1783 343 1800 377 ἧ

1008 392 1106 425 ἔλαιον,
1123 392 1163 418 ἔτι
1185 392 1214 418 δὲ
1236 391 1332 422 σκεῦος
1361 390 1504 423 ἁγιασθὲν,
1521 389 1626 424 χρυσοῦ
1642 388 1658 424 ἦ
1676 388 1802 423 ἀργύρου

1008 439 1203 474 πεποιημένον,
1217 438 1234 473 ἢ
1247 437 1346 472 ὀθόνην
1359 438 1398 468 είς
1414 437 1519 463 οἰκείαν
1533 437 1631 471 χρῆσιν
1640 435 1802 470 σφετεριζόν

1010 493 1089 519 μενον
1105 484 1153 510 καὶ
1168 483 1324 515 κοινοῦντα,
1342 482 1400 517 είγε
1418 483 1456 518 μὴ
1475 482 1640 517 ἱεροσυλίας,
1657 482 1694 512 ὡς
1712 481 1734 507 δ’
1753 481 1802 508 οὖν

1009 531 1184 566 παρανομίας
1201 531 1280 561 δίκας
1303 530 1450 564 ὑπέχοντα,
1467 528 1613 563 ἀφορισμῷ
1632 527 1804 554 ὑποϐάλλου-

1009 584 1062 602 σιν.
1082 576 1112 602 Ὀ
1131 575 1273 613 Ἀχαρρὲ,
1298 575 1344 601 καὶ
1363 574 1435 609 ἆπερ
1458 574 1566 599 οὐδέπω
1584 573 1643 608 Θεῷ
1663 574 1804 607 προσήνεο

1009 629 1083 651 κται,
1101 619 1164 646 οὔτε
1195 619 1249 655 μὴν
1273 620 1411 654 ἡγίασται,
1431 618 1500 645 ἀλλὰ
1527 617 1608 652 μόνον
1630 616 1803 652 ἐπήγγελται

1009 658 1185 701 ὑφελόμενος,
1201 665 1250 700 τὴν
1270 664 1388 700 ἐσχάτην
1402 663 1485 690 ἔδωκε
1505 663 1585 698 δίκην
1605 662 1803 694 καταλευσθεὶς

1009 712 1162 746 παγγενής.

1050 758 1079 785 '0
1094 757 1122 784 δὲ
1132 756 1155 785 ,ι’
1173 757 1224 793 τῆς
1240 756 1393 791 λεγομένης
1414 756 1439 783 α’
1453 757 1502 782 καὶ
1516 755 1538 791 β’
1554 755 1674 787 συνόδου,
1688 754 1803 789 ἐκδηλό-

1008 812 1088 839 τερον
1114 803 1170 829 τῶν
1188 803 1311 829 κανόνων
1329 802 1443 828 τουτωνὶ
1468 802 1514 828 τὸν
1537 801 1601 827 νοῦν
1627 800 1802 835 ἑρμηνεύων,

171 854 223 875 tem
239 867 246 880 ,
277 849 339 882 Eos,
356 849 455 884 inquit,
471 851 518 884 qui
533 857 597 877 vasa
613 850 654 877 vel
677 856 766 877 vestes
779 855 855 878 extra
870 851 956 878 altare

1016 849 1080 881 Γοὺς
1095 848 1342 884 σφετεριζομένους
1357 848 1392 874 τὰ
1404 848 1493 879 ἐκτὸς,
1505 847 1582 882 φησὶ,
1593 847 1640 873 τοῦ
1655 846 1804 880 θυσιαστη-

169 895 201 921 ad
219 895 358 928 proprium
381 903 460 921 usum
477 901 651 926 convertunt,
666 903 726 930 qua:
741 896 773 922 ad
791 895 883 930 templi
908 902 953 922 or-

170 944 261 965 natum
288 940 458 967 sanctiﬁcata
487 940 610 973 fuerunt,
624 942 750 968 lucernas
775 941 854 968 verbi
874 949 899 968 c.
915 942 956 968 vel

170 987 305 1018 autemet
323 987 356 1014 ad
383 995 462 1013 nsum
489 987 634 1021 profanqu
666 987 718 1014 sibi
744 988 809 1022 ipsis
830 987 871 1014 vel
896 987 957 1014 aliis

170 1033 428 1063 :-ccomodaverint.
447 1034 614 1067 apostolicus
642 1042 730 1061 canon
756 1037 900 1068 segregat,
931 1038 958 1060 ct

172 1084 222 1104 nos
251 1084 302 1104 una
327 1085 514 1111 segregaturus.
538 1078 590 1105 Eos
621 1083 727 1111 autem,
757 1079 804 1114 qui
830 1084 955 1107 sanciunt

170 1123 296 1155 calicem,
310 1123 352 1150 vel
366 1124 483 1155 discum.
495 1124 535 1150 vel
552 1125 697 1159 forcipem,
713 1125 754 1152 vel
770 1126 956 1152 venerandum

171 1169 372 1199 indumentum,
390 1169 429 1196 vel
453 1177 543 1196 aerem
559 1170 660 1198 dictum
689 1171 724 1204 (id
742 1176 781 1198 est
793 1171 956 1203 sudarium),

171 1215 225 1248 vel,
245 1220 274 1242 ut
289 1216 446 1242 summatim
462 1215 552 1243 dicam
564 1237 571 1249 ,
587 1224 670 1243 unum
697 1217 807 1249 aliquod
822 1225 854 1244 ex
872 1217 958 1244 sacris

170 1261 244 1288 vasis
255 1266 282 1287 et
298 1262 370 1287 intra
386 1261 482 1288 altaria
501 1269 578 1288 sacra
606 1261 797 1294 sanctilicatis,
816 1262 856 1288 vel
878 1262 959 1289 vesti-

170 1312 261 1334 menta
277 1308 304 1334 in
319 1308 459 1342 proprium
476 1308 582 1335 lucrum
613 1308 754 1343 diripiunt,
771 1308 812 1335 vel
831 1309 857 1335 in
879 1316 958 1335 nsum

171 1353 317 1388 profanum
344 1346 507 1381 convertunt
534 1354 599 1387 (hoc
626 1354 699 1381 enim
728 1358 769 1381 est
797 1353 958 1388 profanare.

171 1400 236 1427 illud
265 1407 330 1427 vero
348 1401 490 1434 surripere
520 1399 623 1435 sacra),
640 1399 775 1427 absoluta:
793 1399 960 1435 depositioni

170 1445 341 1479 subiicimus,
362 1451 392 1472 ut
411 1445 457 1480 qui
474 1445 588 1480 impium
601 1452 670 1478 opus
684 1444 822 1471 fecerunt.

205 1493 238 1520 Et
252 1499 366 1522 magnus
385 1491 533 1526 Gregorius
547 1490 687 1527 Nyssenns
698 1491 724 1517 in
738 1495 835 1518 octavo
851 1497 901 1517 suo
913 1497 960 1516 ca-

1010 896 1068 932 ρίου
1098 895 1183 931 σκεύη
1210 895 1227 929 ἦ
1253 895 1354 930 ἀμφια,
1371 894 1388 921 ἃ
1408 894 1439 929 δὴ
1459 894 1528 928 πρὸς
1545 893 1647 928 κόσμον
1669 892 1717 919 τοῦ
1735 892 1803 920 ναοῦ

1009 941 1173 975 ἀφιέρωται,
1188 940 1300 975 λυχνίας
1314 940 1405 974 τυχὸν,
1421 939 1437 973 ἢ
1455 939 1570 970 ἔπιπλα,
1584 939 1631 965 καὶ
1644 939 1685 970 εἰς
1700 939 1804 973 χρῆσιν

1009 987 1119 1021 ἀνίερον
1132 986 1240 1016 ἑαυτοῖς
1253 985 1270 1020 ἢ
1284 985 1389 1019 ἑτέροις
1400 983 1582 1018 παρέχοντας,
1596 984 1609 1009 ὁ
1621 983 1809 1015 ἀποστολικὺς-

1008 1031 1137 1066 ἀφορίζει
1165 1032 1268 1064 κανὼν,
1298 1031 1347 1057 καὶ
1377 1030 1457 1064 ἡμεῖς
1488 1029 1806 1063 συναφορίζομεν.Τοὺς

1010 1079 1102 1113 μέντοι
1119 1077 1149 1104 τὸ
1163 1077 1242 1109 ἆγιον
1257 1076 1400 1111 ποτήριον,
1417 1075 1433 1110 ἢ
1449 1075 1494 1102 τὸν
1511 1075 1614 1107 δίσκον,
1629 1076 1646 1110 ἢ
1661 1075 1711 1110 τὴν
1725 1075 1806 1102 λασί-

1009 1126 1055 1156 δα,
1070 1124 1086 1160 ἢ
1102 1125 1152 1159 τὴν
1167 1124 1319 1158 σεϐασμίαν
1331 1123 1453 1157 ὲνδυτὴν,
1467 1122 1483 1157 ἢ
1499 1121 1544 1148 τὸν
1559 1121 1707 1156 λεγόμενον
1721 1122 1804 1156 ἀέρα,

1010 1170 1026 1206 ἢ
1043 1169 1137 1202 ἁπλῶς
1161 1169 1190 1196 ἓν
1207 1179 1233 1196 τι
1254 1169 1308 1195 τῶν
1328 1169 1358 1194 ἐν
1374 1168 1412 1203 τῷ
1428 1168 1500 1202 ἁγίῳ
1516 1167 1704 1202 θυσιαστηρίῳ
1722 1167 1805 1202 ἱερῶν

1010 1216 1058 1242 καὶ
1075 1215 1162 1248 ἁγίων
1184 1215 1291 1241 σκευῶν
1307 1214 1324 1249 ἢ
1343 1213 1545 1248 ἀμφιεσμάτων
1561 1214 1601 1244 είς
1621 1213 1687 1239 [διον
1707 1212 1806 1247 κέρδος

1012 1261 1238 1296 ὑφαρπάζοντας,
1253 1260 1270 1295 ἢ
1295 1261 1336 1289 είς
1351 1260 1450 1295 χρῆσιν
1465 1259 1625 1294 χρωμένους
1641 1258 1748 1293 ἀνίερον
1763 1257 1805 1292 (τὸ

1013 1307 1063 1341 μὲν
1080 1307 1134 1340 γάρ
1153 1307 1211 1332 ἐστι
1237 1305 1404 1341 βεϐηλῶσαι,
1423 1305 1453 1331 τὸ
1476 1305 1514 1337 δὲ,
1533 1304 1648 1339 συλῆσαι
1667 1304 1702 1330 τὰ
1715 1303 1804 1338 ἅγια),

1011 1353 1141 1380 παντελεῖ
1162 1352 1323 1387 καθαιρέσει
1340 1351 1599 1386 καθυποϐάλλομεν,
1617 1351 1656 1383 ὡς
1673 1350 1806 1382 δυσσεϐὲς

1011 1398 1091 1434 ἔργον
1104 1398 1354 1434 διαπραξαμένους.

1053 1493 1084 1518 ’0
1098 1491 1127 1518 δὲ
1142 1490 1254 1526 Νύσσης
1277 1489 1364 1524 μέγας
1379 1488 1540 1525 Γρηγόριος,
1559 1489 1588 1515 έν
1604 1488 1643 1524 τῷ
1656 1491 1680 1524 η’
1697 1488 1804 1521 κανόνι,

172 1546 254 1571 none,
268 1539 460 1573 Sacrilcgiuin,
474 1538 522 1569 ait,
545 1537 572 1564 in
597 1537 689 1564 divina
709 1541 734 1564 et
761 1536 873 1570 antiqua
886 1535 958 1562 Scri-

1018 1539 1051 1565 'lI
1069 1537 1218 1573 ἱεροσυλία,
1236 1537 1315 1571 φησὶ,
1328 1536 1404 1571 παρὰ
1420 1535 1469 1570 μὲν
1493 1536 1526 1571 τῇ
1548 1535 1650 1570 ἀρχαίᾳ
1670 1536 1720 1562 καὶ
1742 1535 1806 1571 θείᾳ⁵

172 1590 262 1620 ptura,
274 1584 354 1611 caedis
370 1583 480 1618 quidem
497 1582 727 1610 condemnatione
744 1589 797 1608 non
816 1581 903 1608 visum
921 1585 961 1607 est

171 1631 325 1666 indignum.
350 1629 482 1656 Similiter
508 1628 580 1656 enim
601 1632 629 1655 et
652 1628 699 1662 qui
720 1627 800 1655 caedis
821 1627 962 1654 convictus

171 1681 242 1709 erat,
255 1681 282 1703 et
296 1675 341 1710 qui
357 1683 401 1702 res
415 1674 468 1702 Deo
485 1675 625 1702 dedicatas
639 1674 800 1707 abstulerat,
818 1673 961 1708 lapidatio-

118 1721 122 1726 ’
141 1728 143 1732 '
173 1724 215 1750 nis
241 1722 403 1756 supplicium
435 1721 557 1748 subibat.
575 1720 768 1748 Ecclesiastica
785 1725 877 1747 autem
896 1727 963 1747 con-

172 1769 289 1796 suetudo
312 1768 434 1798 lenitate,
454 1767 548 1793 nescio
576 1766 725 1801 quomodo,
745 1771 837 1799 utens,
861 1767 963 1793 tolera-

173 1813 255 1840 bilius
283 1813 357 1840 illius
387 1812 474 1840 morbi
508 1812 644 1847 piaculum
684 1811 864 1840 existimavit.
893 1811 961 1839 Nam

174 1858 293 1886 breviori
323 1863 445 1893 tempore
469 1858 617 1893 sacrilegos
641 1866 724 1893 quam
755 1858 894 1886 adulteros
910 1866 962 1893 pu-

174 1905 272 1938 nivit;
304 1904 443 1932 adulteros
473 1909 565 1932 autem
589 1905 624 1933 18
660 1912 746 1933 annos
789 1913 805 1933 a
840 1912 962 1932 commu-

174 1951 255 1978 nione
282 1952 402 1986 expellit.
424 1951 545 1979 Consule
576 1951 603 1977 in
636 1950 670 1978 16
701 1951 789 1986 capite
819 1951 916 1978 litterae
941 1951 962 1978 E

173 2005 236 2024 can.
254 1997 272 2023 2
284 1998 370 2025 sancti
398 1997 542 2032 Cyrilli,et
558 2005 618 2032 quae
634 1997 669 2024 ibi
684 1997 780 2032 posita:
795 2001 858 2025 sunt
873 1998 961 2033 legum

173 2048 255 2078 caput
269 2043 297 2071 ι.

520 2099 612 2135 Leges.

210 2158 351 2193 Sacrilegii
373 2158 476 2185 crimen
504 2157 594 2185 simile
615 2160 658 2184 est
675 2156 783 2184 crimini
809 2155 879 2184 lzesa:
906 2163 961 2183 ma-

171 2205 289 2240 jrstalis.

209 2253 309 2279 Contra
338 2251 411 2278 illum
441 2250 577 2284 sacrilegii
599 2250 672 2277 actio
695 2255 839 2282 movetur,
857 2251 904 2286 qui
928 2259 960 2279 ex

176 2300 259 2326 rebus
286 2298 373 2325 sacris
396 2296 498 2330 aliquid
527 2295 682 2328 abstulerit,
709 2300 735 2322 et
767 2296 793 2322 in
820 2297 960 2332 proprium

177 2353 255 2378 nsunt
271 2341 449 2373 converterit,
464 2341 507 2369 vel
524 2342 569 2376 qui
586 2341 682 2368 horum
696 2341 797 2377 aliquid
810 2342 872 2370 dolo
891 2342 962 2370 malo

174 2390 265 2417 facere
278 2395 424 2424 aggressus
437 2392 491 2415 est.

211 2434 290 2471 145
301 2435 352 2468 Qui
365 2433 467 2469 aliquid
479 2433 533 2461 Deo
546 2433 665 2461 nondum
677 2434 831 2461 dedicatum
845 2433 962 2467 furatur,

175 2487 307 2517 tanquam
326 2481 370 2508 fur
389 2481 498 2508 actione
517 2485 626 2508 tenetur
644 2490 651 2508 :
671 2488 735 2508 nam
751 2488 794 2508 res
813 2481 932 2515 privatas
947 2489 962 2509 a

176 2528 276 2563 templo
293 2528 443 2563 surripere,
458 2528 631 2562 sacrilegium
645 2535 698 2555 non
715 2533 768 2559 est,
782 2528 830 2555 sed
847 2529 962 2555 furtum.

174 2575 226 2609 Qui
240 2581 330 2602 autem
345 2574 400 2602 Deo
416 2579 579 2602 consecrata
595 2573 713 2606 furatur,
733 2574 796 2601 licet
810 2582 841 2601 ex
859 2574 963 2608 privato

179 2623 241 2650 loco
258 2621 365 2649 furatus
383 2626 436 2653 est,
453 2621 588 2655 sacrilegii
605 2625 722 2648 tenetur.
739 2620 875 2653 Quoniam
890 2621 962 2647 enim

176 2673 241 2696 sunt
264 2669 389 2703 quaedam
412 2675 491 2695 sacra
509 2667 564 2694 Deo
589 2674 642 2694 non
659 2671 831 2697 consecrata.
855 2672 883 2693 ut
901 2671 965 2694 sunt

178 2715 323 2748 imagines,
342 2722 402 2749 quae
417 2714 450 2741 ad
469 2721 517 2741 nos
533 2713 659 2747 privatim
676 2712 826 2745 pertinent,
842 2713 963 2740 nondum

178 2760 288 2794 templis
307 2760 349 2786 vel
381 2759 559 2786 monasteriis
577 2757 718 2788 dedicatae,
746 2757 807 2784 ideo
824 2757 892 2784 dicit
910 2757 964 2790 lex,

178 2807 266 2834 locum
288 2806 379 2834 facere
408 2806 510 2833 furtum
542 2806 582 2833 vel
613 2803 798 2838 sacrilegium.
821 2804 889 2830 Nam
916 2804 962 2839 qui

179 2856 302 2879 sanctam
333 2852 490 2887 imaginem,
517 2859 577 2887 qua:
609 2851 634 2877 in
665 2855 757 2878 nostra
783 2849 879 2877 cellula
913 2855 963 2883 cst,

1013 1585 1111 1621 Γραφῇ
1135 1584 1197 1611 οὐδὲ
1231 1582 1360 1618 ἐνομίσθη
1392 1583 1441 1616 τῆς
1467 1583 1581 1617 φονικῆς
1610 1582 1806 1618 κατακρίσεως

1012 1631 1197 1665 ἁνεκτότερα·
1213 1630 1313 1665 ὁμοίως
1327 1630 1382 1664 γὰρ
1397 1630 1410 1656 ὅ
1426 1638 1454 1655 τε
1474 1629 1548 1664 φόνῳ
1566 1629 1658 1661 ἁλοὺς,
1676 1631 1723 1656 καὶ
1741 1631 1755 1656 ὁ
1772 1630 1806 1656 τὰ

1014 1678 1185 1706 ἀνατεθέντα
1204 1678 1242 1712 τῷ
1262 1676 1322 1712 Θεῷ
1337 1676 1512 1710 ὑφελόμενος,
1526 1677 1577 1710 τὴν
1592 1676 1635 1703 διὰ
1652 1677 1706 1703 τῶν
1722 1676 1805 1703 λίθων

1012 1724 1149 1760 τιμωρίαν
1173 1723 1299 1757 ὑπέσχον.
1321 1723 1351 1749 '0
1373 1723 1400 1749 δὲ
1417 1722 1465 1758 τῆς
1479 1723 1643 1758 Ἐκκλησίας
1663 1723 1804 1758 συνήθεια,

1014 1769 1217 1803 συγκαταῆάσει
1231 1769 1281 1794 οὐκ
1303 1765 1352 1794 οἷδ’
1365 1769 1439 1799 ὅπως
1462 1769 1637 1803 χρησαμένη,
1656 1769 1805 1795 ἀνεκτότε-

1015 1824 1061 1850 ρον
1093 1816 1124 1842 τὺ
1148 1815 1198 1849 τῆς
1222 1813 1351 1848 τοιαύτης
1373 1814 1452 1840 νόσου
1474 1813 1625 1849 καθάρσιον
1643 1813 1804 1848 ἐλογίσατο·

1013 1861 1136 1887 ἐλάττονι
1155 1859 1210 1895 γὰρ
1223 1859 1312 1894 χρόνῳ
1327 1859 1390 1890 τοὺς
1409 1858 1562 1894 ἱεροσύλους
1577 1859 1593 1894 ἥ
1611 1860 1674 1890 τοὺς
1692 1860 1806 1895 μοιχοὺς

1012 1907 1161 1933 ἑκολάσατο
1175 1914 1181 1920 ·
1199 1906 1263 1936 τοὺς
1279 1903 1325 1931 οὖν
1340 1905 1453 1939 μοιχοὺς
1469 1905 1509 1936 είς
1521 1904 1556 1939 ιη’
1576 1905 1623 1940 έτη
1642 1905 1691 1939 τῆς
1706 1913 1806 1932 κοινω-

1013 1952 1074 1983 νίας
1087 1952 1226 1987 ἀπείργει.
1244 1951 1326 1985 Ζήτει
1339 1951 1386 1977 καὶ
1402 1951 1431 1976 ὲν
1444 1950 1482 1985 τῷ
1499 1949 1537 1982 ις’
1549 1959 1611 1984 κεφ.
1623 1950 1670 1977 τοῦ
1686 1951 1707 1977 Ε
1720 1959 1806 1985 στοιχ.

1013 1998 1114 2025 κανόνα
1131 1997 1153 2032 β’
1172 1996 1221 2024 τοῦ
1237 1997 1317 2028 ἁγίου
1334 1996 1481 2031 Κυρίλλου,
1504 1996 1552 2023 καὶ
1570 1997 1625 2023 τῶν
1640 1997 1731 2023 ἐκεῖσε
1747 2005 1807 2023 κει-

1016 2044 1106 2080 μένων
1116 2044 1207 2079 νόμων
1219 2043 1250 2069 τὸ
1264 2044 1285 2069 δ’
1300 2043 1462 2077 κεφάλαιον.

1357 2099 1459 2134 Νόμοι.

1049 2159 1086 2185 Τὸ
1103 2159 1167 2194 περὶ
1181 2158 1338 2194 ἱεροσυλίας
1364 2157 1491 2192 ἔγκλημα
1504 2158 1599 2192 ὅμοιόν
1618 2159 1677 2184 ἐστι
1695 2157 1734 2192 τῷ
1756 2158 1806 2191 τῆς

978 2210 1002 2239 1)
1016 2205 1223 2237 καθοσιώσεως.

1055 2254 1084 2280 '0
1099 2253 1165 2286 περὶ
1182 2253 1232 2287 τῆς
1246 2251 1401 2286 ἱεροσυλίας
1425 2252 1542 2277 κινεῖται
1566 2251 1647 2284 νόμος
1668 2251 1741 2276 κατὰ
1756 2249 1804 2276 τοῦ

1013 2298 1179 2333 ὐφελομένου
1198 2299 1229 2324 έκ
1248 2298 1303 2324 τῶν
1320 2298 1400 2332 ἱερῶν
1413 2298 1573 2332 χρημάτων,
1591 2297 1608 2332 ἢ
1627 2298 1804 2332 χρησαμένου

1013 2344 1119 2375 τούτοις
1142 2345 1182 2375 εἰς
1202 2343 1270 2376 ιδίας
1290 2342 1428 2379 χρείας,ἢ
1450 2345 1718 2378 παρασκευάσαντος
1733 2344 1806 2371 κατὰ

1016 2393 1093 2420 δόλον
1104 2391 1233 2427 γενέσθαι
1247 2401 1274 2418 τι
1287 2391 1404 2419 τούτων.

1058 2440 1088 2465 '0
1104 2439 1228 2465 κλέπτων
1241 2438 1272 2464 τὺ
1284 2438 1369 2472 μήπω
1380 2437 1439 2472 Θεῷ
1450 2437 1632 2473 καθιερωθὲν,
1640 2438 1679 2469 ὡς
1687 2438 1805 2474 κλέπτης

1015 2483 1142 2517 ὲνάγεται
1153 2490 1161 2498 ⁸
1178 2482 1209 2509 τὺ
1228 2481 1442 2517 γὰροὺφελέσθαι
1457 2483 1510 2509 ἀπὸ
1524 2482 1571 2508 τοῦ
1585 2482 1659 2516 ἱεροῦ
1675 2484 1804 2518 χρήματα

1017 2527 1142 2554 ἰδιωτικὰ
1168 2527 1218 2554 οὐκ
1234 2527 1310 2553 ἐστιν
1329 2527 1479 2562 ἱεροσυλία,
1492 2527 1560 2554 ἀλλὰ
1575 2528 1681 2563 κλοπή·
1695 2529 1709 2555 ὁ
1728 2529 1756 2555 δὲ
1772 2529 1805 2555 τὰ

1015 2572 1213 2607 ἁνατεθειμένα
1238 2571 1277 2607 τῷ
1294 2572 1355 2608 Θεῷ
1380 2573 1514 2604 κλέπτων,
1543 2574 1594 2600 κᾶν
1618 2573 1648 2606 ἐξ
1669 2574 1804 2601 ἰδιωτικοῦ

1014 2619 1100 2645 τόπου
1118 2618 1217 2654 κλέψῃ.
1245 2618 1283 2649 ὼς
1301 2618 1440 2654 ἱερόσυλος
1453 2619 1585 2653 ἐνέχεται.
1608 2619 1685 2646 Ἐπεὶ
1700 2620 1729 2646 δέ
1752 2620 1804 2646 είσί

1015 2673 1076 2691 τινα
1096 2665 1156 2700 ίερὰ
1182 2665 1219 2701 μὴ
1235 2665 1434 2699 ἁνατεθειμένα
1455 2665 1493 2700 τῷ
1510 2665 1581 2699 Θεῷ,
1599 2665 1637 2697 ὡς
1656 2665 1691 2692 τὰ
1715 2666 1805 2698 ίδικῶς

1016 2712 1084 2746 ἡμῖν
1102 2711 1266 2747 διαφέροντα
1281 2711 1470 2746 εῐκονὶσματα,
1485 2711 1570 2746 μήπω
1590 2711 1665 2743 ναοῖς
1685 2711 1702 2746 ἢ
1721 2720 1804 2747 μονα-

1017 2759 1138 2794 στηρίοις
1149 2758 1323 2791 ἀνατεθέντα,
1339 2756 1410 2785 κατὰ
1423 2757 1501 2784 τοῦτό
1517 2765 1602 2793 φησιν
1616 2759 1630 2784 ὁ
1649 2758 1742 2793 νόμος,
1760 2759 1804 2785 τὸν

1016 2805 1099 2831 τόπον
1126 2806 1215 2831 ποιεῖν
1236 2805 1286 2839 τὴν
1307 2804 1413 2839 κλοπὴν
1431 2804 1447 2838 ἢ
1471 2804 1520 2839 τὴν
1535 2804 1704 2838 ἱεροσυλίαν·
1718 2807 1732 2831 ὁ
1752 2806 1803 2840 γὰρ

1019 2852 1068 2886 τὴν
1094 2852 1122 2878 ἐν
1149 2851 1188 2886 τῷ
1213 2852 1326 2886 οἰκίσκῳ
1338 2851 1417 2886 ἡμῶν
1432 2850 1514 2877 οὖσαν
1535 2850 1620 2884 ἁγίαν
1636 2850 1728 2878 εἰκόνα
1745 2852 1801 2878 κλέ-
