1939 3067
152 139 222 172 1387

752 141 938 173 ΜΑΤΤΗΕΙ
959 142 1175 173 BLASTABIS

1718 143 1800 176 1358

153 201 208 228 ria‘s
225 198 349 227 ofﬁcinas
366 198 408 226 vel
423 199 532 228 lavacra
557 207 571 227 a
589 199 698 229 clericis
712 201 836 242 e}erceri
858 199 947 236 prohi-

1006 201 1067 236 ζιικὰ
1081 202 1251 237 ἐργαστήρια
1267 202 1283 237 ἦ
1299 202 1401 238 λουτρὰ
1417 203 1483 239 πρὸς
1496 203 1550 231 τῶν
1563 204 1703 240 κληρικῶν
1716 206 1803 242 svsp-

153 247 224 280 buit,
238 251 366 282 tanquam
381 246 470 282 ttlrpis
485 246 555 274 lucri
569 251 595 274 et
611 247 817 275 mendaciorum
835 255 946 275 causas.

462 338 499 366 De
516 339 635 366 medicis.

189 394 282 428 Neque
307 402 390 430 porro
410 394 541 422 diaconos
561 395 683 422 medicos
709 394 780 422 ﬁerit
798 395 945 428 concessit.

151 441 294 468 medicinae
309 448 420 479 operam
441 441 554 474 dantes,
578 448 633 468 non
656 441 807 468 convenire
827 441 940 472 dicens,

152 494 183 516 nt
197 488 244 523 qui
270 495 332 514 cum
360 487 463 515 casulis
492 493 586 515 sancta
613 491 741 521 tractant,
767 488 946 516 szccularibns

152 535 275 562 vestibus
291 534 449 567 induantur,
478 538 506 561 et
531 542 594 562 cum
621 534 698 562 laicis
725 535 804 567 viris,
832 534 946 562 medicis

152 580 269 612 scilicet,
291 579 431 607 incedant.
449 578 510 607 Fuit
531 580 613 607 etiam
637 579 761 615 ejusdem
779 580 946 614 patriarchae

152 626 312 659 declaratio,
335 633 397 662 qua
419 626 584 661 depositioni
609 627 727 661 subjecit
755 627 884 658 clericos.
899 627 946 662 qui

151 673 293 700 saecularia
310 677 338 700 ct
354 672 464 707 publica
489 673 683 700 administrant
699 673 808 708 negotia
822 681 829 706 ;
847 678 873 700 et
889 672 943 700 alia

151 719 315 754 patriarcha
332 718 458 750 Joannis,
471 726 533 753 quae
549 719 683 746 diaconos
698 724 725 746 et
743 719 811 746 alios
830 719 946 746 clericos

152 767 179 792 in
196 765 314 799 publicis
329 764 446 799 negotiis
465 764 569 791 versari
582 772 635 791 non
650 765 803 799 permittit;
821 772 903 800 porro
921 769 948 792 ct

151 811 315 846 patriarcha:
343 810 483 838 Michaelis
516 810 652 842 Anchiali.
687 811 828 838 smcularia
859 810 947 839 cilicia

152 857 195 884 vel
221 860 381 884 exactoruni
411 860 561 890 potestates
580 856 622 883 vel
648 857 805 884 curationes
830 857 947 885 clericos

152 912 207 932 non
225 905 367 938 suseipere
382 904 509 939 injungit.
733 944 749 961 χ

437 1038 657 1066 σοηδιιειαίιὶιιεε.

189 1096 258 1124 Cum
274 1103 340 1124 vero
356 1097 373 1124 4
388 1103 477 1124 canon
494 1104 557 1132 syn.
575 1101 691 1131 quartae,
715 1104 766 1124 nec
791 1105 847 1124 non
862 1097 943 1124 etiam

151 1141 169 1169 4
187 1142 281 1176 primae
294 1145 321 1169 et
338 1141 466 1169 secundae
484 1141 582 1176 synodi
604 1142 687 1176 (quos
704 1146 731 1169 et
745 1142 858 1170 consule
872 1143 899 1169 in
911 1150 945 1169 xv

152 1189 242 1224 capite
273 1188 371 1216 litterae
387 1188 436 1223 Ill),
465 1195 520 1216 non
546 1188 689 1223 prohibent
719 1189 872 1224 episcopos,
896 1189 947 1216 ali-

152 1234 262 1268 quando
274 1235 326 1263 sibi
349 1234 484 1269 subjectis
506 1234 661 1268 monachis,
675 1242 731 1262 non
745 1235 834 1263 solum
852 1243 944 1262 rerum

151 1281 401 1308 ecclesiasticarum
420 1280 689 1309 administrationem
716 1282 877 1315 concedere,
897 1281 946 1309 sed

152 1335 184 1355 ea
198 1328 280 1355 etiam
297 1335 358 1362 quae
376 1328 410 1355 ad
432 1327 516 1355 vitam
532 1327 672 1363 pertinent
697 1329 740 1355 vel
764 1329 903 1356 saecularia
919 1332 947 1356 et

152 1374 259 1407 civilia;
275 1374 347 1409 quod
365 1374 450 1402 multo
466 1373 554 1409 magis
577 1374 792 1407 imperatOribus
812 1374 947 1402 c0ncedc-

154 1426 213 1454 tur,
235 1421 280 1456 qui
299 1421 389 1448 solent
405 1425 517 1448 sanctos
530 1427 651 1448 canones
665 1420 798 1456 religioso
811 1424 839 1447 et
851 1420 945 1447 divino

153 1468 268 1496 consilio
284 1472 401 1495 mutare.
431 1468 500 1495 Cum
518 1473 639 1495 canones
660 1467 734 1494 enim
753 1467 945 1502 episcoporum

152 1515 303 1542 electiones
319 1515 456 1550 episcopis
471 1514 623 1549 provinciae
639 1514 850 1547 commiserunt,
864 1513 946 1541 nulli-

152 1569 207 1596 que
222 1561 376 1596 principum
403 1561 486 1588 licere
512 1560 557 1588 his
590 1560 798 1587 communicare
820 1560 946 1595 jubeant,

153 1606 351 1643 imperatores
372 1607 456 1635 etiam
486 1607 548 1634 sine
583 1607 779 1642 episcoporum
808 1605 948 1640 suﬂ‘ragiis

154 1655 329 1690 patriarchas
345 1659 373 1682 et
386 1655 533 1690 episcopos
557 1657 663 1681 creant.
687 1653 836 1689 Propterea
856 1653 949 1688 igitur,

154 1706 183 1729 ut
198 1701 313 1733 videtur.
332 1701 384 1728 sub
397 1701 567 1736 imperatore
589 1700 722 1728 Michaele
738 1700 824 1733 Daca,
849 1705 952 1728 metro-

153 1748 293 1783 politanus
309 1747 355 1774 ille
371 1746 451 1775 Sides
468 1746 577 1781 imperii
603 1747 713 1782 negotia
727 1746 949 1780 administrabat,

155 1795 235 1831 167
262 1798 289 1822 et
315 1793 548 1822 Neocaesariensis
574 1794 801 1829 metropolitanas
831 1795 951 1822 civitatis

153 1840 264 1876 negotia
286 1841 312 1867 in
341 1845 401 1867 acta
415 1840 520 1874 retulit,
535 1844 563 1867 et
587 1840 657 1875 apud
671 1847 721 1868 nos
744 1839 845 1876 Nipho,
859 1841 951 1876 Cyzici

154 1886 339 1921 metropoliia,
365 1890 393 1913 et
420 1883 641 1920 rescriptionem'
659 1890 685 1913 et
715 1888 808 1914 omnia
841 1887 949 1922 publica

155 1933 308 1961 ministeria
323 1932 458 1960 exercuit.

503 1989 593 2025 Leges.

190 2047 362 2082 Octogesima
385 2050 463 2074 sexta
488 2045 594 2082 novella
613 2046 678 2081 imp.
695 2045 796 2074 Leonis
816 2046 948 2080 decernit,

156 2099 186 2122 ut
203 2101 290 2128 neque
303 2093 463 2128 cpiscopus,
473 2099 562 2127 neque
575 2091 649 2120 ullus
664 2091 781 2119 clericus
794 2091 951 2118 advocatio-

157 2142 250 2174 nibus,
260 2141 302 2168 vel
314 2139 549 2168 conductionibus
559 2138 602 2166 vel
614 2138 841 2174 iidejussionibus
853 2142 948 2171 vacet;

156 2188 315 2222 quicunque
326 2193 391 2213 vero
406 2186 459 2212 tale
468 2184 618 2220 quidiacit,
629 2184 656 2211 in
669 2184 780 2218 aliquod
789 2189 896 2220 tempus
911 2191 950 2212 se-

1000 247 1108 282 γεῖσθαι
1123 248 1286 284 ἀπείρηκεν,
1301 248 1338 280 ὡς
1354 250 1470 286 αἰσχροῦ
1485 250 1597 286 κέρδους
1612 254 1659 279 καὶ
1673 251 1802 287 ψεύδους

1001 296 1147 330 παραίτια.
1805 305 1808 306 ⁷

1290 343 1360 377 Περὶ
1385 343 1505 378 ἰατρῶν.

1035 399 1102 426 Οὔτε
1135 400 1188 435 μὴν
1217 394 1319 436 ἰατρῶν
1357 400 1516 436 ἐξηγεῖσθαι
1555 403 1617 435 τοὺς
1650 405 1801 437 διακόνους

999 445 1167 481 παρεχώρει,
1193 446 1322 482 ἰατρικῆς
1339 448 1387 473 καὶ
1404 448 1503 478 αὐτοὺς
1521 450 1799 485 μεταποιουμένους,

1001 492 1038 528 μὴ
1062 492 1181 518 ἐοικέναι
1212 492 1300 527 λέγων
1324 494 1386 525 τοὺς
1417 494 1487 528 μετὰ
1503 495 1654 530 στιχαρίων
1672 496 1707 522 τὰ
1724 497 1801 531 ᾶγια.

1000 539 1279 573 μεταχειριζομένους
1304 540 1442 574 κοσμικὰς
1459 541 1556 572 στολὰς
1573 541 1727 575 ἐνδύεσθαι,
1747 545 1802 570 καὶ

1000 585 1070 620 μετὰ
1085 585 1190 612 λαῖκῶν
1218 586 1341 620 ἀνδρῶν,
1359 587 1412 613 τῶν
1431 588 1544 622 ἰατρῶν,
1565 588 1648 623 φημὶ,
1665 597 1802 624 προπομ-

999 631 1103 658 πεύειν.
1121 632 1219 666 Γέγονε
1231 633 1259 659 δὲ
1274 634 1320 659 καὶ
1334 633 1482 668 σημείωμα
1495 634 1541 660 τοῦ
1554 635 1638 661 αὐτοῦ
1655 636 1803 672 πατριάρ-

998 686 1056 712 χου,
1090 678 1237 714 ἀφορισμῴ
1263 673 1472 707 καθυποϐάλῖον
1501 681 1566 713 τοὺς
1591 683 1714 716 κοσμικὰ
1745 685 1803 710 καὶ

998 725 1116 760 δημόσια
1148 726 1301 761 πράγματα
1322 727 1529 762 διενεργοῦντας
1560 728 1729 764 κληρικοὺς·
1745 731 1804 757 καὶ

998 772 1093 808 ἕτερον
1119 773 1166 799 τοῦ
1190 773 1363 809 πατριάρχου
1384 774 1511 802 Ἰωάννου
1526 796 1533 808 ,
1560 775 1598 810 μὴ
1630 777 1802 812 συγχωροῦν

998 819 1140 851 διακόνους
1154 819 1169 855 ἢ
1182 820 1292 855 ἐτέρους
1309 820 1457 855 κληρικοὺς
1472 822 1592 858 δημοσίᾳ
1606 826 1777 860 συνηγορεῖν
1789 834 1798 841 ·

999 865 1040 892 ἔτι
1057 866 1085 893 δὲ
1115 868 1163 894 καὶ
1185 867 1232 893 τοῦ
1247 868 1419 903 πατριάρχου
1439 868 1550 904 Μιχαὴλ
1567 870 1615 896 τοῦ
1633 870 1799 906 ’Λγχιάλου,

963 910 984 937 Β
1000 913 1120 948 κοσμικὰ
1142 913 1259 948 ὀφφίκια
1277 914 1293 949 ἦ
1315 914 1506 950 πρακτορικὰς
1520 916 1673 950 ἐνεργείας,
1688 918 1704 952 ἢ
1726 926 1800 944 κου-

999 960 1155 994 ρατορείας,
1172 961 1238 993 τοὺς
1263 961 1412 996 κληρικοὺς
1439 962 1612 996 επισκῆπτον
1637 963 1675 999 μὴ
1691 963 1800 991 ἀναδέ-

997 1007 1103 1042 χεσθαι.

1306 1054 1468 1089 Συνήθειαι

1039 1111 1116 1138 Ἐπεὶ
1135 1111 1161 1138 δὲ
1177 1113 1191 1138 6
1211 1111 1231 1138 δ’
1253 1112 1345 1138 κανὼν
1368 1113 1419 1148 τῆς
1436 1112 1456 1139 δ’
1477 1113 1596 1145 συνόδου,
1615 1113 1683 1141 ἀλλὰ
1696 1114 1730 1149 δὴ
1744 1115 1801 1142 καὶ

996 1158 1011 1183 6
1024 1157 1043 1184 δ’
1058 1158 1108 1192 τῆς
1128 1162 1152 1184 α’
1170 1160 1220 1185 καὶ
1248 1158 1269 1194 β’
1282 1160 1393 1186 συνόδου
1416 1160 1425 1194 (
1441 1159 1487 1191 οὒς
1507 1160 1553 1185 καὶ
1579 1160 1654 1194 ζήτει
1672 1160 1747 1187 κατὰ
1763 1162 1802 1188 τὸ

999 1204 1029 1231 ιε’
1046 1205 1197 1239 κεφάλαιον
1222 1205 1268 1232 τοῦ
1295 1206 1323 1232 Μ
1349 1206 1511 1241 στοιχείου),
1526 1206 1556 1233 οὐ
1574 1207 1712 1233 κωλύουσι
1726 1207 1801 1239 τοὺς

998 1251 1181 1285 ἐπισκόπους,
1208 1252 1265 1278 ἐσθ’
1281 1252 1325 1279 ὅτε
1353 1254 1410 1284 τοῖς
1432 1252 1479 1279 ὑπ’
1492 1252 1592 1284 αὐτοὺς
1612 1253 1798 1285 ἀνατιθέντας

1000 1299 1128 1333 μοναχοῖς
1144 1299 1173 1325 οὺ
1200 1299 1282 1333 μόνον
1300 1299 1541 1334 ὲκκλησιαστικῶν
1558 1299 1735 1336 πραγμάτων
1750 1300 1796 1327 δι-

997 1345 1117 1379 οίκησιν,
1133 1344 1202 1371 ἀλλά
1225 1353 1255 1378 γε
1283 1345 1331 1371 καὶ
1347 1345 1493 1377 βιωτικῶν,
1513 1345 1604 1372 εῐτουν
1629 1345 1796 1378 πολιτικῶν,

999 1391 1090 1427 πολλῷ
1118 1391 1199 1418 πλέον
1230 1392 1372 1426 βασιλεῦσι
1395 1392 1473 1418 τοῦτο
1496 1391 1654 1428 δοθήσεται,
1678 1388 1717 1423 οἷς
1731 1391 1797 1424 ἔθος

998 1438 1072 1464 ἐστιν
1102 1438 1119 1465 ἃ
1142 1438 1195 1464 τῶν
1215 1439 1296 1474 ιερῶν
1321 1438 1496 1473 μετατιθέναι
1522 1438 1654 1471 κανόνων,
1682 1438 1796 1466 εὐσεϐεῖ

1000 1484 1093 1519 μέντοι
1109 1483 1208 1520 γνώμῃ
1225 1485 1273 1510 καὶ
1286 1484 1416 1519 φιλοθέῳ.
1431 1484 1492 1510 Τῶν
1514 1485 1567 1520 γὰρ
1595 1484 1717 1510 κανόνων
1740 1486 1795 1516 τὰς

998 1530 1054 1557 τῶν
1078 1531 1240 1557 ἐπισκόπων
1257 1530 1365 1565 ψήφους
1383 1531 1440 1562 τοῖς
1459 1531 1621 1562 ἐπισκόποις
1641 1531 1692 1566 τῆς
1709 1531 1798 1566 ἐπαρ-

962 1585 984 1615 c
1000 1576 1062 1610 χίας
1078 1575 1273 1608 ἀνατιθέντων,
1289 1575 1401 1610 ἄρχοντι
1417 1575 1446 1602 δὲ
1469 1576 1565 1611 μηδενὶ
1576 1577 1679 1603 τούτων
1691 1576 1796 1608 ἐξεῖναι

1004 1623 1171 1649 κελευόντων
1195 1624 1349 1654 κοινωνεῖν,
1370 1623 1395 1649 οἱ
1422 1623 1544 1658 βασιλεῖς
1570 1624 1617 1651 καὶ
1636 1623 1684 1658 τῆς
1699 1625 1795 1658 ψήφου

1002 1670 1057 1695 τῶν
1076 1670 1238 1696 ἐπισκόπων
1257 1671 1353 1704 χωρὶς,
1374 1670 1421 1696 καὶ
1447 1670 1642 1706 πατριάρχας,
1664 1671 1710 1697 καὶ
1731 1671 1796 1697 ἑπι-

1004 1716 1121 1748 σκόπους
1140 1716 1350 1752 προϐάλλονται.
1369 1718 1418 1744 Διὰ
1442 1717 1507 1751 γοῦν
1529 1717 1619 1750 τοῦτο,
1635 1718 1672 1749 ὠς
1691 1717 1797 1751 ἔοικεν,

1002 1763 1049 1789 ἐπὶ
1066 1762 1113 1789 τοῦ
1135 1763 1271 1798 βασιλέως
1284 1764 1396 1799 Μιχαὴλ
1413 1764 1460 1790 τοῦ
1477 1764 1567 1791 Δούκα
1583 1765 1597 1791 6
1625 1764 1798 1799 μητροπολί-

1002 1817 1052 1844 της
1065 1810 1170 1841 ἐκεῖνος
1196 1809 1277 1845 Σίδης
1302 1810 1337 1837 τὰ
1358 1811 1409 1844 τῆς
1424 1811 1565 1846 βασιλείας
1583 1811 1730 1847 ᾠκονόμει,
1746 1812 1798 1839 καὶ

1002 1857 1015 1882 6
1030 1855 1247 1890 Νεοκαισαρείας
1275 1856 1310 1883 τὰ
1336 1856 1386 1892 τῆς
1410 1857 1515 1889 πόλεως
1540 1857 1726 1893 ἀνεγράψατο,
1747 1858 1798 1885 καὶ

1002 1902 1046 1937 ἐφ’
1062 1903 1141 1937 ἡμῶν
1170 1903 1183 1930 6
1202 1902 1324 1935 Κυζίκου
1351 1903 1456 1939 Νήφων
1482 1905 1531 1939 τήν
1557 1913 1588 1930 τε
1613 1904 1796 1940 ἀπογραφὴν,

1003 1948 1049 1975 καὶ
1065 1948 1114 1981 τὰς
1132 1948 1178 1975 τοῦ
1195 1949 1326 1985 δημοσίου
1342 1949 1451 1981 ἁπάσας
1468 1951 1604 1985 ἐνήργησε
1619 1950 1757 1982 δουλείας.

1342 1997 1446 2030 Νόμοι.

1043 2041 1076 2068 Ἡ
1094 2042 1122 2069 δὲ
1139 2041 1189 2074 πς¹
1201 2043 1284 2078 νεαρὰ
1307 2042 1354 2069 τοῦ
1373 2043 1507 2080 βασιλέως
1527 2043 1643 2076 Λέοντος
1667 2043 1796 2076 θεσπίζει

1003 2089 1072 2124 μήτε
1098 2089 1260 2122 ἐπίσκοπον,
1291 2090 1360 2124 μήτε
1376 2090 1436 2117 τινὰ
1452 2090 1505 2117 τῶν
1524 2091 1570 2117 τοῦ
1586 2091 1702 2127 κλήρου,
1730 2101 1798 2119 συν-

1002 2135 1169 2171 ηγορίαις,ῆ
1190 2136 1368 2171 μισθώσεσιν,
1390 2137 1406 2172 ἦ
1430 2133 1546 2171 ὲγγῦαις
1565 2138 1773 2173 ὲνασχολείσθαι
1786 2147 1792 2153 ·

1000 2182 1047 2209 τὸν
1068 2183 1098 2209 δὲ
1124 2182 1249 2210 τοιοῦτόν
1271 2192 1297 2209 τι
1321 2183 1454 2210 ποιοῦντα
1476 2184 1523 2210 ἐπὶ
1554 2184 1650 2220 χρόνον
1666 2185 1717 2219 μέν
1732 2193 1797 2213 τινα

156 2237 301 2267 gregetur;
317 2232 358 2258 sin
377 2236 469 2258 autem
485 2235 652 2266 perseveret.
667 2231 832 2265 deponatur.
859 2230 947 2257 Advo.

1006 2229 1196 2265 ἀφορίζεσθαι·
1211 2230 1379 2264 ἐπιμένοντα
1400 2229 1439 2263 δὲ,
1453 2230 1655 2266 καθαιρείσθαι.
1673 2231 1798 2267 Συνηγό-

158 2284 236 2306 catos
248 2286 313 2306 vero
324 2282 371 2306 eos
389 2282 479 2309 vocat,
492 2276 538 2312 qui
550 2277 577 2303 in
595 2276 723 2304 civilibus
742 2275 855 2311 iudiciis
873 2277 950 2303 ordi-

158 2326 213 2353 nati
223 2334 253 2352 su
259 2330 298 2358 nt,
310 2328 337 2352 et
350 2325 383 2352 ab
394 2324 561 2359 imperatore
570 2323 742 2358 accipiebant
751 2323 950 2350 frumentarias

158 2378 290 2404 tesseras,
316 2375 344 2398 et
366 2375 444 2398 erant
467 2370 519 2397 sub
548 2370 725 2404 primiceriis,
746 2373 773 2396 et
798 2378 814 2396 a
839 2369 952 2396 saecula-

157 2419 234 2446 ribus
249 2417 458 2452 magistratibus
474 2417 665 2444 characterem
685 2416 870 2452 accipiebant,
889 2423 951 2450 quae

156 2464 243 2493 οίῐὶι-ἰιι
254 2465 347 2493 clerici
363 2464 582 2500 prohibebantur
609 2470 752 2491 exercere.
784 2462 838 2490 Pro
852 2463 949 2490 amicis

157 2512 293 2548 siquidem
308 2516 336 2540 et
360 2511 421 2539 aliis
437 2510 623 2539 familiaribus
636 2517 749 2538 causam
766 2509 852 2538 libere
870 2517 950 2545 agere

157 2559 293 2595 episcopis
303 2563 331 2587 et
347 2558 455 2586 clericis
473 2566 529 2586 non
545 2557 747 2594 prohibebitur.

193 2606 349 2634 Centesima
379 2605 513 2633 vicesima
540 2604 624 2632 tertia
656 2603 807 2632 Justiniani
829 2604 949 2638 novella,

156 2654 265 2686 Nullus,
282 2653 381 2688 inquit,
406 2652 547 2688 proprium
567 2652 672 2679 clerum
701 2650 872 2686 relinquens,
903 2651 951 2678 ﬁat

156 2700 266 2727 laicus:
287 2698 512 2734 quandoquidem
538 2697 623 2732 priori
650 2696 782 2730 dignitate
812 2697 854 2724 vel
878 2696 952 2723 mili-

159 2747 195 2776 tia
209 2746 374 2782 privabitur,
389 2750 417 2773 et
436 2752 493 2772 sure
511 2744 636 2772 civitatis
658 2743 792 2770 voluntati
819 2743 952 2778 subjicie-

158 2798 213 2819 tur.

193 2838 315 2872 Septima
342 2845 406 2864 vero
438 2842 465 2864 ct
492 2840 590 2864 Octava
628 2835 733 2862 novella
752 2835 816 2869 imp.
853 2834 952 2861 Leonis

158 2884 272 2911 clericos
301 2889 332 2911 et
353 2884 503 2912 monachos
525 2884 749 2915 translormatos,
774 2888 798 2910 et
817 2882 899 2910 laicus
914 2883 953 2908 fa-

459 2951 478 2961 -κ

1005 2285 1067 2311 ρους
1088 2277 1115 2302 δέ
1141 2285 1208 2311 φησι
1224 2277 1287 2308 τοὺς
1307 2277 1336 2302 ὲν
1355 2277 1411 2309 τοῖς
1437 2277 1588 2309 πολιτικοῖς
1608 2278 1798 2312 τεταγμένους

1003 2322 1201 2357 δικαστηρίοις,
1216 2323 1263 2349 καὶ
1276 2322 1406 2357 βασιλικὰ
1429 2323 1621 2357 λαμϐάνοντας
1638 2324 1796 2358 σιτηρέσια,

1004 2370 1051 2395 καὶ
1062 2369 1115 2395 ὑπὸ
1129 2369 1331 2404 πριμικηρίους
1350 2368 1440 2402 ὄντας,
1451 2371 1498 2396 καὶ
1511 2369 1565 2395 ὑπο
1586 2370 1726 2404 κοσμικῶν
1746 2370 1799 2405 ἀρ-

1003 2416 1105 2450 χόντων
1123 2414 1376 2451 σφραγιζομένους,
1391 2413 1432 2447 οἷς
1455 2416 1479 2442 οζ
1496 2415 1624 2451 κληρικοὶ
1648 2415 1797 2443 συντάττεο

1005 2462 1066 2489 σθαι
1078 2461 1239 2489 ἐκωλύοντο.
1248 2461 1315 2488 ’Υπὲ
1320 2471 1334 2496 ρ
1347 2462 1433 2496 φίλων
1443 2462 1537 2496 μέντοι
1547 2461 1564 2497 ἢ
1574 2461 1663 2493 ἄλλως
1673 2463 1795 2494 οἰκείων,

1004 2509 1149 2535 ἐπίσκοποι
1167 2509 1214 2536 καὶ
1227 2508 1354 2544 κληρικοὶ
1371 2508 1431 2535 κατ’
1449 2507 1612 2544 ἐλευθερίαν
1631 2511 1795 2544 συνηγορεῖν

1003 2557 1034 2583 οὔ
1055 2556 1274 2592 κωλυθήσονται.

1045 2602 1076 2629 Ἦ
1097 2602 1125 2628 δὲ
1151 2606 1211 2638 ρκγ¹
1233 2601 1452 2634 ἰουστινιάνειος
1471 2603 1570 2638 νεαρὰ,
1586 2603 1699 2639 Μηδεὶς,
1716 2604 1795 2639 φησι,

1003 2650 1049 2677 τὸν
1064 2650 1164 2676 οἰκεῖον
1178 2649 1281 2684 κλῆρον
1296 2649 1359 2682 ἑῶν,
1375 2649 1493 2684 γινέσθω
1508 2650 1651 2685 κοσμικός·
1671 2651 1732 2676 ἐπεὶ
1748 2650 1798 2676 καὶ⁵

1003 2697 1052 2731 τῆς
1068 2697 1290 2731 προσγενομένης
1305 2695 1380 2731 αὐτῷ
1395 2695 1473 2728 ἀξίας
1488 2695 1505 2731 ἢ
1520 2696 1666 2731 στρατείας
1679 2697 1797 2722 ἀποστε-

1005 2743 1168 2777 ρηθήσεται,
1186 2743 1235 2769 καὶ
1258 2743 1291 2778 τῇ
1317 2741 1399 2777 βουλῇ
1426 2742 1476 2776 τῆς
1503 2742 1571 2774 ιδίας
1592 2743 1796 2777 ἀποδοθήσεται

1006 2790 1124 2820 πόλεως.

1047 2836 1076 2862 'll
1097 2836 1133 2863 ,δὲ
1152 2835 1174 2868 ζ’
1207 2835 1254 2862 καὶ
1284 2834 1309 2870 η’
1334 2836 1419 2870 νεαρὰ
1446 2836 1492 2862 τοῦ
1521 2835 1656 2871 βασιλέως
1683 2835 1797 2866 Λέοντος

1006 2885 1067 2915 τοὺς
1085 2883 1235 2918 κῖηηρικοὺς
1255 2882 1300 2910 καὶ
1316 2883 1452 2918 μοναχοὺς
1473 2882 1798 2917 μετασχηματισϐἐντας,
