1939 3067
102 104 166 137 if,in

699 111 882 141 ΜΑΤΤΗᾸΠ
901 112 1110 144 BLAS'I‘ARIS

1647 118 1722 151 1392

100 163 172 191 hunc
188 164 367 198 apostolicum
384 172 518 194 canonem
539 166 653 200 reeitat,
680 172 706 195 et
735 173 821 200 cavet,
841 175 874 196 ne

938 172 1035 204 τουτονὶ
1054 172 1154 199 κανόνα
1173 172 1294 205 διέξεισι,
1315 173 1362 200 καὶ
1381 173 1445 205 τοὺς
1455 173 1484 200 ὲν
1504 175 1536 210 τῇ
1549 175 1627 202 πόλει
1646 175 1720 202 Ῥω-

97 213 142 245 qui
162 212 264 243 sunt,in
284 212 470 241 Romanorum
500 214 609 242 civitate
630 215 880 250 transgretliautur,

98 265 186 292 neque
201 257 227 284 in
243 262 346 285 sanctae
358 257 579 294 Quadragesimm
599 260 727 287 Sabbatis
745 259 882 295 jejunent,

98 305 207 335 propter
233 302 400 330 oblationem
432 304 507 331 omni
537 303 655 332 Sabhato
681 313 730 340 pro
755 305 883 332 omnibus

97 347 197 374 sanctis
212 347 321 381 iactam,
336 349 361 375 in
382 356 436 384 quo
453 350 549 377 fortem
566 350 659 385 ligavit
690 350 839 382 Dominus,
856 354 884 376 et

97 393 190 420 omnia
221 393 281 429 ejus
312 402 377 422 vasa
403 395 538 430 diripuit;
560 395 623 423 licet
649 403 698 430 pro
722 396 809 422 nihilo
831 395 884 423 illis

98 439 255 467 habeantur
268 449 329 475 quae
345 447 408 469 sunt
426 442 452 469 in
469 450 587 469 canone.
619 442 702 477 Magis
721 443 804 478 igitur
824 450 884 469 ma-

96 484 152 510 lum
170 486 358 518 extendentes,
383 487 467 514 totius
492 487 575 514 etiam
603 488 734 523 temporis
755 488 883 516 Sabbatis

97 530 223 565 jejunare
239 540 292 559 non
306 538 435 561 recusant

131 577 257 604 Decimus
265 578 396 612 septimus
407 587 471 607 vero
480 580 574 615 synodi
583 580 747 615 Gangrensis
756 580 828 613 illos,
835 580 883 615 qui

96 627 207 656 propter
221 632 280 650 eam
308 632 369 658 qua:
383 626 558 653 existimatur
572 627 643 660 piam
661 626 882 653 exercitationem

95 668 141 694 die
159 668 300 697 Dominica
324 670 462 705 jejunant,
479 672 644 699 anathemati
667 672 789 706 subjicit.
807 672 883 700 Tunc

95 714 168 741 enim
190 716 310 743 maxime
322 717 420 744 hilares
434 723 462 744 et
475 718 552 744 laetos
563 725 624 745 esse
638 725 690 744 nos
700 723 808 752 oportet
820 725 883 753 pro-

95 765 156 794 pter
173 760 281 789 Domini
294 764 533 794 resurrectionem,
549 768 574 790 et
599 763 726 791 humana?
750 770 854 791 natura:
869 772 883 792 a

96 808 198 841 peccati
215 809 293 843 lapsu
305 809 498 837 excitationem
516 818 522 836 :
536 817 590 837 non
606 815 696 837 autem
711 818 766 844 prre
776 810 882 845 jejunio

98 853 218 881 demisso
234 855 309 881 vultu
323 862 383 883 esse
396 860 422 882 et
439 855 577 883 tristitiam
599 864 654 890 pra:
665 856 745 884 nobis
762 856 844 883 ferre.

135 898 263 928 Decimus
275 901 387 935 quintus
402 909 467 929 Vero
482 902 569 929 sancti
590 901 664 941 Petri
680 901 856 929 Alexandrini
871 922 880 935 ,

95 942 199 976 Quarto
224 945 277 977 die,
300 946 596 981 inquit,jejunandum
623 954 684 975 esse
713 948 879 982 accepimus,

93 998 126 1018 co
140 991 211 1025 quod
231 991 334 1019 factum
348 997 406 1019 erat
422 993 567 1020 concilium
585 1001 599 1020 a
615 993 720 1022 Judxis
730 994 764 1022 ad
781 994 874 1021 Domi-

96 1046 162 1065 num
179 1040 350 1073 prodendum
369 1048 376 1067 :
394 1040 421 1067 in
436 1040 588 1068 Parasceve
603 1048 681 1072 vero,
700 1048 733 1068 eo
764 1041 835 1075 quod
853 1040 880 1067 in

100 1084 146 1112 illa
164 1093 212 1120 pro
229 1086 310 1113 nobis
337 1086 395 1120 ipse
410 1094 506 1120 passus
519 1091 568 1114 est.
599 1087 766 1113 Dominicam
790 1090 881 1113 autem

94 1131 288 1159 exsultatiouis
307 1132 377 1159 diem
393 1132 597 1165 existimamus,
613 1133 641 1159 in
654 1139 708 1167 qua
737 1140 771 1159 ne
794 1139 881 1166 genua

95 1177 205 1211 quidem
221 1176 354 1204 ﬂectenda
371 1185 432 1204 esse
448 1178 614 1212 accepimus.
643 1177 762 1205 COnsule
790 1178 823 1204 de
837 1177 882 1204 die

96 1223 238 1250 Dominica
261 1223 343 1251 etiam
368 1223 396 1250 in
413 1224 429 1250 9
447 1224 537 1258 capite
562 1225 659 1251 litterae
690 1224 710 1250 Β
747 1230 880 1251 canonem

95 1274 252 1297 sanctorum
271 1270 459 1304 apostolorum
476 1271 510 1298 53
525 1276 551 1298 et
564 1270 591 1298 in
608 1270 641 1298 18
666 1278 728 1306 cap.
740 1269 836 1297 littera
862 1270 881 1295 Γ

95 1323 157 1343 can.
169 1315 185 1343 5
203 1316 349 1344 Timothei.

290 1364 327 1392 De
349 1365 447 1392 sanctis
478 1365 665 1401 Theop/mniis.

131 1409 301 1445 Theophilus
314 1411 528 1444 Alexandrinus,
547 1415 705 1440 sanctorum
734 1412 881 1447 Theopha-

95 1455 203 1482 niorum
221 1455 304 1488 festo,
324 1456 351 1483 in
373 1464 427 1492 quo
447 1465 534 1492 usque
550 1458 582 1484 ad
598 1465 736 1491 vesperam
753 1457 881 1491 jejunare

95 1502 167 1529 soliti
183 1510 288 1534 sumus,
310 1502 336 1529 in
352 1502 424 1530 diem
442 1503 617 1531 Dominicum
637 1503 785 1535 incidente,
803 1511 879 1531 con-

95 1547 235 1575 venienter
250 1552 396 1583 utrumque
411 1549 574 1577 distribuere
588 1550 675 1584 jubet.
692 1549 761 1576 Dicit
782 1549 854 1576 enim
872 1557 879 1576 :
894 1536 917 1568 (ἶ

96 1594 129 1621 Et
145 1602 203 1622 mos
222 1601 249 1622 et
262 1595 392 1624 honestas
403 1604 418 1623 a
429 1597 509 1624 nohis
521 1597 614 1631 exigit,
629 1601 657 1624 ut
681 1603 791 1623 omnem
808 1596 879 1624 diem

98 1640 269 1668 Dominicum
288 1642 466 1674 honoremus.
482 1643 508 1669 in
522 1650 610 1677 eoque
628 1641 714 1669 festos
729 1646 880 1669 conventus

96 1686 278 1718 celebremus,
291 1687 422 1721 quoniam
439 1687 570 1715 Dominus
593 1692 686 1715 noster
711 1686 790 1714 Jcsus
804 1687 883 1714 Chri-

97 1737 157 1759 stus
177 1732 340 1767 prazclarum
357 1741 413 1760 sua:
437 1734 648 1760 resurrectionis
661 1741 761 1760 munus
790 1733 816 1760 in
850 1740 882 1760 eo

97 1779 176 1805 obiit.
198 1778 232 1805 Et
254 1778 316 1807 ideo
344 1779 371 1806 in
398 1779 485 1807 sacris
501 1778 653 1814 Scripturis
668 1780 726 1814 ipse
737 1783 764 1806 et
776 1778 881 1813 primus

96 1824 259 1859 appellatur,
283 1829 313 1852 ut
335 1825 381 1859 qui
406 1825 443 1853 sit
470 1825 550 1853 nobis
576 1825 637 1852 vitae
661 1824 836 1860 principium,
853 1829 880 1852 et

97 1875 220 1904 octavus,
242 1876 271 1898 ut
288 1871 333 1906 qui
358 1871 516 1899 Judaeorum
543 1871 743 1899 sabbatismum
765 1878 882 1906 exsupe-

96 1917 209 1944 raverit.
228 1916 308 1952 169
334 1916 403 1950 Quia
434 1924 498 1952 ergo
516 1916 626 1950 accidit,
661 1920 691 1943 ut
725 1921 881 1944 sanctorum

97 1961 338 1997 Theophaniorum
373 1963 418 1990 hic
453 1969 525 1990 esset
551 1963 611 1990 dies
643 1962 821 1997 jejuniorum,
850 1961 883 1989 ad

96 2014 243 2044 utrumque
255 2009 372 2036 scienter
386 2008 568 2042 accedamus;
585 2011 612 2035 et
638 2008 771 2042 pauculos
786 2008 883 2043 dacty-

96 2055 136 2082 los
148 2059 298 2087 sumeutes,
317 2054 398 2082 simul
412 2060 439 2081 et
454 2055 570 2082 haereses
581 2054 710 2087 vitemus,
721 2062 781 2089 qua!
793 2052 883 2080 Domi-

97 2101 165 2128 niese
188 2101 398 2128 re5urrectionis
419 2101 489 2127 diem
517 2108 571 2127 non
596 2100 742 2132 honorant,
776 2104 803 2128 et
827 2100 881 2128 dici

94 2148 191 2183 jejunii
205 2148 277 2183 quod
294 2148 407 2175 debetur
424 2148 578 2181 reddamus,
596 2148 782 2182 vespertinum
814 2155 880 2175 con-

936 217 1025 251 μαίων
1042 218 1208 253 ἐπισκήπτει
1227 218 1264 253 μὴ
1280 219 1471 254 παραϐαίνειν,
1489 220 1557 255 μηδὲ
1575 221 1721 255 νηστεύειν

935 264 991 295 τοῖς
1007 263 1129 290 Σάϐϐασι
1155 264 1204 299 τῆς
1226 265 1306 299 ἁγίας
1331 265 1570 302 Τεσσαρακοστῆς,
1598 266 1643 292 διὰ
1667 265 1720 300 τὴν

934 311 1081 346 γινομένην
1097 311 1166 338 κατὰ
1191 313 1244 338 πᾶν
1270 311 1410 339 Σάΰὸατον
1437 312 1507 347 ὑπὲρ
1531 312 1640 338 πάντων
1665 311 1720 339 τῶν

935 356 1020 390 ἁγίων
1036 358 1205 393 προσφορὰν,
1220 358 1248 383 ἐν
1263 354 1285 392 ᾧ
1297 358 1343 384 τὸν
1357 358 1466 394 ἰσχυρὸν
1486 359 1500 384 δ
1510 358 1612 393 Κύριος
1626 358 1719 391 ἔδησε,

935 403 980 428 καλ
999 402 1033 429 τὰ
1050 403 1135 437 σκεύη
1148 403 1246 429 τούτου
1259 403 1393 439 διήρπασε
1404 423 1411 435 ,
1432 404 1458 430 εί
1473 404 1521 430 καὶ
1536 404 1576 435 εἷς
1588 403 1669 432 ,οὐδὲν
1685 403 1721 429 τὰ

934 448 980 474 τοῦ
1004 448 1117 480 κανόνος
1147 449 1240 481 αὐτοῖς
1264 449 1455 485 ἐλογίσθησαν.
1472 449 1581 476 Μᾶλλον
1600 449 1649 484 μὲν
1671 446 1722 475 οὖν

934 494 1115 526 ἐπιτείνοντες
1126 494 1156 521 τὸ
1173 495 1269 526 κακδν,
1287 495 1336 522 καὶ
1348 495 1382 521 τὰ
1395 495 1442 522 τοῦ
1455 496 1516 523 ὅλου
1530 495 1628 530 χρόνον
1649 495 1722 520 Σάϐ-

936 540 1006 568 ϐατα
1018 541 1158 573 νηστεύειν
1181 542 1211 568 οὺ
1228 541 1437 577 παραιτοῦνται.

976 587 1006 614 '0
1027 587 1056 613 δὲ
1077 587 1127 621 τῆς
1143 588 1171 614 ὲν
1188 588 1301 623 Γάγγρᾳ
1326 588 1359 620 ιζ’
1386 589 1447 619 τοὺς
1473 587 1518 613 διὰ
1533 587 1719 621 νομιζομένην

935 633 1053 668 ἄσκησιν
1067 634 1095 659 ὲν
1109 634 1142 669 τῇ
1153 634 1281 669 Κυριακῇ
1299 633 1481 668 νηστεύοντας
1503 632 1543 667 τῷ
1566 631 1720 666 ὰναΘέματ-ι.

935 680 1129 715 παραπέμπει.
1156 679 1314 715 Τηνικαῢτα
1342 679 1396 714 γὰρ
1424 680 1555 714 φαιδροὺς
1580 678 1648 706 εἶναι
1678 678 1721 704 δεῖ

936 724 1037 757 μᾶλλον
1068 724 1115 750 καὶ
1151 724 1354 758 γεγανυμένους
1386 724 1430 750 διὰ
1454 724 1502 759 τὴν
1527 724 1636 758 ἔγερσιν
1672 723 1719 749 τοῦ

935 770 1058 805 Κυρίου,
1083 771 1130 797 καὶ
1159 770 1207 806 τὴν
1238 771 1288 806 τῆς
1315 769 1441 806 βροτείας
1475 770 1583 804 φύσεως
1615 770 1646 796 ὲκ
1671 769 1718 795 τοῦ

935 816 1084 851 πτώματος
1111 816 1161 851 τῆς
1193 816 1332 852 ἁμαρτίας
1350 816 1512 842 ἀνάστασιν·
1535 816 1566 841 οὐ
1583 815 1636 850 μὴν
1653 822 1720 841 κατ-

898 861 918 887 Β
934 864 1018 898 ηφιᾷν
1038 864 1071 898 τῇ
1088 862 1211 897 νηστείᾳ,
1228 863 1274 888 καὶ
1292 861 1511 896 σκυθρωπάζειν.

973 909 1002 935 '0
1022 908 1051 935 δὲ
1073 907 1104 934 ιε’
1129 908 1176 934 τοῦ
1199 908 1279 941 ἁγίου
1297 908 1402 942 Πέτρου
1427 906 1643 941 Ἀλεξανδρείας,
1662 905 1718 940 Τὴν

934 953 982 988 μὲν
1000 952 1126 987 Τετράδα
1145 953 1367 988 παρειλήφαμεν,
1387 952 1477 986 φησὶ,
1503 951 1657 986 νηστεύειν,
1673 950 1718 977 διὰ

931 998 962 1024 τὸ
978 998 1090 1031 γεγονὸς
1105 997 1270 1032 συμϐούλιον
1285 998 1331 1023 ἐπὶ
1346 998 1378 1032 τῇ
1396 997 1528 1032 προδοσίᾳ
1541 996 1588 1022 τοῦ
1610 995 1717 1029 Κυρίου

932 1044 1008 1079 παρὰ
1024 1044 1076 1071 τῶν
1095 1044 1241 1070 Ἰουδαίων·
1261 1044 1311 1078 τὴν
1327 1043 1355 1070 δέ
1370 1052 1402 1077 γε
1418 1042 1610 1078 Παρασκευὴν,
1624 1042 1667 1069 διὰ
1686 1041 1718 1068 τὸ

933 1091 1015 1116 αὺτὸν
1033 1091 1062 1117 ὲν
1076 1090 1164 1126 ταύτῃ
1185 1090 1350 1116 πεπονθέναι
1367 1089 1437 1125 ὑπὲρ
1447 1089 1536 1123 ἡμῶν.
1553 1088 1608 1122 Τὴν
1621 1088 1716 1122 μέντοι

934 1137 1081 1172 Κυριακὴν
1097 1137 1278 1172 χαρμοσύνης
1293 1135 1400 1171 ἡμέραν
1414 1135 1562 1171 ἡγούμεθα,
1575 1135 1603 1161 ὲν
1652 1134 1716 1160 οὐδὲ

932 1183 1032 1217 γόνατα
1047 1182 1257 1217 παρειλήφαμεν
1273 1182 1387 1209 κλίνειν.
1402 1182 1482 1216 Ζήτει
1492 1181 1556 1216 περὶ
1572 1180 1717 1213 Κνριακῆς

933 1229 980 1255 καὶ
994 1230 1022 1255 ὲν
1036 1229 1074 1263 τῷ
1090 1229 1112 1254 θ’
1132 1228 1274 1262 κεφαλαίῳ
1288 1228 1335 1254 τοῦ
1356 1227 1376 1254 Β
1391 1227 1524 1262 στοιχείου
1547 1226 1648 1252 κανόνα
1662 1225 1719 1251 τῶν

934 1273 1019 1307 ἁγίων
1034 1273 1194 1300 ἀποστόλων
1222 1271 1272 1305 νγ¹,
1287 1272 1334 1298 καὶ
1355 1273 1384 1299 ἐν
1403 1272 1441 1306 τῷ
1462 1274 1497 1306 ιη’
1514 1270 1610 1304 κεφαλ.
1631 1269 1677 1296 τοῦ
1698 1269 1719 1295 Γ

934 1319 1069 1354 στοιχείου
1086 1319 1187 1345 κανόνα
1200 1322 1219 1344 ε’
1235 1318 1282 1345 τοῦ
1307 1317 1453 1353 Τιμοθέου.

1094 1365 1163 1398 Περὶ
1181 1364 1241 1391 τῶν
1260 1365 1352 1398 ἁγίων
1377 1363 1554 1398 Θεοφανίων.

975 1412 1004 1439 '0
1028 1412 1055 1437 δὲ
1082 1411 1287 1446 ’Δλεξανδρείας
1324 1410 1452 1444 Θεόφιλος
1478 1410 1527 1444 τῆς
1552 1408 1607 1435 τῶν
1631 1407 1718 1442 ἁγίων

933 1457 1090 1492 Θεοφανίων
1101 1458 1210 1492 ἑορτῆς,
1236 1454 1294 1494 ένῇ
1316 1457 1411 1491 μέχρις
1432 1456 1553 1490 ἑσπέρας
1576 1454 1718 1490 νηστεύειν

934 1504 1081 1539 εἰώθαμεν,
1096 1504 1190 1539 ἡμέρᾳ.
1206 1504 1332 1538 κυριακῇ
1349 1502 1568 1538 συνδραμούσης,
1583 1502 1613 1527 τδ
1629 1509 1716 1537 προσ-

934 1552 1001 1586 ῆκον
1018 1550 1166 1585 ἀπονέμειν
1186 1549 1305 1585 ἑκατέρᾳ
1320 1548 1434 1575 κελεύει.
1451 1549 1521 1582 Φησὶ
1538 1539 1674 1582 γάρ-’Καὶ
1687 1547 1719 1572 τὸ

933 1597 1006 1630 ἔθος,
1024 1597 1072 1624 καὶ
1087 1595 1117 1622 τὸ
1137 1596 1242 1631 πρέπον
1258 1596 1332 1630 ἡμᾶς
1352 1595 1476 1626 ἀπαιτεῖ,
1500 1595 1592 1620 πᾶσαν
1612 1593 1719 1626 Κυρια-

933 1643 985 1677 κὴν
1001 1642 1095 1677 τιμᾷν,
1120 1642 1167 1668 καὶ
1188 1642 1218 1668 ὲν
1231 1641 1318 1677 ταύτῃ
1335 1641 1544 1676 πανηγυρίζειν,
1567 1639 1718 1672 ἐπειδήπερ

933 1689 947 1715 ὀ
971 1688 1073 1724 Κύριος
1100 1688 1179 1722 ἡμῶν
1209 1687 1313 1722 Ἰησοῦς
1336 1687 1454 1721 Χριστὸς
1479 1688 1508 1713 ὲν
1530 1687 1599 1721 αὐτῇ
1618 1685 1667 1719 τὴν
1684 1685 1718 1711 ἐκ

934 1735 1041 1769 νεκρῶν
1072 1735 1221 1761 ἀνάστασιν
1248 1735 1314 1768 ἡμῖν
1340 1733 1537 1769 ὲπρυτάνευσε.
1560 1733 1606 1759 Διὺ
1622 1734 1668 1759 καὶ
1688 1733 1719 1758 ὲν

935 1782 994 1812 ταῖς
1013 1782 1099 1816 ἱεραῖς
1115 1781 1238 1816 Γραφαῖς
1253 1780 1300 1807 καὶ
1321 1780 1415 1815 πρώτη
1431 1779 1574 1814 κέκληται,
1591 1778 1628 1810 ῶς
1643 1777 1718 1813 ἀρχὴ

935 1827 1009 1861 ζωῆς
1024 1827 1092 1861 ἡμῖν
1108 1826 1279 1862 ὑπάρχουσα,
1295 1826 1343 1853 καὶ
1358 1826 1449 1860 ὀγδόη,
1468 1826 1516 1852 ἆτε
1529 1825 1561 1861 δὴ
1581 1825 1720 1860 ὑπερανα-

935 1872 1070 1907 6ε6ηκνῖα
1099 1871 1148 1898 τὸν
1171 1871 1228 1897 τῶν
1260 1871 1399 1898 Ἰουδαίων
1419 1870 1620 1905 σαϐϐατισμόν.
1640 1869 1721 1896 Ἐπεὶ

934 1916 981 1946 οὖν
1002 1918 1101 1953 συνέϐη
1119 1917 1169 1951 τὴν
1191 1917 1245 1944 τῶν
1262 1917 1418 1951 Θεοφανίων
1432 1917 1534 1951 ταύτην
1548 1916 1653 1952 ἡμέραν
1673 1916 1722 1950 νή-

937 1973 1032 1999 στιμον
1043 1961 1125 1996 εἶναι,
1140 1962 1332 1998 ἐπιστημόνως
1350 1963 1521 1998 χωρήσωμεν
1534 1962 1602 1997 πρὸς
1620 1961 1719 1987 ἑκάτε-

937 2019 993 2045 ρον,
1019 2009 1067 2036 καὶ
1081 2008 1282 2044 μεταλαϐόντες
1297 2008 1396 2042 ὀλίγων
1421 2008 1551 2042 φοινίκων
1562 2027 1568 2039 ,
1586 2007 1718 2033 ἐκκλίνω-

908 2065 911 2069 ·
935 2064 986 2090 μεν
1007 2056 1066 2089 ἅμα
1090 2055 1138 2081 καὶ
1165 2053 1213 2086 ’τὰς
1236 2053 1370 2089 αἱρέσεις,
1389 2053 1438 2085 τὰς
1467 2054 1504 2088 μὴ
1527 2053 1652 2087 τιμώσας
1669 2052 1719 2086 τὴν

935 2102 1122 2136 ἁναστάσιμον
1138 2101 1185 2127 τοῦ
1206 2101 1308 2136 Κυρίου
1328 2101 1446 2136 ἡμέραν,
1464 2100 1509 2126 καὶ
1529 2099 1559 2126 τὺ
1574 2098 1719 2132 όψειλὸμε-

934 2156 979 2175 νον
1001 2148 1035 2182 τῇ
1058 2145 1183 2181 νηστίμῳ
1210 2145 1354 2180 ἀποδῶμεν
1379 2145 1482 2180 ἡμέρᾳ,
1498 2144 1548 2179 τὴν
1571 2145 1719 2178 έσπερινὴν

98 2199 206 2221 ventum
221 2197 423 2229 exspectantes,
441 2201 501 2229 quae
518 2195 551 2221 ab
569 2194 634 2221 hora
658 2201 727 2220 nona
746 2194 790 2221 hic
806 2201 880 2229 pera-

938 2193 1131 2228 περιμένοντες
1147 2191 1267 2225 σύναξιν,
1288 2191 1348 2227 ἥτις
1373 2190 1427 2218 ἀπὸ
1453 2189 1566 2225 ὲννάτης
1587 2189 1662 2224 ὥρας
1677 2189 1720 2215 ὲν-

97 2240 180 2274 gitur.

98 2296 175 2329 Quod
188 2297 214 2323 in
226 2296 364 2323 Dominica
379 2301 513 2330 precantes
526 2296 697 2332 genu/lectore
707 2305 757 2323 non
769 2300 880 2331 oportet.

133 2375 290 2403 Vicesimus
302 2383 365 2403 vero
381 2376 475 2411 prima:
489 2375 584 2411 synodi
598 2383 685 2403 canon
700 2383 788 2411 neque
802 2384 883 2411 genu-

97 2423 206 2450 i'lectere
229 2422 255 2449 in
273 2422 316 2449 die
342 2423 483 2450 Dominica
508 2428 633 2458 oportere
656 2423 808 2456 existimat,
835 2431 883 2450 ne-

98 2477 151 2504 qtte
168 2469 194 2496 in
221 2469 352 2496 omnibus
376 2469 552 2497 Pentecosles
574 2470 681 2496 diebus.
696 2469 800 2496 Causas
817 2477 882 2496 vero

98 2524 214 2551 magnus
230 2516 348 2543 Basilius
368 2516 394 2543 in
410 2514 448 2543 δν
460 2517 493 2542 ad
511 2519 638 2543 sanctum
655 2515 880 2550 Amphilochium

98 2564 186 2598 capite
196 2562 339 2596 perspicue
354 2562 441 2589 reddit
452 2569 459 2594 ;
475 2561 547 2596 quod
559 2561 640 2589 etiam
658 2568 749 2596 qua-re
758 2561 785 2588 in
795 2561 812 2588 2
821 2569 881 2596 cap.

98 2609 194 2636 liltcrae
212 2608 242 2636 E.

133 2653 335 2688 Nonagesimus
353 2654 433 2680 etiam
460 2656 543 2679 5(3le
558 2652 666 2687 synodi,
684 2652 764 2683 Cum,
782 2653 882 2687 inquit,

97 2701 194 2728 diebus
209 2700 358 2729 Dominicis
373 2708 424 2726 uolt
444 2699 629 2734 genuﬂectcre
644 2706 658 2725 a
677 2698 777 2726 divinis
791 2698 880 2726 Patri-

97 2749 148 2775 lms
164 2748 304 2782 julientur,
323 2747 424 2774 Christi
452 2746 681 2774 resurrectionem
702 2745 881 2779 houurantcs,

102 2798 211 2827 oportet
235 2799 297 2829 post
317 2793 502 2828 vespertinum
519 2792 692 2819 sacerdotum
706 2792 738 2818 ad
754 2792 840 2818 altare
854 2791 880 2817 iu

100 2841 219 2868 Sabbato
247 2841 410 2875 ingressum,
429 2845 456 2867 ut
474 2847 554 2867 nemo
570 2839 732 2873 genuﬂectat
749 2846 834 2873 usque
847 2835 882 2864 ad

933 2239 1021 2266 ταῦθα
1041 2239 1171 2266 τελεῖται.

935 2295 1000 2322 Ὅτι
1019 2295 1055 2321 ἐν
1078 2292 1212 2328 Κυριακῆ
1241 2291 1357 2354 κλίνέειῖ
1381 2293 1454 2327 γόνυ
1476 2290 1656 2325 εὐχομένους
1682 2290 1718 2316 οὐ

1319 2336 1356 2354 ει.
1575 2344 1581 2347 -

1319 2336 1356 2354 ει.
1575 2344 1581 2347 -

975 2377 1004 2403 '0
1024 2376 1052 2402 δὲ
1068 2374 1091 2402 κ’
1109 2376 1157 2410 τῆς
1172 2377 1194 2401 α’
1212 2374 1322 2400 συνόδου
1347 2373 1437 2400 κανὼν
1455 2372 1516 2398 οὐδὲ
1538 2371 1602 2406 γόνυ
1616 2371 1718 2397 κλίνειν

935 2423 963 2449 ὲν
989 2422 1115 2458 κυριακῇ
1139 2420 1226 2447 οἴεται
1255 2420 1327 2450 δεῖν,
1348 2419 1410 2446 οὔτε
1444 2419 1497 2453 μὴν
1526 2419 1555 2444 ἐν
1583 2419 1644 2448 ταῖς
1670 2417 1720 2450 τῆς

935 2469 1126 2504 Πεντηκοστῆς
1146 2467 1266 2498 ἁπάσαις
1294 2466 1422 2501 ἡμέραις.
1453 2464 1508 2496 Τὰς
1530 2464 1558 2490 δὲ
1587 2463 1677 2494 αἰτίας
1706 2465 1719 2489 ο

937 2515 1024 2550 μέγας
1047 2513 1187 2543 Βασίλειος
1208 2514 1237 2538 ἐν
1261 2512 1299 2547 τῷ
1321 2511 1359 2543 λζ’
1387 2511 1442 2537 τῶν
1469 2512 1538 2546 πρὸς
1566 2510 1612 2535 τὸν
1639 2510 1716 2543 ἅγιον

941 2560 1115 2596 ’Λμφιλόχιον
1130 2558 1285 2593 κεφαλαίων
1297 2557 1388 2591 σαφῶς
1399 2557 1577 2587 ἀναπτύσσει,
1587 2555 1654 2589 ὅπερ
1671 2555 1719 2582 καὶ

936 2607 1011 2640 ζήτει
1031 2608 1060 2632 ὲν
1073 2606 1111 2640 τῷ
1128 2605 1149 2641 β’
1163 2604 1304 2639 κεφαλαίῳ
1326 2603 1373 2629 τοῦ
1392 2603 1411 2629 Ε
1429 2603 1573 2637 στοιχείου.

977 2654 1006 2680 '0
1026 2653 1054 2679 δὲ
1077 2655 1095 2686 1.,
1111 2653 1160 2686 τῆς
1185 2654 1210 2683 ς’
1240 2650 1362 2682 συνόδου,
1385 2649 1516 2684 Ἐπειδὴ,
1544 2647 1612 2682 φησὶ
1626 2668 1633 2679 ,
1651 2647 1718 2682 «pb;

935 2699 989 2726 τῶν
1005 2699 1085 2725 θείων
1104 2697 1241 2730 ΔΠοιαιέριυν
1260 2696 1324 2729 γόνυ
1352 2695 1390 2730 μὴ
1410 2695 1512 2721 κλίνειν
1540 2695 1568 2720 ὲν
1587 2695 1648 2725 ταῖς
1664 2694 1719 2719 Κυ-

937 2746 1044 2780 ρτακαῖς
1059 2741 1300 2779 προστετάγμεθα,
1319 2742 1368 2776 τὴν
1381 2741 1427 2766 τοῦ
1443 2741 1563 2776 Χριστοῦ
1581 2740 1719 2772 τιμῶντες

940 2790 1112 2820 ’Λνὰστασιν,
1126 2789 1184 2815 δέον
1197 2787 1266 2822 μετὰ
1285 2786 1333 2820 τὴν
1350 2785 1421 2812 κατὰ
1439 2786 1467 2811 τδ
1482 2785 1622 2813 Σᾶεὒατον
1637 2785 1720 2810 ἑσπε-

936 2836 1013 2872 ρινὴν
1027 2835 1081 2862 τῶν
1099 2834 1193 2870 ἱερέων
1218 2834 1256 2864 εἰς
1270 2832 1299 2859 τὸ
1317 2832 1510 2866 θυσιαστήριον
1536 2831 1648 2861 εἴσοδον,
1665 2839 1718 2864 μη-
