1939 3067
188 166 257 198 1393

682 168 888 198 SYNTAGMA
905 169 1218 201 ALPIIABETICUM.
1239 182 1272 188 -
1291 165 1326 200 Α.

1737 164 1806 197 13οι

188 222 252 249 δένα
267 221 371 249 κλίνειν
382 222 412 249 τὶ
423 222 488 256 γόνυ
506 222 588 258 μέχρι
607 223 655 257 τῆς
671 223 790 258 ἑσπέρας
806 224 855 258 τῆς
868 224 971 258 Κυρια-

1046 226 1156 252 ominici
1173 225 1227 252 dici
1241 231 1392 260 vesperam,
1402 222 1513 258 quando
1523 228 1620 249 rursus
1632 221 1804 249 sacerdotum

190 267 252 300 κῆς,
267 267 311 293 ὅτε
329 266 408 299 αὖθις
422 268 439 303 ἡ
454 267 555 298 εἴσοδος
568 267 622 294 τῶν
637 267 796 302 ἱερωμένων
812 267 927 301 γίνεται·
946 268 975 300 ἐξ

192 312 298 338 ἐκείνου
313 313 367 348 γὰρ
389 312 423 339 τὰ
442 313 544 347 γόνατα
567 314 742 347 κάμπτοντες
768 315 817 346 τὰς
839 314 922 348 εὐχὰς
937 313 976 349 τῷ

192 358 287 392 Κυρίῳ
312 360 497 395 προσάγομεν.
520 360 577 394 Τῆς
599 361 654 395 γὰρ
676 359 723 386 τοῦ
751 360 878 395 Σωτῆρος
898 359 976 394 ἡμῶν

193 404 331 438 ἐγέρσεως
349 405 502 441 πρόδρομον
525 406 575 440 τὴν
596 406 665 440 μετὰ
689 406 720 432 τδ
736 405 876 432 Σάὸῦατον
892 405 977 432 νύκτα

195 449 467 485 παραλαμϐάνοντες,
490 452 544 478 τῶν
569 451 662 486 ὕμνων
682 451 806 477 ἐντεῦθεν
830 459 979 486 πνευματι-

195 496 251 528 κῶς
265 497 458 532 ἁπαρχόμεθα,
483 499 523 530 εἰς
545 499 602 533 φῶς
616 500 648 526 ἐκ
671 498 782 529 σκότους
808 499 858 534 τὴν
882 498 978 533 ἑορτὴν

196 544 406 578 κατὰλὴγοντες,
423 544 460 576 ὡς
486 545 514 571 ὲν
539 544 677 580 ὁλοκλήρῳ
706 545 786 572 νυκτὶ
814 544 860 571 καὶ
887 544 979 580 ἡμέρᾳ⁵

197 589 393 624 πανηγυρίζειν
410 591 494 625 ἡμᾶς.

302 634 367 662 ’Ὅτι
382 636 417 662 ὲν
430 636 563 671 Κυριακῇ
580 637 615 663 οὺ
632 636 677 663 δεῖ
689 635 872 671 ἐργάζεσθαι.

232 681 313 717 Ζήτει
336 684 376 714 εἰς
399 682 430 708 τὸ
444 685 468 717 γ’
485 691 547 718 κεφ.
564 683 612 710 τοῦ
630 684 639 710 I
666 682 800 718 στοιχείου
818 681 920 709 κανόνα
936 679 976 708 κθ¹

195 728 244 764 τῆς
263 729 291 755 ἐν
307 728 455 764 Λαοδικείᾳ
470 729 593 756 συνόδου.

538 774 642 808 Νόμοι.

238 819 269 846 'II
285 819 412 854 Κυριακὴ
435 819 575 853 ἄπρακτος
601 820 686 846 ἐστωυ
708 821 736 846 ὲν
764 819 834 854 αὐτῇ
859 819 912 854 γὰρ
932 820 981 854 οὐχ

197 864 438 899 ὑπομιμνήσκεταί
454 873 506 897 τις,
522 865 538 900 ἢ
554 865 655 899 ἐγγύας
669 866 839 898 ἀπαιτεῖ-ται,
857 864 873 900 ἦ
891 864 980 900 δημό-

1026 271 1166 306 ingressus
1199 271 1228 298 ﬁt
1249 279 1256 297 :
1279 279 1312 298 ex
1334 271 1382 298 illo
1400 269 1473 297 enim
1501 272 1621 302 tempore
1646 275 1734 302 genua
1760 267 1807 294 [Ie-

1026 323 1131 345 ctentes
1149 324 1244 352 preces
1258 317 1373 343 Domino
1388 316 1537 343 offerimus.
1558 313 1712 341 Servatoris
1733 313 1804 339 enim

1027 363 1113 391 nostri
1133 363 1340 390 resurrectionis
1365 361 1447 389 veluti
1466 367 1665 396 praecursorem
1687 363 1807 389 noctem,

1027 418 1087 445 qua
1109 413 1168 444 post
1187 409 1336 436 Sabbntum
1356 413 1406 441 est,
1435 408 1611 442 accipientes,
1638 406 1756 440 hymnos
1774 405 1807 430 ab

1027 464 1058 483 ea
1075 455 1253 491 spiritualitcr
1276 455 1434 489 incipimus.
1458 454 1558 481 festum
1583 460 1616 480 ex
1643 451 1764 480 tenebris
1779 450 1807 477 in

1028 503 1115 530 lucem
1131 502 1358 534 transmittentes,
1381 501 1453 528 utin
1477 501 1582 535 integra
1609 505 1689 526 nocte
1716 506 1748 525 ac
1765 498 1809 524 dic

1029 555 1079 576 nos
1090 548 1269 576 celebremus.

1094 636 1171 669 Quod
1186 637 1212 663 in
1226 637 1269 663 die
1289 636 1426 663 Dominica
1446 643 1498 662 non
1518 638 1620 668 oportet
1637 633 1752 666 operari.

1065 682 1183 711 Consule
1205 682 1232 709 in
1254 683 1334 709 tertio
1362 681 1450 716 capite
1472 681 1570 708 litterae
1589 679 1598 706 I
1623 685 1755 707 canonem
1774 677 1810 704 ‘20

1031 728 1190 756 Laodicenis:
1203 727 1313 763 synodi.

1377 771 1465 806 Leges.

1067 819 1129 847 Dies
1142 819 1301 847 Dominicus
1312 818 1350 846 sit
1363 818 1421 845 dies
1433 817 1547 844 feriatus
1560 825 1567 848 ;
1583 815 1610 842 in
1626 823 1658 843 eo
1667 814 1740 842 eiiim
1757 812 1814 839 nul-

1032 865 1084 893 lius
1099 865 1229 892 memoria
1248 864 1442 895 celebrabitur,
1457 862 1498 890 vel
1517 862 1705 896 lidcjussioues
1722 859 1813 894 requi-

183 909 296 944 ’σιον,ἢ
320 910 452 937 ἰδιωτικὸν
472 911 564 946 χρέος,
583 910 646 937 οὕτε
661 911 815 943 δικάζεται,
836 910 898 937 οὔτε
914 918 981 944 σκη-

1047 915 1140 943 untur,
1153 911 1195 938 vel
1210 910 1336 945 vectigal,
1350 910 1392 937 vel
1417 911 1554 944 privatum
1572 908 1708 938 debitum.
1727 913 1816 939 neque

199 956 261 990 νικὴ
279 956 339 989 θέα,
352 956 369 991 ἤ
387 957 527 991 κυνήγιον,
544 957 560 992 ἢ
576 957 755 992 ἱπποδρόμιον
769 957 897 983 τελεῖται.
911 955 981 982 Ἀλλ’

198 1001 222 1027 ιι
233 1001 280 1028 καὶ
293 1001 391 1034 φθάσει
407 1001 540 1036 βασιλέως
556 1002 680 1029 νατάλιον
695 1003 723 1029 ὲν
740 1003 879 1038 Κυριακῇ,
896 1001 981 1036 ὑπερ-

199 1047 303 1074 τίθεται
329 1049 358 1075 τὺ
371 1048 501 1084 θεώριοψ
522 1049 536 1076 ό
556 1049 584 1077 δὲ
606 1049 717 1085 θεωρῶν
730 1050 758 1076 ἐν
776 1051 899 1084 Κυριακῇ
917 1050 983 1075 ἀπο-

201 1095 378 1128 στρατεὺεται
402 1096 449 1122 καὶ
471 1096 638 1131 δημεύεται·
665 1097 754 1130 ἔξεστι
777 1096 805 1123 δὲ
823 1097 982 1129 πακτεύειν,

201 1140 248 1166 καὶ
264 1140 397 1176 σύμφωνα
412 1143 517 1175 ποιεῖν,
544 1143 591 1170 καὶ
609 1142 767 1169 διαλύεσθαι
792 1143 821 1170 ἐν
844 1142 982 1178 κυριακῇ,

239 1232 370 1268 Ἀλλαχοῦ
385 1233 413 1259 δὲ
443 1234 457 1259 ὁ
481 1235 563 1268 νόμος
578 1235 765 1270 ἀπαραίτητον
787 1234 836 1269 μὲν
862 1235 912 1269 τὴν
937 1234 985 1269 ἀρ-

200 1278 263 1312 γίαν
278 1279 307 1305 ὲν
323 1280 356 1314 τῇ
375 1279 502 1315 κυριακῇ
530 1280 660 1313 ἀπαιτεῖ,
678 1280 735 1306 ἀλλ’
751 1281 816 1307 ἄνευ
829 1280 884 1307 τῶν
899 1289 985 1315 γεωρ-

199 1324 276 1357 γῶν·
294 1324 360 1355 ἴσως
383 1325 437 1361 γὰρ
457 1325 511 1352 τῶν
534 1326 623 1361 ἔργων
648 1327 878 1360 κατεπειγόντων,
901 1326 985 1361 ἄλλην

201 1369 250 1403 οὐχ
263 1367 318 1396 οἷόν
338 1379 368 1397 τε
388 1371 493 1405 ἡμέραν
511 1371 613 1406 εὑρεῖν,
635 1370 724 1403 οὕτως
750 1372 842 1403 αὐτοῖς
867 1371 936 1406 πρὸς
951 1372 986 1399 τὰ

202 1415 272 1450 ἔργα
287 1417 426 1450 συμϐαλλο
433 1417 528 1452 μένην.

245 1462 277 1488 Ὴ
289 1462 318 1489 δὲ
331 1462 368 1489 νδ⁰
379 1463 464 1497 νεαρὰ
479 1463 527 1489 τοῦ
560 1463 692 1499 βασιλέως
715 1463 828 1496 Λέοντος
844 1464 987 1499 σχολάζειν

204 1506 275 1582 acturi
300 1506 349 1540 τὴν
373 1506 552 1543 Κυριώνυμον
575 1509 623 1535 καὶ
645 1509 707 1540 τοὺς
733 1510 873 1544 γεωργοὺς
900 1509 987 1545 διορί-

223 1560 293 1579 εται.

223 1560 293 1579 εται.

345 1599 470 1627 ΚΕΦΑΔ.
484 1599 548 1627 AH'.
564 1599 633 1634 Περὶ
649 1599 844 1626 κωόικέλλου.

539 1647 629 1680 Νόμοι
634 1665 640 1672 .
818 1663 824 1666 -

243 1691 413 1723 Κωδίκελλός
443 1693 502 1719 ἐστι
525 1692 576 1726 τῆς
605 1694 634 1719 ὲν
662 1694 694 1729 τῇ
722 1693 838 1728 διαθήκῃ
862 1691 989 1724 minos;

206 1736 319 1771 γνώμης
332 1737 379 1763 τοῦ
395 1737 584 1773 διατιθεμένου
601 1739 807 1774 ἀναπλήρωσις,
823 1739 869 1765 καὶ
886 1738 989 1773 ἐγγρα-

206 1790 254 1815 φος
280 1781 424 1809 τελευταία
448 1783 578 1819 βούλησις
604 1784 650 1810 ἐπί
678 1793 734 1810 τισι
761 1784 918 1819 προσώποις
943 1783 990 1810 καὶ

206 1827 368 1863 γράμμασι,
387 1829 442 1860 τοῖς
458 1829 506 1855 καὶ
532 1830 560 1856 ἐν
579 1830 696 1865 διαθήκῃ
717 1830 734 1864 ἢ
751 1830 989 1864 μνημονευθεῖσινι

209 1872 225 1906 ἢ
242 1874 463 1909 μνημονευθῆναι
477 1874 649 1909 δυναμένοις,
664 1875 735 1909 πλὴν
755 1876 925 1910 κληρονόμου
942 1875 992 1901 καὶ

210 1918 404 1953 κληρονομίας.
862 1946 864 1948 .

243 1966 372 2000 Διαφέρει
391 1965 420 1993 δέ
441 1965 558 2000 διαθήκη
576 1966 751 1999 κωδικέλλου,
765 1967 807 1993 ὅτι
834 1966 863 1993 ἐν
890 1966 940 2000 μὲν
958 1967 992 2001 τῇ

210 2011 326 2047 διαθήκῃ
343 2012 390 2038 καὶ
407 2012 577 2048 κληρονόμον
597 2013 644 2039 καὶ
662 2013 888 2048 ἁποκληρονόμον
903 2014 992 2046 ἔξεστι

212 2057 339 2092 γράφειν,
352 2059 399 2086 καὶ
413 2058 525 2091 λεγάτα,
541 2059 589 2085 καὶ
605 2060 775 2093 ἐλευθερίας,
792 2061 839 2086 καὶ
853 2059 991 2092 ξνστατον,

211 2105 258 2130 καὶ
287 2104 535 2137 ὑποκατάστατον,
559 2106 588 2132 ἐν
612 2106 640 2133 δὲ
667 2106 707 2141 τῷ
730 2106 886 2141 κωδικέλλῳ
918 2106 994 2132 οὐδὲν

209 2156 321 2175 τουτων.

248 2196 395 2228 Ἔνστασίς
410 2197 483 2223 ἐστιν
497 2197 514 2232 ἠ
531 2191 628 2232 πρώτῆ
642 2196 717 2229 θέσις
731 2191 992 2233 τῆς-κληρονομίας,

210 2241 350 2267 τουτέστιν
366 2242 379 2268 ὁ
400 2241 509 2277 πρῶτος
527 2241 630 2278 saepe;
649 2243 704 2270 τῶν
721 2243 907 2279 κληρονόμων.

254 2287 490 2320 ’Υποκατάστασίς
509 2290 582 2315 ἐστιν
599 2290 615 2324 ἠ
635 2289 664 2321 ἐξ
681 2289 832 2324 ἀποτυχίας
847 2289 893 2316 τοῦ
918 2290 995 2324 πρώ-

209 2342 255 2360 του
269 2333 437 2370 κληρονόμου
456 2335 498 2369 ἐφ’
514 2335 609 2370 ἕτερον
637 2336 686 2370 τῆς
710 2336 893 2371 κληρονομίας
914 2336 996 2371 μετά.

209 2379 293 2412 θεσις,
309 2378 376 2414 οἷον,
393 2381 419 2408 εἰ
432 2390 474 2413 τις
492 2382 574 2414 εἴποι,
591 2383 682 2409 Ἔστω
704 2391 755 2417 μου
769 2383 783 2409 ό
807 2383 882 2410 δεῖνα
897 2382 996 2418 κληρο-

211 2427 311 2462 νόμος”
334 2428 359 2453 εἰ
374 2427 403 2453 δὲ
430 2427 478 2462 μὴ,
499 2427 570 2454 ἔστω
590 2429 603 2454 ὁ
624 2429 710 2455 δεῖνα.

255 2472 300 2499 Ἐν
315 2473 474 2508 κωδικέλλῳ
492 2473 710 2509 φιδεκόμμισσον
732 2480 868 2509 γράφεται
887 2475 936 2500 καὶ
953 2473 998 2500 λε-

212 2519 354 2553 γατάριον.
609 2535 611 2538 ‹

247 2567 419 2595 Συνίσταται¹
438 2567 466 2593 δὲ
499 2567 513 2593 ό
540 2565 704 2598 κωδὶκελλος
726 2565 770 2592 διὰ
791 2566 872 2592 πέντε
891 2564 995 2601 μαρτύ-

213 2622 277 2650 ρων.

367 2672 461 2698 ΑΡΧΗ
477 2699 480 2702 ,
494 2671 564 2698 ΤΟΥ
590 2672 612 2698 Λ
641 2670 833 2698 ΣΤΟΙΧΕΙΟΥ.

213 2718 340 2745 ΚΕΦΔΛ.
366 2718 405 2744 A'.
426 2717 495 2748 Περὶ
518 2717 576 2744 τῶν
606 2717 665 2743 ἀπὸ
687 2716 801 2744 λαῖκῶν
831 2715 994 2750 γινομένων
1037 2744 1039 2747 ,

510 2753 696 2779 ἐπισκόπων.

253 2797 282 2824 '0
294 2801 320 2824 π’
334 2798 387 2824 τῶν
408 2798 494 2832 ἁγίων
514 2798 671 2825 ἀποστόλων
688 2787 788 2831 κανὼν,
805 2797 856 2824 Τὸν
876 2797 906 2829 ἐξ
925 2797 996 2823 ἐθνι-

214 2844 273 2875 κοῦ,
288 2845 366 2878 φησὶ,
389 2845 458 2879 βὶου,
474 2845 490 2880 ἢ
513 2845 561 2872 καὶ
578 2846 609 2871 ὲκ
628 2845 734 2880 φαύλης
748 2845 859 2879 ἀγωγῆς
878 2843 995 2879 προσελ-

214 2888 294 2916 θόντα
309 2891 342 2926 τῇ
356 2891 457 2924 πίστει,
480 2891 509 2917 οὐ
531 2890 609 2926 θέμις
623 2890 725 2922 εὐθέως
751 2891 899 2917 ἐπίσκοπον
929 2897 995 2924 προ-

1033 957 1189 992 iudicatur,
1209 963 1299 991 neque
1325 956 1432 984 scenica
1455 954 1610 990 spectacula
1632 953 1675 980 vel
1695 952 1815 983 ferarum

1036 1003 1144 1030 venatio
1165 1002 1209 1030 vel
1234 1009 1368 1037 equorum
1391 1008 1490 1029 cursus
1515 999 1664 1035 perﬁcitur.
1689 998 1742 1024 Sed
1764 997 1816 1023 etsi

1037 1048 1209 1083 imperatoris
1223 1048 1382 1081 natalitiuml
1397 1048 1424 1075 in
1445 1047 1516 1075 diem
1532 1045 1703 1072 Dominicum
1715 1043 1817 1070 incide-

1037 1095 1080 1127 rit,
1089 1087 1278 1129 spectaculum
1286 1093 1431 1124 diﬂ‘ertur;
1454 1096 1592 1128 spectator
1603 1094 1695 1118 autem
1712 1089 1757 1116 die
1767 1089 1824 1116 Do"

1037 1140 1138 1168 minica
1152 1143 1346 1168 exauctoratur
1358 1143 1384 1166 et
1397 1139 1563 1166 conliscalur
1573 1146 1579 1170 ;
1590 1137 1654 1164 licet
1670 1139 1761 1163 autem
1773 1143 1810 1169 pa

1037 1187 1113 1218 cisci,
1132 1191 1159 1214 et
1169 1191 1325 1214 contractus
1342 1185 1432 1213 facere
1449 1189 1476 1212 et
1492 1184 1598 1212 solvere
1614 1183 1642 1210 in
1661 1182 1818 1209 Dominico.

1073 1232 1144 1260 Alibi
1164 1240 1229 1260 vero
1246 1232 1288 1259 lex
1311 1230 1497 1259 inexcusabile
1514 1229 1600 1257 otium
1623 1229 1651 1256 in
1675 1226 1820 1255 Dominico

1038 1278 1134 1313 exigit,
1145 1277 1267 1312 exceptis
1278 1281 1368 1305 tamen
1381 1277 1519 1313 agricolis,
1529 1275 1577 1311 qui
1586 1275 1690 1306 forsan,
1702 1273 1822 1300 instante

1039 1332 1132 1358 opere,
1155 1324 1236 1351 aliam
1255 1324 1327 1351 diem
1349 1324 1474 1351 invenire
1492 1330 1547 1350 non
1569 1324 1696 1356 possunt,
1716 1319 1769 1346 illis
1788 1319 1822 1346 ad

1040 1379 1122 1406 opera
1133 1371 1286 1406 peragenda
1299 1377 1378 1406 aeque
1390 1369 1611 1397 convenientem.

1077 1462 1145 1497 Imp.
1164 1461 1266 1490 Leonis
1292 1460 1327 1489 54
1347 1459 1454 1488 novella
1475 1458 1606 1488 decernit.
1625 1456 1700 1491 ipsos
1714 1461 1824 1490 quoque

1041 1510 1175 1547 agricolas
1192 1509 1237 1537 die
1252 1507 1395 1536 Dominico
1408 1506 1509 1534 debere
1527 1504 1618 1532 otiari.

1204 1600 1281 1627 CAP.
1300 1596 1445 1626 XXXVIII.
1466 1596 1505 1622 De
1521 1593 1654 1622 codicillo.

1380 1643 1472 1678 Leges.

1075 1693 1225 1722 Codicillus
1236 1696 1278 1719 est
1305 1690 1471 1725 imperfectae
1497 1688 1523 1714 iu
1551 1688 1714 1713 testamento
1727 1681 1825 1710 volun-

1042 1740 1106 1767 tatis
1121 1737 1258 1766 testatoris
1273 1736 1513 1770 complementum,
1529 1735 1556 1759 et
1567 1731 1669 1764 scripta
1685 1732 1824 1763 postrema

1042 1786 1170 1813 voluntas
1192 1785 1226 1811 de
1244 1782 1406 1817 quibusdam
1429 1778 1553 1815 personis
1578 1783 1605 1805 et
1634 1776 1741 1808 litteris,
1764 1782 1826 1809 qua:

1043 1833 1125 1860 etiam
1147 1832 1173 1858 in
1193 1833 1355 1858 testamento
1372 1827 1414 1854 vel
1429 1829 1586 1853 memoratae
1611 1827 1684 1854 sunt,
1707 1823 1749 1849 vel
1766 1829 1826 1855 quae

1044 1882 1160 1915 possunt
1176 1875 1333 1908 memorari,
1358 1880 1455 1909 praeter
1481 1871 1617 1899 haeredem
1641 1873 1668 1897 et
1685 1867 1828 1895 literedita-

1044 1932 1108 1954 tem.

1079 1971 1174 1999 Ditl‘crt
1197 1976 1260 1997 vero
1279 1970 1472 1996 testamentum
1491 1972 1506 1991 a
1530 1962 1673 1994 codicillo,
1696 1960 1828 1995 quoniam

1045 2018 1071 2044 in
1084 2019 1248 2044 testamento
1265 2013 1330 2040 licet
1346 2011 1480 2039 lmrcdem
1494 2013 1521 2036 et
1539 2007 1710 2035 exhreredem
1725 2005 1828 2033 descri-

1030 2065 1119 2096 Vbcre,
1148 2066 1175 2088 et
1205 2061 1304 2095 legata,
1331 2062 1358 2086 et
1383 2057 1535 2087 libertates,
1559 2058 1586 2081 et
1607 2052 1774 2083 institutum,
1801 2054 1828 2077 et

1046 2108 1223 2138 substitutum
1242 2105 1394 2136 haeredem;
1422 2102 1448 2129 in
1467 2099 1594 2129 codicillo
1608 2106 1671 2126 vero
1693 2097 1761 2125 nihil
1776 2096 1830 2124 hu—

1048 2153 1176 2183 iusmodi.

1060 2164 1176 2183 115111001-

1045 2164 1054 2190 1
1081 2199 1223 2228 Institutio
1236 2202 1277 2226 est
1287 2197 1376 2232 prima
1389 2194 1489 2230 pasitio
1511 2191 1693 2223 haereditatis,
1710 2189 1763 2217 hoc
1775 2192 1826 2221 est,

1009 2265 1032 2292 ι)
1047 2247 1149 2283 primus
1165 2245 1265 2281 gradus
1281 2243 1433 2272 hieredum.

1083 2292 1251 2321 Substitutio
1279 2295 1321 2318 est
1335 2289 1370 2318 ob
1391 2288 1472 2324 primi
1498 2285 1614 2314 heredis
1641 2283 1776 2312 delectum
1795 2283 1831 2310 ad

1046 2340 1130 2367 alium
1150 2337 1315 2365 lmredilatis
1341 2334 1493 2366 translatio,
1516 2340 1547 2359 ac
1561 2332 1583 2359 si
1597 2331 1699 2358 diceret
1717 2329 1827 2364 aliquis,

1045 2386 1088 2413 Sit
1106 2384 1171 2411 mihi
1187 2383 1298 2418 quidam
1321 2382 1419 2412 haeres,
1445 2379 1469 2407 si
1492 2385 1556 2406 vero
1577 2384 1643 2409 non,
1657 2376 1693 2404 sit
1717 2375 1827 2411 quidam

1044 2431 1126 2459 alius.

1083 2477 1111 2504 lu
1127 2475 1252 2504 codicillo
1271 2473 1513 2502 ﬁdeicommissum
1532 2471 1673 2504 scribitur,
1683 2474 1709 2497 et
1723 2469 1827 2503 legata-

1044 2525 1126 2552 rium.

1080 2569 1229 2598 Codicillus
1245 2568 1365 2603 quinque
1382 2567 1498 2595 testibus
1512 2566 1701 2593 conﬁrmatur.

1189 2670 1269 2705 17o
1285 2668 1412 2696 lNlTIUIl
1437 2665 1598 2694 LITTERAS
1625 2665 1656 2691 Λ.

1165 2717 1241 2746 CAP.
1261 2717 1282 2744 I.
1300 2717 1338 2744 De
1354 2715 1483 2751 episcopis
1499 2721 1514 2740 ιι
1530 2712 1606 2739 laici:
1621 2710 1709 2737 ’actis.

1081 2795 1244 2823 Sanctorum
1261 2794 1447 2829 apostolorum
1465 2791 1499 2819 80
1515 2798 1605 2819 canon
1630 2796 1704 2820 cum,
1731 2795 1777 2822 qui
1793 2795 1830 2814 ex

1041 2842 1147 2878 gentili,
1166 2838 1329 2875 iuquit,vi'.a
1344 2838 1385 2866 vel
1399 2846 1431 2866 ex
1448 2836 1576 2872 improba
1592 2834 1698 2862 vivendi
1716 2834 1825 2860 ratione

1043 2889 1076 2916 ad
1109 2887 1189 2914 ﬁdem
1215 2886 1372 2917 accesserit,
1401 2892 1455 2912 non
1482 2888 1590 2919 oportet
1619 2882 1742 2917 protinus
1768 2880 1828 2908 ﬁeri
