1939 3067
201 117 273 148 1397

681 113 889 145 SYNTAGMA
902 110 1212 142 ALPHABETICUM.
1235 124 1269 130 —-
1287 109 1319 141 Λ.

1749 113 1819 146 1398

197 183 268 206 τινα,
283 173 350 200 ἀλλὰ
365 173 498 208 πρότερον
515 171 638 206 γίνεσθαι
659 172 801 206 κληρικὺν,
825 170 872 197 καὶ
889 170 979 205 μένειν

1038 175 1151 202 scopum
1175 168 1292 202 aliquem
1316 167 1458 201 ordinari;
1474 161 1520 196 sed
1547 172 1576 195 ut
1599 169 1687 204 primo
1701 170 1818 198 ﬁatcle-

198 221 245 248 ἐπὶ
260 222 333 255 τρεῖς
351 220 438 254 μῆνας
451 219 500 251 τὰς
514 218 627 254 Γραφὰς
643 218 847 253 διδασκόμενον,
861 217 909 244 καὶ
921 216 982 247 τοὺς

198 265 288 297 θείους
307 264 443 296 κανόνας·
468 264 514 291 τὸν
538 265 566 292 δὲ
594 264 633 299 μὴ
671 264 745 290 οὕτω
771 262 915 297 γινόμενον
934 263 984 294 τῆς

197 312 353 345 ἐπισκοπῆς
377 310 570 344 ἐκϐάλλεσθαι,
598 311 645 337 καὶ
667 309 713 336 τδν
755 309 983 345 χειροτονήσαντα

197 357 246 383 ἐπὶ
260 357 319 388 ἔτος
344 356 373 383 ἓν
393 357 442 391 τῆς
461 356 638 392 λειτουργίας
659 355 840 391 χωρίζεσθαι.
864 353 983 390 Αισχρδν

197 403 262 438 γὰρ,
281 403 361 438 φησὶ,
377 402 533 434 καὶικανῶς
546 403 644 436 ἄλογον
667 401 714 428 τὸν
723 401 786 432 τοὺς
803 401 897 432 ἄλλους
910 399 984 434 ὀφεί-

198 449 280 474 λοντα
296 448 433 475 διδάσκειν
451 449 516 483 παρ’
533 448 635 483 ἑτέρων
657 448 726 483 μετὰ
749 447 798 482 τὴν
812 445 983 482 χειροτονίαν

197 495 383 522 διδάσκεσθαι.
403 495 434 522 El
466 495 560 530 μέντοι
584 503 615 528 γε
639 495 794 526 διδακτικδς
821 494 874 529 εἴη,
891 493 938 521 καὶ
953 494 982 519 ὲν

196 539 236 574 τῷ
252 539 338 575 λαῐκῷ
351 534 476 575 τάγματι
501 539 713 575 ἀριθμούμενος,
731 540 778 566 καὶ
799 540 881 574 μηδὲν
895 539 982 566 ὲλλεί-

174 606 177 609 ,
198 594 257 611 πων
274 585 328 611 τῶν
355 585 406 613 ὅσα
435 594 467 619 γε
487 587 528 617 είς
552 585 701 620 ὠφέλειαν
717 586 818 619 ἑτέρων
837 585 916 620 φέρει
935 583 982 611 καὶ

197 631 396 666 καταρτισμὸν,
411 632 456 658 ἐπ’
469 631 550 658 αὐτοῦ
567 632 613 659 τδν
625 631 748 658 τοιοῦτον
763 632 801 666 μὴ
815 632 983 667 παρατηρεῖ-

199 676 260 703 σθαι
273 675 370 711 χρόνον
387 678 403 711 ἡ
421 678 502 712 πεῖρα
522 678 660 713 παρέσχεν
672 677 825 704 ἀκίνδυνον.

198 733 324 760 ΚΕΦΑΛ.
345 733 381 760 Β’.
405 733 474 767 Περὶ
499 734 560 761 τῶν
572 735 616 766 είς
634 733 744 760 alarum?
759 734 846 765 τάξιν
856 733 980 767 ἐρχομέ⁴

249 777 310 794 νων
321 768 506 800 ἐπισκόπων,
522 768 540 802 ἣ
558 769 720 806 κλ-ηρικῷν,
739 768 758 802 ἢ
775 769 927 803 μοναχῶν.

232 814 312 849 Ζήτει
327 815 356 841 τὺ
372 814 412 848 λβ¹
427 822 489 848 κεφ.
504 814 551 841 τοῦ
565 815 589 842 Κ
608 815 752 850 στοιχείου.

1036 213 1121 246 ricus,
1139 217 1166 240 et
1183 220 1230 248 per
1243 217 1301 241 tres
1317 221 1424 241 menses
1445 219 1553 241 maneat.
1566 214 1722 250 Scripturas
1739 218 1815 253 171

1035 258 1150 292 docens,
1175 262 1202 285 et
1221 263 1332 286 sanctos
1343 266 1478 290 canones:
1506 267 1567 286 eum
1590 268 1665 292 vero,
1694 262 1741 296 qui
1760 270 1814 289 non

1034 303 1071 330 ita
1087 303 1124 336 lit,
1143 303 1302 338 episcopatu
1329 303 1402 337 ejici,
1417 309 1444 331 et
1463 305 1508 338 qui
1526 313 1589 332 eum
1603 306 1751 339 ordinavit,
1770 315 1818 342 per

1034 357 1119 376 unum
1155 357 1260 376 annum
1286 349 1320 377 ab
1349 350 1429 377 altari
1458 351 1589 378 amoveri.
1629 352 1695 379 Nam
1728 357 1817 388 turpe,

1033 395 1132 430 inquit,
1143 399 1172 423 et
1188 395 1266 422 valde
1277 396 1429 423 absurdum
1445 401 1498 429 est,
1521 397 1608 430 illum,
1626 399 1672 433 qui
1689 399 1758 426 alios
1770 400 1818 426 do-

1033 437 1206 475 cere;debet,
1223 441 1257 469 ab
1272 441 1333 469 aliis
1351 447 1413 476 post
1435 443 1636 471 ordinationem
1669 445 1772 473 doceri.
1789 445 1816 471 Si

1032 494 1098 514 vero
1115 486 1151 513 sit
1172 490 1252 521 aptus
1275 487 1309 514 ad
1331 487 1497 521 docendum,
1519 493 1546 516 et
1573 489 1601 515 in
1630 489 1699 516 laico
1721 489 1819 517 ordine

1030 538 1204 567 numeratus,
1217 539 1244 562 et
1258 534 1326 561 nihil
1343 541 1437 562 eorum
1453 535 1602 570 relinquat,
1623 542 1683 569 qua:
1695 535 1729 562 ad
1746 536 1819 562 utili-

1033 585 1117 608 tatem
1129 585 1157 608 et
1170 581 1396 608 instaurationem
1408 581 1525 608 aliorum
1541 580 1708 613 conducunt,
1723 581 1757 608 ab
1772 581 1819 608 illo

1032 630 1137 653 tantum
1150 626 1280 660 temporis
1297 634 1350 654 non
1367 627 1459 662 exigi;
1477 627 1525 655 sed
1538 634 1653 654 conatus
1667 627 1732 654 citra
1746 627 1819 661 peri-

1031 672 1123 699 culum
1144 672 1244 700 etlecit.

1031 729 1106 756 CAP.
1140 728 1172 757 ll.
1203 729 1242 756 De
1269 729 1398 765 episcopis
1429 729 1469 756 vel
1494 729 1597 756 clericis
1618 728 1658 755 vel
1680 728 1816 755 monachis

1207 765 1252 796 qui
1267 765 1294 790 in
1307 764 1370 791 laici
1389 764 1510 791 ordinem
1523 765 1640 792 veniunt.

1067 813 1163 845 Quaere
1174 813 1208 840 32
1219 817 1301 847 caput
1315 812 1463 840 littem’K.

197 872 324 900 ΚΕΦΑΛ,
343 872 381 899 Γο.
408 873 471 899 Ὀτι
495 873 567 905 τοὺς
591 873 720 905 λατκοὺς
739 871 788 899 ἐπι
811 872 978 906 ἐκκλησίας

1034 870 1106 899 CAP.
1123 870 1169 898 Ill.
1191 870 1268 904 Quod
1279 870 1360 898 laico;
1370 871 1398 898 in
1409 871 1519 905 ecclesia
1533 872 1624 898 docere
1641 879 1691 898 non
1703 875 1817 905 oportet,

449 907 605 934 διδάσκειν
619 908 655 934 οὐ
670 907 726 934 δεῖ.

234 954 314 988 Ζήτει
336 954 366 980 ἐν
381 953 420 988 τῷ
442 952 468 986 ζ’
479 962 544 982 nec.
568 953 616 980 τοῦ
639 955 658 980 Δ
676 953 810 988 στοιχείου
825 953 926 980 κανόνα
943 953 978 986 ξδ’

196 999 246 1034 τῆς
262 1002 289 1032 ς’
304 1000 428 1028 συνόδου.

269 1045 396 1073 ΚΕΦΑΛ.
413 1047 450 1072 Δ’.
467 1045 537 1081 Περὶ
554 1046 608 1080 τῆς
619 1047 701 1079 θείας
712 1046 910 1081 λειτουργίας.

233 1091 314 1126 Ζήτει
330 1092 358 1116 ἐν
375 1091 414 1126 τῷ
427 1094 449 1118 ε’
462 1100 526 1126 κεφ.
543 1091 589 1118 τοῦ
603 1092 625 1118 Τ
642 1092 788 1126 στοιχείου.

377 1138 504 1165 ΚΕΦΑΔ.
519 1137 556 1165 E’.
572 1138 641 1172 Περὶ
657 1138 803 1165 Λατίνων.

234 1186 316 1221 Ζήτει
341 1187 370 1211 ὲν
391 1185 430 1220 τῷ
445 1184 485 1216 λζ’
502 1193 563 1217 κεφ,
579 1184 627 1210 τοῦ
642 1185 665 1210 Κ
682 1185 816 1219 στοιχείου
833 1185 932 1211 κανόνα
945 1188 981 1211 νε¹

197 1233 248 1267 τῆς
265 1231 292 1264 ς’
306 1231 428 1264 συνόδου,
447 1231 494 1258 καὶ
508 1231 536 1256 ἐν
550 1229 590 1264 τῷ
607 1228 640 1264 ιβ’
654 1238 715 1263 κεφ.
732 1229 778 1256 τοῦ
793 1230 813 1256 Ε
831 1231 932 1257 κανόνα
950 1229 981 1257 ιε’

183 1275 247 1312 -τῆς
261 1279 285 1302 α’
301 1276 348 1302 καὶ
364 1276 387 1311 β’
402 1275 525 1309 συνόδου,
541 1275 587 1303 καὶ
602 1275 632 1302 ὲν
645 1275 683 1311 τῷ
697 1279 718 1302 ε’
732 1284 796 1310 κεφ.
811 1276 859 1302 τοῦ
871 1277 893 1303 Τ
909 1285 982 1303 στοι-

197 1323 272 1358 χείου
287 1322 388 1348 κανόνα
400 1320 445 1353 νς·’
456 1322 505 1356 τῆς
520 1324 547 1353 ς’
569 1321 690 1354 συνόδου,
708 1320 755 1347 καὶ
771 1321 799 1347 ὲν
811 1321 849 1356 τῷ
864 1320 898 1347 ια’
915 1330 978 1356 κεφ.

197 1367 244 1394 τοῦ
272 1367 292 1394 Ε
307 1367 441 1403 στοιχείου
459 1367 560 1394 κανόνα
576 1370 600 1401 γ’
615 1367 665 1401 τῆς
693 1366 715 1402 β’
732 1367 854 1399 συνόδου,
881 1368 929 1394 καὶ
950 1368 990 1399 tv,

198 1413 236 1448 τῷ
251 1413 271 1439 δ’
282 1422 346 1448 κεφ.
358 1413 403 1440 τοῦ
417 1413 428 1440 1
445 1413 578 1448 στοιχείου
594 1412 694 1439 κανόνα
708 1412 886 1439 ἀποστολικὸν
901 1411 978 1439 ἑϐδο-

200 1469 271 1495 μηκο
277 1459 346 1487 316v.

251 1506 377 1534 ΚΕΦΑΛ.
394 1507 440 1540 G'.
460 1506 530 1541 Περὶ
544 1504 667 1540 λῃστῶν
688 1504 922 1539 μετανοούντων.

238 1549 267 1575 '0
283 1549 371 1584 μέγας
393 1550 443 1585 τῆς
469 1550 581 1584 Νύσσης
606 1548 756 1584 Γρηγόριος
785 1549 815 1575 ὲν
835 1549 874 1584 τῷ
890 1552 917 1581 ς’
932 1557 981 1576 κα-

197 1597 253 1623 νόνι
277 1597 324 1623 τὸν
341 1597 454 1632 λῃστὴν,
483 1596 628 1632 μεταμέλῳ
656 1595 841 1631 χρησάμενον,
869 1596 916 1622 καὶ
936 1596 980 1622 διὰ

199 1643 344 1676 μετανοίας
368 1643 403 1677 τῇ
433 1642 583 1678 Ἐκκλησία
611 1642 852 1677 προσπεφευγότα,
870 1641 908 1676 τῷ
926 1642 980 1668 τῶν

197 1688 371 1723 ἀνδροφόνων
398 1687 552 1722 ὑπάγεσθαι
569 1687 675 1715 κελεύει
701 1688 826 1724 κρίματι.
855 1688 909 1714 Καὶ
927 1687 980 1722 γὰρ

196 1735 246 1768 τὴν
262 1735 420 1769 μιαιφονίαν
434 1735 474 1766 είς
489 1734 659 1770 συμμαχίαν,
673 1734 750 1768 φησι,
765 1734 812 1761 τοῦ
829 1733 981 1766 σπουδαζο-

198 1780 279 1813 μένου
294 1780 517 1815 παραλαμϐάνει,
536 1781 604 1816 πρὸς
623 1781 689 1807 αὐτὸ
700 1781 779 1807 τοῦτο
800 1790 979 1816 παρασκευαί·

197 1825 320 1859 ζόμενος,
337 1826 382 1852 καὶ
396 1826 500 1858 ὅπλοις,
517 1826 564 1852 καὶ
585 1827 760 1862 πολυχειρίᾳ,
779 1827 827 1854 καὶ
849 1829 904 1859 τοῖς
919 1829 980 1854 ἑπι-

197 1870 305 1906 καίροις
325 1871 379 1897 τῶν
393 1872 493 1899 τόπων.

231 1916 355 1943 ΚΕΦΑΛ.
370 1917 407 1943 Ζ¹.
423 1917 493 1950 Περὶ
507 1917 566 1943 τῶν
588 1917 706 1952 λῃστὰς
724 1918 942 1952 ἀναιρούντων.

237 1963 266 1990 '0
284 1963 320 1991 va’
331 1963 380 1990 τοῦ
396 1963 514 1998 μεγάλου
527 1964 671 1991 Βασιλείου
686 1965 775 1992 κανὼν
795 1965 858 1996 τοὺς
869 1965 980 2001 λῃσταῖς

196 2009 420 2042 ἀντεπεξιόντας,
439 2010 551 2042 λαῖκοὺς
569 2011 618 2046 μὲν
631 2010 722 2046 δντας,
738 2011 777 2043 είς
793 2012 915 2047 τριετίαν
930 2013 979 2048 τῆς

195 2056 340 2088 κοινωνίας
356 2057 496 2091 ἀπείργει,
512 2056 549 2088 ὥς
570 2065 601 2091 γε
619 2057 651 2092 δὴ
666 2058 713 2083 καὶ
726 2057 789 2089 τοὺς
802 2057 830 2084 ὲν
850 2057 979 2092 πολέμοις

195 2101 399 2136 φονεύσαντας·
417 2101 564 2136 κληρικοὺς
593 2102 632 2134 δὲ,
660 2102 798 2137 καθαιρεῖ.
825 2103 883 2134 Πᾶς
910 2102 976 2137 γὰρ,

195 2147 289 2182 φησιν,
307 2148 321 2173 ὁ
335 2146 427 2174 λαϐὼν
439 2148 576 2182 μάχαιραν
599 2149 627 2174 ὲν
642 2148 765 2183 μαχαίρᾳ
780 2147 956 2175 ἀποθανεῖται
969 2155 975 2163 ·

1068 950 1164 983 Quaere
1175 951 1202 977 in
1219 951 1234 977 7
1248 958 1308 986 cap.
1328 951 1382 978 litt.
1401 952 1420 977 Δ
1435 959 1499 979 can.
1515 951 1549 979 65
1564 959 1625 987 syn.
1645 951 1671 980 6.

1139 1039 1215 1066 CAP.
1238 1039 1281 1067 IV.
1300 1040 1340 1067 De
1354 1044 1447 1066 sancto
1466 1040 1711 1068 administratione.

1067 1083 1162 1117 Quaere
1178 1085 1204 1111 in
1222 1084 1318 1118 quinto
1334 1084 1421 1118 capite
1435 1084 1530 1111 littera:
1545 1083 1578 1112 T.

1259 1129 1336 1157 CAP.
1363 1129 1397 1156 γ.
1416 1129 1454 1156 οι
1473 1128 1589 1156 Latinis.

1069 1174 1165 1208 Qumre
1182 1176 1207 1202 in
1220 1175 1254 1203 '51
1269 1184 1330 1210 cap.
1346 1175 1445 1204 litterae
1471 1175 1493 1202 K
1509 1184 1570 1204 can.
1592 1176 1628 1203 55
1641 1183 1702 1212 syu.
1720 1184 1747 1203 v1
1767 1181 1817 1204 :et

1034 1223 1060 1249 in
1084 1223 1117 1249 η
1132 1230 1192 1258 cap.
1213 1223 1310 1250 litterae
1333 1223 1366 1250 Ε.
1387 1230 1448 1250 can.
1467 1223 1501 1250 15
1521 1223 1618 1256 primae
1642 1227 1670 1250 et
1691 1223 1819 1250 secunda:

1032 1269 1148 1304 synodi;
1166 1274 1192 1296 et
1214 1269 1240 1296 in
1268 1269 1284 1296 5
1299 1276 1360 1303 cap.
1385 1269 1437 1296 litt.
1460 1268 1482 1295 T
1509 1277 1571 1296 catt.
1590 1268 1624 1296 56
1645 1277 1707 1304 syn.
1731 1277 1776 1302 Vt;
1792 1273 1820 1296 et

1033 1315 1060 1342 in
1075 1315 1104 1341 II
1126 1323 1187 1350 cap.
1209 1315 1261 1341 litt.
1274 1315 1294 1342 E
1309 1322 1370 1342 can.
1387 1315 1403 1342 5
1418 1323 1479 1350 syn.
1495 1315 1529 1348 2;
1553 1321 1580 1343 et
1599 1315 1626 1343 in
1643 1321 1736 1351 quart.
1755 1323 1818 1351 cap.

1034 1360 1087 1388 litt.
1103 1359 1111 1386 I
1126 1367 1187 1388 can.
1203 1360 1237 1387 70
1248 1360 1446 1395 apostolorum.

1068 1493 1144 1522 CAP.
1165 1493 1209 1522 Vl.
1230 1494 1268 1522 De
1282 1495 1429 1522 latronibus
1439 1495 1619 1528 paenitentiam
1633 1495 1781 1530 agentibus.

1067 1540 1181 1576 Magnus
1203 1540 1351 1576 Gregorius
1375 1540 1517 1577 Nyssenus
1538 1541 1565 1568 in
1587 1546 1666 1569 sexto
1693 1548 1745 1569 suo
1771 1548 1818 1568 ca-

1033 1594 1104 1614 none
1129 1587 1261 1614 latronem
1276 1587 1437 1622 poenitentia
1456 1591 1589 1619 utentem,
1604 1591 1632 1614 et
1648 1594 1697 1622 per
1722 1587 1814 1622 poeni-

1033 1633 1146 1660 tentiam
1161 1633 1194 1660 ad
1210 1632 1362 1660 Ecclesiam
1383 1641 1537 1666 reversum,
1557 1632 1756 1660 homicidarum
1770 1633 1815 1667 ju-

1032 1674 1104 1706 dicio
1133 1679 1235 1713 subjici
1255 1679 1344 1713 jubet.
1359 1679 1465 1706 Etenim
1493 1679 1527 1706 ad
1553 1679 1579 1706 id
1604 1679 1676 1714 quod
1707 1673 1816 1715 assequi

1032 1723 1132 1756 studet,
1151 1724 1250 1759 inquit,
1274 1724 1454 1752 homicidium
1475 1726 1601 1757 assumit,
1614 1725 1684 1753 adid
1704 1730 1817 1760 paratus

1031 1775 1057 1798 et
1075 1771 1171 1804 artuis,
1193 1777 1219 1798 et
1240 1771 1337 1807 copiis,
1352 1777 1378 1800 et
1390 1771 1594 1806 opportunitate
1609 1772 1673 1800 loci.

1103 1918 1178 1945 CAP.
1194 1919 1249 1946 VII.
1264 1918 1303 1946 De
1317 1919 1348 1946 iis
1368 1919 1413 1954 qui
1432 1920 1547 1948 latrones
1567 1921 1742 1955 interﬁciunt.

1067 1965 1155 2000 Magni
1182 1964 1276 1993 Basilii
1298 1965 1332 1994 55
1352 1973 1440 1994 canon
1467 1974 1515 1994 eos
1539 1968 1587 2002 qui
1615 1975 1645 1995 se
1664 1967 1815 1996 latronibus

1031 2009 1162 2038 adversos
1178 2010 1320 2046 objiciunt,
1337 2011 1360 2039 si
1379 2011 1435 2039 sint
1452 2012 1562 2047 quidem
1578 2013 1653 2045 laici,
1668 2008 1716 2049 per
1731 2014 1815 2041 trien-

1031 2055 1106 2082 nium
1119 2063 1134 2082 a
1146 2056 1340 2084 communione
1356 2061 1441 2090 arcet,
1462 2058 1582 2085 utetiam
1596 2064 1622 2086 et
1638 2059 1684 2093 qui
1701 2059 1726 2086 in
1743 2059 1814 2086 bello

1030 2100 1228 2129 interfecerunt
1245 2111 1252 2130 :
1269 2102 1292 2130 si
1306 2102 1362 2130 sint
1384 2107 1474 2131 autetn
1492 2103 1594 2136 clerici,
1608 2104 1731 2138 deponit.
1752 2105 1817 2138 Qui-

1029 2154 1138 2182 cunque
1175 2148 1259 2181 enim,
1287 2149 1386 2184 inquit,
1419 2150 1540 2185 gladium
1570 2151 1697 2185 sumpsit,
1724 2151 1816 2186 gladio

195 2193 333 2228 μάχαιραν
352 2194 398 2220 καὶ
423 2193 538 2220 θάνατον
561 2193 610 2230 τὴν
632 2193 792 2228 καθαίρεσιν
819 2193 974 2225 ἀποκαλῶν,

1034 2193 1131 2228 peribit
1150 2202 1158 2221 :
1174 2194 1294 2229 gladium
1320 2200 1347 2222 et
1362 2200 1478 2223 mortem
1497 2202 1600 2223 vocans
1612 2197 1812 2231 depositionem

194 2240 241 2266 καὶ
262 2239 312 2273 τῆν
330 2239 458 2274 στέρησιν
484 2239 537 2266 τῶν
565 2240 756 2274 ἁγιασμόιτων.
775 2239 837 2272 Tot;
864 2240 918 2275 γὰρ
947 2239 977 2266 εὖ

194 2285 322 2320 φρονοῦσι
368 2286 556 2321 θανατηφόρος
589 2286 675 2313 ταῦτα
705 2285 845 2321 λογίζεται
888 2295 977 2322 τιμω-

196 2331 250 2366 ρία.
657 2334 663 2336 “

505 2377 586 2412 Συνή
592 2379 655 2406 θθια
660 2397 667 2405 .

235 2423 314 2451 Ἀλλά
327 2431 358 2457 γε
373 2422 452 2450 τοῦτο
465 2424 594 2458 φορτικόν
609 2432 680 2450 τισιν
695 2423 781 2456 ἔδοξε,
798 2425 845 2451 καὶ
859 2424 977 2458 κρίσεως

191 2469 274 2505 ὀρθῆς
289 2469 319 2496 οὺ
335 2470 461 2504 μέτοχον,
479 2469 538 2496 ἀντὶ
553 2469 608 2495 τῶν
629 2469 765 2500 ἐπάθλων,
787 2465 824 2497 ὧν
846 2469 900 2496 ἔδει
913 2478 977 2504 τυγ-

158 2544 160 2549 ι
192 2516 282 2550 χάνειν
292 2516 356 2547 τοὺς
371 2516 414 2543 διὰ
430 2515 477 2551 τὴν
492 2516 596 2551 ἑτέρων
617 2515 873 2551 προκινδυνεύοντας
889 2524 978 2551 σωτη-

193 2563 273 2598 ρίαν,
306 2563 353 2590 καὶ
382 2563 427 2589 διὰ
460 2563 577 2597 σπουδῆς
610 2557 769 2597 τιθεμένους
803 2562 976 2597 ἐκκαθαίρειν

191 2610 254 2641 τοὺς
284 2609 382 2641 τόπους
402 2609 451 2643 τῆς
476 2608 530 2635 τῶν
556 2609 663 2644 λῃστῶν
688 2608 829 2643 ἐπηρείας,
866 2608 977 2640 τούτους

191 2655 338 2690 ἐπιτιμίοις
360 2654 632 2681 καθυποεάλλεσῡαι·
661 2654 691 2680 οὐ
725 2654 805 2688 μόνον
835 2654 874 2686 δὲ,
908 2653 976 2680 ἀλλὰ

191 2700 239 2727 καὶ
257 2701 320 2732 τοὺς
342 2700 565 2736 ἀνθισταμένους,
580 2700 622 2726 ίνα
650 2698 687 2734 μὴ
704 2698 888 2732 ἀποθάνωσιν,
907 2699 977 2726 ὲκεί-

190 2754 242 2772 νων
272 2746 459 2781 ἐπιθεμένων
481 2746 511 2772 τὺ
535 2747 599 2781 γὰρ,
630 2746 686 2777 Πᾶς
702 2746 731 2773 .ό
753 2744 842 2771 λαϐὼν
875 2746 975 2780 μάχαι-

192 2799 252 2825 ραν,
279 2792 327 2826 οὐχ
355 2792 453 2826 ἣκιστα
484 2792 541 2822 τοῖς
568 2792 680 2827 λῃσταῖς
713 2791 860 2825 ἁρμόσειεν
889 2790 922 2817 ἂν
957 2791 973 2826 ἢ

190 2838 246 2867 τοῖς
259 2837 357 2868 αὐτοὺς
372 2837 624 2873 διαχειριζομένοις.
635 2837 706 2864 Ἀλλ’
719 2838 766 2864 ἐπὶ
777 2836 823 2863 τοῦ
839 2837 973 2872 πατριᾶρ·

1030 2243 1058 2266 et
1075 2243 1316 2268 sacramentorum
1331 2241 1525 2276 privationem.
1545 2242 1588 2270 Ab
1602 2242 1635 2269 iis
1662 2243 1747 2273 enim,
1766 2243 1814 2277 qui

1029 2285 1149 2319 sapiunt,
1171 2287 1228 2313 haec
1256 2285 1430 2314 mortiferum
1450 2287 1530 2321 172
1543 2286 1707 2322 supplicium
1723 2286 1816 2314 existi-

1030 2335 1152 2359 mantur.

1334 2376 1514 2415 Copauetudo.

1063 2421 1123 2450 Hoc
1146 2427 1236 2450 autem
1254 2423 1418 2457 quibusdam
1444 2424 1543 2450 durum
1565 2423 1682 2457 videtur,
1700 2429 1726 2451 et
1746 2425 1814 2451 recti

1026 2466 1124 2503 judicii
1146 2476 1199 2495 non
1221 2469 1368 2503 particeps,
1384 2469 1445 2496 loco
1457 2470 1645 2504 praemiorum,
1664 2477 1725 2504 qua
1746 2478 1814 2496 con-

1029 2515 1106 2550 sequi
1119 2514 1217 2542 debent
1235 2515 1284 2547 illi,
1301 2516 1347 2550 qui
1363 2516 1398 2543 ob
1425 2515 1542 2543 aliorum
1563 2516 1679 2543 salutem
1699 2516 1726 2542 in
1740 2516 1814 2549 peti-

1029 2561 1120 2588 culum
1139 2561 1261 2594 veniunt,
1275 2563 1302 2588 et
1323 2562 1399 2589 locos
1421 2561 1576 2589 latronibus
1595 2561 1817 2589 infestatosdilh

1029 2612 1123 2642 genter
1136 2614 1288 2641 expurgare
1303 2607 1425 2640 student,
1445 2608 1507 2636 illos
1521 2608 1611 2643 pronis
1626 2607 1742 2640 subjici;
1762 2615 1813 2634 nec

1028 2653 1092 2680 illud
1105 2654 1305 2686 solutn,verum
1316 2655 1397 2681 etiam
1411 2656 1468 2682 etii
1485 2655 1530 2690 qui
1545 2654 1598 2681 illis
1608 2654 1811 2689 ingruentibus,

1027 2705 1063 2726 ne
1075 2699 1303 2732 interﬁcerentur,
1313 2707 1373 2727 sese
1385 2704 1480 2726 contra
1488 2699 1631 2734 objiciunt.
1642 2699 1709 2726 Illud
1722 2700 1810 2727 enim:

1027 2744 1188 2779 Quicunque
1197 2746 1314 2780 gladium
1326 2746 1477 2778 strinxerit,
1491 2745 1608 2772 maxime
1617 2745 1769 2773 latronibus
1778 2746 1814 2772 si-

1029 2791 1102 2818 milis
1113 2795 1167 2823 est,
1182 2791 1224 2818 vel
1240 2791 1469 2818 interticientibus
1481 2791 1554 2818 illos.
1568 2789 1702 2824 Tempore
1720 2797 1811 2817 autent

1029 2836 1190 2871 patriarcha:
1217 2836 1474 2870 Constantinopolis
1504 2835 1642 2864 Cltliareni
1663 2837 1811 2871 qurcsitum

1775 2964 1800 2988 Α
