4034 6508
207 392 3710 442 ω

1568 602 1764 752 AD
1867 601 2358 748 OPERA

280 926 1266 1115 δωσεῖ-ιιι
1409 920 1873 1104 ΡΕΊ

2046 918 2252 1103 ιι
2404 915 3639 1103 DAMIANI

994 1258 2976 1514 PBOLEGOMENA.

822 1804 1582 1894 ADMONITIO
1667 1805 2534 1891 TYPOGRAPHI
2633 1807 3120 1896 VENETl

1451 2001 1830 2062 EDITIONIS
1867 2000 2051 2059 ANNI
2089 2000 2497 2062 MDCCXLIII.
2577 2051 2580 2054 .

1757 1627 2172 1640 —-————-——

296 2370 344 2431 I.
377 2372 524 2432 Cum
571 2388 647 2430 ex
669 2370 921 2441 ,Venetis
958 2371 1136 2446 prelis
1173 2370 1358 2430 multa
1393 2368 1665 2428 Ecclesiae
1703 2368 2185 2443 PatrumAapud'
2213 2368 2527 2444 Egydium
2564 2370 2844 2444 Tompere
2881 2387 3036 2432 anno
3091 2371 3226 2433 1663
3262 2375 3455 2434 denuo
3501 2391 3721 2437 recusa.

222 2464 410 2538 Opera
444 2462 510 2520 in
570 2461 758 2521 lucem
808 2462 1087 2521 hactenus
1133 2462 1282 2520 edita
1335 2460 1472 2533 sint,
1518 2464 1575 2518 et
1615 2457 1730 2517 alia
1765 2473 1940 2533 prope
2092 2458 2169 2516 ΙΙ.
2204 2458 2293 2517 Ad
2325 2459 2537 2517 harum
2565 2459 2884 2519 editionum
2915 2478 3180 2522 normam
3207 2465 3498 2537 publicam
3536 2467 3725 2526 lucem

222 2553 385 2612 diem
413 2551 527 2610 sint
552 2551 794 2621 edenda,
819 2566 1009 2624 operai
1048 2550 1298 2624 pretium
1327 2547 1480 2608 duxi
1517 2547 1714 2622 aliqua
1753 2562 1785 2605 e
1812 2562 1942 2605 meo
2020 2546 2224 2620 aspicit
2272 2554 2328 2606 et
2367 2563 2515 2619 mea,
2554 2563 2687 2621 quas
2731 2550 3001 2610 omnium
3033 2552 3253 2626 judicio
3298 2569 3366 2612 eo
3410 2556 3727 2615 accuratior

225 2642 408 2701 etiam
448 2639 826 2713 typograpbio
864 2638 1085 2713 publici
1117 2638 1272 2712 juris
1312 2639 1525 2708 facere;
1564 2636 1941 2711 primumque
2023 2636 2153 2707 erit,
2181 2652 2298 2711 quo
2322 2643 2378 2695 et
2403 2653 2480 2695 ex
2506 2644 2771 2711 utraque,
2794 2638 3054 2699 Romana
3080 2657 3288 2715 nempe
3316 2647 3371 2700 et
3392 2642 3724 2711 Parisiensi,

225 2729 353 2788 divi
386 2728 538 2787 Petri
569 2727 835 2786 Damiani
872 2726 1081 2799 scripta
1122 2726 1326 2800 delegi,
1368 2726 1607 2801 fortasse
1645 2739 1941 2782 sacrarum
2027 2727 2382 2800 conficiatur,
2431 2734 2487 2786 et
2538 2728 2733 2801 plures
2776 2728 3014 2804 insuper
3064 2731 3387 2791 additiones
3430 2734 3725 2809 suscipiet.

226 2819 560 2878 litterarum
600 2814 871 2875 studiosis
913 2815 1183 2891 gratiora,
1238 2820 1431 2888 utpote
1483 2813 1799 2871 doctissimi
1855 2812 1945 2871 di-
2028 2817 2363 2882 Enimvero,
2388 2823 2454 2876 ut
2484 2816 2824 2888 singulatim
2848 2817 2919 2875 de
2947 2833 3299 2893 unoquoque
3326 2827 3481 2879 tomo
3505 2821 3729 2897 loquar,

228 2904 658 2978 sertissimique
687 2902 819 2973 viri,
851 2903 953 2976 qui
981 2902 1180 2962 saeculi
1210 2902 1303 2960 sui
1334 2901 1502 2960 facile
1529 2900 1798 2975 princeps
1814 2900 1949 2974 jure
2028 2912 2157 2980 post
2178 2903 2434 2979 Cajetani
2458 2905 2531 2963 ad
2554 2903 2802 2964 Paulum
2832 2904 2898 2977 V,
2925 2905 2986 2963 P.
3016 2905 3091 2964 M.
3122 2906 3443 2980 epistolam,
3471 2916 3538 2968 ut
3558 2925 3736 2985 supra

228 2994 306 3052 sit
337 2992 681 3051 censendus.
708 2990 983 3050 Omnium
1016 2990 1256 3066 primus,
1289 2990 1393 3064 qui
1424 3005 1541 3048 non
1570 2990 1787 3064 absque
1808 3005 1951 3048 cura

229 3089 287 3139 et
317 3082 533 3139 sudore
562 3081 689 3139 haec
716 3081 898 3139 sancti
927 3081 1083 3139 Petri
1112 3078 1293 3155 Opera
1323 3079 1386 3138 in
1411 3096 1599 3139 unum
1629 3079 1796 3153 quasi
1820 3096 1946 3139 cor-

234 3188 353 3246 pus
396 3170 708 3245 collegerit,
752 3179 808 3229 et
853 3171 918 3228 in
948 3178 1198 3244 quatuor
1234 3168 1595 3229 distribuerit
1626 3170 1947 3242 volumina,

235 3262 352 3322 fuit
382 3261 475 3319 vir
501 3260 861 3320 clarissimus
885 3262 955 3320 D.
986 3259 1399 3320 Constantinus
1426 3260 1734 3333 Cajetanus
1773 3278 1806 3319 e
1839 3260 1950 3336 Sy-

236 3366 479 3421 racusa,
534 3349 713 3408 abbas
781 3350 1241 3424 congregationis
1318 3347 1650 3408 Casinensis
1728 3349 1952 3409 ordinis

2032 2991 2253 3053 dictum
2294 3000 2400 3063 est,
2432 3009 2497 3051 ac
2530 2993 2790 3067 ejusdem
2820 2994 3107 3068 pontiﬁcis
3145 2996 3598 3068 responsionem,
3629 3016 3734 3058 ex-

2031 3085 2264 3144 hibetur
2310 3084 2644 3144 Dissertatio
2696 3084 2808 3143 viri
2842 3085 3010 3157 longe
3047 3084 3407 3145 celeberrimi
3454 3087 3737 3148 Guidonis

2032 3173 2274 3234 Grandii
2311 3177 2388 3229 De
2433 3177 2686 3229 instituto
2735 3174 3142 3230 Camaldulensi
3185 3176 3244 3232 S.
3284 3178 3437 3232 Petri
3476 3180 3740 3234 Damiani

2032 3263 2207 3322 Lucae
2252 3262 2483 3336 vulgata
2528 3276 2684 3319 anno
2731 3260 2888 3332 1707,
2933 3262 3084 3335 typis
3131 3262 3564 3337 Marescandoli,
3601 3281 3739 3325 cum

2033 3350 2165 3409 aliis
2207 3349 2394 3409 tribus
2440 3353 2928 3408 Dissertationibus
2987 3352 3523 3423 Camaldulensibus;
3572 3354 3740 3414 inde-

240 3438 303 3498 S.
343 3436 666 3508 Benedicti,
713 3437 815 3511 qui
862 3437 1105 3497 Romam
1149 3437 1220 3496 ad
1260 3437 1420 3496 hunc
1463 3437 1719 3496 laborem
1760 3438 1954 3496 acrius
2035 3455 2151 3512 que
2206 3440 2634 3497 Commentarius
2672 3444 2915 3512 praevius
2957 3441 3033 3495 ad
3086 3444 3275 3499 Vitam
3327 3444 3388 3500 S.
3431 3445 3581 3500 Petri
3623 3448 3742 3499 Da—

239 3527 709 3604 promovendum
737 3545 771 3587 a
805 3528 1095 3589 Clemente
1137 3527 1274 3586 VHI
1312 3542 1542 3587 summo
1572 3528 1842 3598 pontiﬁce
1871 3532 1958 3585 est
2036 3532 2212 3586 miani
2260 3529 2640 3588 concinnatus
2692 3545 2726 3587 a
2769 3528 3079 3588 Godefrido
3109 3530 3482 3590 Henschenio
3513 3531 3574 3591 S.
3604 3532 3654 3591 J.
3688 3541 3745 3591 et

243 3620 577 3692 accersitus,
602 3624 668 3676 ut
705 3623 943 3676 testatur
980 3617 1200 3676 Paulus
1236 3633 1383 3692 papa
1412 3617 1484 3687 V,
1525 3617 1589 3675 P.
1631 3615 1711 3676 Μ.
1749 3632 1853 3676 sua
1893 3616 1958 3673 in
2036 3616 2160 3690 jam
2203 3617 2266 3676 in
2310 3617 2629 3676 Februario
2679 3617 3058 3677 Bollandiano
3102 3619 3310 3692 editus,
3340 3636 3460 3679 una
3490 3636 3625 3679 cum
3650 3622 3747 3680 ad-

245 3710 505 3785 epistola,
537 3725 674 3786 quae
699 3725 731 3768 e
755 3708 1038 3785 Romana,
1062 3708 1166 3768 ubi
1200 3714 1429 3767 tantum
1450 3713 1659 3779 exstat,
1682 3707 1954 3779 editione,
1975 3706 2437 3792 Bnotationibus
2481 3706 2742 3780 ejusdem
2796 3707 2867 3766 ad
2917 3707 3102 3780 ipsius
3160 3708 3219 3767 S.
3276 3708 3429 3766 Petri
3474 3708 3663 3768 Vitam
3714 3727 3749 3768 a

253 3801 342 3857 hic
388 3797 723 3857 exhibetur.
777 3797 1036 3868 Quatuor
1078 3798 1206 3856 hmc
1249 3796 1574 3868 volumina,
1605 3812 1708 3856 seu
1763 3796 1960 3870 potius
2044 3796 2103 3857 S.
2136 3796 2362 3856 Joanne
2398 3796 2692 3856 Laudensi
2726 3799 3131 3872 conscriptam.
3160 3799 3297 3857 Mox
3326 3799 3590 3875 sequitur
3623 3800 3747 3874 ipsa

252 3890 413 3959 tomi,
446 3904 565 3947 non
594 3888 804 3947 iisdem
836 3887 986 3962 typis
1031 3904 1099 3947 ac
1133 3894 1387 3962 tempore
1427 3888 1617 3946 lucem
1652 3902 1957 3960 aspexere.
2047 3887 2175 3945 Vita
2202 3906 2217 3957 ;
2249 3893 2303 3944 et
2347 3891 2539 3960 postea
2588 3885 2767 3943 series
2806 3887 3268 3947 testimoniorum
3302 3895 3429 3946 tum
3462 3894 3759 3960 veterum,-

255 3978 415 4038 Prior
443 3976 605 4036 enim
635 3986 846 4048 tomus,
874 3975 977 4051 qui
1017 3979 1393 4049 Epistolarum
1432 3977 1598 4033 libros
1646 3981 1761 4032 octo
1802 3990 1962 4033 com-
2043 3989 2179 4033 cum
2214 3973 2603 4032 recentiorum
2644 3978 2946 4034 auctorum
2988 3975 3272 4035 concinne
3306 3976 3541 4036 collecta
3573 3994 3608 4036 a
3642 3978 3751 4035 Ua-

255 4068 544 4143 plectitur,
596 4066 784 4125 editus
829 4066 944 4126 fuit
977 4080 1132 4125 anno
1175 4064 1310 4125 1606
1364 4081 1440 4123 ex
1477 4063 1703 4137 Aloysii
1739 4062 1963 4122 Zanetti
2041 4063 2258 4137 jetano.
2291 4060 2415 4132 Quo
2453 4061 2580 4121 loco
2617 4061 2802 4121 obiter
2833 4064 3232 4125 animadverto
3281 4066 3338 4125 S.
3373 4066 3608 4125 Petrum
3635 4070 3753 4122 Da-

263 4159 656 4234 typographia.
722 4160 896 4223 Anno
958 4157 1096 4215 inde
1152 4156 1289 4241 1608
1346 4155 1558 4229 prodiit
1612 4153 1761 4212 alter
1815 4153 1968 4228 typis
2048 4155 2243 4217 miani,
2301 4167 2470 4226 teque
2519 4158 2690 4226 atque
2739 4156 3071 4210 Damianum
3123 4170 3288 4229 posse
3337 4155 3639 4231 appellari,
3691 4162 3757 4216 ut

262 4249 560 4310 Guillelmi
588 4247 855 4317 Faccioti,
881 4263 948 4306 ac
970 4251 1250 4307 Sermones
1275 4249 1342 4304 de
1370 4249 1596 4311 sanctis,
1628 4250 1965 4302 sanetorum-
2053 4243 2395 4303 Sirmondus
2449 4242 2512 4301 in
2561 4245 2686 4317 ejus
2738 4245 3113 4303 Antirrethico
3149 4246 3196 4317 Ι,
3240 4263 3295 4321 p.
3325 4259 3391 4320 ll,
3416 4265 3537 4323 cap.
3565 4249 3622 4319 6,
3653 4249 3756 4307 ad-

257 4358 360 4413 que
411 4342 690 4397 Historias
739 4338 1194 4413 comprehendit.
1234 4338 1465 4397 Tertius
1512 4352 1651 4397 vero
1687 4334 1970 4395 Mascardi
2052 4351 2255 4395 versus
2284 4335 2519 4394 Petrum
2546 4333 2855 4395 Aurelium
2884 4343 3224 4412 propugnat.
3265 4338 3514 4399 Demum
3543 4340 3757 4414 episto-

258 4428 439 4503 prelis
490 4443 645 4486 anno
710 4426 844 4486 1615
890 4427 1210 4501 impressus
1264 4426 1377 4487 fuit
1423 4428 1487 4485 in
1547 4441 1663 4500 quo
1706 4428 1969 4491 Moralia,
2054 4426 2293 4500 lzeipsaa
2323 4425 2504 4484 sancti
2547 4425 2731 4485 Patris
2766 4433 3059 4501 apparent,
3091 4444 3226 4503 qum
3262 4430 3534 4489 eumdem
3569 4436 3762 4489 tenent

263 4520 610 4587 Theologica,
673 4534 737 4574 ac
796 4518 1135 4575 diversomm
1200 4523 1640 4588 argumentorum
1700 4518 1975 4589 Opuscula

259 4607 656 4667 continentur.
716 4608 802 4665 Ac
851 4606 1104 4680 denique
1157 4614 1483 4682 postremus
1537 4623 1690 4665 anno
1750 4612 1977 4665 tantum

265 4698 405 4757 1640
422 4695 577 4771 juris
621 4696 838 4769 publici
877 4698 991 4756 fuit
1036 4698 1220 4759 factus
1257 4699 1468 4773 pariter
1496 4698 1719 4768 Romae,
1752 4697 1900 4756 sicut
1923 4704 1979 4756 et

2055 4515 2344 4585 ordinem,
2372 4530 2549 4588 quem
2586 4514 2705 4573 illis
2756 4515 2914 4574 dedit
2962 4516 3289 4591 Cajetanus,
3341 4520 3577 4578 fortasse
3624 4520 3762 4594 quia

2057 4603 2142 4662 sic
2185 4603 2489 4677 dispositas
2527 4603 2753 4661 invenit
2781 4604 2841 4661 in
2887 4620 3022 4663 mss.
3057 4605 3370 4677 codicibus,
3404 4622 3538 4665 cum
3570 4614 3762 4666 tamen

2064 4694 2358 4754 fatendum
2383 4693 2457 4752 sit
2498 4700 2822 4768 temporum
2867 4696 3146 4754 rationem
3182 4697 3244 4754 in
3284 4696 3357 4755 iis
3388 4697 3632 4756 minime
3660 4698 3762 4756 ob-

265 4794 380 4846 tres
407 4785 531 4856 alii,
556 4800 624 4843 ac
655 4788 785 4857 pias
812 4788 1082 4859 quasdam
1110 4792 1400 4855 orationes,
1445 4793 1497 4844 et
1535 4790 1743 4844 diversi
1766 4790 1979 4857 generis
2064 4786 2300 4845 servari.
2354 4784 2491 4843 Pars
2543 4784 2799 4859 epistolae
2840 4785 2924 4855 1'2,
2959 4784 3059 4843 lib.
3089 4797 3129 4857 Ι,
3161 4801 3289 4859 pag.
3324 4784 3376 4856 6,
3406 4787 3479 4845 ad
3509 4786 3762 4845 Alexan-

261 4880 438 4934 metra
475 4879 529 4931 et
565 4876 848 4944 rhythmos
889 4876 1106 4949 profert
1154 4882 1329 4950 atque
1373 4876 1607 4936 Urbano
1641 4876 1774 4935 VIII
1817 4883 1977 4950 pont.
2065 4876 2314 4937 drumlI
2342 4878 2592 4949 scriptas,
2625 4892 2743 4936 non
2787 4877 2964 4935 semel
3018 4877 3207 4935 lucem
3245 4879 3472 4952 aspexit
3516 4880 3626 4939 sub
3661 4895 3764 4937 cu—

263 4978 428 5023 max.
480 4961 705 5035 abipso
751 4962 1021 5037 Cajetano
1058 4965 1372 5040 inscriptus
1429 4966 1560 5024 fuit.
1615 4967 1790 5024 Anno
1845 4964 1984 5024 1610
2062 4964 2292 5036 jusdam
2321 4963 2588 5039 opusculi
2617 4964 2781 5024 titulo
2803 4969 2880 5021 De
2898 4970 3223 5031 correctione
3241 4971 3482 5041 episcopi
3512 4975 3763 5041 etpapze,

270 5061 477 5153 tomus.
526 5053 774 5153 primus,
821 5054 923 5153 qui
983 5056 1259 5153 epistolas
1322 5056 1594 5153 continet,
1652 5072 1727 5115 ex
1752 5055 2125 5153 oﬂicinacet
2162 5052 2451 5153 praecipue
2494 5052 2648 5125 apud
2671 5051 3026 5153 _Goldastum
3080 5054 3142 5114 in
3190 5062 3325 5153 tom.
3356 5056 3412 5115 ΙΙ
3444 5059 3610 5153 (alias
3638 5054 3767 5126 III),

269 5139 601 5200 Nivelliana
660 5141 906 5202 Lutetia:
977 5143 1331 5204 Parisiorum
1394 5145 1460 5203 in
1514 5144 1702 5203 lucem
1770 5142 1982 5218 prodiit
2002 5139 2047 5153 ‘“
2065 5160 2189 5217 pag.
2220 5144 2311 5215 4‘2,
2342 5147 2419 5200 De
2444 5145 2759 5199 monarchia
2786 5146 3026 5215 imperii,
3058 5150 3123 5203 ut
3152 5145 3386 5204 adnotat
3411 5146 3482 5202 cl.
3514 5143 3770 5201 Joannes

269 5229 422 5303 apud
495 5220 901 5290 Sebastianum
974 5233 1296 5307 Oramoisy,
1356 5233 1466 5293 sub
1525 5234 1718 5307 quarti
1770 5233 1975 5291 forma.

272 5322 443 5380 Anno
473 5320 614 5382 1623
642 5321 918 5397 Lugduni
952 5328 1063 5383 tres
1085 5323 1261 5398 primi
1294 5324 1432 5383 tomi
1455 5324 1518 5382 in
1548 5324 1687 5383 folio
1712 5323 1981 5400 impressi

275 5408 529 5482 fuerunt,
566 5408 639 5468 de
668 5425 784 5485 qua
831 5412 1083 5470 editione
1121 5412 1381 5488 loquitur
1418 5413 1689 5472 Labbeus
1735 5420 1870 5473 tom.
1902 5414 1978 5486 II,

276 5511 405 5572 pag.
444 5497 570 5557 201.
602 5502 679 5558 At
710 5499 989 5560 universa
1028 5502 1089 5562 S.
1122 5501 1277 5561 Petri
1314 5501 1500 5577 Opera
1537 5509 1785 5578 quatuor
1814 5503 1985 5562 tomis

277 5586 543 5646 distincta
601 5585 839 5647 Parisiis
894 5589 1049 5663 apud
1113 5589 1384 5651 Carolum
1442 5588 1770 5652 Chostelain
1830 5606 1985 5652 anno

281 5675 422 5737 1642
442 5677 598 5738 edita
626 5677 867 5737 fuerunt
894 5696 910 5735 :
937 5686 994 5737 et
1044 5678 1283 5742 demum
1321 5680 1532 5743 iisdem
1567 5682 1755 5743 forma
1776 5687 1834 5742 et
1861 5681 1986 5742 loco

589 5792 847 5859 Punon.
881 5793 1128 5860 CXLIV.

2063 5232 2337 5291 Albertus
2382 5232 2680 5291 Fabricius
2729 5231 2789 5290 in
2832 5234 3170 5290 Bibliotheca
3220 5238 3419 5291 Latina
3476 5232 3667 5287 medim
3721 5236 3772 5287 et

2064 5326 2265 5394 inﬁmae
2312 5326 2513 5387 aetatis,
2575 5321 2728 5380 edita
2781 5321 3104 5397 Hamburgi
3156 5339 3311 5379 anno
3376 5319 3533 5379 1731.
3589 5319 3650 5379 Si
3705 5337 3775 5377 ea

2065 5429 2196 5487 pars
2221 5411 2479 5488 epistolae
2504 5412 2706 5470 eadem
2744 5412 2819 5471 sit
2847 5428 2983 5471 cum
3004 5408 3302 5484 opusculo,
3333 5409 3547 5469 frustra
3575 5409 3778 5468 asserit

2065 5499 2292 5561 Caveus
2329 5501 2480 5558 inter
2507 5497 2774 5558 Damiani
2813 5498 2996 5574 Opera
3032 5499 3141 5555 hoc
3170 5496 3517 5570 opusculum
3549 5496 3777 5555 deside-

2067 5589 2202 5661 rari,
2242 5605 2309 5649 ac
2348 5604 2649 5665 perperam
2686 5587 2860 5648 etiam
2904 5592 3162 5658 arguunt
3204 5584 3579 5657 Posseviuus,
3620 5586 3780 5645 Lab-

2068 5681 2235 5754 beus,
2263 5685 2321 5739 et
2354 5679 2575 5739 Natalis
2605 5675 2944 5738 Alexander
2973 5676 3048 5736 ab
3086 5677 3378 5739 haereticis
3422 5676 3572 5738 illud
3606 5676 3783 5738 fuisse

3473 5794 3500 5855 1

1648 5877 2181 6022 123393
