4034 6450
352 358 409 414 11

1260 351 1318 411 S.
1360 349 1655 411 PETRUS
1696 348 2086 410 DAMIANUS
2127 348 2188 409 S.
2228 349 2299 408 Β.
2342 350 2406 408 Ε.
2450 349 2933 411 CARDINALIS.

3790 348 3861 407 12

346 481 730 555 suppositum.
776 476 1236 551 Quamplurimae
1283 493 1357 535 ex
1400 476 1607 536 iisdem
1644 476 1918 551 epistolis,
1954 481 2046 534 ut-
2070 474 2128 535 A
2217 475 2301 533 15.
2328 478 2390 531 In
2412 478 2551 543 festo
2578 478 2638 534 S.
2672 479 2892 535 Nicolai
2911 475 3006 533 die
3033 475 3067 533 6
3098 473 3449 533 Decembris.

344 575 475 642 pote
520 565 878 640 prolixiores,
930 565 1023 622 vel
1086 565 1317 639 majoris
1366 565 1664 635 momenti,
1718 564 1776 621 in
1830 570 2052 623 tomum

344 656 579 715 tertium
637 654 862 730 rejectae
915 654 1157 712 fuerunt
1204 655 1316 713 sub
1361 657 1739 727 opusculorum
1778 653 2049 725 nomine;

344 752 618 815 attamen,
651 760 725 802 ne
762 744 1164 802 confusionem
1204 743 1331 803 haec
1370 744 1610 801 semotio
1644 743 1951 816 ingereret,
1982 743 2053 801 ad

343 838 467 896 loca
497 853 619 907 sua,
639 836 741 895 ubi
765 843 990 893 exstare
1016 836 1307 905 deberent,
1338 841 1769 910 prmmonentur
1792 836 2051 906 lectores,

347 933 404 985 et:
430 924 773 1000 indigitatur
806 924 966 984 locus
1011 923 1109 982 ubi
1154 941 1248 982 eas
1293 929 1578 999 quaerant.
1610 924 1901 982 Postrema
1928 923 2053 996 epi-

345 1016 514 1086 stola,
545 1030 724 1089 quam
762 1014 1033 1073 morienti
1079 1014 1305 1071 cuidam
1339 1013 1405 1071 D.
1447 1013 1653 1071 Petrus
1693 1012 2051 1084 conscripsit,

345 1107 601 1166 Ecclesia
629 1108 948 1166 etiamnum
978 1108 1036 1163 in
1077 1107 1292 1162 Rituali
1324 1109 1565 1163 Romano
1598 1121 1700 1179 pro
1727 1105 1893 1162 tertia
1923 1118 2052 1161 ora-

349 1198 501 1256 tione
548 1199 609 1256 in
658 1198 1032 1257 morientium
1072 1196 1288 1253 animae
1319 1195 1820 1253 commendatione
1847 1194 2052 1264 utitur,

345 1293 414 1345 ut
440 1287 905 1346 animadvertunt
933 1286 1230 1344 Gavantus
1258 1286 1319 1343 in
1349 1286 1519 1341 Bubr.
1548 1287 1817 1349 Missalis,
1847 1290 1897 1340 et
1920 1287 2053 1339 Bre-

344 1381 515 1435 viarii
564 1381 797 1435 Romani
844 1383 977 1435 sect.
1021 1374 1077 1446 9,
1126 1390 1251 1449 cap.
1288 1378 1340 1446 5,
1384 1390 1549 1435 num.
1581 1375 1637 1445 4,
1668 1382 1723 1432 et
1767 1373 2056 1432 Barutl‘al-

345 1472 458 1530 dus
508 1470 570 1527 in
621 1472 1011 1528 Commentario
1068 1469 1142 1524 ad
1194 1470 1410 1525 Ritual.
1472 1472 1697 1524 Roman.
1751 1464 2057 1538 Cajefanus

344 1577 475 1620 eam
517 1561 696 1619 edidit
740 1560 906 1619 initio
952 1559 1093 1618 tomi
1136 1560 1287 1617 tertii
1330 1558 1613 1632 Operum;
1654 1572 1721 1614 ac
1757 1555 1819 1612 in
1860 1555 2056 1613 Nive]-

345 1651 501 1709 liana
552 1651 805 1709 editione
884 1650 1257 1725 epistolarum
1334 1647 1599 1707 Damiani
1674 1645 2053 1717 desideratur,

346 1742 485 1815 quia
547 1740 746 1799 tertius
792 1738 1059 1798 laudatus
1101 1745 1291 1797 tomus
1339 1737 1571 1811 publica
1620 1737 1748 1793 luce
1794 1735 2056 1793 nondum

2218 566 2302 624 16.
2331 570 2396 622 In
2448 569 2660 635 Vigilia
2708 570 3036 625 Nativitatis
3083 570 3302 623 Domini
3340 566 3435 623 die
3463 565 3531 624 ‘24
3563 565 3854 640 ejusdem.

2142 655 2217 714 Hi
2255 660 2507 741 quatuor
2553 656 2825 729 postremi
2865 672 3161 714 sermones
3198 655 3542 715 inseruntur
3578 654 3858 728 operibus

2142 746 2265 805 divi
2309 746 2586 806 Bernardi
2630 748 2692 804 in
2731 746 2988 821 antiquis
3033 746 3416 817 editionibus;
3446 760 3690 819 quorum
3726 743 3861 815 pri—

2142 855 2294 910 mus,
2327 854 2536 912 nempe
2575 836 2673 895 ille
2702 838 2762 896 S.
2795 836 3049 907 Martini,
3087 851 3411 911 numquam
3438 834 3658 894 ascribi.
3680 840 3858 907 pote-

2142 936 2230 989 rat
2276 930 2442 988 Petro
2480 928 2769 999 Damiani,
2811 928 2905 986 sed
2944 927 3169 985 nomini
3198 926 3363 985 Gallo
3401 925 3505 1000 qui
3551 940 3613 983 se
3656 920 3859 997 prodit

2140 1022 2299 1079 hisce
2324 1020 2514 1079 verbis
2547 1039 2560 1077 :
2595 1021 2889 1077 Clementia
2920 1020 3236 1074 divinitatis
3264 1023 3314 1073 et
3347 1018 3567 1086 regibus
3605 1020 3655 1070 et
3681 1026 3859 1082 regno

2140 1120 2323 1171 nostro
2351 1113 2597 1185 providit
2624 1112 3066 1176 misericorditer,
3097 1115 3203 1167 etc.

2217 1203 2397 1259 l7.In
2440 1204 2747 1261 Nativitate
2800 1204 3037 1259 Domini.
3093 1199 3401 1272 Cajetanus
3449 1198 3612 1257 hunc
3665 1191 3859 1253 nostri

2143 1291 2297 1351 Petri
2326 1290 2594 1350 Damiani
2620 1305 2946 1349 sermonem
2973 1305 3086 1347 non
3131 1290 3307 1347 fuisse
3345 1288 3603 1362 agnovit,
3629 1284 3725 1345 cui
3765 1290 3855 1341 ta-

2142 1398 2277 1440 men
2331 1381 2673 1440 tribuendus
2704 1385 2853 1438 esset
2890 1378 3215 1453 ignoravit;
3248 1377 3638 1435 nihilominus
3666 1373 3859 1434 dubio

2142 1470 2341 1546 procul
2366 1471 2604 1529 Nicolao
2632 1469 3061 1528 Clarmvallensi
3089 1475 3173 1526 est
3218 1466 3680 1547 adjudicandus._

2216 1563 2302 1620 18.
2361 1568 2424 1620 In
2480 1567 2620 1632 festo
2674 1566 2733 1621 S.
2798 1564 3083 1633 Stephani,
3125 1558 3218 1617 die
3248 1558 3317 1616 26
3371 1552 3744 1628 Septembris.
3781 1550 3864 1609 Et

2142 1654 2239 1713 hic
2278 1654 2428 1711 inter
2473 1652 2863 1712 Bernardinos
2903 1666 3197 1710 sermones
3246 1644 3561 1721 aliquando
3607 1642 3717 1703 fuit
3756 1657 3859 1699 re-

2141 1744 2416 1802 censitus.

347 1838 487 1894 tunc
531 1834 778 1893 donatus
814 1832 1016 1891 fuerat.
1059 1830 1288 1889 Notulze
1321 1834 1376 1887 et
1414 1827 1845 1887 observationes
1895 1825 2118 1901 Caje-B
2223 1831 2301 1892 19,
2357 1836 2421 1890 In
2486 1833 2837 1889 Dedicatione
2893 1831 3143 1887 ecclesiae,
3186 1826 3297 1897 Qui
3353 1826 3506 1884 inter
3560 1820 3742 1882 editos
3792 1817 3862 1879 in

348 1923 467 1981 tani
518 1922 892 1996 adjiciuntur,
952 1921 1132 1978 doctze
1191 1933 1257 1975 ac
1317 1932 1515 1976 veram
1565 1923 1622 1975 et
1672 1915 2054 1974 orthodoxam

345 2012 664 2070 doctrinam
697 2012 1001 2084 sapientes,
1033 2006 1316 2083 quidquid
1348 2006 1409 2064 in
1448 2006 1771 2079 oppositum
1815 2003 2054 2061 blateret

344 2100 560 2174 Gaspar
619 2099 915 2173 Zieglerus
991 2098 1053 2154 in
1108 2098 1404 2154 Sidirolizo
1470 2097 1848 2157 ecclesiastico,
1902 2091 2052 2149 edito

343 2190 765 2263 Witembergm
822 2203 977 2245 anno
1032 2185 1188 2255 1672,
1236 2200 1359 2258 cap.
1400 2183 1458 2254 2,
1509 2186 1612 2257 a§
1661 2183 1693 2240 7
1750 2198 1935 2257 usque
1980 2183 2050 2240 ad

346 2280 374 2353 Ξ
413 2280 498 2351 16,
536 2284 603 2336 ut
643 2276 843 2336 scribit
878 2274 1243 2334 Armellinus
1279 2274 1337 2331 in
1373 2275 1710 2329 Bibliotheca
1749 2273 2048 2352 Casjnensi,

345 2387 475 2445 pag.
511 2368 629 2436 125,
664 2369 735 2427 ad
767 2368 1019 2442 Cajetani
1045 2365 1336 2441 Elogium.

418 2458 521 2516 ΙΙΙ.
557 2459 623 2516 In
654 2458 908 2516 secundo
937 2463 1131 2515 autem
1166 2461 1317 2513 tomo
1347 2453 1604 2527 primum
1632 2451 1821 2510 locum
1856 2452 2054 2508 tenent

343 2564 657 2617 sermones,
700 2547 800 2621 qui
862 2552 1054 2604 tamen
1110 2557 1226 2601 non
1268 2557 1472 2601 omnes
1512 2541 1744 2600 Petrum
1785 2536 2053 2596 Damiani

341 2648 633 2701 auctorem
678 2639 923 2708 habent;
982 2651 1097 2711 qua
1155 2636 1216 2693 in
1274 2650 1333 2692 re
1377 2640 1527 2692 certe
1583 2632 1911 2706 Cajetanus,
1961 2629 2054 2687 vir

341 2734 698 2809 caeteroquin
758 2730 1084 2791 eruditione
1143 2727 1679 2804 prmstantissimus,
1728 2732 1786 2783 et
1829 2724 1901 2783 de
1950 2722 2055 2780 Da-

349 2824 529 2882 miani
559 2822 810 2895 Operum
860 2819 1181 2879 mconomia
1214 2819 1430 2893 optime
1469 2818 1729 2886 meritus,
1763 2814 1931 2872 valde
1964 2812 2051 2870 al-

343 2913 636 2974 lucinatus
683 2918 767 2971 est
815 2936 827 2970 :
879 2912 1091 2969 etenim
1130 2909 1527 2969 novemdecim
1581 2924 1653 2965 ex
1700 2906 1774 2964 iis
1821 2900 2053 2962 Nicolao

341 3001 769 3063 Clarwvallensi
828 3001 1149 3069 monacho,
1202 3006 1258 3057 et
1330 2998 1450 3057 divi
1508 2996 1784 3056 Bernardi
1831 2993 2054 3051 abbatis

340 3092 586 3160 notario,
614 3107 717 3150 seu
747 3088 1110 3160 amanuensi,
1144 3093 1339 3160 utpote
1371 3102 1476 3147 suo
1514 3102 1650 3146 vero
1676 3084 2053 3159 legitimoque

2146 1922 2255 1981 hoc
2280 1927 2433 1982 tomo
2468 1922 2731 1996 primum
2762 1920 2954 1978 locum
2987 1924 3159 1977 tenet.

2216 2012 2314 2084 Hi,
2344 2011 2608 2086 inquam,
2649 2024 2942 2068 sermones
2974 2008 3046 2066 ad
3086 2006 3392 2065 Nicolaum
3419 2003 3694 2078 spectant,
3722 1997 3859 2075 qui,

2144 2108 2208 2161 ut
2240 2101 2435 2159 scribit
2488 2098 2860 2157 Mabillonius
2906 2097 2968 2156 in
3023 2098 3260 2154 secunda
3303 2100 3460 2168 parte
3496 2090 3862 2160 Praefationis

2143 2197 2203 2249 in
2252 2198 2394 2248 tomo
2442 2193 2525 2247 HI
2557 2191 2790 2261 Operam
2826 2189 2946 2243 divi
2985 2187 3275 2250 Bernardi,
3329 2199 3405 2241 ex
3452 2177 3864 2240 Arremarensi

2144 2281 2607 2346 Clartevallensis
2659 2281 2983 2339 monachus
3033 2279 3219 2336 factus
3248 2292 3282 2334 a
3306 2274 3442 2333 divo
3470 2268 3762 2331 Bernardo
3791 2274 3868 2328 ut

2144 2377 2406 2436 notarius
2456 2372 2753 2433 adhibitus
2818 2371 2947 2429 fuit.
3014 2366 3209 2428 Sancti
3262 2365 3377 2424 viri
3441 2358 3863 2422 benevolentia

2145 2466 2464 2536 fruebatur,
2494 2462 2740 2536 aliisque
2786 2460 3048 2518 doctrina
3090 2463 3143 2515 et
3171 2455 3469 2514 sanctitate
3497 2447 3857 2524 conspicuis,

2143 2562 2199 2615 et
2243 2554 2534 2629 prmcipue
2588 2552 2753 2609 Petro
2802 2545 3136 2608 Venerabili
3175 2542 3439 2604 Cluniaci
3470 2539 3661 2599 abbati
3713 2537 3859 2596 cha-

2144 2662 2244 2704 rus
2271 2650 2426 2717 erat;
2454 2640 2861 2700 miserabiliter
2886 2644 3075 2696 tamen
3096 2635 3169 2694 ab
3197 2634 3400 2694 ordine
3425 2629 3655 2699 defecit,
3669 2641 3857 2717 quam

2143 2713 2527 2791 defectionem
2576 2745 2649 2787 an
2698 2740 2962 2801 unquam
3019 2724 3167 2783 serio
3219 2717 3614 2781 emendaverit
3668 2713 3738 2772 V.
3774 2713 3857 2772 c1.

2144 2821 2522 2882 Mabillonius
2549 2820 2766 2894 aliique
2795 2817 3063 2876 dubitant
3092 2834 3106 2885 ;
3140 2810 3533 2872 nihilominus
3571 2811 3658 2865 sat
3687 2803 3864 2862 claris

2143 2911 2504 2986 argumentis
2540 2907 2948 2968 animadvertit
2995 2903 3227 2963 doctiss.
3279 2902 3536 2960 Martene
3586 2897 3650 2954 in
3703 2898 3859 2951 Prae-

2141 2984 2248 3075 fat.
2297 3010 2425 3060 tom.
2483 3004 2514 3059 Ι
2563 3001 2777 3058 Collect.
2836 3002 3015 3055 Veter.
3068 2997 3336 3066 Scriptor.
3388 2996 3439 3046 et
3478 2990 3721 3045 Monum.
3772 2984 3867 3056 ip-

2144 3109 2274 3152 sum
2307 3092 2377 3151 ad
2400 3093 2813 3150 Arremarense
2838 3085 3152 3162 pristinum
3179 3079 3515 3141 coenobium
3554 3091 3727 3135 suum
3760 3088 3862 3132 re-

340 3180 565 3242 auctori
587 3176 1095 3238 suntrestituendi.
1126 3175 1213 3233 En
1238 3176 1413 3234 series
1435 3189 1769 3234 sermonum
1794 3169 2048 3265 Nicolai:
2076 3203 2121 3265 α
2146 3198 2384 3243 versum
2419 3180 2619 3253 fuisse,
2649 3196 2715 3237 ac
2746 3178 2880 3237 inde
2916 3174 3172 3234 multum
3202 3170 3286 3230 ibi
3314 3168 3591 3229 conﬂasse
3617 3178 3859 3233 nomen,

420 3273 466 3331 1.
522 3269 726 3330 Sermo
784 3272 844 3325 in
902 3271 1041 3336 festo
1101 3269 1158 3324 S.
1211 3268 1489 3323 Benedicti
1539 3265 1775 3327 abbatis,
1827 3259 1921 3318 die
1982 3254 2202 3332 ‘21“91
2252 3272 2604 3346 principum,
2661 3268 3067 3343 episcoporum
3121 3280 3190 3322 ac
3254 3272 3626 3320 summorum
3681 3254 3863 3313 aliam

341 3360 555 3422 Martii.

416 3455 467 3514 2.
508 3457 572 3511 In
614 3454 853 3509 adventu
903 3453 1141 3515 Domini,
1172 3447 1243 3507 de
1289 3447 1453 3505 beata
1498 3444 1699 3516 Maria,
1734 3442 1837 3517 qui
1870 3440 1934 3500 in
1965 3440 2049 3498 fe-

343 3547 429 3601 sto
478 3543 936 3600 Annuntiationis
975 3539 1233 3614 ejusdem
1277 3535 1537 3610 Virginis
1588 3534 1896 3593 collocatus
1943 3535 2049 3603 est,

342 3633 438 3692 die
463 3633 534 3693 25
565 3634 825 3709 ejusdem
851 3632 1090 3691 mensis.

415 3725 465 3784 3.
508 3707 921 3801 In'Nativitate
965 3724 1023 3779 S.
1075 3719 1303 3775 Joannis
1352 3717 1634 3787 Baptista,
1682 3711 1775 3770 die
1823 3709 1893 3769 24
1942 3707 2053 3768 Ju-

343 3831 451 3874 I111.

412 3906 467 3964 4.
506 3907 570 3961 In
614 3907 753 3974 festo
799 3903 859 3960 S.
902 3901 1054 3958 Petri
1103 3898 1179 3954 ad
1222 3897 1459 3956 Vincula
1514 3892 1613 3968 qui
1667 3890 1930 3949 absolute
1982 3888 2054 3947 de
2094 3896 2099 3901 '

344 3998 404 4053 S.
432 3998 589 4051 Petro
611 3990 925 4064 inscriptus
953 3994 1055 4057 est,
1086 3985 1155 4044 29
1183 3984 1446 4058 ejusdem
1478 3982 1715 4040 mensis.

417 4087 467 4144 5.
501 4087 577 4140 De
604 4085 703 4141 SS.
737 4081 1018 4153 Apostolis
1046 4081 1204 4134 Petro
1231 4079 1280 4129 et
1308 4076 1501 4138 Paulo,
1536 4071 1738 4130 eodem
1772 4070 1883 4129 die.

414 4177 469 4235 6.
501 4180 577 4232 De
617 4176 678 4232 S.
709 4174 891 4229 Maria
919 4169 1252 4238 Magdalena
1282 4163 1375 4220 die
1404 4164 1471 4221 ‘2?
1499 4160 1662 4221 Julii.
2102 4227 2107 4233 _

416 4268 470 4326 7.
511 4271 588 4323 De
642 4266 1029 4336 Assumptione
1079 4261 1244 4313 beata
1292 4257 1486 4313 Maria:
1543 4256 1795 4323 Virginis
1845 4251 1939 4310 die
1987 4249 2056 4308 ‘25

447 4375 617 4412 £11511.

447 4375 479 4402 θ’
582 4362 617 4412 ’.

349 4362 595 4509 Αἲξῗῖ
622 4449 681 4504 S.
714 4446 931 4503 Victore
973 4437 1067 4496 die
1102 4438 1120 4494 1
1159 4432 1532 4507 Septembris.
1570 4431 1730 4490 Circa
1775 4447 1949 4506 quem
1978 4435 2059 4488 ta-

2146 3361 2488 3436 pontiﬁcum
2542 3359 2770 3418 animos
2823 3354 3177 3415 devinxisse.
3220 3350 3437 3410 Prester
3488 3347 3861 3436 hossermo-

2147 3432 2253 3509 bes
2297 3454 2482 3508 exstat
2531 3446 2752 3507 Nicolai
2798 3447 3174 3519 Epistolarum
3230 3442 3368 3496 liber
3398 3438 3460 3496 in
3500 3432 3863 3495 Bibliotheca

2149 3537 2252 3598 SS.
2314 3535 2550 3596 Patrum
2629 3534 2902 3594 editionis
2985 3527 3400 3605 Lugdunensis
3485 3539 3640 3582 anno
3694 3520 3860 3593 1677,

2148 3632 2285 3686 tom.
2317 3626 2474 3699 XXI,
2501 3641 2631 3701 pag.
2667 3624 2794 3697 517,
2834 3628 2891 3681 et
2928 3620 3071 3680 alias
3118 3616 3341 3678 Nicolai
3385 3614 3554 3673 binas
3592 3609 3864 3701 epistolas

2147 3733 2454 3791 nunquam
2500 3699 2682 3775 editas
2743 3709 2984 3788 protulit
3028 3708 3098 3767 V.
3156 3706 3229 3766 cl.
3286 3703 3561 3765 Baluzius
3610 3708 3748 3762 tom.
3804 3699 3863 3758 II

2147 3810 2635 3865 Miscellaneorum.

2218 3897 2318 3956 IV.
2373 3896 2483 3956 Sed
2538 3902 2602 3955 ut
2648 3892 2721 3952 ad
2773 3905 3070 3952 sermones
3140 3883 3409 3946 Damiani
3471 3884 3859 3951 revertamur,

2147 3988 2344 4062 plures
2366 3987 2488 4062 jam
2533 3983 2673 4045 editi
2713 3983 2943 4041 fuerant
2970 3994 3004 4037 a
3034 3976 3224 4048 Surio,
3255 3975 3408 4033 inter
3437 3988 3582 4047 quos
3614 3984 3860 4029 enume-

2148 4082 2238 4137 rat
2268 4077 2532 4146 Vossius,
2558 4091 2686 4149 pag.
2730 4070 2831 4131 118
2865 4075 2941 4127 De
2990 4069 3265 4125 historicis
3312 4066 3529 4121 Latinis
3562 4073 3861 4149 sermones

2149 4167 2219 4225 de
2266 4166 2367 4225 SS.
2426 4147 2803 4232 Eleuchadio,
2842 4158 3169 4227 Benedicto,
3218 4153 3482 4226 Georgio,
3513 4149 3723 4221 Marco,
3754 4147 3863 4205 Vi-

2150 4256 2263 4313 tale
2303 4260 2357 4312 et
2400 4251 2649 4324 Valeria,
2704 4248 3007 4319 Anthimo,
3039 4244 3394 4319 Apollinare,
3433 4239 3724 4308 Cassiano,
3756 4235 3857 4324 Fi-

2151 4344 2299 4414 dele,
2333 4342 2586 4413 Nicolao,
2609 4338 2973 4410 Barbatiano,
2990 4335 3252 4406 Odilone,
3272 4332 3491 4401 Mauro,
3508 4323 3860 4395 Romualdo,

2153 4430 2481 4504 Rodulpbo,
2516 4438 2571 4489 et
2596 4429 2897 4490 Dominico
2938 4427 3223 4487 Loricato.
3259 4425 3335 4482 At
3363 4420 3562 4496 plures
3594 4417 3736 4476 alios
3764 4430 3859 4473 re-

352 4558 483 4601 men
537 4533 963 4597 observandum
1012 4534 1116 4598 est,
1163 4526 1585 4601 paragraphum
1632 4523 1910 4597 primum,
1954 4521 2347 4601 quincenset
2382 4521 2750 4579 Possevinus.

352 4575 483 4601 ωυιι
537 4575 963 4597 υυεωηιυυυηι
1014 4575 1116 4598 νυν,
1163 4575 1585 4601 ruma-«inmu-
1961 4575 2056 4595 τν-

352 4631 555 4703 incipit
584 4653 596 4686 ε
630 4630 733 4684 Hic
770 4626 865 4679 ille
896 4636 1145 4689 magnus,
1183 4614 1513 4687 desinitque
1552 4614 1813 4675 redolere,
1855 4627 2057 4684 super-
2082 4575 2133 4632 D
2227 4613 2404 4672 Porro
2432 4612 2540 4669 sub
2569 4610 2721 4670 Petri
2748 4609 3017 4669 Damiani
3053 4606 3292 4666 nomine
3322 4618 3587 4660 sermones
3622 4602 3867 4671 quinque
3896 4612 3905 4615 '

354 4720 614 4779 additum
660 4715 839 4774 fuisse
883 4713 956 4769 ab
999 4710 1195 4782 aliquo
1237 4706 1475 4763 fortasse
1509 4704 1881 4772 amanuensi;
1928 4718 2060 4759 nam

357 4811 463 4867 iste
506 4805 564 4864 S.
610 4802 857 4861 Victoris
902 4814 1113 4869 sermo,
1173 4796 1232 4853 in
1282 4795 1616 4849 Bibliotheca
1665 4798 1900 4846 ueterum
1964 4794 2069 4847 Pa-

359 4905 503 4955 trum
546 4895 756 4951 ordinis
794 4890 1181 4951 Cistcrciensis,
1233 4884 1333 4942 ubi
1371 4883 1549 4957 hujus
1590 4880 1807 4939 Nicolai
1855 4895 2068 4937 sermo-

362 5003 465 5047 nes
503 4986 754 5051 exstant,
794 4978 1001 5051 incipit
1044 4993 1077 5035 a
1117 4973 1370 5032 secundo
1418 4978 1645 5029 tantum
1687 4970 2065 5044 paragrapho,

363 5089 573 5149 nempe
594 5073 667 5129 ab
696 5069 812 5127 illis
841 5066 1032 5125 verbis
1060 5085 1072 5124 :
1104 5066 1199 5123 Ad
1226 5080 1445 5119 manum
1483 5067 1579 5128 est,
1622 5066 1726 5118 etc.

437 5168 490 5225 9.
522 5168 586 5223 1n
615 5162 920 5222 Nativitate
943 5160 1007 5214 B.
1045 5159 1114 5213 V.
1143 5156 1357 5217 Mariae,
1388 5150 1481 5209 die
1507 5151 1540 5209 8
1565 5149 1844 5224 ejusdem.

444 5252 528 5313 10.
565 5257 626 5311 In
657 5249 1013 5310 Emaltatione
1041 5247 1099 5301 S.
1136 5245 1321 5300 Crucis
1353 5240 1445 5298 die
1476 5239 1539 5297 14
1575 5240 1855 5314 ejusdem.

450 5343 532 5401 11.
586 5345 650 5398 In
705 5343 844 5409 festo
906 5338 1005 5393 SS.
1065 5335 1404 5402 angelorum,
1468 5330 1567 5388 cui
1615 5329 1816 5389 titulus
1862 5333 1947 5387 est
2000 5331 2077 5385 De

374 5436 433 5491 S.
462 5432 726 5488 Michaele
749 5426 1095 5496 archangelo,
1123 5422 1215 5480 die
1242 5420 1311 5479 29
1341 5420 1621 5494 ejusdem.

453 5520 535 5579 1‘2.
581 5522 645 5575 In
673 5521 812 5587 festo
845 5518 1097 5574 Omnium
1128 5516 1471 5576 Sanctorum,
1507 5510 1602 5568 die
1646 5510 1669 5569 1
1713 5508 2073 5570 Novembris.

453 5613 536 5671 13.
566 5616 629 5669 In
654 5614 794 5680 festo
826 5612 884 5668 S.
913 5608 1167 5672 Martini,
1198 5604 1292 5663 die
1328 5605 1385 5663 11
1419 5603 1700 5678 ejusdem.

454 5701 539 5760 14.
569 5705 632 5759 In
658 5703 798 5771 festo
823 5702 881 5758 S.
910 5699 1144 5756 Andr-em
1171 5696 1266 5755 die
1286 5694 1354 5754 30
1382 5694 1659 5770 ejusdem.

2153 4708 2211 4761 in
2284 4706 2594 4759 Orationem
2661 4705 3000 4758 Dominicam
3069 4695 3333 4768 vulgavit
3402 4692 3472 4750 cl.
3544 4687 3869 4748 Dacherius

2158 4800 2294 4853 tom.
2333 4791 2465 4849 VIII
2494 4794 2801 4865 Spicilegii,
2823 4805 2977 4848 anno
3008 4786 3163 4846 1666.
3197 4784 3413 4842 Verum
3439 4786 3495 4837 et
3518 4778 3641 4852 ipse
3669 4783 3868 4851 postea

2156 4880 2392 4956 agnovit
2422 4897 2517 4939 eos
2548 4897 2669 4938 esse
2701 4880 2759 4938 S.
2803 4878 2958 4936 Petri
3004 4875 3303 4933 Ravenna)
3329 4866 3621 4937 antistitis,
3648 4880 3872 4937 cogno-

2162 4978 2355 5030 mento
2389 4973 2725 5041 Chrysologi,
2757 4966 2853 5026 cui
2897 4965 3070 5024 etiam
3115 4963 3177 5021 in
3212 4977 3363 5020 nova
3392 4955 3654 5033 ejusdem
3680 4957 3870 5027 Spici-

2163 5066 2294 5133 legii
2331 5063 2580 5120 editione
2620 5058 3028 5127 restituuntur,
3062 5062 3117 5113 et
3147 5055 3265 5112 fere
3291 5053 3353 5109 in
3374 5046 3649 5108 omnibus
3677 5044 3876 5117 Chry—

2164 5151 2344 5225 sologi
2376 5163 2714 5208 sermonum
2749 5143 3105 5205 editionibus
3152 5142 3428 5213 leguntur
3455 5151 3625 5196 num.
3656 5133 3746 5205 67,
3779 5134 3875 5201 68,

2166 5240 2255 5311 70,
2290 5242 2380 5310 71,
2409 5236 2498 5297 7'2.

2241 5331 2312 5390 V.
2371 5327 2700 5389 Succedunt
2754 5325 3139 5386 Sermonibus
3202 5319 3477 5380 Historiae
3543 5322 3881 5376 sanctorum

2170 5440 2205 5481 a
2250 5421 2385 5479 divo
2438 5418 2602 5476 Petro
2636 5415 2902 5474 Damiani
2941 5411 3300 5486 conscriptis,
3327 5425 3391 5469 ac
3420 5409 3479 5467 in
3509 5407 3712 5482 primis
3745 5409 3883 5463 Vita

2173 5514 2232 5570 S.
2290 5509 2539 5566 Odilonis
2596 5504 3000 5564 Cluniacensis
3048 5498 3293 5572 abbatis,
3350 5506 3479 5572 post
3549 5496 3794 5556 Surium
3846 5511 3883 5553 a

2176 5596 2453 5657 Bollaudo
2504 5594 2567 5653 in
2617 5596 2774 5651 Actis
2819 5598 3163 5656 Sanctorum,
3192 5606 3224 5647 a
3262 5586 3465 5645 Barale
3492 5586 3553 5644 in
3588 5585 3889 5643 Chronolo-

2178 5691 2274 5758 gia
2299 5688 2599 5750 Lerinensi,
2626 5692 2682 5743 et
2705 5701 2739 5743 a
2763 5680 3062 5743 Marrierio
3088 5680 3151 5739 in
3166 5674 3515 5736 Bibliotheca
3540 5676 3893 5733 Cluniacensi
