4034 6514
168 407 224 466 13

939 400 1519 463 PROLEGOMENA.
1562 433 1631 447 --
1669 401 2018 462 EDITORIS
2060 402 2339 463 VENETI
2378 402 2818 464 ADMONITIO.

3570 415 3633 473 14

161 529 431 604 exscripta,
458 528 554 586 cui
601 528 662 586 in
701 527 977 602 przesenti
1005 526 1255 586 editione
1297 526 1697 586 subnectimus
1739 526 1909 589 ad-A
1933 527 2147 586 Przeter
2196 545 2265 587 ea
2314 536 2655 603 argumenta
2693 545 2827 604 quae
2872 535 3104 589 sanctus
3144 538 3342 592 noster
3396 537 3634 611 scriptor

163 619 448 678 notationes
493 616 562 674 V.
613 616 686 674 cl.
738 615 990 675 Andreas
1041 614 1374 685 Duschenii,
1407 622 1474 674 ut
1523 619 1751 674 exstant
1778 615 1837 672 in

166 708 363 767 laudata
417 708 754 764 Bibliotheca
830 706 1193 769 Cluniacensi,
1254 711 1311 762 et
1381 705 1528 779 alias
1589 710 1847 763 recentes

162 795 407 872 anonymi
440 795 569 865 viri,
603 810 638 852 a
675 808 794 869 quo
836 807 932 851 eas
976 798 1030 850 et
1063 799 1369 865 sequentes
1404 809 1530 852 mea
1565 794 1848 853 0111111111-

163 884 374 962 petravi,
417 900 553 942 cum
584 883 707 956 jam
743 880 921 955 hujus
964 882 1104 940 tomi
1156 880 1332 941 editio
1373 881 1539 941 valde
1573 881 1847 956 profecis-

166 984 257 1034 set.
305 973 572 1048 Sequitur
613 970 867 1028 Historia
907 986 1010 1029 seu
1061 974 1194 1029 Vita
1244 973 1304 1028 S.
1363 974 1544 1027 Mauri
1597 969 1850 1043 episcopi

166 1062 446 1120 Caesenatis
501 1074 637 1118 cum
690 1057 843 1115 notis
893 1057 966 1116 cl.
1028 1057 1099 1117 V.
1153 1057 1395 1117 Joannis
1446 1057 1714 1116 Bollaudi
1774 1072 1849 1115 ex

166 1160 303 1212 tonio
329 1152 378 1211 II
415 1150 700 1211 Januarii.
745 1148 938 1206 Tertio
981 1150 1041 1206 S.
1077 1148 1371 1205 Romualdi
1406 1150 1558 1211 Vita,
1592 1146 1712 1218 jam
1742 1161 1850 1204 see-

167 1244 283 1315 pius
314 1256 547 1311 excusa,
588 1240 691 1298 sed
726 1238 899 1297 modo
955 1238 1141 1311 prodit
1194 1253 1329 1295 cum
1384 1237 1534 1295 notis
1589 1237 1849 1310 ejusdem

166 1330 436 1406 anonymi.
479 1327 692 1398 Quarto
734 1331 878 1385 Vita:
923 1330 1231 1384 sanctorum
1281 1329 1539 1399 Roduphi
1567 1331 1618 1382 et
1663 1329 1850 1383 Domi-

166 1428 269 1482 niei
307 1424 562 1487 Loricati,
615 1418 830 1494 quibus
885 1418 1278 1491 subjiciuntur
1329 1418 1515 1491 ipsius
1572 1416 1854 1490 anonymi

168 1512 563 1575 adnotationes.
616 1509 845 1579 Quinto,
900 1511 1090 1566 Passio
1143 1511 1244 1566 SS.
1302 1512 1473 1565 Florae
1530 1513 1581 1564 et
1631 1510 1855 1564 Lucium

165 1619 285 1661 cum
324 1601 473 1660 notis
526 1599 814 1658 eruditiss.
858 1596 1160 1656 Guillelmi
1198 1597 1430 1670 Cuperi,
1464 1614 1595 1673 quae
1624 1601 1856 1655 exstant

164 1695 217 1750 in
250 1699 387 1750 tomo
416 1689 524 1747 VII
545 1687 690 1747 Julii
720 1686 1106 1746 Bollandiani.
1140 1685 1357 1744 Verum
1383 1685 1853 1744 animadverten-

163 1780 291 1840 dum
337 1779 430 1837 hic
472 1783 576 1846 est,
612 1776 815 1849 capitis
845 1774 1141 1848 postremi,
1173 1773 1330 1849 quod
1367 1773 1437 1832 de
1486 1788 1689 1833 eorum
1728 1787 1856 1831 cor-

1925 617 1988 674 in
2028 617 2285 675 medium
2312 619 2526 693 profert
2554 618 2706 677 circa
2736 619 3117 692 quaestionem
3164 636 3271 680 cur
3321 622 3359 682 S
3417 624 3636 687 Paulus

1925 707 2217 781 apostolus
2245 709 2317 767 ad
2368 709 2684 780 dexteram,
2717 709 2788 767 ad
2828 708 3039 767 laevam
3086 717 3279 769 autem
3324 713 3382 772 S.
3434 715 3636 776 Petrus

1927 796 2269 868 collocatur,
2309 797 2423 855 alia
2474 798 2661 855 videri
2716 807 2954 872 possunt
2996 801 3152 873 apud
3210 800 3509 862 Molanum
3572 805 3635 864 in

1928 889 2137 944 Histor.
2186 904 2395 945 sacrar.
2436 890 2765 957 Imaginum,
2796 887 2871 958 II,
2904 890 3008 958 46;
3054 889 3154 957 III,
3191 888 3258 949 ‘24
3291 909 3305 961 ;
3350 892 3636 953 Allatium

1927 978 2004 1032 De
2053 993 2310 1033 consensu
2347 981 2634 1048 utriusque
2683 980 2956 1047 Ecclesiae,
2994 978 3096 1037 lib.
3154 993 3194 1049 Ι,
3236 996 3283 1037 c.
3318 980 3384 1052 6;
3415 980 3637 1042 Macros

1931 1064 2135 1122 fratres
2174 1064 2231 1122 in
2273 1069 2614 1122 Hieroleecico
2664 1067 2737 1123 ad
2783 1082 2982 1125 vocem
3024 1070 3224 1136 Bulla;
3268 1068 3510 1142 Pagium
3564 1073 3638 1130 ad

1931 1167 2155 1212 annum
2195 1154 2285 1224 49,
2321 1171 2380 1211 11.
2416 1156 2481 1225 3;
2521 1153 2972 1227 Papebrochium
3005 1156 3061 1213 in
3100 1160 3534 1229 Paralipomenis
3564 1163 3639 1217 ad

1931 1244 2260 1314 Propilazum
2314 1243 2389 1297 ad
2428 1243 2574 1298 Acta
2622 1245 2722 1300 SS.
2771 1247 2931 1308 Maii,
2962 1251 3069 1303 etc.
3115 1246 3637 1321 Quadragesimuin

1935 1332 2164 1389 tertium
2213 1330 2443 1388 disserit
2497 1333 2563 1387 de
2617 1333 2779 1387 laude
2814 1336 3180 1401 Flagellorum
3219 1341 3270 1390 et
3306 1337 3633 1409 disciplinae.

1931 1418 2180 1477 Jacobus
2228 1418 2466 1476 Boileau
2533 1418 2733 1477 Gallus
2790 1420 2853 1477 in
2914 1425 3163 1478 Historia
3216 1427 3635 1493 ﬂagellantium,

1936 1509 2139 1566 Latine
2199 1508 2455 1580 primum
2513 1508 2748 1568 Parisiis
2801 1526 2956 1568 anno
3015 1510 3151 1569 1700
3204 1513 3376 1584 edita,
3432 1515 3642 1574 deinde

1937 1598 2110 1656 etiam
2143 1597 2379 1667 Gallice,
2429 1614 2552 1671 cap.
2595 1598 2649 1669 7,
2687 1605 2856 1674 negat
2889 1606 3022 1660 ante
3082 1601 3318 1660 Petrum
3377 1612 3643 1664 nostrum

1943 1687 2287 1746 Damianum
2326 1687 2388 1745 in
2434 1688 2688 1747 Ecclesia
2736 1706 2958 1749 morem
2995 1690 3251 1764 viguisse
3288 1694 3644 1767 pmnitentite

1935 1793 2111 1836 causa
2151 1778 2410 1852 seipsum
2454 1780 2647 1851 ﬂagris
2693 1779 3054 1839 concidendi.
3092 1781 3311 1842 Verum
3356 1800 3493 1842 cum
3530 1785 3640 1843 Ba-

160 1888 353 1949 porum
404 1868 781 1928 translatione
848 1867 986 1941 agit,
1041 1882 1163 1925 non
1233 1865 1409 1924 fuisse
1459 1865 2104 1949 indubitatumBronio
2131 1867 2204 1925 ad
2241 1882 2467 1926 annum
2502 1868 2658 1938 1056,
2699 1885 2759 1926 n.
2794 1869 2844 1934 5,
2880 1875 3018 1929 tom.
3052 1870 3154 1941 XI,
3187 1871 3238 1930 si
3271 1873 3512 1947 hujusce
3542 1890 3645 1934 vo-

162 1970 436 2022 auctorem
458 1961 693 2020 Petrum
710 1957 1001 2028 Damiani,
1025 1972 1160 2016 cum
1180 1956 1240 2014 in
1262 1972 1330 2015 eo
1357 1955 1563 2031 ingens
1583 1956 1762 2015 anach
1772 1970 1856 2013 ro-

164 2054 376 2111 nismus
422 2047 905 2122 deprehendatur.
958 2044 1237 2104 Videatur
1270 2046 1378 2103 hac
1416 2060 1589 2118 super
1634 2060 1695 2102 re
1743 2042 1858 2101 Cu-

163 2141 278 2215 peri
328 2137 790 2199 Commentarius
838 2134 903 2193 in
956 2132 1190 2192 laudato
1248 2140 1403 2193 tomo
1451 2131 1854 2191 Bollandiano.

164 2232 394 2291 Demum
425 2228 673 2288 habetur
711 2232 999 2302 postremo
1025 2225 1088 2283 in
1122 2226 1245 2284 loco
1273 2227 1562 2297 Expositio
1589 2227 1861 2279 visionum

161 2322 255 2378 SS.
306 2320 550 2376 Mar-iani
586 2318 801 2373 lectoris
847 2320 898 2372 et
935 2316 1126 2372 Jacobi
1166 2316 1385 2371 diaconi
1429 2313 1501 2371 ab
1540 2311 1665 2387 ipso
1696 2312 1862 2370 Petro

161 2408 436 2479 Damiani,
492 2406 635 2465 dum
689 2404 900 2478 prioris
952 2403 1010 2464 S.
1072 2404 1273 2462 Crucis
1328 2401 1863 2462 Fontis-Avellanaa

162 2515 390 2559 munere
410 2499 776 2573 fungeretur,
807 2496 1342 2569 conscripta,quam
1374 2493 1582 2567 Surius
1602 2498 1758 2550 tomo
1780 2489 1864 2548 III

161 2606 276 2649 suae
313 2586 682 2648 Collectionis
726 2584 991 2654 inseruit,
1021 2592 1076 2642 et
1121 2582 1428 2657 Cajetanus
1463 2588 1629 2640 extra
1670 2580 1865 2639 locum

171 2694 333 2738 suum
364 2676 564 2735 edidit.

225 2766 320 2826 Vl.
379 2766 612 2826 Tertius
668 2770 857 2823 tomus
914 2763 1214 2835 sexaginta
1269 2761 1633 2821 diversorum
1693 2777 1864 2833 argu-

161 2866 483 2916 mentorum
514 2853 804 2928 Opuscula
832 2853 1067 2928 profert.
1102 2852 1169 2909 In
1206 2852 1296 2910 his
1324 2860 1596 2926 quartum
1624 2860 1708 2910 est
1732 2856 1862 2907 Dis-

157 2952 384 3021 ceptatio
442 2947 743 3018 synodalis.
781 2945 847 3000 de
887 2946 1167 3017 pontiﬁcis
1210 2947 1481 3008 electione,
1518 2958 1672 3000 anno
1711 2941 1865 3009 1062,

160 3037 329 3095 missa
375 3035 448 3094 ad
497 3035 812 3094 concilium
848 3034 1209 3112 Osboriensg,
1245 3032 1422 3107 vulgo
1478 3034 1539 3087 di
1576 3033 1769 3089 Osbori
1810 3032 1872 3088 in

157 3125 523 3187 Alemannia.
545 3141 579 3182 a
595 3123 1041 3199 qqulexandri
1058 3122 1113 3179 ΙΙ
1138 3122 1202 3180 Ρ.
1224 3120 1300 3180 Μ.
1316 3120 1517 3180 electio
1533 3120 1873 3178 conﬁrmata

1938 1954 2208 2014 luntariae
2262 1956 2668 2029 ﬂagellationis
2752 1973 2887 2017 eum
2942 1965 3235 2019 auctorem
3309 1977 3650 2038 cognoscere

1941 2059 2061 2101 non
2104 2043 2375 2115 velimus,
2406 2052 2842 2119 pr0pagatorcm
2876 2053 3066 2105 tamen
3106 2049 3310 2121 fuisse,
3336 2059 3391 2109 et
3441 2053 3648 2111 adver-

1942 2147 2044 2190 sus
2097 2131 2506 2205 impugnantes
2562 2141 3045 2208 propugnatorem
3101 2137 3353 2209 profecto
3402 2154 3519 2198 non
3565 2149 3649 2199 est

1941 2218 2348 2278 dubitandum.
2386 2219 2636 2280 Demum
2705 2222 3264 2296 quinquagesimum
3329 2230 3649 2290 secundum

1944 2309 2011 2363 de
2042 2308 2174 2364 bono
2211 2311 2460 2379 religiosi
2495 2314 2673 2366 status
2709 2325 3034 2369 sermonem
3078 2313 3262 2371 habet.
3310 2315 3476 2375 Circa
3518 2319 3653 2377 hoc-

1945 2412 2009 2454 ce
2043 2398 2393 2470 opusculum
2429 2398 2533 2458 ubi
2582 2400 2653 2456 de
2693 2399 2987 2457 variorum
3029 2401 3419 2464 animantium
3463 2411 3653 2481 tropo-

1946 2485 2097 2559 logia
2128 2486 2449 2558 disseritur,
2482 2487 2595 2561 legi
2639 2495 2881 2561 possunt
2906 2491 3317 2561 Physiologium
3346 2494 3656 2569 Epiphanii

1947 2574 2301 2634 Constantine
2330 2576 2389 2633 in
2431 2575 2618 2650 Cypro
2648 2577 2919 2650 episcopi,
2955 2586 3089 2638 tom.
3134 2580 3189 2638 II
3222 2581 3387 2655 Oper.
3421 2591 3477 2642 et
3513 2602 3657 2659 opu-

1948 2665 2178 2724 sculum
2232 2670 2310 2722 De
2368 2668 2571 2731 bestiis,
2628 2667 2782 2742 quod
2837 2667 2988 2725 inter
3040 2686 3211 2742 opera
3263 2671 3527 2745 Hugonis
3586 2677 3659 2734 de

1952 2756 2010 2816 S.
2046 2757 2273 2815 Victore
2298 2757 2489 2815 locum
2513 2756 2684 2815 habet
2712 2766 2845 2815 tom.
2870 2758 2944 2827 II,
2971 2776 3303 2835 quanquam
3326 2764 3517 2836 potius
3541 2766 3657 2823 Hu-

1950 2848 2086 2921 goni
2115 2849 2185 2906 de
2227 2847 2468 2906 Folietto
2495 2848 2569 2906 sit
2614 2848 3008 2908 tribuendum.
3046 2851 3170 2908 Hoc
3216 2852 3480 2912 Damiani
3510 2872 3660 2929 opn-

1952 2937 2181 2995 sculum
2209 2936 2468 2994 imitatus
2494 2942 2579 2994 est
2611 2936 2799 3025 Hugo,
2833 2939 3098 3013 quisquis
3133 2942 3227 3013 sit,
3264 2942 3562 3019 multaque
3587 2947 3659 3004 ab

1952 3027 2075 3101 ipso
2104 3027 2413 3099 excerpsit.

2027 3118 2151 3176 VII.
2203 3119 2532 3177 Postremus
2592 3120 2846 3194 denique
2898 3127 3106 3192 tomus,
3147 3140 3355 3199 nempe
3393 3135 3656 3201 quartus,

158 3214 290 3285 fuit,
318 3222 493 3305 atque
515 3210 1338 3305 Dadalousupseudo-pontifex
1353 3210 1630 3305 _rejectus.
1664 3206 1868 3267 Golda-
1893 3245 1937 3305 Ο
1958 3211 2248 3272 orationes,
2274 3226 2541 3280 precesve,
2598 3213 2843 3283 hymnos,
2878 3214 3145 3278 lectiones,
3186 3218 3402 3281 missas,
3446 3234 3663 3289 respon-

159 3310 280 3363 stus
299 3302 448 3362 illud
473 3301 646 3361 etiam
672 3300 907 3359 exhibet
941 3301 1003 3358 in
1035 3305 1074 3357 t.
1099 3299 1149 3357 II
1174 3302 1270 3369 (at.
1296 3298 1402 3368 III)
1426 3300 1757 3355 Monarchize
1778 3300 1875 3352 im-

152 3397 318 3466 perii,
364 3408 494 3467 pag.
522 3392 612 3449 45.
661 3390 907 3449 Sextum
941 3395 1027 3448 est
1066 3388 1214 3447 liber
1252 3388 1355 3462 qui
1382 3386 1706 3461 appellatur
1733 3388 1875 3443 Gra-

157 3485 426 3546 tissimus,
495 3485 550 3538 et
605 3477 676 3536 de
728 3476 1194 3536 institutionibus
1262 3473 1663 3533 ecclesiasticis
1735 3473 1872 3547 agit.

158 3572 373 3632 Lucem
414 3570 674 3645 primum
713 3569 938 3643 aspexit
967 3568 1225 3628 Coloniae
1273 3582 1429 3626 anno
1466 3566 1621 3635 1536,
1662 3565 1726 3623 in
1772 3582 1874 3624 vo-

154 3660 386 3720 lumine
418 3658 671 3733 quodam
721 3657 784 3716 in
815 3657 869 3728 8,
924 3656 1028 3716 ubi
1059 3662 1115 3716 et
1165 3672 1432 3713 sermones
1460 3656 1527 3711 de
1556 3657 1878 3711 emcellentia

152 3754 212 3810 S.
243 3753 478 3807 Joannis
539 3753 806 3823 Baptistae
839 3748 958 3823 (qui
991 3747 1055 3807 in
1103 3748 1214 3805 hac
1262 3753 1459 3805 nostra
1502 3745 1758 3805 editione
1812 3745 1878 3803 in

156 3849 297 3900 tom.
330 3840 408 3912 II,
450 3855 579 3914 pag.
619 3839 740 3908 116,
772 3837 1032 3898 collocati
1082 3839 1421 3911 cernuntur)
1469 3852 1588 3896 una
1625 3851 1762 3896 cum
1800 3835 1874 3892 li-

151 3933 259 3991 bro
291 3932 352 3992 S.
401 3931 669 4005 Prosperi
700 3935 777 3987 De
818 3933 936 3987 vita
964 3931 1387 4002 contemplativa
1424 3926 1636 4001 pariter
1672 3925 1877 3985 inserti

156 4023 344 4083 fuere.
402 4021 625 4080 Iterum
684 4020 860 4080 etiam
911 4020 970 4078 in
1024 4019 1223 4093 Belgio
1280 4018 1393 4076 fuit
1439 4032 1728 4076 excusum
1767 4016 1878 4073 hoc

152 4111 521 4187 opusculum
571 4127 709 4170 cum
761 4109 894 4169 aliis
966 4109 1230 4184 ejusdem
1282 4106 1616 4181 argumenti
1685 4103 1873 4163 libris.

152 4200 446 4261 Octavum
473 4200 592 4275 agit
623 4202 691 4257 de
732 4202 1031 4272 parentelw
1072 4200 1358 4269 gradibus,
1387 4202 1439 4252 et
1488 4198 1556 4252 de
1610 4197 1877 4266 gradibus

151 4295 679 4364 consanguinitatis.
719 4290 945 4349 Videsis
984 4290 1279 4349 Benedicti
1325 4288 1527 4347 I’icteti
1571 4291 1877 4345 Historiam

148 4386 349 4440 saeculi
399 4396 489 4455 XI,
540 4398 667 4456 pag.
719 4380 825 4440 636
872 4387 928 4438 et
973 4395 1133 4454 seqq.
1197 4379 1587 4438 Undecimum
1644 4393 1877 4453 nuncu-

149 4482 333 4549 patur
382 4476 649 4530 Dominus
676 4472 971 4532 vobiscum.
1003 4470 1145 4544 quia
1173 4469 1236 4528 in
1284 4486 1350 4528 eo
1384 4469 1455 4527 de
1499 4468 1652 4527 dicta
1697 4468 1877 4542 parti-

149 4564 314 4632 cula,
348 4568 409 4620 et
451 4562 522 4621 de
559 4560 674 4618 alia
711 4560 863 4623 Iube,
904 4561 1097 4615 domne
1137 4560 1441 4615 benedicere
1481 4556 1877 4615 tractationem

148 4651 560 4714 eruditissime
600 4650 868 4708 instituit.
908 4648 1102 4707 Primo
1140 4648 1362 4707 editum
1393 4654 1479 4705 est
1515 4662 1670 4706 anno
1719 4645 1875 4716 I549,

146 4742 318 4818 apud
373 4742 663 4801 Joannem
718 4736 1030 4797 Cochleum
1065 4737 1127 4796 in
1175 4741 1402 4811 Speculo
1446 4741 1690 4808 antiquae
1726 4737 1880 4790 devo-

148 4834 336 4889 tionis
368 4833 518 4886 circa
551 4832 796 4893 missam,
831 4826 1147 4901 Moguntina
1184 4826 1247 4885 in
1280 4826 1374 4886 fol.
1419 4842 1544 4900 pag.
1586 4825 1705 4882 143.
1739 4823 1882 4881 Inde

144 4937 298 4980 cum
369 4918 578 4976 eodem
646 4916 889 4975 Cochleo
963 4915 1220 4973 Venetiis
1295 4930 1451 4973 anno
1511 4912 1648 4971 1572
1708 4911 1773 4969 in
1825 4910 1879 4981 8,

142 5025 289 5083 pag.
327 5006 425 5066 98.
454 5009 645 5081 Atque
664 5006 874 5065 iterum
902 5004 1052 5063 inter
1075 5010 1334 5064 auctores
1352 5009 1429 5060 De
1451 5005 1658 5059 divinis
1683 5004 1883 5072 ofﬁciis

146 5097 375 5157 Romae
433 5097 564 5157 1591
610 5095 669 5153 in
712 5094 812 5154 fol.
847 5094 929 5152 De
965 5093 1247 5153 Bonifacii
1308 5108 1471 5167 papa)
1505 5090 1586 5149 IV
1629 5091 1882 5161 Decreto,

146 5185 322 5261 quod
357 5186 436 5245 ad
478 5183 695 5243 calcem
724 5181 988 5255 opusculi
1027 5179 1287 5240 vicesimi
1318 5179 1504 5238 octavi
1544 5177 1886 5238 collocatum

145 5275 476 5353 invisitur,
530 5274 745 5334 videsis
800 5274 1173 5333 Franciscum
1230 5271 1450 5330 Hallier
1505 5271 1656 5329 circa
1709 5271 1886 5327 tinem

147 5368 295 5439 ejus
354 5367 572 5441 operis,
624 5366 722 5426 cui
778 5365 984 5425 titulus
1033 5370 1162 5423 est:
1214 5366 1465 5432 Defensio
1518 5363 1890 5418 ecclesiasticae

147 5458 537 5522 Hierarchiz,
599 5453 836 5513 Parisiis
885 5452 1040 5527 apud
1095 5450 1364 5510 Carolum
1417 5449 1724 5509 Morellum
1785 5464 1887 5507 an-

149 5562 239 5606 no
276 5546 517 5606 1632111
546 5546 599 5617 4,
632 5543 736 5604 11111
765 5543 837 5603 ad
867 5560 992 5618 pag.
1048 5544 1150 5603 78t
1183 5541 1426 5616 longum
1453 5557 1626 5615 super
1646 5542 1754 5599 hoc
1781 5539 1889 5597 De—

1958 3303 2154 3364 siones,
2211 3305 2384 3373 atque
2454 3304 2701 3356 carmina
2774 3301 2959 3375 primo
3041 3303 3161 3362 loco
3242 3306 3659 3380 complectitur.

1956 3389 2327 3463 Hymnorum
2383 3391 2605 3465 aliquot
2650 3392 3017 3453 doctissimus
3065 3412 3131 3454 ac
3174 3413 3309 3455 ven.
3356 3398 3683 3457 cardinalis‘

1958 3477 2307 3537 Thomasius
2338 3479 2578 3538 clericus
2618 3480 2902 3555 regularis
2950 3483 3015 3541 in
3068 3489 3366 3555 Hymnario
3416 3487 3488 3545 ad
3546 3485 3665 3545 cal-

1957 3582 2083 3625 cem
2121 3566 2214 3625 sui
2250 3570 2510 3623 Psalterii
2544 3568 2778 3642 publica
2815 3570 2941 3628 luce
2993 3572 3185 3630 denuo
3231 3573 3487 3632 donavit.
3526 3574 3670 3634 Inde

1957 3664 2287 3732 sequuntur
2355 3661 2695 3717 Collectanea
2768 3663 2829 3714 in
2903 3663 3070 3718 Vetus
3138 3665 3537 3720 Testamentum
3595 3680 3672 3723 ex

1958 3747 2212 3821 epistolis
2272 3746 2685 3822 opusculisque
2743 3746 2895 3805 Petri
2956 3747 3223 3807 Damiani
3285 3766 3320 3807 a
3386 3754 3669 3811 monacho

1958 3837 2086 3912 ejus
2130 3836 2414 3911 discipulo
2445 3843 2732 3909 excerpta,
2768 3843 2824 3896 et
2849 3836 2922 3895 ad
2960 3836 3309 3896 Damianum
3351 3838 3475 3897 divi
3517 3841 3667 3899 Petri

1957 3944 2029 3986 ex
2061 3926 2235 3985 fratre
2272 3933 2537 3999 nepotem
2568 3925 2763 3995 missa,
2796 3924 2868 3982 ad
2897 3941 3073 3999 quem
3119 3927 3193 3985 ab
3221 3928 3423 3987 eodem
3458 3929 3518 3989 S.
3561 3930 3666 3989 Pe-

1959 4024 2046 4075 tro
2091 4015 2439 4090 opusculum
2477 4014 2548 4071 47
2592 4021 2677 4072 est
2727 4012 3095 4089 inscriptum.
3145 4014 3230 4074 Cl.
3280 4017 3572 4077 Grandius
3608 4019 3667 4077 in

1957 4121 2064 4176 sua
2099 4103 2533 4177 Dissertatione,
2565 4118 2702 4178 quae
2752 4103 2848 4161 hic
2902 4105 3233 4177 exhibetur,
3271 4123 3395 4183 cap.
3434 4110 3481 4180 1,
3513 4125 3569 4167 n.
3614 4111 3666 4180 5,

1957 4193 2311 4254 Damianum
2351 4192 2410 4252 S.
2444 4194 2513 4253 R.
2559 4193 2621 4251 E.
2663 4193 3018 4253 cardinalem
3055 4212 3089 4253 a
3142 4196 3203 4256 S.
3240 4195 3515 4271 Gregorio
3561 4198 3668 4256 VII

1949 4283 2021 4343 'P.
2072 4284 2149 4342 M.
2190 4289 2449 4343 creatum
2490 4283 2670 4342 fuisse
2716 4284 2854 4342 satis
2888 4285 3114 4343 erudite
3151 4286 3394 4359 probare
3429 4294 3667 4347 conten-

1957 4372 2061 4431 dit.
2112 4372 2323 4432 Ultimo
2379 4373 2504 4431 loco
2557 4377 2849 4443 Regulam'
2879 4376 3269 4432 Canonicorum
3313 4380 3669 4447 Regularium

1959 4463 2114 4521 Petri
2141 4464 2213 4522 de
2248 4463 2519 4522 Honestis
2556 4480 2589 4522 e
2621 4464 2900 4524 Ravenna
2947 4465 3202 4524 inserere
3248 4465 3466 4539 placuit
3508 4468 3671 4542 Caje-

1966 4559 2119 4625 tano,
2162 4559 2362 4627 utpote
2403 4569 2536 4628 quae
2581 4553 2653 4612 ab
2686 4554 2987 4628 aliquibus
3017 4554 3151 4614 divo
3192 4554 3356 4616 Petro
3403 4558 3672 4618 Damiani

1966 4640 2078 4698 fuit
2101 4640 2444 4713 adjudicata.
2477 4640 2743 4714 Ipsorum
2780 4642 3057 4712 nominis,
3089 4645 3289 4717 patriai
3323 4661 3389 4703 ac
3426 4647 3673 4707 humilis

1962 4730 2401 4805 subscriptionis
2452 4734 2603 4787 Petri
2652 4736 2958 4803 peccatoris
3009 4735 3389 4807 teqnivocatio
3439 4737 3671 4795 errandi

1962 4819 2319 4880 occasionem
2349 4819 2516 4878 facile
2546 4820 2804 4894 praebere
2842 4822 3041 4894 potuit.
3080 4822 3295 4881 Verum
3341 4841 3512 4884 nemo
3551 4843 3669 4885 non

1963 4910 2119 4969 videt
2148 4924 2449 4984 nunquam
2478 4910 2549 4967 ad
2588 4909 2822 4967 Petrum
2859 4909 3145 4981 Damiani,
3180 4912 3279 4970 sed
3315 4912 3388 4971 ad
3423 4915 3671 4974 alterum

1965 5001 2037 5058 de
2080 5001 2349 5058 Honestis
2382 5001 2670 5073 pertinere
2714 5000 3075 5059 solummodo
3112 5019 3296 5077 posse,
3338 5020 3473 5063 cum
3513 5022 3678 5079 regu-

1964 5091 2022 5150 la
2057 5091 2181 5166 ipsa
2214 5089 2287 5147 ad
2326 5090 2661 5147 Paschalcm
2698 5089 2753 5147 ΙΙ
2791 5089 2850 5149 P.
2896 5090 2971 5148 M.
3005 5091 3278 5166 inscripta
3321 5094 3413 5164 sit,
3456 5095 3677 5168 quiquo

1969 5179 2261 5239 Paschalis
2292 5178 2566 5237 vicesimo
2599 5178 2843 5253 septimo
2870 5196 3024 5238 anno
3062 5189 3187 5255 post
3227 5181 3374 5240 Petri
3410 5183 3676 5241 Damiani

1967 5268 2190 5327 obitum
2219 5268 2340 5341 (qui
2365 5282 2521 5325 anno
2554 5269 2684 5326 1072
2708 5268 2961 5341 contigit)
2986 5270 3058 5327 ad
3081 5270 3350 5329 Ecclesiae
3376 5271 3674 5330 catholicas

1968 5358 2230 5432 regimen
2258 5357 2369 5417 fuit
2398 5365 2645 5421 evectus,
2681 5374 2834 5418 anno
2863 5358 3079 5418 scilicet
3110 5360 3263 5420 1099.

2043 5445 2198 5506 VIII.
2230 5446 2479 5506 Tabulas
2512 5453 2635 5504 tum
2666 5446 2926 5506 locorum
2955 5464 3132 5507 sacrae
3180 5449 3511 5525 Scripturae,
3552 5458 3677 5512 tum

1975 5535 2370 5607 materiarum,
2418 5551 2551 5610 qua;
2632 5535 2695 5593 in
2756 5535 3068 5595 Parisiensi
3122 5536 3375 5596 editione
3452 5539 3680 5614 rejectze

150 5642 328 5695 creto
389 5634 632 5695 exhibet
662 5632 973 5707 judicium.
1004 5631 1390 5691 Tricesimum
1417 5630 1696 5705 quintum
1744 5643 1893 5703 opu-
1975 5625 2348 5701 reperiuntur
2380 5624 2444 5683 in
2474 5630 2766 5699 postremo
2801 5631 2974 5697 tomo,
3004 5639 3194 5697 operae
3238 5629 3492 5702 pretium
3534 5631 3684 5690 duxi

154 5723 417 5785 aculam
448 5726 518 5783 de
567 5725 804 5797 picturis
832 5724 1150 5796 principum
1176 5721 1543 5795 apostolorum
1568 5723 1893 5794 pertractat.

1974 5716 2123 5775 duas
2151 5714 2216 5775 in
2252 5721 2443 5788 partes
2491 5714 2770 5781 dividere,
2806 5714 2880 5771 ita
2916 5719 2980 5773 ut
3028 5715 3200 5790 (quod
3256 5718 3317 5777 in
3382 5736 3497 5779 non
3554 5720 3681 5780 lere
