4034 6454
509 386 574 443 15
1344 374 1347 377 ’
1425 384 1485 445 S.
1530 383 1819 444 PETRUS
1857 383 2251 444 DAMIANUS
2295 384 2354 445 S.
2396 384 2466 444 R.
2508 384 2573 444 Ε.
2616 385 3095 447 CARDINALIS.
3464 409 3473 416 ·
3937 390 3978 449 ll

502 512 871 571 commodum
908 510 1012 569 tibi
1050 510 1225 583 cedet)
1254 514 1383 583 post
1419 510 1743 570 secundum
1784 516 2009 569 tomum
2039 508 2420 585 facileAquze
2458 511 2521 568 in
2567 511 2935 570 bibliothecis
2994 511 3185 571 forsan
3234 512 3434 583 latent,
3479 512 3815 583 conferret;
3860 528 3978 572 nov;

502 599 843 659 adinvenies
876 615 1013 673 quae
1048 598 1119 656 ad
1159 597 1305 657 duos
1354 598 1574 671 priores
1626 606 1812 660 tomos
1856 605 2130 674 spectant,
2158 606 2213 658 et
2298 600 2348 659 si
2381 616 2513 674 qua:
2563 600 2773 672 forent,
2820 600 3181 674 produceret,
3230 607 3284 660 et
3333 601 3694 660 auctioribus
3738 601 3978 662 observa-

501 697 629 764 post
667 696 938 765 quartum
985 704 1119 763 qua;
1167 688 1239 747 ad
1290 686 1436 747 duos
1478 691 1837 763 posteriores.
1897 688 2009 760 En,
2037 688 2213 749 lector
2295 688 2551 747 tionibus
2578 689 2844 762 notisque
2897 689 3126 747 ditaret.
3156 689 3359 749 Fateor
3386 691 3543 748 enim
3592 689 3880 749 nonnulla
3904 689 3978 749 de-

503 777 950 849 humanissime,
974 778 1264 852 quidquid
1292 779 1354 836 in
1396 778 1546 836 Petri
1576 778 1847 837 Damiani
1899 776 2080 850 Opera
2108 778 2207 836 ad-
2291 793 2414 835 esse
2452 784 2509 835 et
2545 777 2685 835 huic
2733 774 2994 847 editioni,
3037 794 3153 853 quo
3205 780 3400 837 minus
3445 777 3978 837 consummatissim:

502 874 697 926 notare
746 866 935 937 libuit,
999 874 1055 925 et
1111 883 1213 939 pro
1266 873 1520 941 tempore
1570 868 1753 926 licuit.
1810 866 2095 924 Caeterum
2148 865 2209 923 in
2292 863 2567 937 appellari
2600 865 2830 936 valeat;
2860 881 3066 923 verum
3103 866 3217 923 alia
3255 882 3329 924 ex
3360 872 3520 941 parte
3547 866 3978 940 praecedentibus

502 958 653 1016 votis
697 957 1049 1028 habuissem,
1106 964 1171 1016 ut
1228 959 1690 1032 praestantissimi
1743 958 1923 1031 hujus
1966 957 2215 1016 auctoris
2295 952 2569 1011 omnibus
2614 969 2741 1010 eam
2777 954 3200 1026 correctiorem,
3230 955 3547 1014 auctiorem
3588 961 3647 1013 et
3673 954 3978 1013 nitidioren

502 1044 635 1118 quis
682 1046 891 1120 scripta
920 1045 1116 1104 omnia
1146 1045 1217 1103 ad
1258 1062 1504 1106 examen
1537 1051 1869 1115 revocaret;
1909 1059 2043 1103 cum
2073 1060 2211 1102 mss.
2300 1042 2558 1100 futuram
2577 1041 2825 1101 confido.
2861 1041 3024 1104 Vale.

1019 1506 1679 1595 CAJETANI
1764 1504 2411 1591 EPISTULA
2499 1502 3480 1589 DEDIGATORIA.

574 1913 634 1973 S.
664 1914 736 1976 D.
761 1915 831 1975 N.
867 1914 1066 1976 ΡΜ]ιο
1091 1914 1162 1989 V,
1194 1915 1453 1989 pontiﬁci
1484 1915 1765 1989 maximo,
1796 1915 2246 1975 CONSTANTINUS
2273 1913 2638 1985 CAJETANUS,
2670 1915 2993 1975 monachus
3031 1914 3491 1990 congregationis
3523 1915 3870 1986 Casinensis,
3902 1929 3978 1973 sa-

501 2004 682 2065 lutem
707 2009 763 2063 et
785 2002 1122 2063 felicitatem
1149 2021 1183 2063 a
1211 2004 1328 2063 Deo
1350 2010 1637 2077 precatur.

567 2092 709 2152 Jure
744 2093 984 2166 optimo,
1014 2093 1182 2151 Pater
1224 2092 1578 2166 beatissime,
1608 2093 1875 2153 laborum
1906 2108 2169 2153 meorum
2213 2092 2502 2166 primitias
2545 2092 2652 2151 tibi
2678 2093 3067 2167 degustandas
3107 2108 3417 2165 consecro;
3450 2093 3670 2171 quippe
3718 2093 3819 2168 qui
3867 2090 3978 2151 Cle-

494 2181 709 2240 mentis
736 2182 921 2240 octavi
948 2181 1163 2253 locum,
1202 2197 1536 2259 munusque
1563 2183 1992 2257 amplissimum
2018 2183 2220 2241 divino
2248 2189 2396 2242 nutu
2426 2199 2546 2242 non
2583 2183 2755 2243 modo
2787 2184 3024 2243 sortitus
3050 2200 3131 2256 es,
3161 2200 3368 2244 verum
3397 2185 3575 2244 etiam
3603 2185 3677 2244 de
3708 2192 3763 2244 te
3787 2184 3978 2259 Optime

498 2270 687 2330 meriti
719 2270 1007 2345 pontiﬁcis
1050 2270 1428 2331 consiliorum
1463 2287 1777 2347 rerumque
1804 2273 1955 2331 bene
2000 2272 2401 2331 institutarum
2433 2272 2622 2331 fautor
2656 2287 2717 2330 es
2757 2278 2813 2331 et
2864 2271 3263 2346 ampliﬁcator.
3296 2272 3418 2332 Has
3461 2274 3617 2333 inter
3661 2281 3748 2333 est
3800 2275 3977 2333 beatus

495 2360 695 2419 Petrus
722 2359 1007 2431 Damiani,
1038 2362 1140 2434 qui
1168 2367 1233 2420 ut
1261 2362 1319 2420 in
1353 2363 1549 2422 lucem
1578 2363 1866 2435 ederetur,
1896 2363 1946 2421 is
1975 2362 2123 2421 mihi
2152 2367 2352 2421 auctor
2381 2361 2678 2420 maximus
2705 2361 2838 2420 fuit.
2864 2361 3068 2422 Merito
3098 2363 3312 2437 itaque,
3338 2370 3403 2422 ut
3439 2377 3532 2422 me
3560 2364 3638 2423 ab
3660 2363 3823 2423 omni
3843 2360 3971 2422 obli-

496 2448 727 2521 gatione
753 2448 1015 2521 liberem,
1047 2464 1215 2522 opus,
1246 2451 1400 2525 quod
1439 2451 1723 2509 Clementi
1760 2451 1998 2510 reddere
2032 2451 2277 2509 minime
2313 2466 2573 2524 possum,
2608 2451 2925 2509 successori
2955 2450 3411 2511 clementissimo
3438 2451 3648 2511 refero.
3688 2450 3977 2511 Clementis

493 2552 639 2610 opus
663 2536 918 2596 dixerim
944 2539 1318 2611 Damianum,
1350 2556 1525 2615 quem
1554 2546 1710 2600 tanto
1738 2556 1962 2614 semper
1990 2546 2075 2599 est
2103 2555 2302 2598 amore
2330 2538 2691 2613 complexus,
2723 2546 2788 2597 ut
2805 2537 2893 2598 vel
2924 2539 2988 2597 in
3020 2555 3134 2611 me,
3163 2539 3263 2613 qui
3294 2540 3357 2598 in
3389 2555 3456 2599 eo
3489 2541 3747 2600 multum
3780 2541 3973 2599 labora-

488 2642 710 2696 veram,
747 2626 911 2686 illius
940 2627 1361 2688 benevolentiae
1384 2646 1499 2687 non
1534 2645 1741 2704 parum
1770 2629 2065 2688 derivarit.
2100 2628 2211 2688 Sed
2237 2629 2431 2688 nescio
2463 2645 2541 2687 an
2574 2635 2741 2688 tuum
2767 2628 2960 2702 potius
2985 2627 3157 2687 illum
3179 2627 3471 2702 appellem
3502 2652 3515 2686 :
3548 2645 3690 2687 nam
3719 2629 3769 2687 si
3800 2643 3971 2702 perso-

488 2734 631 2776 nam
681 2723 1023 2790 spectemus,
1058 2718 1119 2777 S.
1161 2718 1232 2778 B.
1276 2720 1343 2777 Ε.
1395 2719 1708 2777 cardinalis
1745 2725 1848 2789 est,
1890 2726 1946 2777 et
1978 2719 2256 2778 Ostiensis
2309 2720 2643 2792 episcopus;
2676 2717 2727 2775 si
2770 2717 2905 2776 libri
2959 2718 3136 2793 hujus
3179 2720 3516 2791 consilium,
3563 2719 3848 2779 institutio
3903 2722 3971 2774 est

485 2805 760 2863 Ecclesiae
783 2807 1210 2866 moderatorum
1242 2824 1548 2867 morumve
1578 2814 1984 2882 corruptorum
2010 2807 2375 2877 emendatio;
2410 2808 2458 2865 si
2488 2806 2561 2865 ad
2585 2822 2731 2881 quos
2774 2806 3046 2867 scribitur
3083 2808 3259 2879 viros,
3301 2808 3593 2881 principes
3645 2813 3782 2867 sunt
3820 2812 3970 2879 atque

486 2895 547 2953 in
572 2894 777 2969 primis
808 2897 1107 2971 pontiﬁces
1135 2897 1383 2955 maximi
1418 2918 1430 2955 :
1464 2913 1597 2971 quae
1623 2894 1819 2956 o'mnia
1845 2896 2019 2955 oﬂicii
2066 2897 2153 2956 tui
2179 2904 2265 2956 est
2295 2912 2517 2967 curare,
2559 2895 2855 2971 dignitatis
2900 2897 3191 2970 amplecti.
3224 2895 3460 2955 Accedit
3496 2894 3853 2956 incredibilis
3881 2894 3967 2951 iste

482 2991 618 3043 tuus
646 2984 815 3043 ardor
843 2986 1046 3054 animi,
1088 2986 1466 3060 studiumque
1499 2985 1845 3045 Christianae
1871 2985 2170 3059 religionis
2194 2984 2575 3045 defendenda;
2605 2993 2660 3043 et
2688 2984 3111 3058 amplificandze
3139 3009 3151 3042 :
3185 2985 3287 3057 qui
3307 2984 3440 3057 jure
3462 3000 3569 3043 suo
3602 2985 3775 3043 talem
3798 2982 3965 3041 virum

480 3073 827 3146 postulabat,
859 3075 1051 3150 qualis
1102 3083 1334 3151 sanctus
1361 3076 1559 3135 doctor
1602 3076 2059 3147 commendatur,
2088 3076 2222 3134 fidei
2245 3092 2311 3133 ac
2348 3075 2493 3150 legis
2519 3074 2738 3134 divinm
2765 3074 3034 3133 defensor
3085 3074 3406 3133 acerrimus
3430 3097 3445 3144 ;
3479 3073 3711 3135 vitiosae
3753 3067 3964 3131 vivendi

485 3163 948 3236 consuetudinis,
974 3166 1199 3239 quain
1232 3181 1338 3223 sua
1366 3172 1621 3238 tempora
1668 3165 2096 3238 dominabatur,
2126 3164 2487 3239 exstirpandi
2526 3162 3019 3237 studiosissimus;
3053 3163 3142 3222 uti
3177 3163 3238 3221 in
3284 3161 3447 3223 illius
3476 3164 3737 3238 epistolis
3764 3156 3964 3237 perspi-

481 3268 611 3312 cere
626 3252 954 3327 jucundum
983 3256 1112 3326 erit,
1140 3253 1344 3314 utilius
1371 3261 1545 3330 atque
1573 3255 1883 3328 gloriosius
1916 3255 2156 3314 imitari.
2192 3253 2431 3329 Suscipe
2444 3253 2642 3327 igitur,
2673 3253 2842 3312 Pater
2868 3251 3249 3325 sanctissime,
3279 3258 3448 3312 tuum
3479 3253 3850 3321 Damianum,
3880 3245 3963 3321 qui

480 3347 561 3397 tot
591 3356 656 3398 ac
685 3341 858 3400 tantis
888 3349 1072 3401 tecum
1104 3350 1189 3401 est
1214 3346 1451 3416 junctus
1491 3343 1692 3413 titulis,
1724 3350 1789 3402 ut
1834 3344 2121 3417 gaudeam
2159 3359 2253 3402 me
2282 3343 2354 3402 de
2408 3342 2779 3417 patroctcinio
2807 3340 3079 3399 Damiani
3104 3339 3441 3413 sollicitum,
3496 3348 3551 3399 te
3605 3341 3697 3400 illi
3740 3354 3861 3399 esse
3905 3332 3961 3391 ad

477 3430 763 3503 gloriam:
798 3437 853 3489 et
881 3432 1036 3504 apud
1072 3432 1488 3490 beatitudinem
1522 3437 1704 3502 tuam,
1731 3431 1904 3491 illum
1942 3449 2046 3508 pro
2097 3433 2238 3502 suis,
2294 3431 2540 3506 aliisque
2570 3430 2763 3501 rebus,
2792 3445 2926 3503 quas
2974 3430 3127 3502 apud
3182 3445 3276 3488 me
3331 3436 3488 3500 sunt,
3517 3436 3739 3505 tuaque
3796 3440 3894 3500 ope
3919 3427 3961 3479 et

473 3518 697 3576 auxilio
716 3518 1000 3594 indigent,
1023 3529 1333 3594 patronum
1360 3519 1680 3579 invenisse.
1709 3519 1909 3580 Habeo
1929 3523 2089 3582 enim
2111 3538 2234 3597 praa
2254 3520 2529 3580 manibus
2552 3517 2996 3593 quamplurium
3016 3525 3349 3579 sanctorum
3375 3519 3683 3589 Historias,
3714 3531 3844 3590 quae
3861 3523 3959 3571 non

477 3608 603 3666 sine
632 3622 841 3680 magna
869 3608 1131 3682 ipsorum
1163 3609 1401 3682 injuria,
1436 3624 1662 3667 necnon
1697 3609 1925 3683 pietatis
1954 3627 2019 3669 ac
2044 3611 2315 3686 gloriosae
2360 3606 2755 3668 aemulationis
2777 3606 3020 3681 jactura,
3050 3606 3471 3668 desiderantur.
3514 3607 3701 3667 Multa
3743 3622 3817 3664 ex
3844 3613 3955 3675 pro-

475 3696 625 3756 batis
651 3697 1029 3770 scriptoribus
1059 3698 1256 3757 notavi
1285 3697 1658 3771 adjungcnda
1683 3698 1746 3755 in
1778 3697 2042 3757 Romano
2069 3699 2500 3774 Martyrologio,
2527 3712 2663 3770 quae
2690 3696 2906 3769 partim
2929 3696 3001 3754 ad
3029 3703 3363 3756 sanctorum
3395 3711 3734 3767 numerum,
3764 3688 3954 3767 partim

473 3787 545 3845 ad
577 3792 902 3858 temporum
933 3793 1107 3862 atQue
1130 3786 1390 3846 locorum
1426 3786 1490 3844 in
1520 3785 1736 3861 quibus
1764 3786 2011 3860 gloriose
2038 3789 2250 3860 obiere,
2279 3788 2570 3864 pertinent
2607 3784 2928 3843 veritatem.
2963 3783 3183 3858 Collegi
3210 3786 3463 3861 denique
3510 3784 3800 3845 nonnulla
3828 3784 3965 3839 vete‘

475 3891 605 3935 rum
639 3875 875 3934 Patrum
900 3875 1277 3947 monimenta,
1306 3891 1439 3950 quae
1464 3874 1512 3933 si
1541 3875 1603 3933 in
1630 3874 1935 3948 publicum
1956 3886 2316 3951 apparerent,
2346 3876 2438 3935 vel
2479 3874 2563 3933 rei
2589 3872 2861 3944 novitate,
2890 3871 2981 3930 vel
3007 3873 3255 3934 utilitate
3278 3876 3480 3935 multis
3510 3876 3681 3935 bonis
3722 3874 3963 3953 legentes“

473 3964 860 4024 cumularent.
890 3965 1082 4038 Atque
1109 3964 1169 4022 hi
1199 3980 1423 4035 omnes,
1457 3963 1631 4022 Pater
1660 3965 2042 4038 sanctissime,
2074 3966 2219 4025 dum
2248 3973 2301 4024 te
2340 3967 2403 4023 in
2430 3964 2614 4022 beata:
2644 3960 2905 4033 Virginis
2931 3966 2987 4018 et
3013 3963 3406 4035 apostolorum
3437 3966 3719 4041 principis
3748 3964 3961 4049 instau-“

471 4055 671 4115 randis
714 4054 1108 4128 ornandisque
1154 4053 1385 4127 templis
1429 4061 1772 4128 occupatum
1815 4071 2190 4130 conspexero,
2215 4058 2279 4115 in
2309 4070 2469 4129 spem
2514 4058 2729 4112 certam
2772 4058 3078 4122 venerunt,
3106 4053 3230 4112 fore
3259 4064 3324 4112 ut
3351 4056 3414 4113 in
3457 4054 3653 4114 lucem
3684 4070 3782 4129 per
3823 4059 3874 4108 te
3898 4056 3959 4130 ac“

473 4144 653 4203 vitam
688 4122 1094 4203 revocarentur
1122 4163 1134 4201 :
1164 4122 1611 4216 sanctorumque
1638 4144 1898 4203 virorum
1928 4122 2188 4205 studium
2219 4122 2359 4205 tuis-
2370 4149 2519 4203 recte
2544 4140 2707 4199 factis
2735 4140 2798 4197 in
2824 4140 3135 4201 hominum
3156 4143 3371 4201 animis
3399 4122 3764 4219 conceptum,
3797 4122 3957 4214 pare-l

470 4241 555 4294 ret
586 4234 860 4293 Ecclesiae
887 4232 1183 4293 universae
1217 4233 1435 4291 fructus
1463 4231 1692 4305 uberes,
1736 4235 1957 4293 auctori
1984 4251 2121 4295 vero
2146 4234 2391 4311 gloriam
2424 4229 2854 4303 sempiternam.
2886 4230 3167 4304 Equidem
3222 4247 3455 4306 operam
3510 4208 3726 4305 meam,
3758 4226 3953 4347 qualis-J

478 4340 699 4347 _-______
993 4342 1212 4347 “um
1886 4346 1891 4347 ,
2317 4344 2447 4347 κω
2486 4324 2725 4347 ___L___A
2755 4338 2818 4347 η
2847 4324 3039 4347 an“-
3073 4331 3152 4347 ﬂ,
3416 4343 3474 4347 __
3506 4324 3800 4347 _-.i_._.:_
3830 4328 3930 4347 ιη,

470 4340 703 4399 cunque
734 4326 834 4385 illa
864 4326 955 4399 sit,
986 4342 1218 4385 omnem
1251 4327 1513 4401 polliceri
1533 4343 1807 4401 possum;
1843 4346 1966 4389 rem
1994 4347 2133 4391 vero
2165 4344 2458 4390 summam
2486 4324 2728 4399 probare
2753 4338 2819 4380 ac
2847 4324 3043 4382 fovere
3069 4331 3153 4382 est
3175 4324 3385 4397 judicii
3412 4343 3478 4385 ac
3506 4324 3802 4400 potestatis
3830 4328 3951 4401 tua;

472 4376 703 4399 νην-
735 4376 834 4385 -..-
864 4376 955 4399 κη,
988 4376 1218 4385 -...-.-..-
1293 4376 1513 4387 νηην.-
1575 4376 1769 4387 πω...
1843 4376 1966 4389 η...
2009 4376 2132 4391 .-.ν
2165 4376 2458 4390 suum“...
2487 4376 2683 4399 τηπ-
2704 4376 2724 4381 -
2757 4376 2816 4380 --
2847 4376 2899 4381 --
2922 4376 2931 4382 .
2952 4376 3040 4382 ---
3075 4376 3152 4382 --.-
3175 4376 3385 4397 μην--
3412 4376 3477 4385 ,ν
3506 4376 3799 4400 ,ψη-----
3834 4376 3872 4379 --

471 4415 669 4475 Meum
701 4416 954 4494 denique
984 4426 1088 4489 est,
1117 4376 1285 4476 tibi;
1328 4416 1444 4477 Deo
1473 4376 1588 4493 op‘t.
1626 4377 2046 4480 max.,ﬁrmam
2081 4418 2501 4490 valetudinem,
2528 4411 2786 4474 consiliis
2812 4428 2879 4470 ac
2925 4412 3104 4473 rebus
3148 4414 3264 4474 tuis
3320 4416 3611 4491 sapienter
3662 4376 3951 4494 sanctequdl

470 4508 670 4581 emptis
697 4506 1027 4569 felicitatem
1054 4508 1295 4584 precari.
1321 4506 1483 4568 Vale.

3944 4476 3949 4531 l

3944 4532 3947 4623 l

3942 4630 3945 4713 l

3938 4732 3943 4813 l

3936 4822 3941 4897 1

3934 4898 3939 4989 l

3933 5082 3935 5173 ψ

3924 5378 3929 5451 l

3922 5474 3927 5539 l

3918 5554 3925 5723 ἓ
