4034 6472
373 311 437 369 19
1277 313 1336 373 S.
1380 313 1671 375 PETBUS
1711 314 2103 375 DAMIANUS
2145 314 2205 375 S.
2246 315 2316 375 Β.
2364 317 2426 376 E.
2468 314 2950 378 CARDINALIS.

3795 314 3876 375 20

369 435 631 510 ipsorum
696 437 996 495 historiam
1058 438 1530 498 conscribendam
1583 441 1645 499 in
1702 456 1796 499 me
1845 439 2482 515 recipio,ADamianus
2524 441 2621 500 hic
2663 442 3021 515 subscriptus
3060 440 3273 515 legitur
3314 455 3469 498 anno
3515 440 3670 510 1087,
3708 439 3873 512 apud

371 527 470 585 sed
528 542 755 598 eorum,
787 533 840 585 et
895 527 1430 588 Camaldulensium
1481 530 1732 589 instituti
1783 530 2073 606 cognatio-

371 630 501 672 nem
538 616 824 674 duntaxat
856 616 1361 676 demonstrandam
1390 634 1641 677 assumo.

441 703 539 762 IV.
589 704 723 762 Fuit
766 719 903 762 sane
949 704 1013 762 B.
1070 704 1273 763 Petrus
1313 705 1576 763 Damiani
1616 704 1708 763 vir
1746 707 1838 765 sui
1877 706 2078 764 δεξιουΙὶ

370 792 543 865 longe
582 792 970 861 doctissimus,
1017 794 1396 851 sanctimonia
1439 801 1493 850 et
1533 795 1870 853 auctoritate
1925 811 2075 869 pra;—

370 881 526 939 ditus
573 881 893 954 singulari;
935 885 1103 958 cujus
1148 881 1196 939 si
1234 880 1617 954 eloquentiam
1656 889 1890 956 spectes,
1937 884 2077 942 Gre-

368 971 527 1042 gorio
572 969 945 1043 proximum:
975 972 1024 1029 si
1064 971 1248 1029 zelum
1288 971 1631 1040 consideres,
1684 989 1876 1046 parem
1938 973 2077 1030 Hie-

368 1075 613 1132 ronymo
631 1077 646 1130 ;
680 1061 728 1118 si
760 1060 889 1117 vitae
916 1060 1302 1117 austeritatem
1333 1076 1397 1117 ac
1421 1060 1730 1120 dilatandae
1768 1063 2078 1122 eremiticae

366 1150 687 1224 disciplinae
756 1150 1017 1209 studium
1088 1151 1365 1219 attendas,
1434 1151 1683 1211 similem
1751 1154 2078 1214 Bomualdo

368 1243 570 1299 merito
636 1242 874 1299 dixeris.
948 1241 1129 1312 Quem
1194 1260 1226 1301 e
1284 1243 1614 1303 solitudinis
1693 1246 1926 1306 latebris
2005 1248 2078 1307 ad

365 1329 684 1388 Romanam
737 1346 1077 1404 purpuram,
1115 1337 1168 1389 et
1215 1331 1490 1391 Ostiensis
1544 1332 1816 1393 Ecclesia)
1861 1337 2076 1409 princi-

365 1424 563 1491 patum
624 1417 745 1476 sola
800 1419 985 1477 virtus
1036 1420 1247 1491 evexit,
1309 1422 1721 1494 spectatissima
1773 1426 2079 1498 prudentia

364 1506 721 1565 difﬁcillimis
768 1508 1075 1582 pontiﬁciis
1126 1508 1512 1582 legationibus
1550 1512 1836 1571 obeundis
1873 1516 2076 1575 admo-

365 1595 487 1664 vit;
524 1596 759 1669 probata
808 1596 1111 1654 humilitas
1158 1614 1189 1655 e
1236 1615 1467 1657 summo
1512 1599 1805 1673 dignitatis
1850 1602 2077 1675 fastigio

366 1687 435 1744 ad
467 1687 645 1744 eremi
672 1687 1022 1773 squallorem
1052 1688 1303 1747 reduxit.
1336 1688 1517 1764 Cujus
1540 1690 1793 1765 denique
1816 1694 2076 1751 encomia

2161 527 2474 601 Ughellum
2526 536 2661 588 tom.
2710 529 2817 587 VII
2874 531 2937 588 in
2986 530 3251 606 Append.
3282 535 3420 588 tom.
3452 528 3533 587 Ill
3575 529 3647 587 ad
3685 530 3870 603 episc.

2160 615 2438 689 Floreat.)
2467 625 2523 677 et
2557 620 2923 677 Guitmundus
2954 619 3255 694 episcopus
3290 620 3625 678 Aversanus
3670 621 3873 694 (quem

2160 707 2263 765 alii
2307 706 2747 779 Sigismundum
2794 709 3116 776 nominant,
3150 714 3204 764 et
3229 706 3585 765 Trithemius
3626 706 3875 780 quidem

2162 796 2513 853 monachum
2576 794 2635 854 S.
2692 794 2892 855 Crucis
2941 795 3205 854 Leufridi
3252 794 3513 865 credidit,
3570 794 3878 853 Arnoldus

2161 889 2353 941 autem
2378 883 2559 942 Wion
2593 882 2651 943 S.
2684 884 2883 943 Crucis
2914 884 3112 943 Fontis
3142 882 3413 943 Avellani
3441 883 3618 942 fuisse
3645 882 3871 941 scribit.

2160 988 2227 1031 ac
2274 972 2661 1032 Trithemium
2702 975 2999 1047 aequivoco
3038 974 3370 1033 monasterii
3411 974 3648 1032 nomine
3693 975 3870 1031 dece-

2162 1072 2325 1139 ptum
2352 1070 2530 1137 putat,
2563 1064 2877 1124 Jacobillus
2905 1081 3041 1124 vero
3070 1080 3142 1123 ex
3179 1062 3440 1122 eoenobio
3492 1061 3877 1120 Leufridiano

2161 1153 2231 1211 ad
2278 1153 2686 1225 Avellanense,
2718 1155 2872 1211 fama
2923 1153 3237 1212 sanctitatis
3283 1151 3348 1209 B.
3395 1150 3688 1224 Lodulphi
3736 1150 3877 1207 ille-

2161 1252 2339 1311 ctum,
2369 1245 2638 1301 transisse
2689 1242 3003 1315 contendit,
3034 1243 3282 1301 electum
3325 1256 3462 1299 vero
3516 1238 3879 1298 cardinalem

2162 1348 2234 1390 ex
2282 1331 2628 1391 bibliotheca
2669 1332 2905 1391 Patrum
2947 1334 3007 1391 in
3052 1330 3334 1405 Operibus
3375 1329 3719 1402 scriptorum
3758 1343 3882 1385 saa-

2160 1420 2279 1480 culi
2318 1434 2403 1493 XI,
2444 1437 2570 1495 pag.
2600 1423 2726 1494 469,
2764 1429 2902 1480 tom.
2935 1420 3119 1492 XVII,
3154 1425 3209 1478 et
3244 1418 3400 1492 apud
3453 1416 3764 1491 Ughellum
3811 1416 3880 1474 in

2160 1511 2441 1585 episcopis
2495 1512 2810 1569 Aversanis
2859 1518 2915 1569 et
2968 1508 3351 1569 Guillelmum
3406 1506 3659 1564 Caveum
3720 1504 3882 1563 Hist.

2159 1599 2331 1658 litter.
2394 1599 2467 1657 ad
2532 1616 2627 1657 an.
2687 1600 2822 1659 1066
2888 1588 3122 1669 constat)
3176 1613 3240 1655 ac
3299 1596 3538 1654 demum
3614 1596 3884 1652 Gebiosus

2158 1691 2461 1763 episcopus
2484 1688 2746 1748 Caesenas
2767 1690 2888 1764 (qui
2912 1705 2987 1748 ex
3013 1687 3312 1747 Avellanae
3333 1685 3596 1744 coenobio
3620 1684 3878 1742 Romam

366 1773 416 1831 is
455 1774 611 1832 solus
647 1774 914 1848 ignorare
962 1782 1160 1849 potest,
1205 1779 1309 1851 qui
1347 1778 1473 1851 ejus
1517 1777 1723 1849 Vitam,
1760 1780 2139 1860 Opuscula,B
2163 1787 2413 1847 vocatus,
2443 1779 2660 1838 ibidem
2709 1779 2885 1837 abbas
2922 1778 2980 1837 S.
3014 1777 3233 1849 Alexii,
3268 1784 3393 1835 tum
3434 1775 3757 1849 episcopus,
3809 1789 3883 1831 ac

365 1863 641 1921 Miracula
680 1879 796 1921 non
855 1863 1057 1937 legerit
1102 1886 1114 1923 :
1161 1868 1263 1940 qui
1308 1875 1385 1925 tot
1426 1884 1529 1942 per
1572 1868 1762 1942 ipsum
1806 1874 2086 1947 praeclare.

365 1953 436 2011 ad
478 1953 747 2010 divinum
798 1952 1020 2012 cultum
1066 1957 1523 2029 promovendum
1573 1958 1857 2034 instituta,
1902 1970 2077 2038 atque

366 2041 438 2098 ab
485 2040 760 2100 universa
804 2042 1062 2101 Ecclesia
1110 2053 1353 2119 recepta,
1397 2062 1511 2105 non
1555 2050 1896 2122 expenderit
1928 2076 1941 2110 :
1973 2054 2077 2128 qui

363 2130 615 2203 denique
651 2146 768 2187 non
809 2132 1077 2203 audierit,
1111 2140 1329 2206 quanto
1367 2134 1428 2192 in
1465 2137 1645 2207 pretio
1681 2140 1835 2212 apud
1874 2156 2077 2200 omnes

364 2218 656 2277 Romanos
691 2219 1008 2291 pontifices,
1051 2220 1422 2293 quibuscum,
1463 2230 1517 2280 et
1550 2230 1682 2283 ante
1720 2243 1865 2300 quos
1904 2230 2073 2302 vixit,

365 2309 597 2369 habitus
649 2310 862 2381 fuerit;
912 2326 986 2368 ex
1038 2311 1258 2385 quibus
1306 2313 1627 2373 Alexandri
1676 2316 1731 2375 II
1776 2320 2078 2379 oraculum

365 2405 581 2462 referre
628 2401 896 2472 suiliciat,
943 2403 1044 2475 qui
1088 2403 1151 2460 in
1199 2403 1407 2463 litteris
1449 2405 1523 2463 ad
1565 2406 1885 2468 Galliarum
1927 2426 2079 2482 prae-

367 2494 523 2554 sules
558 2493 666 2551 hoc
695 2492 766 2550 de
792 2491 894 2550 illo
926 2493 1155 2550 vivente
1193 2484 1567 2566 magniﬁcum
1606 2497 1785 2556 edidit
1822 2499 2077 2558 testimo-

368 2584 577 2643 nium:
617 2605 642 2632 (ι
671 2580 871 2639 Talem
916 2581 1084 2639 vobis
1128 2581 1326 2640 virum
1374 2582 1661 2644 destinare
1717 2589 2074 2660 curavimus,

368 2685 487 2747 quo
525 2669 829 2739 nimirum,
870 2676 995 2741 post
1032 2684 1157 2739 nos,
1198 2672 1381 2745 major
1418 2672 1479 2730 in
1525 2674 1786 2734 Romana
1826 2677 2079 2737 Ecclesia

368 2759 676 2819 auctoritas
720 2773 835 2816 non
883 2757 1130 2816 habetur
1185 2783 1197 2816 :
1253 2758 1487 2820 Petrum
1530 2763 1796 2823 videlicet
1842 2766 2076 2824 Damia-

372 2867 517 2909 num
562 2849 880 2907 Ostiensem
920 2847 1274 2922 episcopum,
1313 2850 1415 2922 qui
1449 2852 1754 2924 nimirum,
1793 2862 1849 2913 et
1885 2863 2078 2914 noster

370 2949 455 3000 est
514 2941 738 3011 oculus,
793 2946 846 2997 et
895 2938 1218 3011 apostolicae
1283 2940 1434 2999 sedis
1506 2943 1807 3004 immobile
1877 2946 2077 3004 ﬁrma-

372 3038 656 3091 mentum.
694 3057 722 3081 υ

443 3122 513 3181 V.
566 3122 727 3193 Quod
779 3123 982 3183 attinet
1021 3125 1092 3183 ad
1144 3125 1400 3201 reliquos
1454 3124 1605 3184 Petri
1639 3125 1906 3185 Damiani
1947 3143 2080 3186 con-

372 3212 611 3286 cellitas,
645 3214 1021 3289 ejusdemque
1060 3215 1311 3274 instituti
1363 3220 1684 3287 sectatores,
1717 3223 1795 3274 tot
1833 3232 1900 3274 ac
1941 3216 2083 3276 tales

373 3304 416 3362 ii
442 3310 845 3375 numerantur,
878 3312 942 3363 ut
964 3306 1224 3380 prodigio
1252 3306 1444 3365 simile
1466 3308 1557 3378 sit,
1592 3308 1848 3382 potuisse
1883 3325 2087 3367 omnes

374 3392 445 3451 ab
474 3410 595 3452 uno
626 3393 729 3451 illo
759 3395 1133 3454 Avellanensi
1162 3398 1436 3455 asceterio
1472 3399 1700 3471 prodire
1734 3423 1746 3456 :
1778 3415 1881 3458 nec
1919 3398 2089 3457 facile

374 3482 539 3542 aliud
588 3482 660 3554 (si
705 3501 916 3557 unum,
950 3486 1036 3544 vel
1085 3485 1330 3544 alterum
1368 3502 1443 3544 ex
1478 3488 1770 3561 primariis
1813 3488 2088 3547 ordinum

375 3572 664 3646 capitibus
710 3573 986 3647 excipias)
1010 3576 1428 3635 monasterium
1476 3576 1727 3649 reperire
1772 3577 1899 3648 erit,
1932 3576 2088 3651 quod

380 3670 496 3721 tam
547 3662 874 3722 illustribus
928 3665 1327 3736 sanctimonia,
1377 3673 1431 3724 et
1482 3666 1761 3742 dignitate
1814 3666 2086 3725 ecclesia-

379 3752 517 3810 stica
546 3751 686 3810 viris
709 3753 886 3811 fuerit
915 3753 1283 3827 insignitum.
1318 3754 1465 3813 Nam
1495 3772 1671 3829 supra
1710 3756 2090 3833 quadraginta

378 3843 691 3901 monachos
748 3844 870 3902 haec
922 3860 1042 3901 una
1089 3845 1342 3904 solitudo
1387 3845 1459 3905 ad
1506 3845 1794 3905 cmlestem
1845 3848 2087 3921 patriam

382 3931 716 4002 transmisit,
780 3947 1029 4006 quorum
1095 3934 1337 3992 nomina
1409 3934 1560 3992 inter
1620 3944 1969 4008 sanctorum,
2025 3953 2091 3996 ac

382 4021 681 4079 beatorum
736 4021 930 4093 fastos,
962 4029 1318 4095 posterorum
1363 4024 1718 4083 venerationi
1767 4035 1903 4084 sunt
1947 4043 2089 4087 con-

383 4116 629 4179 secrata;
681 4109 1033 4185 totidemque
1077 4111 1302 4170 circiter
1355 4114 1645 4173 variarum
1686 4116 1925 4175 urbium
1968 4117 2089 4192 epi-

384 4200 540 4273 scopi
586 4216 661 4258 ex
712 4199 840 4274 ejus
889 4200 1156 4259 claustris
1214 4203 1497 4275 assumpti
1562 4212 1933 4265 recensentur
1985 4230 1998 4264 :
2058 4222 2089 4265 e

383 4290 599 4365 quibus
648 4298 894 4363 quatuor
935 4291 996 4349 in
1039 4292 1097 4352 S.
1142 4293 1209 4351 Β.
1247 4293 1312 4350 Ε.
1363 4292 1744 4353 cardinalium
1801 4303 2087 4367 senatum,

384 4396 488 4454 pro
538 4380 661 4438 suis
711 4380 953 4452 meritis,
1013 4382 1255 4456 cooptati
1307 4392 1708 4456 numerantur,
1764 4402 1971 4459 nempe
2016 4386 2087 4458 is,

384 4470 455 4528 de
486 4487 601 4548 quo
631 4472 919 4546 prmcipue
948 4471 1263 4543 loquimur,
1294 4478 1485 4531 Petrus
1513 4479 1773 4532 Damiani
1812 4474 2090 4535 Ostiensis

385 4562 703 4635 episcopus,
736 4570 791 4620 et
832 4566 1138 4635 Damianus
1183 4578 1256 4621 ex
1304 4563 1625 4622 Rodelinda
1666 4580 1860 4624 sorore
1906 4564 1963 4623 S.
1996 4565 2091 4623 do-

383 4653 554 4710 ctoris
605 4668 783 4726 nepos
834 4653 1021 4725 (cujus
1070 4652 1190 4724 ipse
1244 4654 1508 4712 meminit
1561 4659 1699 4713 tom.
1764 4655 1814 4723 1,
1872 4653 1971 4711 lib.
2024 4666 2088 4725 II,

383 4755 473 4813 ep.
529 4741 614 4809 11,
667 4748 724 4799 et
765 4740 866 4800 lib.
919 4753 1002 4813 VI,
1052 4742 1218 4815 epist.
1269 4743 1320 4813 3,
1366 4743 1417 4812 2,
1467 4742 1557 4811 22,
1590 4743 1678 4816 ‘29,
1709 4757 1775 4799 ac
1819 4750 1956 4800 tom.
1986 4739 2087 4815 IV,

386 4830 643 4889 carmine
695 4833 819 4894 219.
867 4832 937 4888 ad
992 4847 1167 4905 quem
1220 4833 1497 4907 inscripta
1548 4839 1685 4891 sunt
1734 4831 2092 4889 Collectanea

384 4934 459 4977 ex
498 4918 765 4991 operibus
809 4919 960 4977 Petri
1006 4918 1293 4990 Damiani,
1325 4921 1453 4994 ejus
1494 4921 1744 4993 Operum
1798 4926 1933 4977 tom.
1986 4916 2088 4990 IV,

382 5008 551 5082 cujus
591 5014 648 5065 et
682 5007 949 5066 meminit
983 5007 1042 5066 S.
1081 5008 1319 5067 Bruuus
1358 5009 1659 5082 episcopus
1700 5006 1979 5082 Signinus
2026 5007 2087 5065 in

383 5098 706 5158 Comment.
728 5113 901 5171 super
919 5099 1127 5156 Isaiam
1154 5118 1165 5157 :
1196 5099 1378 5157 fuisse
1405 5105 1594 5157 autem
1621 5115 1653 5155 a
1684 5096 1959 5172 Gregorio
1981 5095 2088 5155 VII

384 5187 448 5245 in
490 5187 771 5247 avunculi
822 5188 1179 5253 memoriam,
1220 5187 1570 5246 cardinalem
1621 5194 1901 5257 creatum,
1940 5193 2090 5260 patet

383 5290 457 5331 ex
513 5273 756 5347 Rogerio
812 5275 1084 5347 scriptore
1140 5274 1288 5332 Vita:
1344 5271 1401 5332 S.
1472 5273 1735 5333 Anselmi
1806 5274 2089 5334 Lucensis

383 5360 653 5435 episcopi,
685 5370 750 5421 ut
794 5370 950 5421 notat
994 5362 1404 5421 Constantinus
1456 5363 1762 5436 Cajetanus
1815 5363 1975 5436 przel.
2024 5365 2087 5423 in

382 5452 479 5517 (id.
540 5450 913 5520 Collectanea,
973 5459 1027 5508 et
1087 5451 1467 5509 confirmatur
1542 5469 1616 5509 ex
1702 5453 2087 5511 instrumento

380 5538 699 5596 concordiae
751 5540 899 5597 inter
952 5537 1319 5611 praepositum
1392 5539 1646 5599 ecclesiae
1716 5540 2086 5614 Florentinis,

381 5634 437 5685 et
481 5625 745 5685 abbatem
795 5626 855 5685 S.
909 5626 1188 5698 Miniatis,
1227 5627 1323 5686 cui
1378 5626 1530 5686 inter
1577 5628 1721 5690 alios
1772 5630 2089 5691 cardinales

2166 1866 2495 1940 cardinalis,
2522 1883 2629 1925 nec
2671 1882 2789 1926 non
2830 1866 3153 1935 Dalmatiae,
3184 1872 3240 1923 et
3289 1862 3612 1924 Sclavoniaa
3651 1862 3883 1934 legatus

2164 1971 2196 2013 a
2229 1955 2505 2027 Gregorio
2532 1956 2637 2015 VII
2666 1964 2752 2014 est
2783 1955 3148 2025 constitutus,
3178 1971 3253 2012 ex
3279 1952 3543 2027 Ughello,
3568 1949 3877 2020 Jacobillo,

2164 2054 2220 2104 et
2249 2047 2533 2120 Ciaconio)
2569 2048 2786 2121 quibus
2815 2048 2980 2121 quasi
3010 2052 3262 2121 quatuor
3287 2043 3596 2117 purpureis
3625 2042 3881 2115 gemmis

2164 2134 2571 2193 Avellanensis
2600 2135 2787 2194 crucis
2813 2135 3077 2193 diadema
3108 2132 3455 2190 illustratur.

2238 2222 2335 2282 VI.
2396 2222 2501 2281 Tot
2545 2224 2743 2296 igitur,
2798 2239 2867 2281 ac
2920 2230 3106 2281 tantos
3154 2221 3331 2291 viros,
3358 2222 3568 2295 jureue
3617 2234 3690 2277 ex
3743 2219 3882 2277 albo

2166 2313 2697 2373 Camaldulensium
2780 2312 3132 2388 expunxerit
3199 2312 3447 2371 Jacobus
3521 2308 3884 2368 Laderchius

2166 2406 2328 2477 (Vitae
2378 2406 2438 2461 S.
2466 2407 2618 2459 Petri
2666 2407 2927 2460 Damiani
2984 2411 3120 2462 tom.
3172 2400 3219 2473 I,
3267 2401 3370 2459 lib.
3412 2413 3458 2472 Ι,
3506 2415 3628 2475 cap.
3673 2396 3728 2469 8)
3768 2399 3883 2456 hac

2166 2501 2367 2568 quarta
2394 2494 2791 2553 dissertatione
2817 2492 3262 2567 disquirendum
3292 2500 3416 2561 est;
3448 2491 3601 2566 quod
3631 2487 3880 2563 quidem

2167 2584 2308 2642 citra
2336 2585 2462 2659 ejus
2490 2583 2864 2642 offensionem
2907 2582 3139 2656 aggredi
3182 2594 3275 2638 me
3320 2594 3485 2653 posse
3541 2576 3827 2637 contendo
3861 2599 3876 2632 :

2166 2689 2238 2731 an
2273 2680 2327 2729 et
2359 2687 2586 2746 sperare
2614 2671 2801 2744 liceat,
2828 2670 3029 2745 ignoro
3053 2690 3066 2738 ;
3092 2667 3470 2743 quantumvis
3501 2666 3659 2724 enim
3684 2679 3883 2723 causas

2167 2777 2313 2819 mea;
2341 2761 2601 2835 aequitati
2631 2761 2767 2819 satis
2795 2759 3102 2829 conﬁdam,
3135 2775 3252 2817 non
3286 2757 3433 2815 mihi
3459 2763 3649 2814 tamen
3688 2769 3884 2828 usque

2165 2853 2308 2910 adeo
2340 2851 2588 2909 blandiri
2616 2850 2808 2923 velim,
2831 2858 2896 2909 ut
2923 2867 3015 2909 me
3041 2849 3114 2908 ab
3154 2849 3256 2907 illo
3284 2847 3485 2905 mitius
3513 2844 3880 2916 habendum,

2167 2958 2344 3018 quam
2390 2957 2491 3016 pro
2538 2941 2793 2999 hominis
2856 2942 3046 2999 ausim
3101 2937 3522 2998 consuetudine
3591 2935 3878 3009 polliceri.

2168 3030 2294 3101 Quo
2338 3045 2428 3088 res
2464 3045 2695 3105 cunque
2738 3029 2919 3101 cadat,
2953 3028 3101 3087 mihi
3147 3028 3379 3087 abunde
3426 3026 3687 3096 sufﬁciet,
3718 3025 3881 3098 quod

2163 3119 2336 3192 juslaa
2390 3119 2453 3175 in
2507 3118 2712 3191 primis
2776 3133 2967 3176 causa:
3035 3115 3430 3176 defensionem
3500 3113 3876 3189 susceperim,

2167 3214 2222 3266 et
2268 3206 2587 3265 necessario
2629 3208 3001 3279 susceperim,
3030 3205 3284 3264 et'intra
3333 3203 3641 3279 inculpata;
3678 3202 3882 3262 tutelae

2166 3299 2380 3357 limites
2432 3313 2523 3356 me
2559 3296 2966 3366 continuerim,
2995 3311 3141 3369 quos
3194 3294 3301 3352 etsi
3353 3293 3712 3363 excederem,
3748 3292 3882 3366 ejus

2166 3387 2557 3463 provocationi
2584 3386 2841 3444 dandum
2862 3392 3028 3455 esset,
3052 3385 3155 3459 qui
3176 3383 3335 3458 prior
3358 3382 3638 3457 nullaque
3668 3381 3729 3438 in
3759 3397 3822 3439 re
3844 3398 3883 3438 a

2172 3477 2380 3536 nostris
2412 3475 2735 3542 lacessitus,
2767 3474 3032 3533 ordinem
3066 3472 3325 3543 offendit,
3358 3471 3592 3530 Petrum
3640 3468 3880 3528 Damia-

2170 3584 2335 3640 num,
2360 3568 2763 3641 integramque
2789 3571 3117 3623 sanctorum
3133 3563 3423 3620 cohortem
3449 3577 3524 3619 ex
3549 3559 3676 3633 ejus
3690 3558 3885 3617 Fastis

2168 3660 2378 3732 delere,
2409 3668 2581 3734 atque
2619 3657 2871 3727 eradere,
2903 3656 3159 3732 adeoque
3202 3653 3556 3728 praecipuam
3588 3651 3712 3724 ejus
3744 3650 3876 3721 glo-

2169 3751 2314 3808 riam
2344 3749 2696 3818 subvertere,
2732 3764 2798 3806 ac
2825 3747 3002 3805 decus
3030 3761 3203 3804 omne
3232 3743 3584 3819 pessundare
3609 3745 3876 3800 conatus.

2168 3837 2330 3909 Quod
2354 3837 2587 3911 quidem
2606 3835 3034 3910 praejudicium,
3054 3840 3120 3892 ut
3136 3833 3458 3903 uos,debita
3487 3829 3883 3889 moderatione

2168 3931 2414 3995 servata,
2445 3922 2821 3982 toleravimus
2847 3941 2863 3994 ;
2890 3923 2969 3982 ita
3012 3938 3247 3997 aequum
3299 3921 3490 3991 fuerit,
3536 3919 3707 3978 illum
3748 3919 3881 3992 pari

2162 4016 2295 4089 jure
2341 4012 2627 4087 modoque
2678 4010 2981 4071 nobiscum
3024 4026 3210 4085 agere,
3239 4027 3346 4070 nec
3382 4009 3663 4085 gravatim
3704 4007 3877 4080 ferre,

2170 4106 2323 4184 quod
2368 4104 2808 4165 Camaldulense
2843 4104 2996 4163 Petri
3032 4104 3299 4164 Damiani
3331 4101 3686 4171 institutum,
3721 4115 3879 4174 prte-

2171 4198 2320 4257 senti
2391 4197 2808 4269 dissertatione,
2846 4204 2970 4255 tum
3037 4196 3283 4270 propriis
3347 4192 3704 4269 argumentis
3781 4207 3879 4251 as-

2172 4298 2384 4359 truere,
2421 4295 2544 4345 tum
2590 4303 2624 4344 a
2668 4286 2915 4359 singulis
2969 4287 3093 4359 ejus
3153 4284 3465 4359 scrupulis,
3525 4281 3883 4357 objectisque

2169 4377 2465 4437 vindicare
2531 4377 2809 4446 nitamur,
2868 4382 2933 4433 ut
2979 4382 3146 4444 sarta,
3210 4380 3469 4448 tectaque
3518 4373 3593 4431 sit
3664 4377 3883 4429 nostrae

2173 4465 2468 4539 religionis
2520 4464 2707 4539 gloria
2759 4478 2892 4539 quae
2941 4463 3003 4521 in
3065 4463 3230 4522 Petro
3282 4464 3585 4533 Damiano,
3637 4460 3883 4534 ejusque

2175 4555 2547 4614 sectatoribus
2587 4553 2977 4614 celeberrimis
3017 4553 3384 4628 potissimum
3430 4551 3658 4622 emicat,
3697 4555 3883 4623 utque.

2174 4653 2253 4703 tot
2303 4642 2622 4703 illustrium
2668 4642 3033 4716 scriptorum,
3080 4643 3183 4718 qui
3238 4643 3538 4701 nobiscum
3595 4639 3878 4709 sentiunt,

2172 4752 2653 4812 summorumque
2679 4735 2851 4794 etiam
2873 4734 3213 4808 pontiﬁcum
3236 4736 3396 4808 (quos
3423 4749 3476 4794 c.
3504 4732 3558 4803 6,
3593 4744 3759 4789 num.
3788 4730 3878 4802 19,

2171 4823 2496 4896 citabimus)
2544 4840 2610 4881 ac
2670 4838 2845 4881 sacrae
2901 4822 3146 4880 [lituum
3202 4818 3683 4895 congregationis,
3739 4833 3879 4890 quae

2173 4913 2324 4973 Petri
2378 4913 2642 4972 Damiani
2684 4914 2755 4970 ad
2806 4913 2959 4971 diem
2999 4912 3070 4970 ‘22
3110 4913 3431 4984 Februarii,
3474 4926 3540 4969 ac
3587 4907 3878 4969 Dominici

2172 5000 2421 5060 Loricati
2466 5001 2592 5074 ejus
2627 5000 2897 5073 discipuli
2937 5000 3007 5059 ad
3060 5000 3121 5058 17
3159 4999 3438 5072 Octobris,
3468 4997 3651 5056 officia
3681 4996 3873 5057 ordini

2171 5102 2365 5152 nostro
2395 5093 2687 5151 recitanda
2714 5091 2977 5164 indulsit,
3014 5092 3532 5167 prudentissimum
3560 5089 3873 5164 judicium,

2171 5199 2290 5243 uno
2318 5183 2635 5255 eodemque
2663 5197 2832 5255 opere
2858 5197 3305 5258 propugnemus.

2243 5271 2369 5331 VII.
2401 5271 2472 5329 Et
2508 5269 2775 5345 quamvis
2811 5271 2953 5329 dum
2998 5271 3124 5329 haec
3152 5270 3261 5328 sub
3304 5267 3459 5343 prelo
3494 5273 3704 5339 essent,
3740 5267 3876 5329 bre-

2173 5364 2264 5423 vis
2312 5361 2573 5437 apologia
2619 5360 2814 5420 Italico
2866 5377 3127 5421 sermone
3182 5361 3390 5433 scripta
3434 5359 3728 5434 prodierit,
3774 5376 3878 5434 pro

2176 5451 2231 5511 S.
2267 5451 2425 5509 Petro
2475 5450 2774 5523 Damiano,
2806 5452 3115 5509 adversum
3162 5449 3433 5506 eumdem
3488 5448 3877 5509 Laderchium

2174 5539 2713 5599 Camaldulensibus
2746 5538 3112 5604 vindicando,
3142 5543 3373 5595 auctore
3401 5536 3668 5611 Philippo
3696 5536 3877 5599 Maria

2173 5628 2558 5690 Macchiarelli
2628 5630 2865 5690 eremita
2915 5626 3342 5688 Camaldulensi
3417 5628 3878 5703 congregationis
