4034 6464
125 283 189 340 2i

1019 280 1598 342 PROLEGOMENA.
1642 313 1709 323 —
1747 281 1842 340 DE
1881 280 2286 341 INSTITUTO
2324 280 2758 341 CAMALDUL.

3571 286 3643 344 22

127 405 339 467 Montis
379 406 648 479 Coronae,
681 407 783 482 qui
822 423 884 466 se
928 407 1182 482 primum
1227 407 1497 467 omnium
1544 406 1702 466 Petri
1733 406 1847 466 Da-
1867 411 2029 471 Atur
2066 406 2237 466 illum
2266 407 2451 467 nobili
2488 407 2663 482 stirpe
2692 407 3061 481 progenitum
3094 414 3269 482 atque
3297 408 3639 482 religiosum

130 497 313 557 miani
366 495 688 567 vindicem,
724 512 853 570 pag.
887 495 944 568 9,
978 495 1286 554 arbitratus
1326 501 1410 553 est
1447 494 1637 571 (quasi
1690 511 1847 555 unus

127 587 268 661 ipse,
321 585 554 644 caeteris
602 583 938 658 consopitis,
996 585 1068 642 ad
1118 583 1339 643 ordinis
1399 584 1576 644 totius
1627 601 1843 659 propu-

128 677 469 751 gnationem
506 675 857 749 evigilasset)
892 675 1046 749 quod
1081 674 1390 748 ignoraret,
1427 675 1580 733 hanc
1613 675 1686 732 ab
1715 673 1847 732 aliis

127 764 495 840 provinciam
554 764 783 823 dudum
836 770 1191 837 occupatam,
1251 780 1326 822 ex
1375 764 1590 837 quibus
1647 769 1846 822 auctor

127 855 354 927 Dialogi
413 852 694 926 Sejanum
736 852 890 910 inter
946 859 1001 910 et
1047 852 1352 912 Bullinum
1399 852 1457 910 id
1506 852 1714 927 lepide,
1746 851 1845 909 sed

124 960 370 1003 nervose
413 943 537 1017 jam
582 942 873 1018 praestitit;
920 948 987 1001 ut
1028 942 1177 1000 nihil
1230 942 1418 1000 dicam
1456 942 1526 999 de
1574 941 1845 1015 praesenti

124 1034 541 1095 Dissertatione
612 1040 752 1093 tunc
796 1032 1034 1091 editioni
1064 1032 1353 1107 proxima,
1383 1048 1630 1106 quaeque
1670 1032 1719 1090 si
1747 1039 1847 1090 aut

125 1125 309 1184 tribus
356 1122 574 1182 foliolis
603 1122 684 1197 (ut
712 1120 1066 1180 Machiarclli
1106 1122 1403 1195 Apologia)
1435 1122 1846 1195 comprehendi

122 1213 427 1290 potuisset,
485 1219 582 1271 aut
638 1212 912 1288 reliquas,
972 1211 1186 1284 quibus
1242 1212 1645 1287 conjungenda
1704 1218 1844 1283 erat,

126 1321 239 1364 non
270 1310 681 1378 exspectasset,
719 1301 922 1376 utique
972 1300 1222 1361 auctoris
1258 1303 1437 1375 hujus
1467 1318 1583 1361 non
1616 1319 1851 1376 operam

126 1394 312 1467 modo,
366 1393 469 1451 sed
525 1399 749 1464 votum,
805 1396 862 1449 et
913 1390 1318 1466 cogitationem
1377 1392 1700 1465 przevenire
1755 1392 1853 1450 de-

125 1485 365 1554 buerat,
422 1480 713 1556 quamvis,
768 1480 1030 1555 inquam,
1098 1480 1488 1541 Macchiarelli
1566 1480 1847 1555 Apologia

126 1582 388 1632 nostram
439 1572 590 1630 hanc
642 1570 1101 1629 dissertationem
1151 1571 1526 1646 praecesserit,
1569 1586 1738 1645 aeque
1781 1586 1847 1628 ac

130 1662 325 1737 Seiani
365 1670 422 1722 et
456 1661 677 1723 Bullini
708 1661 981 1736 Dialogus
1023 1662 1148 1736 jam
1200 1662 1425 1732 citatus,
1457 1661 1846 1720 nihilominus

1927 497 2128 558 fuisse.
2168 496 2251 556 De
2292 514 2359 557 eo
2400 503 2586 556 exstat
2641 497 2897 570 elogium
2944 498 3348 571 hujuscemodi
3403 518 3417 556 :
3464 500 3637 559 Anno

1930 585 2088 656 1000,
2147 594 2399 660 emptum
2450 592 2535 644 est
2582 585 2899 645 aedilicium
2947 585 3125 644 eremi
3182 586 3484 646 Avellanae
3528 587 3639 648 sub

1927 674 2116 733 Catria
2162 692 2195 733 a
2238 674 2601 749 Candulpho,
2642 673 2766 733 sive
2812 674 3143 749 Ludulpho,
3175 675 3515 748 simpliciter
3553 692 3642 735 ca-

1926 762 2078 836 pella
2121 771 2177 821 et
2232 763 2429 823 casula
2479 764 2552 821 ad
2599 763 2956 822 Arianorum
3011 772 3223 822 sectam
3279 764 3633 836 fugiendam.

1929 849 2146 910 Verum
2201 853 2497 911 enimvero
2555 867 2689 909 cum
2744 850 2961 909 Ariana
3012 853 3206 925 pestis,
3258 870 3390 926 quae
3440 854 3639 913 Eccle-

1927 942 2070 1000 siam
2115 942 2326 1002 Christi
2377 959 2601 1003 annum
2648 941 2874 1001 circiter
2920 942 3024 1002 3'20
3056 943 3396 1003 labefactare
3442 947 3635 1020 coepit,

1918 1032 2265 1107 jampridem
2314 1039 2447 1092 ante
2485 1048 2711 1092 annum
2752 1033 3138 1092 millesimum
3178 1035 3465 1094 exstincta
3510 1037 3637 1095 fue-

1925 1124 2017 1193 rit,
2070 1139 2177 1182 nos
2230 1139 2357 1181 eam
2423 1123 2864 1181 asdilicationem
2942 1122 3112 1196 longe
3181 1133 3313 1181 ante
3385 1132 3640 1199 tempora

1923 1212 2105 1271 sancti
2160 1211 2342 1270 Patris
2391 1211 2706 1270 Romualdi
2757 1212 2967 1270 factam
3024 1213 3203 1271 fuisse
3255 1212 3404 1271 nihil
3455 1213 3637 1272 ambi-

1923 1304 2139 1377 gimus.
2176 1324 2204 1357 »

1994 1391 2067 1450 ΙΙ.
2113 1391 2266 1451 Tum
2315 1392 2399 1450 sic
2460 1390 2830 1466 prosequitur
2885 1414 2898 1448 :
2956 1414 2981 1442 α
3042 1390 3217 1451 Porro
3264 1393 3636 1470 Ludulphus,

1927 1480 2050 1539 sive
2127 1488 2518 1556 persecutores
2598 1479 2850 1557 fugiens,
2915 1480 3039 1538 sive
3116 1482 3636 1556 peregrinationem

1926 1586 2062 1631 cum
2118 1573 2368 1647 quodam
2413 1588 2519 1631 suo
2563 1570 2680 1630 fido
2720 1571 2873 1630 socio
2917 1571 3121 1629 obiens
3163 1572 3500 1646 ubicunque
3539 1588 3640 1645 per

1929 1662 2105 1720 silvas
2138 1670 2193 1719 et
2223 1660 2404 1720 valles
2452 1662 2647 1721 locum
2695 1659 3007 1718 eremiticee
3054 1660 3189 1719 vitae
3226 1661 3501 1720 idoneum
3546 1661 3639 1720 in-

128 1753 285 1814 baud
332 1753 416 1812 ita
471 1758 883 1825 argumentum
920 1752 1287 1840 exhaustum
1344 1752 1529 1823 video,
1579 1758 1644 1809 ut
1697 1765 1911 1840 mete-B
1935 1750 2173 1823 veniret,
2203 1750 2417 1810 dubius
2474 1759 2594 1809 erat
2639 1765 2713 1809 an
2745 1749 2828 1807 ibi
2861 1749 3085 1808 sisteret
3133 1756 3187 1808 et
3235 1749 3640 1823 peregrinandi

128 1842 346 1917 pariter
405 1841 795 1901 lucubrationi
850 1839 1085 1900 relictus
1145 1839 1306 1898 locus
1358 1855 1476 1899 non
1534 1839 1654 1911 sit,
1714 1839 1849 1897 licet

132 1933 315 1992 multa
362 1933 562 1993 futura
607 1932 725 1991 sint
767 1931 914 1989 mihi
964 1946 1099 1989 cum
1140 1928 1265 2002 illo,
1299 1935 1355 1989 et
1400 1945 1536 1988 cum
1580 1928 1852 2002 praedicto

133 2022 462 2097 dialogista,
503 2022 824 2080 necessaria
876 2019 1226 2091 communia,
1260 2019 1324 2077 in
1372 2020 1627 2094 ejusdem
1670 2018 1852 2092 siqui-

138 2117 270 2175 dem
308 2130 504 2174 causze
536 2112 805 2188 praesidio
842 2109 1238 2170 laborantibus
1285 2126 1406 2169 non
1455 2116 1698 2183 possunt
1734 2125 1851 2167 non

138 2206 335 2266 eadem
422 2208 727 2263 occurrere
798 2207 1165 2275 argumenta,
1222 2216 1300 2259 ex
1356 2200 1563 2258 iisdem
1620 2198 1855 2258 sedibus

137 2295 403 2365 deducta,
436 2292 771 2367 eaedemque
814 2290 1065 2350 rationes
1107 2306 1182 2350 ex
1230 2288 1437 2348 iisdem
1462 2287 1723 2347 fontibus
1753 2289 1852 2346 de-

136 2384 362 2443 rivatze.
392 2381 558 2453 Quod
612 2381 851 2455 quidem
908 2379 1170 2439 veritatis
1236 2376 1523 2436 indicium
1577 2377 1855 2450 praesumi

138 2474 326 2543 debet,
356 2472 556 2547 plures
584 2472 763 2543 enim,
794 2469 896 2546 qui
919 2487 950 2528 e
970 2469 1214 2530 diversis
1238 2468 1527 2542 longoque
1549 2465 1856 2525 intervallo

138 2564 359 2623 dissitis
430 2561 769 2636 regionibus
830 2559 1161 2632 scribentes,
1197 2575 1302 2618 sua
1357 2558 1610 2617 invicem
1666 2556 1857 2616 studia

139 2671 251 2714 non
299 2650 884 2722 communicaverint,
919 2667 1039 2710 non
1064 2655 1299 2725 possent
1331 2649 1504 2709 simul
1550 2650 1615 2707 in
1651 2648 1856 2706 iisdem

142 2746 323 2804 ferme
399 2741 705 2816 principiis
759 2739 1093 2813 convenire,
1153 2739 1272 2798 nisi
1325 2738 1585 2797 veritatis
1638 2737 1852 2808 unitas,

141 2854 196 2906 ia
232 2834 581 2904 constantia,
614 2848 749 2906 quae
785 2832 964 2891 simili
994 2831 1209 2907 ubique
1238 2846 1376 2889 voce
1418 2829 1698 2903 loquitur,
1722 2844 1856 2887 sen-

145 2927 460 2985 tentiarum
493 2923 919 2996 verborumque
949 2936 1300 2981 consensum
1329 2921 1401 2980 ab
1430 2919 1667 2980 illorum
1706 2936 1853 2994 quo-

144 3017 276 3076 libet
306 3021 703 3091 extorqueret.

848 3084 1092 3143 CAPUT
1120 3084 1195 3142 II.

144 3181 528 3237 Avellanensis
586 3179 750 3233 erant
807 3162 1135 3239 exordium:
1165 3179 1216 3231 et
1264 3178 1537 3232 institutio
1586 3193 1620 3231 a
1661 3177 1721 3234 S.
1784 3179 1846 3232 P.

653 3248 954 3307 Romualdo
983 3248 1306 3319 dependens.

146 3340 450 3401 SYNOPSIS.
481 3370 551 3381 —
576 3336 875 3396 Avellanze
903 3337 1065 3409 origo
1092 3351 1180 3409 ex
1215 3334 1512 3409 Fortunio,
1546 3351 1710 3409 n_u_m.
1747 3336 1767 3393 1
1801 3342 1857 3394 et

211 3414 265 3488 2,
298 3413 371 3471 In
416 3410 961 3488 ejusnarrationem
997 3406 1457 3488 animadversio,
1491 3406 1857 3488 3._‘Mo_naste-

214 3485 373 3543 rium
417 3478 720 3541 Avellanze
749 3479 899 3539 circa
928 3494 1154 3538 annum
1206 3478 1418 3537 Christi
1446 3478 1854 3537 millesimum

214 3556 549 3614 institutum
604 3551 960 3622 ostenditur,
1014 3551 1068 3607 4.
1096 3552 1191 3623 An
1233 3549 1298 3623 Β.
1344 3550 1693 3623 Ludulphus
1742 3549 1855 3623 loci

212 3635 416 3685 auctor
463 3624 709 3697 Arianos
758 3621 1029 3697 fugeret?
1058 3623 1119 3697 5._
1146 3621 1203 3697 SA.
1237 3621 1651 3697 Romualdnm,
1665 3621 1854 3697 etiam

213 3696 549 3769 Mabillonii
584 3692 932 3769 testimonio,
972 3693 1125 3769 apud
1151 3693 1505 3769 Avellanam
1543 3692 1853 3769 habitasse,

214 3770 269 3829 6.
328 3769 471 3842 Ejus
504 3763 952 3842 habitationem
969 3763 1192 3842 _,'ap_ud_
1246 3764 1497 3842 Catrigm
1547 3763 1855 3842 de__Sit_ria

213 3836 623 3916 exponendam
651 3852 937 3916 non_esse,
969 3839 1023 3916 7._
1054 3836 1145 3894 Ex
1176 3836 1661 3916 ips-iusnFortunii
1689 3836 1856 3916 prin-

212 3907 409 3987 cipiis
434 3910 732 3987 Avellan_£e
776 3907 1219 3987 institutionem
1256 3907 1323 3966 D.
1354 3907 1709 3987 _Romualdo'
1743 3908 1855 3987 tri-

215 3979 537 4053 buendam,
564 3982 616 4041 8.
648 3979 888 4040 Thomze
917 3979 1084 4053 Minii
1116 3981 1177 4037 in
1210 3979 1469 4053 eamdem
1511 3980 1856 4053 sententiam

214 4050 585 4131 suﬁragium,
614 4053 674 4131 9.
697 4052 985 4131 Ludovici
1028 4050 1295 4131 Jacobilli
1335 4051 1684 4131 auctoritate
1698 4050 1856 4131 idem

217 4122 625 4196 conﬁrmatur,
662 4125 744 4183 10.
776 4125 918 4182 Item
950 4124 1094 4183 Julii
1123 4122 1418 4196 Ambrosii
1447 4122 1857 4196 Luceutiical-

214 4200 354 4259 culo
401 4193 617 4256 eadem
640 4196 852 4255 veritas
896 4196 1182 4265 munitur,
1220 4196 1302 4253 ll.
1336 4193 1556 4252 Certior
1598 4194 1740 4252 anni
1765 4193 1860 4251 de-

217 4269 576 4342 terminatio,
610 4284 726 4343 quo
756 4267 880 4325 haec
902 4267 1269 4340 contigerint,
1306 4265 1391 4326 12.

213 4362 263 4422 Ι.
305 4362 481 4420 Nunc
514 4367 579 4419 ut
617 4376 741 4418 rem
784 4359 970 4433 ipsam
1005 4358 1243 4432 prOpius
1281 4358 1652 4430 attingamus,
1686 4355 1862 4431 paulo

148 4452 329 4513 altius
375 4450 687 4526 repetenda
731 4456 818 4507 est
858 4449 1215 4520 monasterii,
1255 4448 1377 4507 sive
1423 4447 1603 4505 eremi
1645 4444 1703 4504 S.
1744 4446 1862 4503 An-

149 4545 306 4603 dreae
356 4546 534 4617 (nunc
579 4541 638 4601 S.
672 4540 886 4612 Crucis)
918 4540 1115 4599 Fontis
1152 4538 1470 4611 Avellante,
1504 4538 1608 4596 ubi
1659 4537 1863 4597 Petrus

148 4632 491 4705 Damianus,
524 4630 1014 4704 quemadmodum
1058 4631 1116 4687 in
1170 4629 1296 4701 ejus
1347 4627 1476 4685 Vita
1523 4628 1597 4686 ab
1639 4627 1863 4687 Joanne

150 4724 341 4799 ipsius
374 4720 662 4794 discipulo
715 4736 781 4778 ac
824 4719 1102 4778 familiari
1129 4718 1301 4789 edita,
1339 4734 1462 4793 cap.
1488 4718 1543 4787 4,
1574 4722 1861 4787 narratur,

152 4813 547 4875 monasticum
606 4812 838 4869 schema
907 4808 1120 4879 induit,
1184 4807 1490 4868 institutio.
1551 4805 1866 4865 Fortunius

153 4911 352 4963 noster
400 4900 552 4959 Hist.
609 4896 888 4970 Camald.,
932 4904 1090 4971 parte
1140 4910 1202 4970 II,
1234 4896 1337 4957 lib.
1368 4912 1427 4968 v,
1458 4912 1579 4969 cap.
1614 4896 1669 4967 5,
1696 4895 1766 4952 de
1802 4909 1867 4951 ea

154 4994 237 5053 sic
284 4992 590 5067 loquitur:
649 5010 675 5042 «
721 4989 830 5060 Qui
879 4987 951 5046 de
994 4986 1217 5061 origine
1263 4983 1617 5047 venerabilis
1665 4983 1865 5054 eremi,

154 5099 257 5142 seu
318 5080 575 5141 ccenobii
626 5078 849 5139 Sanctae
916 5077 1113 5136 Crucis
1162 5074 1463 5133 Avellanze
1515 5074 1868 5133 mentionem

154 5173 400 5244 faciunt,
420 5171 495 5240 ,hi
528 5186 649 5229 rem
678 5166 1006 5242 Ludulpho,
1035 5166 1158 5224 sive
1183 5164 1525 5238 Candulpho
1547 5162 1865 5233 ascribunt,

157 5264 257 5341 qui
288 5264 402 5325 fuit
435 5262 530 5321 vir
558 5258 893 5320 innocentia
936 5254 1220 5329 singulari
1245 5255 1633 5329 operibusque
1660 5252 1871 5311 sanctis

157 5340 536 5422 clarissimus,
564 5365 669 5424 pro
719 5348 933 5421 quibus
974 5344 1184 5404 meruit
1221 5343 1291 5401 ad
1322 5343 1648 5402 cathedram
1676 5340 1870 5399 Eccle-

158 5444 258 5503 siae
304 5441 642 5518 Eugubinae
699 5437 1057 5512 promoveri,
1112 5450 1331 5492 annum
1387 5432 1459 5491 ab
1510 5432 1633 5506 ipsa
1678 5447 1872 5489 eremo

161 5535 388 5595 condita
440 5532 671 5591 circiter
719 5527 1095 5599 trigesimum.
1131 5523 1543 5581 Verumtamen
1582 5538 1786 5594 genus,
1820 5530 1875 5579 et

163 5625 555 5686 conditionem
596 5618 932 5694 primariam
978 5616 1244 5689 designat
1296 5631 1505 5686 nemo;
1553 5615 1650 5672 sed
1691 5612 1875 5672 credi-

1931 1839 2112 1897 linem
2176 1839 2405 1897 faceret.
2459 1838 2608 1898 Cum
2662 1853 2797 1896 vero
2850 1836 3061 1896 nullibi
3116 1836 3271 1895 viam
3332 1838 3640 1897 oblirmare

1930 1945 2097 2002 posse
2152 1928 2469 2001 videretur,
2511 1928 2752 2001 contigit
2802 1926 2971 1987 illum
3012 1943 3117 2001 per
3153 1927 3452 2000 Apennini
3498 1928 3640 2003 juga

1933 2016 2042 2074 iter
2097 2016 2423 2089 facientem,
2454 2017 2527 2075 ad
2587 2016 2779 2075 locum
2833 2007 3142 2089 quemdam
3195 2030 3493 2073 amoenum
3544 2018 3637 2073 ar-

1931 2113 2117 2166 cuata:
2154 2106 2342 2177 vallis,
2385 2120 2518 2178 quae
2566 2104 2675 2163 sita
2721 2110 2806 2161 est
2850 2103 3002 2161 inter
3047 2102 3420 2162 densissimas
3464 2105 3642 2164 silvas

1933 2197 2086 2255 inter
2120 2201 2377 2254 montem
2410 2193 2616 2251 Catrize
2645 2199 2700 2250 et
2737 2191 2931 2263 Corni,
2964 2191 3325 2250 descendere.
3360 2191 3471 2251 Ubi
3499 2193 3642 2251 dum

1935 2286 2184 2357 sisteret,
2250 2284 2383 2359 plus
2449 2281 2613 2340 solito
2680 2280 2890 2339 laboris
2945 2280 3155 2338 itinere
3205 2280 3514 2356 fatigatus,
3569 2284 3642 2342 ad

1936 2377 2176 2446 fontem,
2201 2374 2303 2448 qui
2355 2371 2647 2446 plurimus
2695 2369 2768 2428 ad
2817 2368 3037 2427 radices
3080 2368 3496 2429 Avellanarum
3546 2388 3641 2430 ar-

1936 2466 2145 2524 borum
2199 2461 2567 2528 scaturiebat,
2601 2465 2657 2517 et
2707 2465 2940 2533 sumpto
2987 2459 3134 2530 cibo,
3175 2475 3311 2517 cum
3372 2461 3645 2519 nonnihil

1936 2555 2128 2615 somni
2158 2569 2359 2626 capere
2386 2550 2668 2624 coapisset,
2701 2565 2819 2607 vox
2858 2548 3088 2607 coelitus
3121 2549 3192 2606 ad
3222 2549 3394 2607 illum
3431 2551 3640 2624 hujus-

1937 2644 2094 2704 modi
2124 2644 2270 2703 facta
2299 2649 2385 2700 est
2423 2666 2435 2700 :
2495 2639 2825 2712 Ludulphe,
2865 2638 2962 2695 hic
2993 2637 3095 2695 tibi
3122 2638 3400 2695 habitatio
3428 2648 3640 2713 parata,

1931 2738 2054 2810 jam
2093 2735 2327 2794 tandem
2376 2732 2557 2791 labori
2598 2730 2825 2789 itineris
2864 2744 3050 2802 parce.
3079 2727 3192 2797 Qui
3228 2744 3488 2801 surgens,
3525 2730 3642 2790 Deo

1935 2825 2147 2899 gratias
2202 2838 2399 2895 agens,
2431 2820 2706 2894 capellam
2761 2823 2816 2876 et
2870 2816 3150 2887 casulam,
3178 2822 3245 2875 ut
3277 2815 3502 2875 dictum
3534 2826 3638 2892 est,

1936 2914 2085 2973 inibi
2125 2913 2198 2972 ad
2250 2912 2531 2969 honorem
2571 2907 2755 2966 sancti
2801 2906 3052 2966 Andreae
3098 2906 3341 2980 apostoli
3384 2906 3639 2980 primum

1939 3003 2150 3078 posuit,
2184 3002 2554 3075 inditumque
2606 3000 2727 3059 loco
2764 3005 2849 3059 est
2884 3013 3099 3057 nomen
3148 2996 3347 3055 Fontis
3373 2997 3643 3058 Avellani

1935 3112 1969 3152 a
2000 3096 2154 3152 fonte
2191 3099 2526 3163 memorato,
2569 3106 2753 3165 usque
2781 3090 2843 3148 in
2873 3088 3221 3147 hodiernum
3261 3087 3434 3146 diem.
3469 3089 3644 3149 Porro

1936 3184 2305 3257 Ludulphus,
2350 3179 2690 3254 aliquandiu
2743 3179 2956 3252 degens
3014 3177 3181 3251 quasi
3228 3177 3580 3252 incognitus,
3610 3195 3645 3238 a

1935 3272 2262 3346 pastoribus
2314 3268 2575 3343 proditus
2620 3276 2725 3339 est,
2758 3275 2815 3324 et
2869 3265 2941 3324 ad
2996 3265 3377 3339 episcopalem
3443 3267 3642 3325 cathe-

1936 3365 2099 3422 dram
2155 3359 2483 3434 Eugubinze
2536 3356 2827 3429 Ecclesiae,
2861 3355 2923 3414 in
2980 3356 3148 3430 cujus
3197 3355 3431 3414 ditecesi
3482 3358 3642 3415 locus

1937 3460 2041 3523 est,
2084 3457 2359 3509 attractus
2417 3447 2626 3506 deinde
2678 3445 2920 3504 omnino
2977 3444 3216 3505 invitus.
3253 3444 3643 3515 Quamobrem

1937 3554 2170 3600 eremus
2199 3552 2306 3595 sua
2332 3534 2635 3605 Avellana,
2669 3532 2742 3592 ob
2788 3532 3174 3607 frequentiam
3224 3532 3643 3606 discipulorum

1935 3630 2000 3688 in
2046 3626 2271 3686 celebre
2314 3622 2651 3682 cmnobium
2700 3636 2888 3693 versa,
2920 3622 3074 3695 quod
3124 3628 3356 3696 propter
3393 3622 3644 3682 auctoris

1935 3710 2341 3773 incredibilem
2379 3707 2665 3767 columbae
2718 3707 3168 3782 simplicitatem,
3200 3708 3367 3767 titulo
3423 3707 3644 3767 ordinis

1937 3802 2235 3862 Columbae
2275 3798 2647 3873 insignitum,
2679 3797 2847 3856 illum
2894 3797 2985 3855 vel
3037 3812 3224 3870 usque
3267 3796 3340 3854 ad
3386 3801 3643 3871 tempora

1937 3893 2182 3953 Danthis
2208 3898 2388 3965 poetae
2417 3888 2645 3947 Etrusci
2674 3887 2934 3958 retinuit,
2966 3909 2988 3939 ι
3023 3893 3127 3946 etc.

2009 3991 2113 4050 III.
2144 3990 2213 4048 In
2252 4004 2367 4064 qua
2405 3987 2734 4046 narratione
2770 3984 2958 4060 primo
2986 3984 3409 4045 advertendum
3442 4000 3646 4045 occur-

1938 4084 2014 4142 rit
2047 4081 2224 4140 nimis
2252 4078 2577 4138 inconsulte
2608 4095 2642 4136 a
2670 4076 2949 4137 Fortunio
2977 4076 3138 4137 velut
3165 4075 3483 4136 indubium
3506 4092 3645 4151 sup-

1939 4171 2079 4247 poni
2102 4170 2255 4246 quod
2283 4166 2687 4228 Avellanensis
2715 4166 2895 4225 eremi
2928 4164 3216 4224 institutio
3244 4164 3304 4225 S.
3335 4165 3649 4225 Romualdi

1944 4259 2297 4334 temporibus
2328 4257 2497 4331 longe
2545 4255 2796 4314 anterior
2849 4253 3044 4325 fuerit,
3073 4269 3147 4311 ex
3172 4270 3287 4329 quo
3313 4254 3650 4328 epigraphes

1943 4352 2015 4410 ab
2044 4351 2169 4424 ipso
2192 4348 2364 4407 allata
2394 4345 2628 4404 Arianae
2658 4351 2826 4403 sectae
2855 4342 3080 4417 pridem
3120 4344 3420 4403 exstinctae
3450 4345 3650 4417 fugam

1947 4439 2260 4511 Ludulpho
2312 4434 2422 4494 loci
2473 4433 2755 4493 conditori
2812 4431 3099 4491 ascribere
3155 4432 3438 4492 videatur.
3501 4432 3651 4491 Cum

1875 4506 1925 4565 D
1948 4529 2103 4588 enim
2131 4506 2446 4599 utrumque
2489 4523 2699 4581 diserte
2729 4520 3049 4580 aﬂirmetur
3086 4520 3149 4578 in
3191 4519 3296 4578 illo
3325 4519 3530 4593 elogio,
3562 4521 3653 4580 vi-

1945 4620 2151 4679 delicet
2198 4625 2320 4676 tum
2371 4613 2689 4674 aediﬁcium
2728 4612 2908 4671 eremi
2946 4610 3246 4670 Avellanae
3274 4628 3307 4667 a
3342 4610 3654 4684 Ludulpho

1947 4719 2200 4786 emptum
2230 4724 2382 4767 anno
2413 4705 2746 4775 millesimo,
2782 4709 2906 4761 tum
2951 4701 3021 4759 ad
3070 4699 3421 4759 Arianorum
3444 4706 3656 4757 sectam

1947 4800 2297 4875 fugiendam,
2326 4797 2388 4855 id
2436 4798 2652 4854 factum
2701 4808 2841 4851 esse.
2885 4792 3025 4861 Quae
3076 4790 3191 4847 duo
3243 4788 3497 4848 invicem
3538 4803 3656 4847 non

1948 4891 2236 4950 cohaerere
2270 4892 2464 4946 noster
2493 4883 2801 4943 historicus
2830 4881 3161 4951 arbitratur,
3196 4877 3490 4952 reliquum
3515 4883 3653 4947 erat,

1950 4989 2014 5041 ut
2066 4978 2294 5038 cautius
2332 4975 2682 5048 expenderet
2714 4977 2910 5030 utrum
2948 4984 3024 5027 ex
3063 4968 3155 5026 bis
3195 4965 3657 5027 commentitium

1953 5075 2222 5144 putaret;
2269 5065 2623 5139 primumne,
2670 5060 2825 5136 quod
2879 5057 3208 5117 innumeris
3257 5056 3388 5116 aliis
3445 5069 3659 5144 monu-

1952 5140 2165 5218 mentis
2215 5155 2632 5223 conﬁrmatur;
2675 5166 2771 5222 an,
2804 5147 3148 5217 secundum,
3181 5145 3333 5219 quod
3365 5158 3481 5201 non
3519 5140 3658 5212 alio,

1956 5264 2133 5325 quam
2160 5247 2352 5322 politae
2390 5243 2553 5303 illius
2582 5241 2993 5317 inscriptionis,
3027 5236 3349 5325 testimonio
3364 5231 3656 5325 _f_ulcitur;

1957 5322 2539 5414 deprehendissetque
2586 5349 2705 5391 non
2748 5330 2896 5390 illud
2933 5346 3005 5387 ex
3038 5329 3145 5386 hoc
3179 5329 3241 5384 in
3281 5322 3527 5383 dubium
3557 5338 3660 5382 v0-

1959 5424 2093 5497 cari,
2129 5427 2227 5486 sed
2258 5426 2365 5483 hoc
2392 5423 2581 5498 potius
2607 5438 2680 5479 ex
2708 5421 2812 5479 illo
2843 5418 3050 5490 corrigi
3083 5414 3372 5473 debuisse.

2032 5519 2130 5579 1V.
2185 5519 2496 5577 Enimvero
2545 5514 2693 5572 circa
2746 5526 2968 5572 annum
3021 5504 3231 5564 Christi
3284 5505 3665 5565 millesimum

1961 5617 2082 5682 (aut
2137 5615 2287 5668 certe
2356 5605 2526 5679 paulo
2577 5610 2744 5669 ante,
2805 5606 2865 5657 ut
2921 5595 3072 5653 infra
3131 5594 3670 5663 determinabimus)
