4034 6458
298 328 370 386 23
1216 317 1277 379 S.
1318 313 1609 376 PETRUS
1649 312 2042 373 DAMIANUS
2085 314 2144 375 S.
2188 316 2258 376 R.
2304 317 2371 376 Ε.
2412 316 2898 378 CARDINALIS.
3740 317 3811 377 24

302 467 524 512 sacram
551 449 854 509 Avellanae
899 446 1137 505 domum
1190 456 1390 501 revera
1429 443 1818 498 constructam
1863 436 2083 499 fuis-A
2167 434 2265 494 VI.
2313 435 2597 509 Secundo,
2646 440 2710 497 in
2762 428 2964 497 eadem
3011 440 3274 499 Fortunii
3324 440 3655 499 narratione
3703 441 3812 500 ob-

309 560 404 613 se,
461 558 570 600 nec
619 540 690 598 ad
750 536 1105 596 Arianorum
1149 532 1362 591 saecula
1412 529 1538 601 ejus
1590 526 2015 586 institutionem

307 631 510 691 referri
552 644 740 704 posse,
771 633 989 685 constat
1039 630 1164 682 tum
1197 638 1272 680 ex
1300 621 1426 695 ipso
1476 617 1544 676 B.
1580 615 1893 689 Ludulpho
1942 614 2016 673 il-

308 723 429 781 lius
458 718 636 779 eremi
671 717 997 785 fundatore,
1025 711 1126 785 qui
1156 726 1310 769 anno
1356 705 1492 767 1009
1530 705 1601 763 ad
1634 705 2015 778 Euguhinum

311 812 700 886 episcopatum
738 812 938 879 raptus
968 809 1073 873 est,
1106 800 1307 875 illique
1356 812 1507 854 anno
1561 793 1699 886 1012
1735 794 2013 886 nuntium

311 882 610 958 remittens
661 895 733 953 ad
788 909 953 952 suam
1006 901 1270 949 eremum
1324 900 1590 945 reversus
1635 883 1867 958 legitur,
1915 882 2019 940 ubi

312 987 672 1047 sanctissime
745 983 889 1042 obiit
933 982 1026 1038 die
1075 979 1146 1037 20
1198 975 1458 1035 Januarii
1519 972 1701 1042 1047;
1769 979 1890 1030 tum
1944 986 2018 1029 ex

314 1079 573 1154 ejusdem
612 1073 911 1146 Ludulphi
949 1067 1269 1143 discipulis,
1316 1065 1569 1154 Iuliano,
1599 1063 1715 1154 qui
1754 1077 2020 1154 eremum

313 1152 373 1227 in
415 1163 675 1224 absentia
711 1158 1010 1234 Ludulphi
1048 1157 1121 1215 ab
1163 1172 1317 1215 anno
1366 1152 1503 1214 1009
1548 1152 1620 1211 ad
1671 1152 1810 1212 1012
1844 1153 2016 1224 rexit,

314 1256 619 1328 eidemque
654 1253 714 1308 in
762 1252 1092 1325 episcopatu
1141 1245 1450 1319 Eugubino
1492 1243 1822 1315 succedens,
1853 1241 1947 1302 die
1984 1242 2018 1297 7

315 1346 453 1407 Maii
488 1344 624 1404 1032
653 1358 686 1400 e
709 1341 862 1401 vivis
905 1338 1186 1408 excessit;
1225 1335 1290 1394 B.
1324 1333 1591 1394 Guidone
1628 1334 1889 1405 Aretino,
1917 1333 2021 1407 qui

313 1452 466 1495 anno
501 1431 635 1492 1022
673 1445 845 1489 suum
874 1428 945 1486 de
975 1425 1201 1485 musica
1228 1424 1544 1499 Syntagma
1572 1439 1793 1483 novum
1826 1423 2018 1481 Theo-

314 1527 483 1586 daldo
534 1522 774 1582 Aretino
826 1520 1091 1594 episcopo
1142 1517 1448 1590 dedicavit,
1474 1524 1529 1575 et
1587 1530 1743 1574 anno
1798 1513 1935 1573 1030
1986 1529 2022 1572 a

313 1617 380 1677 B.
421 1613 734 1687 Ludulpho
784 1610 848 1668 in
903 1608 1310 1681 coadjutorem,
1361 1622 1464 1665 seu
1517 1604 1801 1664 vicarium
1846 1618 2022 1662 suum

316 1714 401 1765 est
444 1711 760 1780 cooptatus,
791 1702 885 1761 cui
922 1699 1094 1758 etiam
1129 1714 1283 1757 anno
1320 1697 1459 1757 1017
1496 1696 1558 1754 in
1590 1697 1848 1772 prioratu
1887 1713 2019 1756 suc-

2101 525 2456 586 servandum
2505 534 2591 587 est
2649 528 3094 601 praetermissam
3141 530 3215 589 ab
3254 531 3380 604 ipso
3425 531 3608 589 fuisse
3662 529 3813 589 insi-

2099 630 2275 690 gnem
2347 617 2839 676 circumstantiam
2864 661 2880 688 ,
2943 632 3119 694 quam
3188 617 3288 676 alii
3354 619 3657 693 scriptores
3708 632 3817 676 ex-

2100 721 2295 781 presse
2345 713 2564 776 notant,
2616 722 2826 782 nempe
2878 707 3258 782 Ludulphum
3302 709 3463 768 hunc
3509 709 3817 784 ipsiusmet

2105 797 2164 856 S.
2196 797 2260 855 P.
2293 796 2603 856 Romualdi
2635 798 2814 856 fuisse
2845 798 3216 872 discipulum,
3248 805 3303 857 et
3333 798 3406 858 ab
3438 799 3561 872 ipso
3599 797 3812 857 eremi-

2103 891 2233 949 ticaa
2271 889 2599 961 disciplinae
2637 888 2864 962 legibus
2901 889 3237 959 eruditum;
3294 889 3414 948 imo
3465 889 3527 947 in
3566 889 3818 962 ipsamet

2103 978 2434 1046 solitudine,
2485 977 2639 1050 apud
2712 976 2962 1036 Catriam
3036 977 3337 1052 Ludulphi
3399 993 3506 1051 ope
3561 978 3815 1036 excitata

2107 1066 2166 1127 S.
2211 1066 2275 1125 P.
2330 1065 2725 1124 Romualdum
2774 1082 3180 1137 commorasse,
3234 1073 3299 1125 ut
3354 1072 3552 1124 narrat
3608 1065 3817 1126 Petrus

2103 1159 2227 1233 ipse
2274 1158 2593 1218 Damianus
2643 1160 2708 1217 in
2764 1158 2891 1218 Vita
2934 1159 2993 1218 S.
3030 1158 3342 1218 Romualdi
3381 1174 3505 1232 cap.
3548 1159 3639 1231 19,
3681 1158 3812 1218 ibi:

2110 1273 2137 1301 «ι
2165 1249 2496 1324 Aliquando
2539 1253 2730 1309 autem
2770 1251 2862 1309 vir
2893 1255 3126 1310 sanctus
3167 1265 3286 1308 non
3319 1250 3490 1324 longe
3539 1250 3755 1309 mansit
3781 1265 3819 1308 a

2105 1336 2334 1408 Catria;
2367 1359 2396 1394 »
2428 1339 2531 1413 qui
2567 1337 2731 1397 locus
2767 1339 2838 1397 de
2877 1338 3229 1397 habitatione
3275 1338 3428 1411 apud
3469 1337 3820 1398 Avellanam

2106 1430 2420 1502 exponitur
2456 1445 2489 1487 a
2527 1429 2706 1487 variis
2748 1428 3098 1499 auctoribus,
3128 1444 3276 1502 quos
3300 1428 3453 1487 inter
3481 1428 3823 1487 Ludovicus

2105 1515 2423 1575 Jacobillus
2463 1516 2536 1575 de
2581 1516 2793 1574 sanctis
2835 1515 3112 1586 Umbriae,
3142 1531 3209 1574 ac
3244 1516 3498 1575 Joannes
3546 1515 3823 1575 Mabillo-

2107 1606 2245 1666 nius
2271 1607 2609 1681 praefatione
2632 1607 2704 1664 ad
2733 1604 3016 1664 saeculum
3042 1605 3121 1665 VI
3141 1605 3606 1676 Benedictinum,
3621 1604 3726 1664 ubi
3746 1604 3827 1664 de

2108 1696 2483 1756 Avellanensi
2537 1696 2801 1755 coenobio
2856 1695 2983 1754 haec
3033 1694 3207 1753 habet
3259 1719 3274 1755 :
3330 1715 3359 1749 «
3419 1694 3542 1754 Sub
3592 1710 3825 1754 annum

315 1800 502 1869 cessit,
544 1795 871 1870 usquedum
921 1807 1078 1850 anno
1134 1789 1304 1859 1050,
1345 1789 1439 1847 die
1495 1790 1561 1847 17
1616 1789 1776 1860 Maii,
1834 1790 2081 1868 DeumB
2107 1784 2322 1844 Christi
2371 1784 2753 1843 millesimum
2791 1783 3049 1842 construi
3095 1790 3346 1857 emptum
3377 1790 3481 1853 est,
3511 1798 3719 1857 nempe
3755 1783 3826 1841 in

316 1888 497 1957 adiit;
527 1886 594 1944 B.
627 1882 785 1942 Forti
814 1880 1071 1951 eremita,
1103 1878 1206 1953 qui
1239 1893 1395 1936 anno
1436 1876 1575 1938 1030
1613 1894 1675 1936 se
1708 1878 2023 1952 Ludulpho

316 1977 670 2050 discipulum
718 1972 946 2041 obtulit,
978 1978 1035 2029 et
1065 1969 1159 2029 die
1193 1972 1226 2030 9
1260 1968 1396 2027 Maii
1439 1968 1594 2040 1040,
1636 1983 1713 2026 ex
1747 1968 1858 2026 hac
1894 1968 2024 2028 luce

317 2065 608 2140 migravit,
643 2073 709 2122 ut
741 2063 866 2136 ejus
913 2059 1130 2120 tumuli
1179 2068 1346 2118 vetus
1398 2054 1697 2132 inscriptio
1734 2060 1796 2117 in
1828 2059 2024 2117 cathe-

316 2155 463 2213 drali
519 2152 833 2225 Eugubina
884 2156 1138 2209 testatur.
1180 2148 1256 2206 Ut
1307 2147 1569 2206 omittam
1624 2164 1828 2220 graves
1882 2148 2025 2206 scri-

2107 1877 2368 1948 Umbria,
2399 1875 2632 1935 dioecesi
2676 1875 3007 1950 Eugubina,
3053 1875 3127 1933 ad
3179 1875 3400 1933 radices
3449 1875 3662 1935 Montis
3713 1875 3825 1936 Ca-

2105 1968 2253 2038 triaa,
2284 1966 2389 2026 ubi
2425 1968 2629 2025 itidem
2677 1964 2737 2025 S.
2770 1965 3138 2025 Romualdus
3191 1981 3480 2025 secessum
3533 1966 3759 2026 habuit.
3789 1987 3823 2021 »

2113 2056 2184 2115 Ut
2233 2056 2379 2114 alios
2426 2055 2676 2113 minoris
2721 2053 2998 2125 nominis,
3031 2053 3428 2126 Portesanum,
3461 2057 3821 2126 Crucettum,

2106 2150 2238 2214 etc.,
2268 2151 2625 2217 praeteream.

317 2250 509 2318 ptores
555 2238 903 2298 contendere
949 2237 1189 2296 Petrum
1239 2236 1617 2301 Damianum,
1658 2236 2027 2310 quinquage-
2183 2232 2308 2290 VH.
2358 2234 2706 2309 Quanquam
2756 2232 2863 2290 vix
2912 2232 3155 2291 testibus
3207 2248 3356 2307 opus
3401 2239 3507 2305 est,
3569 2233 3674 2292 ubi
3726 2249 3826 2292 res

319 2331 466 2393 simo
493 2335 620 2404 post
652 2325 1057 2386 Avellanensis
1088 2323 1266 2382 eremi
1300 2324 1726 2383 institutionem
1760 2342 1936 2397 anno,
1968 2342 2029 2385 se
2109 2322 2232 2394 ipsa
2276 2322 2551 2395 loquitur,
2585 2328 2709 2379 tum
2764 2337 2837 2379 ex
2875 2321 3345 2380 Avellanitarum
3384 2322 3635 2382 instituti
3683 2338 3827 2382 cum

319 2418 471 2478 inibi
508 2417 711 2477 divino
750 2414 984 2473 servitio
1030 2413 1391 2487 mancipasse
1418 2435 1431 2483 ;
1480 2413 1636 2487 quod
1680 2414 1885 2488 utique
1927 2413 2030 2472 fal-
2107 2410 2512 2469 Romualdinis
2578 2410 2804 2485 legibus
2874 2409 3299 2482 convenientia,
3354 2410 3426 2469 de
3485 2428 3603 2486 qua
3667 2413 3828 2472 infra

320 2524 455 2568 sum
494 2513 659 2575 esset,
693 2504 810 2564 nisi
846 2503 999 2562 circa
1041 2517 1265 2561 annum
1315 2501 1529 2560 Christi
1578 2502 1959 2562 millesimum
1996 2520 2031 2562 a
2111 2499 2370 2570 uberius,
2407 2504 2526 2558 tum
2563 2500 2703 2573 quia
2739 2499 2906 2557 aliter
2938 2514 3115 2572 quam
3158 2499 3229 2557 de
3265 2499 3564 2560 Avellanze
3613 2500 3826 2561 solitu-

321 2598 386 2656 B.
420 2595 733 2669 Ludulpho
758 2594 942 2670 posita
976 2592 1329 2651 venerabilis
1360 2590 1523 2651 illius
1552 2590 1887 2651 solitudinis
1914 2592 2029 2651 ini-
2110 2587 2245 2645 dine
2272 2586 2374 2645 illa
2420 2587 2735 2646 Catriensis
2783 2587 3059 2646 habitatio
3097 2586 3409 2646 Romualdi
3449 2590 3667 2663 exponi
3712 2606 3828 2648 ne-

322 2688 401 2745 tia
431 2690 911 2760 supponerentur.
2110 2678 2272 2752 quit;
2334 2676 2532 2750 opinio
2582 2676 2871 2751 siquidem
2920 2676 3207 2748 Fortunii,
3256 2685 3415 2750 parte
3465 2689 3570 2750 VII,
3616 2678 3716 2736 lib.
3777 2693 3828 2753 Ι,

396 2778 466 2835 V.
492 2777 731 2835 Interim
763 2773 904 2847 quid
945 2773 1057 2831 sibi
1094 2772 1347 2832 voluerit
1392 2772 1565 2846 elogii
1606 2772 1769 2831 illius
1813 2779 2030 2844 auctor,
2112 2785 2235 2843 cap.
2273 2768 2359 2838 11,
2390 2767 2584 2826 locum
2610 2766 2783 2826 illum
2811 2768 2883 2826 de
2912 2782 3106 2826 eremo
3147 2765 3339 2825 Sitriae
3367 2767 3825 2841 interpretantis,

325 2884 458 2926 cum
490 2866 642 2923 dixit
670 2864 1051 2936 Ludulphum
1079 2863 1151 2920 ad
1180 2863 1537 2921 Arianorum
1564 2868 1776 2920 sectam
1813 2861 2036 2936 fugien-
2112 2875 2375 2934 pugnare
2404 2860 2637 2918 videtur
2662 2874 2797 2917 cum
2844 2858 2998 2917 Petri
3035 2858 3301 2916 Damiani
3327 2859 3681 2931 auctoritate,
3714 2861 3843 2935 qui,

324 2956 457 3014 dam
487 2952 765 3011 sacellum
794 2950 941 3008 illud
968 2949 1124 3023 apud
1158 2949 1398 3006 Fontem
1429 2947 1731 3006 Avellanaa
1762 2954 2035 3005 constru-
2114 2948 2178 3006 in
2227 2946 2357 3006 Vita
2409 2946 2467 3007 S.
2514 2946 2847 3017 Romualdi,
2899 2962 3022 3020 cap.
3062 2945 3153 3016 49,
3202 2946 3282 3003 ita
3323 2947 3497 3004 refert
3548 2946 3829 3006 Romual-

323 3042 499 3112 xisse,
534 3039 690 3099 haud
735 3038 903 3097 facile
939 3045 1024 3095 est
1057 3036 1338 3107 divinare,
1369 3037 1484 3095 nisi
1522 3037 1784 3095 dicamus
1810 3035 2036 3111 aliquas
2117 3040 2256 3098 dum
2295 3039 2369 3097 ad
2407 3038 2601 3098 Sitrize
2637 3037 3016 3097 solitudinem
3066 3035 3439 3095 habitandam
3493 3037 3827 3110 divertisse,

326 3132 680 3190 Arianorum
732 3128 1027 3204 reliquias,
1069 3136 1125 3187 et
1160 3135 1283 3186 tum
1324 3129 1563 3187 fortasse
1595 3128 1876 3199 residuas,
1931 3135 2091 3220 autc
2117 3130 2285 3205 quasi
2359 3129 2577 3188 ibidem
2646 3132 2815 3187 antea
2860 3134 3252 3186 commoratus
3303 3143 3419 3186 non
3473 3134 3661 3199 esset,
3720 3130 3830 3187 sed

326 3225 517 3281 denuo
566 3222 842 3281 excitatas
881 3221 1060 3279 fuisse
1100 3224 1192 3288 (ut
1229 3225 1424 3276 nostro
1454 3218 1629 3276 etiam
1662 3218 1876 3277 saeculo
1907 3219 2033 3276 hac
2057 3215 2091 3220 ⁷
2117 3219 2312 3278 locum
2356 3219 2553 3293 ipsum
2601 3226 2741 3277 tunc
2786 3219 2909 3276 suis
2937 3215 3245 3291 discipulis
3276 3216 3497 3290 replere
3541 3215 3827 3290 aggrede-

326 3312 592 3386 impietas
639 3316 915 3369 renovata
951 3314 1035 3368 est
1065 3309 1127 3367 in
1166 3307 1377 3381 Anglia
1408 3308 1798 3382 potissimum,
1830 3316 1888 3365 et
1924 3307 2033 3366 Po-
2117 3317 2295 3368 retur.
2356 3308 2502 3367 Ecce
2557 3308 2827 3367 Damiani
2875 3307 3053 3365 verba
3111 3325 3126 3364 :
3187 3330 3214 3355 «
3262 3306 3638 3365 Postmodum
3686 3322 3833 3366 vero

326 3401 484 3459 lonia
520 3416 623 3474 per
653 3399 845 3458 varios
883 3398 1172 3469 sectarios,
1198 3397 1477 3456 Faustum
1524 3395 1823 3467 Socinum,
1857 3396 2033 3455 Joan-
2117 3400 2500 3471 Romualdus,
2542 3416 2676 3458 cum
2727 3398 3145 3474 Appenninum
3201 3395 3507 3466 desereret,
3567 3400 3830 3453 montem

326 3507 459 3549 nem
513 3490 814 3558 Crellium,
866 3488 1211 3559 Brennium,
1252 3487 1627 3558 Eniedinum,
1694 3483 2035 3557 Smalcium,
2120 3489 2314 3549 Sitriae
2348 3490 2714 3549 habitaturus
2748 3486 3026 3548 ascendit.
3059 3485 3398 3544 Cavendum
3435 3491 3631 3544 autem
3661 3500 3833 3543 sum-

328 3578 840 3654 Schilchsingium,
874 3578 1236 3646 Ostorodum,
1274 3583 1330 3634 et
1368 3575 1848 3649 Christophorum
1889 3574 2034 3634 San-
2118 3594 2352 3651 mopere
2394 3585 2479 3637 est
2521 3594 2597 3637 ne
2630 3579 2785 3652 quis,
2813 3593 2949 3636 cum
2986 3574 3234 3635 audierit
3267 3575 3406 3649 quia
3452 3574 3545 3633 vir
3594 3582 3835 3634 sanctus

325 3668 534 3740 dium),
562 3683 696 3726 nam
729 3668 800 3725 de
834 3667 1070 3725 Arianis
1094 3666 1256 3725 velut
1284 3665 1647 3725 exstantibus
1675 3665 1837 3739 loqui
1871 3664 2035 3723 vide-
2119 3676 2201 3727 tot
2239 3669 2364 3728 loca
2403 3669 2733 3738 mutaverit,
2768 3669 2849 3742 pii
2894 3667 3085 3741 operis
3116 3666 3344 3740 pondus
3386 3666 3529 3723 vitio
3574 3664 3835 3725 levitatis

326 3764 421 3816 tur
447 3758 652 3816 Petrus
674 3757 942 3815 Damiani
983 3765 1120 3815 tom.
1151 3755 1257 3824 III,
1296 3771 1490 3829 opusc.
1524 3769 1605 3827 vr,
1637 3772 1757 3829 cap,
1788 3756 1879 3825 22,
1909 3755 2033 3813 ibi:
2119 3758 2387 3817 ascribat.
2454 3756 2595 3815 Haec
2673 3772 2929 3831 namque
2996 3756 3387 3815 mutationum
3458 3754 3584 3828 ejus
3655 3769 3835 3813 causa

330 3848 467 3905 «At
509 3855 727 3918 contra,
773 3847 998 3916 Ariani,
1048 3846 1151 3921 qui
1203 3847 1481 3905 adversus
1539 3845 1793 3919 Spiritus
1857 3845 2039 3904 sancti
2118 3845 2320 3917 procul
2369 3843 2547 3902 dubio
2593 3845 2802 3913 fuerat,
2835 3843 2972 3916 quia
3037 3843 3109 3901 ad
3161 3841 3552 3901 venerabilem
3601 3842 3826 3915 virum,

327 3936 691 3995 divinitatem
731 3936 1035 3994 manifesta
1072 3952 1309 4009 prorsus
1362 3936 1655 4010 impietate
1692 3935 2037 4009 conﬂigunt,
2120 3934 2455 4006 ubicunque
2484 3932 2731 4005 degeret,
2763 3930 2931 3990 turba
2962 3931 3272 3989 hominum
3311 3946 3457 4005 pene
3484 3932 3828 3989 innumera-

329 4025 402 4081 ad
444 4025 780 4083 catholicam
821 4024 995 4083 ﬁdem
1035 4025 1341 4083 redeuntes
1378 4025 1438 4082 in
1485 4025 1635 4083 male
1682 4024 1892 4098 accepti
1944 4041 2037 4083 or-
2119 4022 2255 4081 bilis
2321 4020 2720 4081 concurrebat.
2772 4020 2941 4079 Ratio
3003 4036 3139 4093 ergo
3215 4018 3483 4093 poscebat
3555 4024 3642 4086 ut,
3692 4034 3834 4079 cum

330 4113 485 4172 dinis
545 4113 846 4188 persistere
922 4113 1200 4187 dignitate
1282 4130 1397 4171 non
1470 4122 1730 4188 possunt.
1789 4113 2042 4172 Credunt
2120 4114 2302 4173 unius
2348 4113 2455 4171 loci
2503 4110 2757 4185 spatium
2801 4111 3043 4184 plenum
3092 4108 3514 4167 habitatoribus
3545 4115 3832 4179 cerneret,

330 4205 510 4275 enim,
561 4205 709 4262 sicut
760 4218 963 4262 eorum
1015 4202 1293 4277 sacrilega
1349 4205 1633 4277 possessio
1687 4203 2037 4275 manifestat,
2121 4204 2244 4261 illic
2297 4203 2487 4276 priore
2539 4201 2885 4279 constituto,
2946 4200 3019 4257 ad
3079 4198 3425 4272 replendum
3479 4213 3619 4256 mox
3670 4197 3835 4257 aliud

330 4294 484 4368 quod
539 4293 706 4352 Pater
748 4299 969 4352 creator
1022 4293 1114 4362 sit,
1149 4291 1333 4351 Filius
1380 4300 1689 4365 creatura;
1758 4292 2039 4366 Spiritum
2122 4294 2498 4351 festinaret.»
2558 4290 2721 4360 Quod
2765 4290 2814 4348 si
2863 4287 3226 4348 Romualdus
3275 4287 3500 4346 dudum
3548 4288 3610 4346 in
3657 4286 3837 4346 Sitria

335 4398 468 4441 vero
504 4389 768 4441 sanctum
807 4391 1131 4441 creaturam
1178 4383 1456 4441 creaturae
1500 4384 1909 4442 damnabiliter
1943 4399 2044 4440 as-

332 4479 615 4532 severant.
647 4493 675 4526 »
711 4471 821 4531 Sed
865 4478 921 4530 et
965 4472 1318 4531 Arianorum
1348 4472 1616 4531 meminit
1654 4479 1720 4530 ut
1749 4488 1854 4531 suo
1894 4480 2040 4531 tem-

331 4577 466 4634 pore
494 4563 872 4622 existentium
910 4578 1240 4637 anonymus
1265 4562 1641 4621 encomiastes
1671 4562 1905 4620 Henrici
1937 4563 2037 4635 IV,

333 4666 506 4725 quem
559 4668 635 4709 ex
681 4660 835 4711 tomo
867 4653 892 4712 Ι
923 4652 1289 4712 Collectionis
1334 4651 1603 4710 Frecheri
1652 4651 1887 4710 adducit
1930 4651 2038 4710 Pa-

332 4739 464 4812 gius
499 4755 653 4799 anno
694 4742 848 4813 1058,
901 4759 960 4800 n.
1012 4743 1063 4813 5,
1111 4749 1211 4799 aut
1249 4741 1500 4816 denique
1549 4741 1664 4800 nisi
1713 4741 2036 4799 clausulam

334 4827 486 4885 hanc
529 4829 609 4886 ita
668 4830 1135 4904 interpretemur,
1183 4838 1248 4889 ut
1295 4830 1601 4905 signiﬁcet,
1654 4829 2039 4901 Ludulphum

333 4916 535 4975 divino
587 4918 772 4978 cultui
826 4921 1111 4992 deditum,
1143 4928 1211 4979 ut
1265 4937 1326 4980 se
1372 4922 1444 4980 ab
1492 4920 1710 4978 Ariana
1759 4918 2037 4992 supersti-

335 5007 510 5079 tione,
541 5024 576 5067 a
612 5025 727 5081 qua
780 5010 1035 5068 maxime
1086 5011 1449 5081 abhorrebat,
1480 5010 1738 5069 alienum
1777 5008 2041 5068 ostende-

332 5105 435 5166 ret,
467 5096 571 5155 illo
599 5096 806 5156 sacello
836 5098 1067 5157 divinos
1094 5099 1319 5158 Christo
1365 5102 1632 5171 honores,
1670 5097 2037 5173 debitamque

337 5184 394 5243 S.
417 5185 668 5245 Andreae
698 5185 826 5259 ejus
854 5189 1109 5261 apostolo
1136 5190 1568 5248 venerationem
1596 5195 1861 5246 testatum
1890 5204 2031 5248 esse.

332 5273 675 5347 Quanquam
708 5293 898 5351 operte
953 5279 1202 5351 pretium
1249 5295 1368 5338 non
1419 5285 1505 5337 est
1553 5286 1618 5337 ut
1661 5278 1721 5335 in
1754 5278 1914 5337 illius
1943 5279 2034 5337 in-

335 5365 664 5437 scriptionis
697 5369 1059 5443 expositione
1093 5370 1492 5439 immoremur,
1535 5384 1668 5428 eum
1721 5369 1862 5427 adeo
1900 5373 2034 5429 obs-

331 5468 490 5511 cura:
518 5454 651 5513 ﬁdei
690 5457 762 5515 sit
794 5466 923 5517 uta
959 5462 1195 5518 nemine
1232 5469 1527 5534 propterea
1564 5460 1726 5519 illam
1766 5460 2032 5534 indicari,

331 5553 431 5603 aut
463 5549 853 5608 commendari
895 5553 1139 5626 videam,
1166 5558 1551 5627 praeterquam
1587 5569 1622 5611 a
1653 5552 1946 5626 Fortunio,
1981 5561 2037 5612 et

331 5634 444 5707 his,
464 5637 569 5711 qui
594 5636 668 5696 ab
698 5636 800 5697 illo
822 5649 1183 5714 acceperunt.

2121 4397 2384 4440 eremum
2439 4379 2789 4449 condiderat,
2851 4394 2985 4437 cum
3033 4377 3107 4434 ad
3162 4377 3412 4435 Catriam
3473 4376 3831 4450 morabatur,

2126 4477 2191 4529 ut
2231 4471 2392 4528 docet
2435 4469 2767 4533 Fortunius.
2800 4468 2928 4526 haec
2970 4482 3121 4526 nova
3160 4467 3222 4523 in
3276 4464 3510 4525 Sitriam
3564 4467 3835 4526 excursio

2131 4576 2246 4617 non
2287 4559 2494 4617 fuisset
2530 4574 2700 4617 novae
2747 4557 3007 4619 locerum
3061 4555 3391 4628 mutationi,
3424 4556 3524 4614 sed
3572 4562 3837 4617 veterum

2128 4647 2545 4721 discipulorum
2615 4646 2933 4705 visitationi
3008 4643 3386 4715 ascribenda,
3471 4660 3659 4718 neque
3726 4645 3839 4705 hac

2129 4736 2395 4795 Damiani
2466 4737 2839 4794 excusatione
2900 4749 3045 4808 opus
3115 4740 3272 4803 erat,
3325 4749 3514 4807 neque
3589 4734 3837 4793 adducta

2131 4826 2475 4900 frequentiae
2514 4824 2936 4897 discipulorum
2977 4837 3150 4880 causa
3193 4823 3477 4896 proposito
3526 4824 3651 4898 ipso
3688 4839 3833 4882 con-

2126 4924 2375 4990 grueret.
2439 4915 2731 4974 Habitatio
2793 4913 2971 4986 igitur
3030 4911 3183 4985 apud
3250 4912 3520 4985 Catriam,
3581 4930 3699 4974 non
3758 4915 3832 4974 de

2130 5006 2323 5079 Sitria,
2353 5022 2489 5082 qua:
2524 5006 2660 5064 inde
2698 5004 2927 5063 duobus
2966 5002 3320 5062 milliaribus
3368 5006 3439 5062 ad
3486 5004 3830 5065 Saxiferrati

2126 5098 2403 5171 oppidum
2432 5096 2664 5165 recedit,
2691 5095 2789 5153 sed
2827 5093 2900 5151 de
2934 5093 3133 5152 Fontis
3160 5096 3463 5154 Avellanae
3492 5094 3828 5169 solitudine,

2127 5203 2258 5263 quae
2308 5187 2514 5246 Catriaa
2560 5183 2774 5243 montis
2823 5182 2990 5243 lateri
3035 5183 3265 5259 penitus
3314 5183 3595 5254 adhaeret,
3634 5186 3832 5243 certis-

2126 5279 2272 5337 sime
2302 5283 2387 5335 est
2414 5273 2813 5347 intelligenda.

2198 5369 2353 5428 VIII.
2388 5368 2504 5426 Nec
2540 5366 2925 5426 dubitandum
2972 5374 3132 5442 puto,
3161 5363 3508 5424 Fortunium
3546 5363 3739 5438 ipsum
3770 5366 3831 5424 id

2125 5476 2397 5536 expresse
2448 5473 2877 5531 concessurum,
2909 5459 3023 5516 nisi
3068 5456 3229 5515 illius
3267 5455 3625 5514 Arianorum
3673 5455 3831 5530 fuga:

2126 5549 2442 5622 Ludulpho
2496 5549 2757 5624 ascriptze
2810 5554 3197 5624 praeconcepta
3253 5545 3470 5620 opinio,
3528 5544 3831 5604 Avellanaa

2123 5641 2543 5701 institutionem
2585 5641 2657 5699 ad
2700 5648 2950 5714 tempora
2986 5637 3310 5698 Romualdo
3350 5638 3637 5697 anteriora
3681 5638 3831 5697 refe-
