4034 6502
135 292 206 350 25
1035 295 1616 357 PROLEGOMENA.
1657 325 1725 338 —
1764 296 1861 355 DE
1900 295 2304 362 INSTITUTO
2345 303 2778 362 CAMALDUL.
3591 304 3664 364 26

137 418 381 477 rendam
421 435 572 489 esse,
612 421 1023 495 persuasisset;
1064 423 1315 498 indeque
1353 423 1663 484 Romualdi
1699 423 2118 487 habi-Azione
2159 429 2218 487 di
2267 437 2482 504 quanto
2533 431 2608 490 110
2655 430 2829 502 detto,
2875 428 3018 498 cioe,
3067 430 3174 488 che
3220 429 3264 488 il
3311 431 3380 490 B.
3429 431 3672 494 Lodolfo

138 511 418 570 tationem
467 511 627 586 apud
674 512 945 584 Catriam,
989 513 1061 573 de
1107 515 1483 574 Avellanensi
1534 515 1870 585 solitudine,

137 599 370 658 dudum
422 601 501 658 ab
553 600 688 660 aliis
733 602 1034 662 monachis
1082 612 1377 680 occupata,
1429 605 1874 680 intelligendam

139 703 251 745 non
314 704 482 760 esse,
535 689 634 747 sed
678 691 751 748 ad
800 707 1060 750 eremum
1126 694 1316 752 Sitriaa
1373 695 1870 770 detorquendam,

139 778 284 837 falso
325 779 648 838 arbitratus
687 787 852 839 esset.
897 782 1043 841 Nam
1093 784 1142 841 is
1191 784 1430 843 aliunde
1479 787 1708 856 fatetur,
1758 786 1875 845 Ro-

142 869 369 926 mnaldi
405 871 624 928 saeculo
659 877 951 930 exstructa
979 875 1242 933 cmnobia
1276 876 1537 950 ejusdem
1569 877 1875 950 disciplina

141 958 521 1031 potissimum
551 960 852 1033 meruisse,
877 961 957 1019 ait
991 963 1148 1020 enim
1177 970 1324 1038 part.
1355 977 1374 1022 I
1402 965 1504 1022 lib.
1539 979 1582 1036 I,
1613 981 1736 1038 cap.
1764 965 1833 1023 ‘23
1859 985 1871 1023 :

155 1073 176 1096 ο
238 1048 428 1106 Porro
490 1056 646 1106 tanta
704 1051 817 1108 fuit
877 1051 947 1109 de
1008 1054 1368 1112 sanctissimo
1429 1055 1754 1113 Romualdo
1813 1055 1876 1113 in

149 1143 259 1196 tota
301 1139 542 1212 Europa
582 1138 800 1212 opinio,
840 1148 905 1198 ut
942 1142 1036 1199 vel
1074 1141 1305 1201 nullum
1340 1143 1432 1202 sui
1464 1143 1734 1216 temporis
1760 1159 1874 1202 cm-

149 1228 419 1299 nobium,
454 1229 620 1287 nulla
655 1229 837 1288 eremi
867 1231 1136 1303 solitudo,
1168 1235 1331 1292 nulla
1362 1235 1614 1310 denique
1644 1235 1878 1309 religio-

149 1334 348 1376 sarum
420 1334 806 1392 personarum
869 1324 1234 1396 congregatio
1293 1340 1542 1400 usquam
1610 1326 1877 1399 gentium

149 1409 347 1480 fuerit,
386 1424 527 1484 quae
575 1417 676 1468 aut
717 1410 1110 1472 Romualdum
1157 1415 1522 1489 magistrum,
1563 1421 1621 1474 et
1655 1421 1876 1490 patrem

152 1514 264 1556 non
320 1497 615 1568 habuerit,
676 1507 776 1558 aut
829 1502 1158 1574 consilium,
1219 1504 1414 1562 missis
1467 1504 1872 1578 legationibus,

155 1603 262 1644 non
307 1586 658 1661 ﬂagitaverit
695 1587 768 1646 ab
805 1589 928 1661 illo,
978 1591 1226 1664 qualiter
1263 1593 1590 1651 conversari
1624 1593 1686 1651 in
1718 1609 1876 1652 sacra

151 1677 364 1734 militia
410 1677 666 1748 deberet,
715 1686 771 1735 et
825 1679 1072 1754 qualiter
1128 1681 1428 1740 diabolicis
1482 1682 1874 1754 impugnatio-

1955 520 2114 580 fusse
2159 523 2442 597 discepolo
2485 523 2576 582 del
2618 523 2683 582 P.
2735 521 2794 582 S.
2839 521 3180 592 Romualdo,
3223 539 3254 581 e
3298 524 3404 582 che
3446 525 3672 584 vivesse

1958 629 2067 671 con
2121 613 2142 670 i
2193 616 2282 672 sui
2341 614 2616 689 discepoli
2667 620 2810 674 sotto
2865 614 2977 672 tale
3019 613 3360 687 protezione,
3419 616 3468 674 si
3528 617 3672 675 vede

1958 705 2348 764 chiaramente
2395 705 2550 763 nella
2589 721 2829 778 persona
2874 704 2934 762 (11
2981 704 3167 762 Pietro
3216 704 3520 775 Damiano,
3573 723 3673 780 per

1957 801 2174 868 quanto
2231 795 2466 853 ati‘erma
2514 795 2555 852 il
2608 795 2669 853 P.
2730 795 2793 852 F.
2847 795 3020 853 Paolo
3070 794 3312 867 Morigia
3367 794 3515 852 nella
3564 811 3672 855 sua

1958 885 2157 942 istoria
2186 886 2335 944 delle
2363 885 2670 958 Religioni,
2705 885 2968 956 dicendo,
3014 885 3120 942 che
3165 884 3352 943 Pietro
3390 884 3669 944 Damiano

1959 974 2024 1032 fu
2063 989 2302 1032 monaco
2339 973 2769 1031 Camaldolense
2799 993 2812 1030 :
2842 981 2897 1031 et
2939 974 2980 1031 il
3023 973 3286 1031 medemo
3327 981 3530 1031 teneva
3566 989 3670 1046 pa-

1963 1077 2032 1135 pa
2062 1063 2162 1120 Pio
2203 1063 2252 1118 V
2294 1063 2336 1120 il
2381 1064 2486 1120 che
2530 1063 2698 1121 viene
2736 1064 3087 1122 confermato
3127 1063 3261 1121 dall’
3303 1079 3491 1121 essere
3529 1070 3673 1122 stato

1961 1152 2113 1211 detto
2170 1151 2359 1210 Pietro
2413 1150 2692 1210 Damiano
2741 1151 2964 1222 abbate,-
3015 1169 3047 1209 e
3092 1152 3391 1225 superiore
3445 1153 3506 1210 in
3572 1151 3674 1224 piii

1960 1243 2294 1303 monasterii
2343 1242 2474 1301 dell’
2520 1242 2722 1300 ordine
2771 1241 3177 1315 Camaldolese,
3238 1259 3399 1301 come
3450 1245 3496 1302 si
3552 1243 3677 1301 dira

1961 1333 2116 1392 nella
2147 1349 2252 1392 sua
2288 1331 2438 1391 Vita.
2481 1353 2501 1381 ι»
2537 1331 2618 1389 De
2659 1347 2774 1405 quo
2816 1339 2871 1390 et
2913 1348 3018 1390 nos
3057 1349 3179 1408 cap.
3209 1334 3242 1392 6
3270 1332 3555 1393 nonnulla
3583 1331 3671 1391 di-

1961 1423 2113 1482 cturi
2144 1438 2369 1481 sumus.

2034 1511 2104 1568 X.
2164 1511 2424 1584 Idipsum
2480 1511 2783 1569 conﬁrmat
2839 1511 3171 1571 Ludovicus
3224 1511 3542 1570 Jacobillus
3605 1513 3677 1571 de

1964 1600 2066 1660 SS.
2124 1600 2380 1659 Umbriae
2437 1608 2573 1659 tom.
2633 1600 2738 1670 III,
2791 1617 2918 1675 pag.
2975 1601 3100 1673 324,
3154 1602 3396 1661 dicens:
3445 1625 3464 1652 α
3511 1601 3674 1667 Molti

1961 1706 2214 1748 vennero
2254 1707 2287 1748 a
2325 1691 2412 1748 far
2451 1691 2768 1764 penitenza,
2808 1707 2839 1747 e
2873 1691 2922 1748 si
2968 1707 3355 1764 aggregarono
3390 1692 3506 1748 alla
3550 1691 3674 1748 loro

149 1767 329 1825 nibus
363 1767 631 1826 resistere
660 1776 870 1841 posset.
904 1791 928 1817 ι»
964 1769 1129 1841 Quod
1168 1772 1487 1845 prmsertim
1532 1772 1604 1829 de
1638 1772 1874 1830 Avella-
1897 1779 2320 1855 Bcompagnia,
2382 1779 2776 1837 fabricandovi
2834 1796 2917 1837 un
2971 1787 3295 1839 monastero
3352 1797 3455 1854 per
3512 1779 3677 1836 molti

151 1857 320 1914 nensi
369 1872 588 1926 eremo,
642 1864 698 1914 et
735 1857 972 1933 quidem
1009 1860 1217 1932 potiori
1257 1862 1408 1935 jure,
1441 1860 1729 1918 afﬁrmare
1771 1860 1871 1917 de—

152 1947 382 2017 buerat,
434 1962 568 2020 quae
613 1947 831 2006 nedum
873 1947 1184 2008 Romualdi
1225 1955 1498 2023 tempore,
1533 1949 1629 2007 sed
1663 1949 1724 2007 in
1750 1950 1875 2022 ipsa

153 2035 342 2102 Italia,
393 2036 514 2094 imo
555 2037 619 2094 in
671 2037 906 2097 Umbria
955 2040 1065 2098 sub
1110 2040 1293 2114 ipsius
1347 2039 1406 2098 S.
1460 2039 1646 2098 Patris
1691 2041 1875 2098 oculis

151 2131 482 2184 constructa
510 2134 614 2196 est,
645 2143 752 2185 nec
775 2127 890 2186 nisi
917 2129 989 2186 ab
1016 2130 1143 2203 ipso
1163 2129 1300 2187 vitae
1325 2128 1636 2187 eremiticaa
1663 2145 1875 2202 magno

152 2221 539 2273 restauratore
587 2215 912 2275 Romualdo
963 2233 1250 2291 congruas
1299 2213 1590 2276 eremitice
1636 2217 1875 2275 vivendi

152 2303 307 2377 leges
333 2304 593 2377 accipere
622 2312 860 2379 poterat.

217 2399 324 2457 IX.
359 2399 518 2457 Hinc
557 2399 810 2459 Thomas
839 2401 1057 2462 Minius
1086 2407 1406 2465 monachus
1437 2411 1634 2465 noster
1676 2409 1740 2466 in
1773 2423 1878 2466 sua

151 2487 412 2546 Historia
463 2489 914 2559 Camaldulensi,
960 2507 1094 2565 quae
1135 2493 1196 2550 in
1241 2492 1587 2552 bibliotheca
1623 2495 1876 2570 Angelo-

152 2593 284 2634 rum
332 2576 649 2636 Florentiae
686 2595 795 2637 ms.
839 2587 1119 2650 servatur,
1171 2581 1274 2640 ubi
1319 2583 1663 2643 Fortunium
1708 2586 1874 2656 (non-

152 2666 334 2726 nullis
379 2669 670 2726 duntaxat
719 2670 857 2728 locis
906 2673 1193 2743 correctis,
1246 2680 1302 2732 et
1346 2673 1698 2746 quibusdam
1752 2674 1878 2748 ejus

152 2758 579 2817 omissionibus
634 2760 935 2834 suppletis)
988 2763 1270 2822 verbatim
1326 2764 1517 2824 italice
1563 2765 1768 2834 reddit,
1815 2772 1880 2824 ut

149 2850 267 2922 jam
322 2851 554 2909 dissert.
594 2864 636 2924 I,
675 2867 798 2926 cap.
845 2853 897 2922 1,
935 2867 1101 2912 num.
1147 2852 1201 2926 6,
1243 2855 1604 2927 monuimus,
1643 2855 1877 2914 Avella-

155 2940 353 2997 nensis
394 2939 613 3012 pariter
651 2941 898 3000 coenobii
938 2943 1362 3014 fundationem,
1405 2960 1582 3018 quam
1621 2960 1696 3002 ex
1739 2944 1878 3001 For-

157 3029 319 3086 tunio
361 3045 561 3102 supra,
604 3045 772 3088 num.
812 3031 860 3098 l,
905 3030 1279 3100 adduximus,
1327 3032 1411 3090 sic
1448 3033 1876 3106 interpretatur,

155 3127 325 3193 atque
369 3121 642 3189 restituit,
693 3127 757 3178 ut
801 3120 1188 3195 Rudulphum
1227 3122 1543 3181 Romualdi
1579 3123 1757 3180 fuisse
1789 3122 1878 3179 di-

155 3207 474 3280 scipulum,
522 3209 595 3267 ab
640 3224 823 3282 eoque
871 3209 1007 3267 vitae
1058 3209 1371 3268 eremiticaa
1418 3211 1717 3284 prmceptis
1762 3209 1876 3268 im-

1960 1870 2207 1939 monaci,
2253 1869 2272 1926 i
2324 1867 2484 1941 quali
2528 1868 2570 1925 il
2615 1867 2681 1924 B.
2729 1869 2969 1927 Lodolfo
2999 1869 3058 1927 vi
3093 1871 3237 1928 vesti
3272 1869 3421 1927 circa
3451 1869 3485 1925 l’
3517 1884 3674 1926 anno

1956 1959 2118 2016 mille
2163 1958 2220 2014 di
2268 1957 2337 2015 N.
2399 1956 2458 2015 S.
2507 1973 2537 2014 e
2579 1973 2686 2014 con
2737 1958 2943 2015 facolta
2987 1958 3046 2015 di
3087 1975 3231 2032 papa
3281 1957 3553 2016 Silvestro
3598 1956 3675 2029 II,

1954 2047 2180 2104 institui
2233 2046 2286 2102 la
2333 2045 2781 2118 congregazione
2827 2046 2886 2103 di
2942 2046 3121 2102 Fonte
3172 2047 3471 2116 Avellana,
3526 2045 3680 2102 detta

1956 2151 2098 2194 anco
2128 2134 2279 2192 della
2313 2133 2605 2202 Colomba,
2639 2140 2785 2191 sotto
2824 2133 2876 2190 la
2929 2133 3122 2206 regola
3155 2134 3214 2191 di
3248 2134 3305 2192 S.
3342 2134 3676 2204 Benedetto,

1956 2240 2060 2283 con
2117 2223 2323 2281 alcune
2366 2222 2726 2280 costituzioni
2778 2221 2837 2278 di
2887 2221 2943 2280 S.
2985 2222 3310 2280 Romualdo
3365 2223 3589 2285 abbate.
3634 2222 3677 2281 il

1957 2312 2129 2387 quale
2183 2311 2276 2370 sin
2332 2311 2464 2370 dall’
2521 2325 2675 2368 anno
2729 2310 2853 2378 953,
2905 2326 3086 2370 aveva
3133 2312 3365 2370 fondato
3413 2311 3448 2369 1’
3478 2310 3682 2369 ordine

1959 2401 2350 2461 Camaldolese
2379 2417 2480 2474 per
2513 2399 2533 2458 i
2561 2400 2689 2458 suoi
2723 2399 2970 2470 monaci,
3013 2406 3069 2457 et
3118 2400 3364 2471 eremiti,
3406 2417 3437 2458 c
3469 2399 3680 2457 viveva

1959 2492 2020 2549 in
2071 2497 2274 2565 questo
2314 2497 2527 2564 tempo,
2563 2513 2589 2540 η
2620 2497 2724 2548 etc.
2771 2488 2912 2546 Haec
2957 2488 3063 2560 ibi,
3109 2490 3322 2564 quibus
3359 2489 3576 2547 similia
3625 2497 3680 2548 et

1956 2581 2095 2638 alibi
2124 2580 2377 2650 tradidit,
2421 2580 2914 2653 quemadmodum
2955 2587 3010 2638 et
3050 2581 3247 2654 ipsum
3289 2580 3526 2639 Petrum
3566 2581 3678 2638 Da-

1960 2671 2141 2729 miani
2201 2671 2351 2728 inter
2413 2669 2892 2729 Gamaldulenses
2949 2670 3220 2728 alumnos
3277 2671 3537 2728 absolute
3597 2686 3684 2727 re-

1958 2763 2140 2836 ponit,
2173 2763 2494 2834 przesertim
2523 2769 2660 2820 tom.
2696 2761 2773 2832 II,
2818 2760 2888 2818 ad
2930 2761 3087 2819 diem
3133 2760 3198 2818 l3
3245 2758 3391 2818 Julii
3437 2758 3499 2816 in
3546 2755 3678 2815 Vita

1962 2851 2020 2910 S.
2053 2851 2383 2921 Romualdi,
2411 2868 2540 2926 pag.
2571 2851 2662 2910 32.

2031 2941 2132 2999 ΧΙ.
2165 2942 2233 2999 111
2263 2941 2526 2999 eamdem
2569 2942 2915 3000 sententiam
2957 2941 3162 3000 aﬂerre
3199 2940 3366 3013 juvat
3403 2955 3537 3013 qum
3588 2956 3678 2997 re-

1961 3033 2417 3092 verendissimus
2477 3034 2654 3092 abbas
2708 3033 2904 3092 Julius
2961 3031 3305 3090 Ambrosius
3360 3030 3679 3089 Lucentius

1895 3122 2376 3218 CCisterciensis,
2411 3139 2587 3181 sacrm
2630 3138 2824 3196 congr.
2869 3121 3085 3179 Indicis
3127 3119 3422 3179 consultor
3458 3120 3529 3177 ad
3574 3121 3682 3178 hoc

1963 3215 2319 3288 propositum
2373 3214 2600 3287 scripsit
2642 3214 2703 3271 in
2747 3214 2898 3272 libro
2935 3213 3254 3286 inscripto:
3293 3216 3495 3282 Fulgor
3548 3216 3680 3270 Ful-

156 3296 364 3355 butum
419 3298 603 3356 tradat
637 3318 648 3356 :
680 3298 762 3356 ait
799 3298 953 3356 enim
994 3299 1093 3357 lib.
1141 3312 1269 3369 VIII,
1309 3315 1432 3373 cap.
1473 3302 1495 3358 1
1535 3320 1547 3359 :
1589 3325 1614 3352 α
1651 3300 1871 3373 Golorn,
1963 3307 2125 3372 ginii,
2157 3310 2301 3375 etc.;
2351 3303 2574 3374 Romae,
2608 3319 2763 3361 anno
2799 3301 2957 3373 1703,
2991 3303 3249 3377 adeoque
3291 3307 3415 3375 post
3463 3302 3678 3359 Lader-

153 3389 259 3445 che
297 3390 482 3447 fanno
513 3389 814 3448 menzione
842 3389 973 3448 dell’
1010 3390 1235 3464 origine
1265 3391 1358 3449 del
1403 3391 1723 3450 venerabili
1753 3408 1873 3450 ere-
1963 3393 2158 3451 chiani
2217 3391 2415 3464 Operis
2469 3392 2782 3450 editionem
2835 3392 3114 3465 impresso
3169 3409 3182 3448 :
3243 3390 3325 3448 ibi
3395 3392 3553 3448 enim
3617 3391 3681 3449 in

157 3496 268 3550 mo,
303 3480 441 3553 oggi
472 3480 670 3550 Badia,
702 3482 760 3540 di
790 3482 849 3541 S.
881 3482 1055 3540 Groce
1084 3482 1218 3540 dell'
1249 3483 1549 3553 Avellana,
1583 3482 1872 3556 vogliono,
1963 3482 2119 3540 notis
2173 3487 2299 3554 post
2353 3481 2625 3554 Elogium
2679 3494 2853 3552 XVIII,
2909 3498 3036 3555 pag.
3103 3479 3224 3550 102,
3284 3480 3412 3538 haec
3463 3479 3678 3538 habet:

153 3570 258 3627 che
297 3586 377 3628 ne
423 3571 572 3628 [osse
617 3576 816 3628 autore
865 3571 908 3628 il
953 3571 1018 3629 Β.
1056 3569 1318 3640 Lodolfo,
1365 3570 1681 3628 altrimenti
1730 3570 1875 3628 Can-
1968 3596 1994 3621 «ι
2029 3571 2152 3631 Sub
2206 3572 2497 3647 Lodulphi
2545 3571 2876 3644 magisterio
2924 3573 3048 3646 ejus
3094 3571 3288 3630 schola
3335 3589 3369 3629 a
3411 3571 3682 3646 plurimis

155 3659 328 3729 dolfo,
370 3675 548 3718 uomo
591 3661 780 3719 dotato
817 3662 876 3721 di
921 3662 1208 3734 singolare
1249 3661 1584 3732 innocenza,
1630 3660 1673 3718 il
1707 3660 1879 3734 quale
1965 3661 2317 3735 frequentari
2358 3669 2542 3734 coepta
2592 3667 2694 3729 est,
2746 3661 3090 3720 adveniente
3137 3659 3377 3718 Joannis
3432 3659 3682 3732 episcopi

159 3750 451 3808 mediante
502 3751 554 3809 le
605 3767 708 3810 sue
752 3760 912 3811 sante
952 3753 1298 3827 operazioni,
1345 3753 1408 3811 fu
1455 3752 1593 3810 iatto
1633 3767 1877 3810 vescovo
1964 3749 2260 3824 Eugubini
2300 3751 2528 3826 placito,
2569 3767 2724 3808 anno
2776 3749 2899 3807 976.
2955 3749 3028 3806 Et
3074 3765 3204 3822 quae
3250 3747 3384 3806 rudi
3424 3747 3681 3820 primum

156 3838 487 3914 d’Agubbio
514 3840 550 3897 l’
584 3856 738 3898 anno
766 3841 1096 3900 trentesimo
1120 3842 1272 3900 della
1299 3840 1639 3899 fondazione
1671 3841 1724 3897 d’
1751 3855 1878 3898 esso
1964 3855 2134 3912 opere
2159 3839 2326 3896 initia
2356 3841 2622 3911 sumpsit,
2657 3837 3007 3910 approbante
3045 3837 3252 3894 deinde
3288 3834 3568 3894 Silvestro
3601 3833 3683 3906 II,

156 3946 372 4000 eremo,
407 3927 502 3987 Iiia
544 3946 662 3990 non
700 3932 876 3990 fanno
915 3933 1194 3991 memoria
1225 3933 1467 3992 nissuna
1501 3935 1554 3992 d’
1585 3933 1736 3991 onde
1764 3929 1878 4005 egli
1965 3930 2227 3988 Romano
2267 3929 2558 4001 pontilice,
2607 3927 2670 3983 in
2714 3931 2905 3998 caput,
2959 3931 3014 3981 et
3050 3923 3371 3996 principem
3416 3922 3684 3980 nomina-

159 4019 311 4077 fusse
349 4038 362 4076 :
397 4019 715 4077 solamente
757 4021 982 4093 dicono,
1031 4036 1220 4079 essere
1268 4029 1387 4079 sato
1429 4021 1488 4080 di
1515 4021 1710 4080 nobile
1740 4021 1877 4078 stir-
1965 4021 2205 4078 tissimae
2258 4017 2719 4091 congregationis
2778 4016 2837 4076 S.
2889 4015 3087 4074 Crucis
3130 4015 3201 4073 de
3245 4014 3526 4072 Avellana
3573 4031 3678 4072 ex-

160 4122 246 4179 pe,
278 4123 311 4164 e
340 4107 648 4181 religioso;
682 4109 1049 4182 producendo
1076 4116 1281 4183 questa
1306 4110 1602 4168 memoria.
1638 4109 1699 4166 L’
1721 4123 1877 4166 anno
1964 4110 2144 4169 crevit
2189 4110 2297 4168 sub
2344 4108 2543 4182 regula
2595 4108 2778 4167 sancti
2822 4105 3130 4165 Cassinatis
3164 4104 3478 4173 Benedicti,
3510 4104 3683 4163 certis

161 4200 322 4257 mille
362 4201 411 4258 si
450 4200 734 4274 principio
775 4200 810 4258 l’
853 4201 1081 4260 ediﬁcio
1116 4202 1249 4261 dell’
1296 4218 1488 4260 eremo
1527 4201 1657 4260 dell’
1698 4200 1876 4259 Avel-
1964 4200 2174 4259 additis
2201 4198 2738 4268 constitutionibus,
2770 4212 2915 4270 quas
2954 4195 3164 4269 partim
3192 4193 3432 4252 dictavit
3462 4192 3520 4251 S.
3566 4192 3680 4250 Bo.

161 4288 288 4346 lana
346 4296 494 4346 sotto
548 4289 736 4348 Catria
777 4291 850 4348 da
901 4290 1196 4364 Candolfo,
1251 4308 1425 4351 overo
1463 4290 1723 4359 Lodolfo,
1769 4303 1878 4346 con
1965 4293 2238 4350 mualdus
2285 4289 2820 4347 Camadlulensium
2848 4288 3072 4361 primus
3101 4286 3276 4344 abbas
3303 4285 3512 4359 partim
3541 4301 3681 4342 con-

157 4377 433 4450 semplice
491 4377 728 4452 capella,
783 4395 815 4437 e
863 4378 1148 4453 Casipola,
1209 4395 1310 4453 per
1358 4379 1586 4452 fuggire
1637 4378 1693 4435 1a
1737 4384 1881 4435 setta
1965 4381 2193 4451 scripsit
2221 4381 2341 4451 ipse
2370 4377 2732 4452 Lodulphus.
2763 4401 2783 4428 ι
2820 4377 3111 4434 Hactenus
3134 4374 3310 4432 abbas
3332 4373 3673 4432 Lucentius.

157 4465 560 4576 delli'Arian‘i.
591 4467 860 4576 ‘Nel‘q‘ual
902 4475 1110 4539 tempo,
1146 4466 1760 4576 non‘solo‘iantalia;
1787 4481 1949 4576 mal)
2037 4468 2164 4576 ΧΙξΣ
2217 4467 2503 4576 (amiterna)
2558 4467 2606 4524 si
2654 4465 3039 4576 amoeniores
3082 4460 3680 4576 caljculosr

159 4557 330 4629 quasi
361 4573 465 4629 per
499 4563 644 4615 tutta
680 4557 718 4614 l’
743 4558 991 4633 Europa,
1032 4575 1127 4617 era
1163 4560 1387 4617 celebre
1431 4558 1485 4615 la
1524 4559 1676 4614 fama
1729 4556 1879 4614 della
1903 4548 2202 4614 “exordia
2231 4555 2477 4613 debeant
2505 4554 2781 4625 revocari,
2816 4552 3289 4628 quandoquidem
3333 4548 3681 4621 Ludulphus

159 4644 374 4702 santita
415 4644 508 4702 del
552 4651 744 4704 nostro
784 4646 846 4706 P.
892 4645 951 4706 S.
990 4647 1314 4705 Romualdo
1358 4655 1585 4716 (ancora
1622 4645 1878 4712 vivente)
1965 4660 2116 4703 anno
2148 4645 2284 4704 1009
2313 4645 2385 4702 ad
2415 4643 2790 4717 Eugubinam
2833 4642 3159 4700 cathedram
3195 4645 3280 4698 est
3318 4643 3677 4710 assumptus,

162 4750 192 4790 e
228 4734 320 4792 de’
361 4735 490 4793 suoi
530 4735 823 4809 discepoli,
857 4753 888 4793 e
922 4751 1040 4794 non
1071 4737 1102 4794 e
1134 4744 1313 4809 punto
1341 4737 1412 4793 da
1439 4734 1721 4804 dubitare,
1753 4731 1881 4790 anzi
1966 4741 2184 4807 oportet
2223 4749 2338 4803 eos,
2380 4733 2482 4806 qui
2539 4731 2836 4806 trigesimo
2881 4737 3008 4803 post
3053 4743 3228 4786 sacrae
3267 4725 3429 4784 illius
3473 4726 3680 4785 solitu-

161 4834 337 4900 tengo
375 4840 479 4899 per
527 4825 724 4896 fermo,
766 4826 871 4883 che
924 4825 1167 4884 Lodolio
1212 4839 1387 4882 ancor
1439 4823 1525 4883 lui
1582 4825 1731 4883 fosse
1776 4839 1880 4882 suo
1967 4823 2120 4881 (linis
2183 4822 2668 4882 constructionem
2729 4835 2885 4877 anno
2951 4818 3021 4875 ad
3085 4815 3407 4891 episcopale
3463 4831 3682 4874 munus

165 4913 477 4985 discepolo,
516 4928 549 4969 e
597 4912 702 4970 che
749 4928 866 4971 non
925 4912 1044 4971 solo
1092 4911 1347 4985 fuggisse
1401 4912 1457 4969 la
1510 4913 1881 4986 persecuzion
1966 4913 2162 4988 ipsum
2208 4919 2476 4978 vocatum
2533 4909 2711 4968 fuisse
2766 4908 3142 4977 arbitrantur,
3192 4905 3262 4964 ad
3305 4921 3526 4963 annum
3577 4904 3682 4962 979

165 5001 315 5058 della
370 4999 544 5070 Setta,
587 5015 678 5058 ma
721 5000 827 5057 che
873 4999 1136 5071 andasse,
1188 5015 1222 5056 a
1273 4999 1441 5074 guisa
1491 4999 1582 5056 dcl
1636 5007 1882 5057 maestro
1968 5001 2249 5076 ejusmodi
2300 4999 2699 5058 fundationem
2751 4997 3059 5066 retrahere,
3102 4994 3161 5052 id
3209 4994 3366 5068 quod
3418 4995 3683 5068 proprius

167 5107 270 5148 suo
305 5089 364 5149 S.
399 5088 724 5147 Bomualdo
762 5089 908 5161 (anzi
947 5104 1055 5147 con
1100 5104 1204 5147 sua
1247 5087 1643 5159 benedizione,
1678 5105 1710 5146 e
1739 5103 1881 5146 con-
1968 5092 2126 5149 abest
2174 5091 2245 5148 ab
2295 5105 2450 5147 anno
2499 5087 2603 5147 976
2651 5103 2752 5160 per
2805 5084 3168 5143 Ludovicum
3212 5081 3583 5148 Jacobillum,
3628 5085 3686 5139 et

170 5179 538 5249 sentimento,
581 5192 742 5235 come
785 5193 869 5236 un
908 5176 1054 5235 altro
1105 5174 1163 5234 S.
1209 5177 1334 5236 Gio.
1378 5176 1705 5249 Gualberto)
1759 5193 1878 5235 cer-
1969 5179 2235 5238 abbatem
2274 5177 2624 5237 Lucentium
2663 5190 2835 5247 supra
2882 5173 3130 5232 relatum
3177 5185 3465 5245 expresso.
3517 5167 3683 5227 Unde

170 5268 349 5326 cando
403 5265 614 5339 luoghi
669 5266 928 5337 solitarii,
984 5283 1015 5324 e
1069 5267 1274 5325 remoti
1327 5267 1400 5324 da
1455 5266 1590 5341 ogni
1648 5266 1882 5340 strepito
1970 5269 2073 5342 qui
2121 5283 2273 5326 anno
2317 5267 2626 5325 millesimo
2676 5264 3126 5323 Avellanensem
3174 5274 3435 5320 eremum
3478 5258 3684 5317 condi-

172 5356 532 5425 secolaresco,
571 5370 672 5428 per
704 5354 870 5429 quivi
907 5354 1234 5414 fermarvisi
1269 5355 1357 5414 col
1392 5369 1495 5414 suo
1544 5369 1880 5428 compagno,
1970 5364 2087 5414 tam
2139 5355 2362 5426 volunt,
2417 5362 2520 5413 aut
2579 5354 2651 5412 de
2705 5354 2891 5427 ipsius
2944 5352 3191 5410 aadificio
3251 5349 3323 5408 ad
3379 5349 3682 5409 certiorem

171 5446 235 5502 ed
281 5445 412 5505 altri
451 5445 627 5503 tirare
668 5444 722 5502 al
766 5444 1005 5503 servizie
1036 5444 1096 5502 di
1133 5443 1257 5517 Dio,
1298 5445 1505 5518 perche
1542 5445 1604 5502 in
1637 5444 1757 5504 loro
1787 5460 1884 5503 era
1971 5448 2172 5516 eremi,
2227 5453 2328 5504 aut
2397 5443 2645 5502 cmnobii
2715 5443 2960 5500 formam
3022 5436 3388 5514 postmodum
3455 5437 3686 5496 redacto

174 5555 249 5596 un
277 5537 520 5596 ardente
551 5535 834 5595 desiderio
867 5537 1020 5596 della
1061 5536 1249 5595 salute
1286 5537 1436 5595 d’ell’
1466 5539 1680 5608 anime,
1718 5559 1739 5588 ι
1774 5544 1880 5596 etc.
1971 5533 2332 5608 intelligendi
2356 5540 2513 5604 sunt,
2543 5538 2644 5591 aut
2670 5531 2741 5589 de
2770 5531 2983 5604 epocha
3012 5543 3129 5586 non
3158 5528 3396 5601 prmcise
3422 5528 3692 5586 determi-

175 5627 305 5686 iIaec
348 5627 593 5698 Minius,
631 5627 735 5699 qui
768 5632 824 5685 et
851 5625 1004 5684 infra
1048 5625 1248 5684 addit:
1289 5649 1309 5677 α
1346 5626 1390 5684 Ε
1420 5644 1519 5700 per
1546 5629 1878 5687 corrobora-
1970 5636 2103 5685 nata
2127 5672 2142 5696 ,
2207 5625 2306 5683 sed
2363 5628 2800 5696 prmterpropter
2862 5619 3146 5676 duntaxat
3210 5618 3640 5693 circumscripta
3664 5663 3685 5690 ,
