4034 6506
226 285 298 346 ‘29

1120 284 1699 348 PROLEGOMENA.
1740 319 1802 331 --
1847 289 1941 347 DE
1980 289 2386 351 INSTITUTO
2423 291 2857 355 CAMALDUL.

3668 295 3739 354 30

224 412 600 472 latitudinem
639 410 892 486 fugiens,
918 425 1057 470 mox
1096 413 1319 472 fervido
1356 414 1583 489 spiritu,
1623 414 1852 474 cellula
1880 422 2006 481 seA
2030 416 2155 475 hac
2193 416 2353 476 aliud
2407 419 2550 493 quid
2594 421 2843 490 additur,
2878 422 3194 495 perfectum
3233 418 3528 494 jejunium
3575 421 3732 486 (sive,

222 501 614 560 carceralibus
639 500 923 575 angustiis
950 501 1301 561 inclusisset.
1335 525 1356 554 ι

298 590 399 648 IV.
437 591 664 650 Rursus
687 591 1180 666 quemadmodum
1209 592 1528 666 pracipuas
1565 609 1690 652 sua
1725 592 1942 652 sollici-

224 680 452 738 tudinis
494 687 682 754 partes
731 695 799 739 eo
854 681 1069 740 direxit
1120 681 1502 754 Romualdus,
1535 689 1600 741 ut
1651 684 1939 757 eremitas,

220 769 366 827 olim
399 785 506 828 suo
533 769 793 843 ipsorum
818 769 1055 828 arbitrio
1084 771 1364 844 viventes,
1397 772 1465 830 ad
1503 773 1772 832 salutaris
1803 775 1938 833 obe-

220 858 467 917 dientia
502 861 712 933 jugum
750 866 1059 930 revocaret,
1096 876 1202 919 nec
1239 863 1364 920 sine
1398 863 1620 936 pralati
1651 864 1940 941 jussione,

219 957 323 1006 aut
352 965 663 1020 consensu,
692 965 902 1020 magna
929 953 1304 1026 quantumvis
1347 969 1520 1027 opera
1566 953 1678 1012 sibi
1710 955 1782 1013 ad
1814 971 1938 1014 me-

221 1041 405 1100 ritum
476 1042 776 1116 profutura
849 1051 1161 1116 sperarent,
1222 1051 1287 1102 ut
1339 1045 1539 1104 disser.
1603 1060 1643 1116 I,
1701 1063 1822 1120 cap.
1879 1048 1933 1119 5,

218 1145 388 1188 num.
421 1130 453 1189 6
476 1139 531 1190 et
563 1148 722 1206 seqq.
753 1132 1146 1206 explicuimus
1181 1158 1192 1190 :
1227 1135 1305 1192 ita
1335 1135 1488 1194 nihil
1517 1137 1718 1209 magis,
1755 1153 1934 1213 quam

217 1223 370 1278 hanc
421 1221 606 1294 ipsam
652 1221 996 1281 obedientia
1045 1224 1320 1282 virtutem
1372 1226 1628 1285 eremitis
1685 1227 1935 1286 inculcat

216 1313 424 1370 Petrus
455 1312 745 1383 Damiani,
781 1315 853 1370 de
890 1330 1006 1388 qua
1036 1330 1234 1387 opusc.
1269 1329 1376 1388 xv,
1408 1333 1529 1391 cap.
1577 1317 1640 1376 18
1671 1319 1798 1376 hac
1828 1319 1931 1376 ha-

212 1402 311 1460 bet
344 1421 356 1459 :
399 1424 420 1451 ι
450 1399 605 1459 Illud
635 1401 807 1474 plane
835 1417 1204 1476 summopere
1235 1411 1319 1462 est
1349 1406 1692 1476 cavendum,
1726 1423 1799 1464 ne
1825 1408 1933 1467 sub

214 1491 406 1550 colore
455 1491 591 1565 quis
636 1491 951 1550 eremitica
1002 1493 1157 1560 vita,
1224 1495 1433 1568 jugum
1487 1496 1757 1554 detrectet
1801 1498 1932 1556 obe-

213 1575 487 1650 dientia;
561 1579 680 1637 imo
749 1586 905 1638 tanto
960 1597 1021 1638 se
1076 1581 1306 1640 arctiori
1382 1583 1726 1643 obedientia
1808 1585 1932 1659 lege

213 1670 592 1742 constringat,
644 1676 861 1743 quanto
913 1671 1062 1728 hanc
1107 1670 1532 1731 institutionem
1584 1692 1928 1750 superexce-

2026 511 2088 563 ut
2119 508 2280 563 habet
2316 525 2498 580 opusc.
2535 521 2642 575 xv,
2677 528 2797 582 cap.
2839 509 2889 580 6,
2934 509 2996 567 in
3047 523 3238 566 eremo
3271 505 3582 580 jejunium)
3621 522 3737 563 non

2030 603 2283 656 vocatur.
2320 621 2342 650 ι
2376 599 2580 674 Itaque
2619 600 2773 660 idem
2805 607 2970 659 sonat
2998 599 3150 674 apud
3199 596 3572 670 Bodulphum
3607 598 3734 652 abs-

2027 691 2268 745 tinentia
2299 706 2528 764 nomen,
2563 693 2716 767 quod
2754 692 2904 766 apud
2962 691 3308 749 Damianum
3351 690 3558 760 jejunii
3607 704 3736 761 per-

2027 779 2177 850 fecti,
2231 781 2353 838 sive
2396 782 2674 840 eremitici
2717 781 3107 840 vocabulum:
3137 779 3241 838 ubi
3282 795 3419 837 vero
3466 778 3733 851 pulmen-

2025 874 2150 926 tum
2195 870 2677 942 quodvis,-unica
2720 872 3030 930 refectione
3079 875 3322 938 servata,
3363 866 3670 936 amittitur,
3699 882 3734 924 a

2024 960 2330 1034 Bodulpho
2374 965 2610 1035 simplest
2634 966 2932 1035 jejunium,
2963 979 2997 1020 a
3045 962 3211 1019 Petro
3255 959 3522 1018 Damiani
3569 963 3733 1015 unica

2018 1053 2239 1118 refectio
2313 1061 2700 1125 nuncupatur.
2760 1054 2985 1112 Rursus
3053 1055 3295 1124 quinque
3366 1053 3577 1106 dierum
3635 1067 3734 1121 per

2021 1141 2411 1197 hebdomadam
2451 1143 2729 1213 jejunium
2777 1144 2930 1218 apud
2979 1143 3210 1200 Petrum
3259 1140 3527 1198 Damiani
3576 1140 3731 1197 idem

2019 1235 2202 1301 sonat,
2249 1232 2404 1303 quod
2455 1235 2736 1299 triduana,
2792 1240 2847 1290 et
2895 1235 3137 1289 biduana
3176 1233 3510 1287 abstinentia
3555 1244 3733 1303 penes

2017 1320 2420 1394 Bodulphum;
2461 1339 2616 1394 nam,
2650 1330 2713 1382 ut
2758 1322 2947 1396 inquit
2995 1323 3209 1382 Paulus
3253 1322 3619 1380 Justinianus
3666 1319 3730 1378 in

2015 1409 2235 1481 Regula
2287 1414 2422 1470 vita
2459 1412 2769 1471 eremitica
2815 1430 2936 1486 cap.
2989 1411 3056 1469 ‘27
3089 1430 3101 1469 :
3137 1436 3158 1462 ιι
3209 1410 3490 1480 Biduana,
3518 1417 3573 1467 et
3625 1409 3729 1467 tri-

2015 1496 2205 1555 duana
2236 1505 2374 1558 tunc
2423 1503 2776 1560 vocabantur
2807 1501 3052 1575 jejunia,
3085 1516 3218 1558 cum
3265 1500 3406 1557 feria
3449 1498 3725 1568 secunda,

2016 1586 2197 1657 tertia,
2245 1596 2300 1646 et
2352 1597 2577 1663 quarta,
2633 1596 2687 1648 et
2736 1599 2929 1664 postea
2965 1595 3127 1647 sexta
3186 1587 3344 1659 feria,
3377 1593 3432 1644 et
3485 1586 3730 1646 Sabbato

2011 1677 2072 1734 in
2131 1693 2296 1750 pane,
2359 1687 2412 1736 et
2467 1695 2615 1754 aqua
2662 1678 3050 1753 jejunabant:
3091 1686 3154 1736 ut
3203 1677 3463 1750 priorum
3515 1676 3732 1734 scilicet

214 1756 349 1814 dere
387 1758 812 1818 canobitarum
852 1760 1114 1834 regulam
1154 1776 1272 1820 non
1311 1763 1554 1836 ignorat.
1593 1765 2191 1847 ObedientiaBtrium
2244 1766 2470 1826 dierum
2527 1768 2814 1838 triduana,
2874 1769 3242 1842 sequentium
3293 1781 3428 1824 vero
3478 1765 3730 1823 duorum

213 1846 450 1920 quippe,
495 1855 552 1906 et
593 1848 743 1907 bona
787 1856 982 1908 nostra
1023 1854 1406 1923 commendat,
1458 1862 1514 1913 et
1559 1857 1930 1931 negligentia

212 1934 466 1993 oll'ensas
495 1946 753 1996 excusat.
785 1937 860 1996 Ut
899 1954 1034 2012 ergo
1072 1946 1265 1999 nostra
1293 1941 1365 2000 sit
1403 1944 1659 2014 remotio,
1697 1945 1785 2002 vel
1836 1931 1929 2004 'af-

214 2026 396 2086 ﬂictio
456 2029 768 2101 fructuosa,
810 2030 1257 2090 salutiferavsit
1305 2051 1531 2108 semper
1585 2036 1928 2096 obedientia

214 2115 330 2173 sale
368 2117 600 2176 condita
630 2142 642 2176 :
679 2125 734 2176 et
760 2134 1159 2194 quoscumque
1193 2121 1332 2180 boni
1363 2124 1551 2196 operis
1588 2125 1702 2182 vita
1735 2132 1929 2184 nostra

213 2223 407 2265 ramos
451 2211 763 2283 expandat,
806 2210 869 2268 in
920 2211 1110 2270 radice
1155 2229 1381 2285 semper
1421 2214 1768 2274 obedientia
1823 2233 1927 2274 ne-

210 2311 374 2353 cesse
398 2303 487 2353 est
511 2298 809 2357 coalescat.
846 2323 866 2350 -
903 2299 1044 2369 Qua
1072 2300 1242 2374 plane
1276 2316 1529 2361 consona
1557 2311 1695 2363 sunt
1717 2303 1782 2362 B.
1813 2304 1927 2364 Bo-

211 2386 422 2461 dulphi
476 2389 685 2461 prioris
723 2387 1185 2450 Camaldulensis
1234 2393 1489 2466 monitis,
1517 2393 1576 2451 in
1632 2395 1922 2454 constitut.

209 2477 354 2535 anni
387 2477 546 2549 1080,
575 2495 696 2553 cap.
731 2479 818 2550 40,
854 2480 935 2539 sic
982 2481 1272 2556 loquentis
1303 2503 1316 2542 :
1352 2502 1380 2536 «
1414 2483 1554 2542 Hac
1597 2484 1784 2543 virtus
1835 2500 1926 2543 so—

210 2566 419 2626 litariis
462 2569 630 2626 valde
679 2571 1001 2629 necessaria
1047 2579 1150 2643 est,
1182 2580 1248 2632 ut
1295 2589 1410 2647 quo
1469 2574 1766 2634 duriorem
1816 2575 1926 2634 du-

211 2665 353 2715 cunt
405 2656 608 2728 vitam,
669 2676 737 2719 eo
786 2660 1104 2735 pleniorem
1157 2662 1461 2721 observent
1513 2663 1921 2723 obedientiam.

212 2745 464 2815 Quidam
493 2762 766 2821 namque,
796 2748 906 2807 sub
932 2749 1173 2809 obtentu
1205 2753 1507 2811 sanctioris
1534 2754 1690 2823 vita,
1717 2755 1926 2827 jugum

209 2845 482 2897 recusant
517 2839 859 2898 obedientia
894 2861 908 2898 :
942 2848 1147 2914 putant
1183 2844 1340 2900 enim
1371 2860 1431 2902 se
1459 2843 1584 2919 lege
1621 2844 1928 2904 obediendi

209 2928 449 2998 solutos,
508 2944 576 2988 eo
628 2930 782 3004 quod
844 2930 1072 2989 arctiori
1111 2933 1447 2992 eremitica
1530 2933 1666 2991 vita
1733 2935 1925 2993 studio

208 3034 266 3076 se
310 3025 532 3076 norunt
561 3018 840 3077 astrictos.
878 3019 988 3078 Sed
1020 3019 1102 3078 ibi
1154 3029 1304 3080 certe
1351 3024 1532 3096 major
1585 3021 1754 3082 debet
1801 3040 1925 3083 esse

2011 1856 2268 1915 biduana
2323 1858 2606 1918 diceretur
2650 1860 3018 1919 abstinentia.
3069 1882 3090 1912 ι)
3131 1858 3272 1928 Qua
3319 1857 3556 1931 quidem
3613 1872 3729 1915 mo-

2012 1949 2212 2007 nuisse
2265 1952 2535 2023 oportuit,
2579 1968 2654 2009 ne
2705 1967 2777 2010 ex
2839 1950 3168 2010 diversitate
3221 1950 3346 2008 soni
3394 1949 3727 2020 verborum,

2012 2051 2291 2096 sensuum
2322 2040 2672 2114 quandoque
2702 2041 2948 2098 varietas
2979 2046 3336 2112 argueretur.

2084 2126 2211 2185 VII.
2246 2127 2416 2186 Nunc
2463 2144 2576 2201 quo
2625 2127 2764 2186 anni
2810 2135 3064 2201 tempore
3114 2128 3240 2184 hac
3289 2125 3489 2194 tridui,
3532 2123 3713 2182 bidui-

2011 2231 2142 2287 que,
2174 2232 2275 2274 seu
2303 2217 2564 2289 quinque
2594 2231 2694 2290 per
2727 2215 3148 2273 hebdomadam
3181 2214 3408 2272 dierum
3440 2212 3729 2270 abstinen-

2011 2305 2090 2361 tia
2136 2307 2241 2374 (ex
2281 2302 2448 2361 dictis
2482 2303 2708 2362 dissert.
2743 2317 2782 2374 Ι,
2826 2319 2950 2375 cap.
2985 2302 3038 2373 3,
3079 2318 3242 2360 num.
3278 2301 3331 2373 3,
3379 2301 3451 2359 ab
3481 2301 3732 2374 ipsomet

2011 2393 2336 2452 Romualdo
2391 2393 2614 2450 cunctis
2663 2391 2974 2450 eremitica
3011 2407 3133 2450 sua
3184 2389 3510 2462 disciplina
3549 2394 3726 2446 secta-

2011 2480 2231 2538 toribus
2265 2480 2523 2554 praﬁxa)
2565 2481 2718 2554 apud
2752 2479 3106 2540 Avellanitas
3144 2480 3447 2549 obtineret,
3494 2493 3568 2535 ex
3618 2475 3729 2533 Pe-

2011 2570 2083 2628 tri
2138 2569 2408 2629 Damiani
2463 2585 2660 2643 opusc.
2713 2583 2820 2629 XIV
2856 2578 2912 2628 et
2949 2582 3057 2639 xv,
3111 2585 3232 2642 cap.
3289 2568 3342 2638 6,
3386 2567 3722 2624 discamus:

2013 2681 2040 2712 α
2071 2659 2162 2717 Ab
2211 2660 2430 2728 Idibus,
2483 2660 2692 2734 inquit,
2739 2658 3110 2732 Septembris,
3153 2673 3336 2731 usque
3387 2657 3458 2714 ad
3511 2656 3727 2714 Resur-

2009 2749 2322 2809 rectionem
2393 2750 2784 2821 Dominicam,
2842 2750 3104 2824 quinque
3159 2763 3257 2820 per
3307 2743 3728 2832 hebdomadam

2008 2840 2213 2898 diebus
2271 2847 2498 2898 tenetur
2550 2839 2646 2897 hic
2693 2855 2769 2896 ex
2824 2853 2982 2896 more
3023 2836 3341 2909 jejunium.
3398 2856 3419 2886 ι)
3455 2831 3726 2902 Quandiu

2008 2947 2144 2989 vero
2193 2931 2253 2989 id
2306 2929 2676 2988 observarent
2722 2928 3214 2997 Camaldulenses,
3270 2925 3432 2983 docet
3481 2923 3546 3004 B.
3606 2922 3730 2980 Ro-

2007 3021 2263 3096 dulphus
2306 3023 2464 3096 prior
2511 3021 2573 3078 in
2627 3021 2918 3079 constitut.
2978 3020 3097 3090 cit.,
3155 3033 3275 3090 cap.
3316 3017 3399 3086 ll,
3442 3012 3542 3072 ubi
3594 3013 3720 3070 ait:

203 3105 514 3164 obediendi
568 3107 932 3166 observantia
977 3108 1081 3167 ubi
1135 3110 1468 3185 ferventior,
1527 3120 1584 3172 et
1638 3114 1981 3206 austeriorc
2015 3136 2035 3162 ι
2083 3114 2135 3170 Α
2167 3111 2450 3186 principio
2495 3110 2730 3184 majoris
2778 3107 3244 3206 Quadragesima
3282 3120 3474 3206 iusque
3511 3103 3573 3206 in
3617 3099 3725 3206 Pa-

205 3202 288 3251 est
319 3194 562 3252 vivendi
589 3195 839 3254 cultura.
870 3218 898 3251 »

273 3282 348 3339 V.
381 3281 514 3355 Sed,
551 3290 613 3342 ut
655 3285 728 3342 ad
773 3285 1043 3359 specialia
1094 3287 1535 3364 descendemus,
1565 3293 1919 3366 conferatur,

207 3373 465 3443 obsecro,
516 3373 850 3445 Romualdi,
903 3377 1340 3452 priscorumque
1388 3380 1921 3441 Camaldulensium

208 3461 540 3534 disciplina,
580 3478 714 3520 cum
751 3463 904 3522 Petri
947 3465 1235 3538 Damiani,
1266 3476 1647 3545 veterumque
1685 3471 1920 3530 Avella-

209 3555 468 3613 nitarum
496 3555 732 3614 vivendi
776 3556 997 3629 forma;
1044 3575 1111 3618 ac
1161 3559 1678 3636 deprehendemus,
1710 3564 1788 3622 ita
1833 3566 1918 3623 al-

213 3647 316 3704 teri
343 3647 577 3720 penitus
628 3649 962 3720 convenire,
998 3657 1062 3708 ut
1087 3666 1234 3724 pene
1270 3652 1472 3710 eodem
1503 3654 1740 3726 calamo,
1771 3663 1922 3714 certe

207 3737 414 3796 eodem
460 3736 688 3810 spiritu,
728 3738 935 3797 dictata
981 3745 1229 3815 utraque
1269 3743 1532 3804 videatur
1567 3765 1579 3804 :
1612 3753 1666 3803 et
1709 3748 1758 3804 si
1807 3762 1922 3821 qua

207 3825 438 3885 intersit
483 3825 828 3899 differentia,
880 3827 1043 3906 illam
1083 3829 1225 3888 adeo
1271 3837 1505 3890 tenuem
1545 3849 1688 3906 esse,
1721 3842 1786 3894 ut
1818 3836 1922 3894 vix

208 3915 363 3973 inter
387 3914 650 3990 ejusdem
682 3897 1501 3994 individua'congregationis
1535 3923 1761 3982 diversa
1796 3941 1922 3983 mo-

211 4006 465 4062 nasteria
508 4004 698 4062 levius
747 4005 1060 4064 discrimen
1104 4011 1291 4068 notari
1343 4017 1534 4084 queat,
1581 4028 1688 4070 nec
1742 4015 1926 4085 major

208 4109 310 4167 pro
349 4093 686 4152 diversitate
723 4095 980 4154 locorum
1033 4097 1211 4170 possit
1261 4099 1556 4158 observari
1594 4102 1916 4160 consensio.

210 4183 482 4256 Longum
511 4191 657 4242 esset
699 4183 930 4255 singula
959 4187 1229 4261 prosequi
1259 4206 1271 4245 :
1305 4202 1411 4246 nos
1454 4204 1683 4248 summa
1726 4206 1923 4250 rerum

205 4272 392 4344 capita
441 4287 867 4346 percurremus,
901 4288 1034 4346 qua
1078 4290 1211 4332 cum
1261 4276 1494 4335 totidem
1534 4295 1683 4352 pene
1731 4280 1923 4338 verbis

207 4361 467 4419 invicem
536 4360 647 4418 sibi
702 4363 1046 4434 respondere
1101 4365 1439 4437 constiterit,
1493 4368 1648 4426 haud
1703 4368 1924 4426 difﬁcili

207 4451 442 4526 negotio
478 4452 551 4509 de
588 4452 809 4510 cateris
854 4452 1030 4511 lector
1062 4454 1345 4527 conjiciet,
1378 4473 1511 4530 qua
1555 4459 1756 4517 saltem
1798 4475 1924 4518 sen-

209 4559 279 4602 su
307 4541 691 4610 conveniunt;
715 4548 770 4600 et
798 4542 1032 4617 quidem
1060 4543 1134 4602 ab
1161 4545 1544 4617 abstinentia,
1582 4564 1683 4607 seu
1711 4549 1921 4622 jejunii

208 4631 538 4706 disciplina,
561 4648 694 4706 qua
720 4631 872 4692 inter
902 4635 1225 4695 eremiticas
1252 4640 1708 4698 consuetudines
1729 4642 1927 4714 praci-

210 4738 329 4796 pua
361 4727 464 4792 est,
496 4721 730 4780 initium
761 4723 1064 4794 ducemus;
1093 4726 1190 4783 sed
1213 4726 1399 4798 primo
1429 4729 1808 4787 terminorum
1835 4729 1928 4786 de-

212 4809 511 4868 ﬁnitiones
544 4811 817 4885 utrinque
843 4811 1044 4870 allatas
1080 4814 1407 4888 audiamus,
1443 4823 1568 4876 tum
1599 4817 1824 4891 reliqua
1854 4833 1929 4876 ex

210 4901 416 4960 ordine
443 4917 879 4975 prosequemur.

291 4989 388 5047 VI.
435 4989 536 5047 Ait
566 5005 702 5064 ergo
743 4990 808 5050 B.
851 4990 1194 5066 Rodulphus
1236 5001 1476 5070 quartus
1520 4993 1930 5054 Camaldulen-

219 5079 371 5139 sium
411 5078 571 5153 prior
603 5081 668 5138 in
702 5080 1206 5141 constitutionibus
1256 5085 1396 5142 anni
1443 5083 1599 5158 1080,
1649 5100 1771 5158 cap.
1816 5085 1876 5142 11
1914 5103 1926 5142 :

223 5191 250 5223 α
299 5170 665 5228 Abstinentia
707 5170 772 5229 in
815 5172 925 5229 hoc
970 5172 1096 5232 loco
1137 5180 1275 5233 tunc
1321 5175 1551 5247 dicitur,
1602 5191 1736 5233 cum
1781 5175 1932 5233 nihil

222 5270 428 5336 prater
487 5277 718 5335 panem,
766 5268 822 5320 et
869 5277 1081 5336 aquam
1126 5271 1226 5322 aut
1283 5264 1358 5337 (si
1406 5265 1501 5323 cui
1547 5264 1752 5339 placet)
1796 5263 1932 5323 salis

221 5351 622 5425 adjectionem,
656 5351 960 5411 edentibus
1008 5351 1390 5424 ministratur,
1422 5374 1451 5407 »
1500 5353 1701 5412 Petrus
1737 5359 1932 5410 autem

223 5439 491 5498 Damian
543 5454 742 5512 opusc.
799 5452 925 5507 XIV,
980 5445 1058 5498 De
1117 5443 1304 5498 ordine
1348 5447 1692 5500 eremitarum
1747 5445 1933 5497 Fontis

224 5531 502 5593 Avellani,
555 5529 747 5604 inquit
780 5553 794 5587 :
831 5556 856 5580 ‹‹
903 5531 1177 5606 Jejunare
1227 5537 1418 5591 autem
1477 5533 1609 5591 illos
1663 5531 1931 5602 dicimus,

223 5619 324 5693 qui
362 5633 577 5694 panem
615 5634 748 5680 cum
778 5619 914 5695 sale,
952 5629 1009 5682 et
1029 5637 1185 5697 aqua
1205 5623 1568 5698 percipiunt;
1600 5624 1702 5685 ubi
1727 5631 1935 5698 prater

2006 3201 2258 3260 schalem
2298 3200 2740 3269 solemnitatem,
2771 3214 2871 3271 per
2909 3197 3169 3270 singulas
3207 3191 3596 3252 hebdomadas
3633 3190 3732 3250 tri-2‘

2005 3292 2218 3363 duana,
2253 3300 2308 3348 et
2348 3290 2606 3348 biduana
2634 3290 2693 3346 in
2735 3288 2841 3345 hac
2874 3302 3067 3344 eremo
3097 3283 3318 3343 servari
3371 3281 3511 3340 solet
3550 3278 3728 3337 absti-

2006 3379 2222 3436 nentia.
2257 3404 2284 3427 »
2342 3377 2453 3447 Qui
2492 3384 2550 3434 et
2595 3392 2716 3450 cap.
2778 3375 2841 3433 14
2894 3373 3089 3433 subdit
3133 3392 3145 3431 :
3202 3392 3228 3424 «
3261 3372 3304 3428 A
3366 3368 3730 3428 solemnitate

2007 3471 2068 3528 B.
2103 3468 2337 3527 Martini
2365 3483 2550 3542 usque
2590 3466 2660 3524 ad
2705 3465 3072 3524 Nativitatem
3107 3459 3439 3530 Salvatoris,
3473 3457 3723 3533 quadra-

2004 3558 2296 3632 gesimalis
2325 3558 2389 3616 iit
2435 3555 2816 3624 observantia,
2851 3553 2998 3612 sicut
3038 3553 3101 3610 in
3148 3551 3350 3624 majori
3396 3548 3728 3621 Quadrage—

2005 3650 2152 3706 sima
2206 3646 2502 3720 pramissa
2549 3652 2650 3704 est.
2701 3668 2721 3694 ι
2762 3644 2834 3700 Et
2885 3643 2948 3700 in
3000 3639 3524 3700 Constitutionibus
3585 3635 3728 3694 anni

2009 3737 2144 3797 1085
2195 3757 2206 3796 :
2253 3756 2279 3788 «
2333 3737 2400 3795 In
2452 3736 2566 3807 his,
2632 3733 2844 3807 inquit,
2904 3731 3193 3804 pradictis
3243 3724 3726 3798 Quadragesimis,

2005 3827 2266 3902 quinque
2291 3825 2414 3883 dies
2443 3825 2506 3882 in
2537 3839 2704 3897 pane,
2750 3828 2806 3879 et
2832 3836 3001 3894 aqua,
3034 3825 3090 3877 et
3119 3817 3257 3886 sale,
3291 3831 3417 3873 mos
3455 3820 3540 3871 est
3561 3813 3720 3887 jeju-

2004 3931 2162 3974 nare.
2200 3937 2221 3966 ι
2266 3915 2466 3988 Itaque
2509 3913 2744 3988 propius
2780 3911 2972 3979 etiam,
3007 3923 3186 3982 quam
3233 3904 3720 3973 Gamaldulenses,

2004 4007 2349 4066 accedebant
2387 4005 2737 4064 Avellanita
2784 4004 2849 4061 in
2897 4003 3007 4093 hoc
3055 3998 3351 4093 proposito
3386 3995 3461 4093 ad
3496 3994 3719 4093 0-Po-

2005 4096 2226 4154 mualdi
2264 4097 2614 4166 institutum,
2649 4095 2790 4154 dum
2830 4092 3146 4167 perfectum
3177 4086 3539 4147 eremiticum
3565 4083 3726 4156 jeju-

2005 4185 2170 4243 nium
2195 4201 2229 4242 a
2259 4183 2319 4243 S.
2355 4185 2522 4242 Patre
2552 4190 2650 4253 (ex
2677 4184 2804 4256 ejus
2829 4183 2950 4241 vita
2979 4196 3102 4254 cap.
3133 4179 3182 4252 9)
3213 4179 3272 4235 in
3299 4175 3563 4250 quinque
3587 4171 3721 4229 heb-

2006 4275 2267 4334 domada
2297 4274 2419 4332 dies
2451 4291 2552 4348 per
2582 4274 2876 4331 triduanas
2913 4278 2968 4330 et
2999 4270 3278 4329 biduanas
3323 4263 3719 4332 distributum,

2004 4367 2224 4425 nedum
2250 4367 2312 4424 in
2360 4373 2604 4440 utraque
2629 4362 3078 4437 Quadragesima
3104 4367 3194 4431 (ut
3220 4357 3422 4427 nostri)
3450 4355 3723 4414 observa-

2007 4456 2167 4525 bant,
2224 4455 2323 4514 sed
2381 4454 2633 4528 amplius
2677 4469 2779 4527 per
2832 4452 2978 4510 duos
3035 4466 3265 4509 menses
3319 4454 3451 4539 ante
3493 4445 3722 4539 festum

2013 4542 2071 4603 S.
2102 4541 2354 4612 Martini,
2389 4548 2444 4599 et
2480 4541 2749 4614 deinceps
2785 4541 2858 4598 ab
2897 4547 3094 4598 octava
3128 4536 3454 4596 Nativitatis
3491 4531 3725 4591 Domini

2013 4638 2205 4706 (quam
2232 4632 2467 4706 quidem
2501 4647 2534 4688 a
2575 4630 2800 4704 jejunio
2827 4636 3156 4700 exemptam
3185 4629 3440 4697 voluere,
3472 4631 3538 4682 ut
3574 4620 3726 4678 infra

2016 4723 2249 4798 patebit)
2290 4721 2360 4781 ad
2417 4720 2654 4778 initium
2703 4719 2935 4794 majoris
2984 4716 3472 4791 Quadragesima,
3504 4710 3722 4770 scilicet

2012 4813 2254 4871 omnino
2302 4814 2371 4868 ab
2416 4811 2605 4867 Idibus
2641 4811 2974 4881 Septembris
3015 4823 3184 4878 usque
3223 4807 3296 4861 ad
3350 4805 3562 4860 Pascha
3613 4805 3724 4857 Do-

2012 4907 2170 4969 mini,
2203 4900 2568 4961 abstinentia
2590 4901 2769 4974 hujus
2797 4899 2976 4972 rigori
2999 4895 3492 4972 supponebantur.

2088 4990 2242 5050 VIII.
2293 4991 2432 5049 Tres
2480 5006 2647 5065 porro
2700 4988 2945 5061 Octava,
2990 4985 3472 5056 Besurrectionis,
3503 4989 3558 5043 et
3601 4981 3716 5040 Na-

2015 5080 2146 5139 talis
2190 5079 2444 5150 Domini,
2477 5095 2542 5138 ac
2593 5079 2973 5150 Pentecostes,
3013 5083 3068 5135 et
3123 5077 3215 5134 ha
3269 5073 3504 5149 quidem
3555 5070 3715 5139 sola,

2014 5177 2131 5228 tam
2171 5169 2325 5244 apud
2363 5170 2719 5228 Avellanitas
2755 5184 2931 5245 quam
2971 5165 3461 5234 Gamaldulenses,
3490 5179 3523 5219 a
3560 5174 3720 5218 com-

2016 5262 2184 5321 muni
2210 5260 2562 5319 abstinentia
2599 5269 2653 5320 et
2686 5262 2911 5336 jejunio
2938 5257 3232 5317 eremitico
3261 5252 3670 5314 eximebantur
3705 5269 3718 5307 :

2015 5351 2086 5409 de
2116 5349 2316 5425 primis
2345 5349 2505 5407 enim
2535 5349 2614 5409 ita
2641 5351 2839 5409 scribit
2869 5349 3072 5409 Petrus
3094 5342 3360 5405 Damiaui
3387 5356 3580 5417 opusc.
3612 5350 3723 5397 XIV

2020 5449 2076 5500 et
2101 5455 2202 5512 xv,
2234 5455 2357 5513 cap.
2389 5439 2420 5496 5
2453 5459 2465 5499 :
2502 5461 2528 5489 α
2558 5437 2700 5496 Tres
2734 5445 2927 5497 autem
2968 5434 3329 5498 solummodo
3360 5439 3576 5492 octava
3619 5446 3727 5505 per

2021 5547 2238 5590 annum
2291 5530 2371 5587 ita
2412 5528 2793 5598 celebrantur,
2824 5535 2890 5586 ut
2931 5531 3192 5603 jejunare
3224 5525 3321 5585 hic
3355 5538 3527 5583 nemo
3563 5537 3726 5593 coga-

2017 5630 2134 5694 tur,
2162 5621 2221 5680 id
2249 5627 2335 5679 est
2371 5617 2692 5679 Dominica
2721 5616 3202 5690 Besurrectionis,
3232 5623 3290 5676 et
3317 5619 3531 5674 sancta
3568 5610 3726 5671 Pen-
