4034 6474
290 289 355 349 31
1205 290 1264 351 S.
1307 288 1598 351 PETRUS
1636 290 2029 352 DAMIANUS
2069 292 2129 352 S.
2170 291 2242 350 Β.
2283 291 2350 349 Ε.
2392 288 2869 350 CARDINALIS.
3714 275 3786 338 3‘2

290 419 545 487 tecostes,
582 421 756 491 atque
783 413 1002 474 Natalis
1024 414 1291 487 Domini;
1322 430 1656 489 quanquam
1685 415 1745 471 in
1774 414 2261 491 octavisAusque
2316 415 2389 473 ad
2434 415 2577 474 Idus
2630 413 3001 488 Septembris,
3046 411 3232 481 tertia,
3281 415 3336 467 et
3388 405 3593 480 quinta
3640 403 3785 462 feria

294 508 677 579 Pentecostes,
701 513 758 565 et
787 506 1169 565 ecclesiastica
1198 507 1448 579 traditio,
1474 513 1530 565 et
1550 506 1785 564 Patrum
1812 504 1995 563 decer—
2074 505 2216 562 bina
2257 503 2488 562 refectio
2531 505 2597 563 in
2642 503 2734 562 die
2779 509 3025 572 tenetur,
3053 497 3295 572 reliquis
3341 510 3478 554 vero
3532 499 3785 568 quatuor

289 604 390 656 nat
441 597 747 656 auctoritas
803 601 925 670 (pro
976 604 1212 669 quatuor
1266 615 1454 672 nempe
1504 598 1852 669 temporibus)
1903 597 1992 669 je-
2076 593 2283 653 diebus
2300 592 2593 667 jejunium
2618 609 2693 652 ex
2716 608 2875 652 more
2900 595 3179 651 servetur.
3212 610 3234 640 ι
3267 585 3374 645 Cui
3400 584 3482 643 sic
3510 586 3788 643 consonat

284 685 635 758 junandum,
685 686 750 744 in
809 685 1050 759 reliquis
1122 703 1259 746 vero
1323 687 1539 745 octavis
1602 684 1996 759 quarumlibet
2076 682 2508 757 B.Rodulpbus
2554 683 2676 742 loco
2721 682 2839 752 cit.,
2887 697 3008 753 cap.
3041 679 3147 738 13;
3185 697 3213 731 «
3262 674 3541 748 Deinceps
3588 677 3785 730 autem

289 772 688 845 festivitatum,
738 772 1187 833 ecclesiasticum
1237 775 1494 849 quidem,
1554 780 1726 847 prout
1773 773 1994 847 regula-
2077 773 2166 843 (ab
2194 777 2383 828 octava
2416 772 2760 844 Pentecostes)
2789 784 2974 843 usque
3009 767 3073 826 in
3106 763 3473 856 festivitatem
3505 760 3570 856 -S.
3605 759 3785 856 Joan-

288 858 369 918 ris
419 860 558 918 ordo
607 860 876 933 postulat,
919 868 1184 920 tenemus
1236 846 1511 933 cilicium,
1546 846 1800 919 tenorem
1848 846 1992 920 ivero
2074 862 2186 932 nis,
2220 869 2472 935 quatuor
2513 861 2719 919 diebus
2752 860 2817 918 in
2863 855 3223 918 hebdomada
3267 849 3550 926 deputatis
3599 846 3785 905 absti-

288 948 546 1005 consueti
586 947 800 1021 jejunii
842 964 958 1006 non
1002 957 1316 1008 mutamus.
1363 972 1385 998 »
1418 948 1501 1007 De
1545 950 1816 1009 secundis
1856 965 1994 1009 vero
2075 950 2311 1021 nentia,
2344 950 2508 1008 tertia
2539 950 2680 1009 feria
2711 947 3050 1022 simpliciter
3069 946 3388 1033 jejunatur,
3414 938 3617 1033 quinta
3642 948 3785 1033 vero

288 1036 354 1095 B.
384 1036 731 1110 Rodulphus
775 1039 932 1112 prior
977 1038 1040 1096 in
1097 1038 1334 1096 Constit.
1364 1039 1505 1097 anni
1559 1039 1718 1112 1085,
1748 1039 1829 1099 sic
1880 1047 1992 1098 tra-
2072 1041 2405 1114 geminatur
2429 1038 2680 1098 refectio.
2710 1038 2794 1097 De
2818 1045 3023 1095 catero
3052 1048 3237 1109 usque
3261 1032 3397 1089 Idus
3428 1024 3785 1100 Septembris

292 1126 376 1185 dit
423 1151 435 1185 :
483 1148 513 1181 «
568 1126 692 1187 Mos
740 1136 825 1186 est
877 1144 978 1201 per
1025 1143 1499 1203 unamquamque
1549 1129 1988 1205 hebdomadam,

286 1218 505 1291 absque
561 1223 759 1276 octava
809 1217 1027 1277 Natalis
1080 1218 1333 1292 Domini,
1388 1219 1629 1294 ejusque
1679 1219 1990 1279 Resurrec-

289 1306 485 1378 tionis,
516 1312 572 1363 et
615 1303 996 1378 Pentecostes,
1022 1306 1086 1364 in
1130 1323 1294 1380 pane,
1337 1315 1393 1366 et
1428 1324 1599 1382 aqua,
1640 1314 1694 1366 et
1742 1309 1861 1366 sale
1900 1309 1989 1382 je-

280 1395 526 1470 junare:
561 1399 616 1453 et
650 1393 824 1453 aliam
863 1395 1089 1454 nullam
1126 1403 1382 1455 octavam
1420 1397 1503 1455 sic
1538 1397 1843 1469 celebrare,
1877 1396 1991 1455 nisi

281 1483 386 1542 bas
414 1490 545 1555 tres,
578 1500 723 1559 quas
750 1500 924 1558 supra
950 1486 1045 1542 hic
1082 1486 1251 1545 modo
1279 1485 1558 1544 diximus.
1593 1507 1620 1540 »
1653 1486 1722 1543 Et
1759 1487 1823 1543 in
1858 1485 1991 1543 aliis

2076 1132 2277 1189 eadem
2302 1138 2554 1205 quatuor
2581 1130 2810 1188 dierum
2840 1133 3103 1186 servatur
3128 1120 3497 1191 abstinentia,
3529 1116 3695 1177 tertia
3726 1118 3787 1173 et

2077 1221 2280 1294 quinta
2304 1220 2451 1279 feria
2476 1219 2726 1293 gemina
2755 1216 3053 1276 refectioni
3081 1211 3387 1287 deputatis.
3417 1230 3445 1263 »

2146 1312 2247 1370 XI.
2294 1310 2440 1371 Cum
2476 1313 2653 1387 igitur
2681 1308 2964 1385 ejusmodi
2993 1306 3276 1367 obtineret
3302 1300 3455 1376 apud
3481 1294 3787 1387 Avellani-

2076 1410 2181 1475 tas,
2206 1410 2381 1477 atque
2410 1386 2876 1461 Gamaldulenses
2901 1415 3003 1473 per
3031 1403 3216 1455 totum
3248 1393 3389 1451 anni
3417 1386 3788 1477 curriculum

2074 1475 2385 1550 eremitica
2414 1491 2779 1550 abstinentia
2823 1507 2858 1548 a
2901 1489 2960 1548 S.
2994 1483 3317 1547 Romualdo
3341 1479 3625 1540 instituta
3659 1475 3788 1532 dis-

287 1571 591 1632 Gonstitut.
631 1573 773 1631 anni
808 1573 964 1644 1080,
999 1590 1121 1647 cap.
1161 1575 1245 1646 1?,
1282 1576 1406 1633 bac
1443 1575 1615 1634 habet
1651 1600 1663 1633 :
1710 1600 1737 1623 ‹‹
1773 1574 1842 1632 In
1878 1573 1986 1632 Pa-
2074 1580 2331 1651 tributio,
2390 1580 2513 1654 pari
2591 1577 2998 1638 moderationis
3053 1582 3251 1634 tenore
3324 1562 3786 1654 utrobiquerob-

285 1660 464 1719 schali
485 1678 621 1720 vero
642 1663 1156 1734 hebdomada,non
1173 1663 1361 1722 solum
1383 1664 1679 1722 relaxatur
1702 1662 1991 1721 abstinen—
2075 1676 2319 1742 servato,
2396 1653 2513 1744 qua
2596 1668 2948 1727 districtione
3014 1663 3262 1738 duplicis
3317 1653 3788 1744 Quadragesima

281 1751 377 1820 tia,
407 1750 504 1809 sed
530 1751 701 1809 etiam
721 1751 1014 1825 jejunium
1043 1751 1306 1810 solvitur.
1338 1753 1406 1848 in
1430 1752 1759 1810 Pentecoste
1788 1750 2051 1848 eademB
2076 1740 2314 1819 cursum
2345 1740 2461 1815 tam
2491 1759 2574 1828 hi,
2605 1773 2777 1835 quam
2815 1756 2904 1814 illi
2935 1768 3205 1829 peragere
3237 1744 3665 1848 consueverint,
3695 1740 3786 1841 vi-

283 1840 574 1898 observari
604 1839 830 1911 debent,
867 1855 998 1913 qua
1024 1840 1085 1898 in
1119 1839 1380 1898 Paschali
1419 1840 1779 1898 solemnitate
1828 1834 2051 1896 com-"
2075 1849 2334 1907 deamus,
2370 1847 2453 1905 De
2485 1844 2544 1906 S.
2572 1846 2881 1905 Romualdi
2921 1842 3222 1917 discipulis
3258 1838 3507 1911 legimus
3546 1834 3609 1891 in
3659 1834 3789 1904 ejus

286 1934 605 1986 memorata
641 1935 795 1997 sum:
834 1935 1073 2001 excepto
1102 1927 1255 2001 (ΙΠοά
1299 1927 1521 2001 ieiunia
1551 1933 1802 2001 (111³ῖοοΓ
1842 1932 1992 1983 tem“
2075 1936 2225 2009 Vita,
2258 1954 2380 2011 cap.
2414 1939 2467 2008 9,
2503 1938 2660 2012 quod
2691 1958 2704 1995 :
2743 1958 2769 1989 «
2802 1937 2869 1994 In
2925 1934 3154 1993 duabus
3208 1929 3347 1988 anni
3403 1919 3788 2012 Quadragesif

283 2032 490 2090 porum
520 2017 583 2074 in
607 2017 716 2074 hac
742 2016 1121 2087 hebdomada,
1148 2022 1311 2075 sexta
1338 2016 1480 2074 feria
1505 2014 1872 2073 abstinentia
1898 2013 1996 2072 de-
2075 2028 2206 2098 mis,
2238 2009 2352 2086 ηοξ)
2408 2009 2593 2086 εοιιίη]
2649 2028 2771 2100 ipse
2814 2022 3212 2094 (Βοηιααιάιιε),
3242 2018 3341 2077 sed
3378 2013 3641 2090 plerique
3693 2009 3788 2068 sui

282 2111 499 2178 putata,
534 2105 651 2163 ritu
702 2104 1101 2164 Ecclesiastico
1145 2105 1484 2177 simpliciter
1527 2104 1924 2163 observentur.
1963 2124 1985 2152 ιο

284 2192 355 2249 Et
378 2208 516 2250 mox
545 2207 665 2266 cap.
705 2194 767 2251 15
800 2212 812 2250 ;
843 2216 870 2243 α
900 2192 1006 2251 Die
1026 2209 1257 2269 quoque
1284 2193 1468 2266 ipsius
1494 2190 1818 2250 Nativitatis
1844 2192 1992 2266 jeju-

283 2281 447 2338 nium
472 2280 738 2352 solvitur,
759 2281 982 2338 cateris
1007 2297 1144 2339 vero
1167 2280 1372 2340 diebus
1399 2296 1500 2354 per
1520 2286 1695 2339 totam
1719 2278 1991 2340 Octavam

284 2372 407 2431 sola
435 2372 782 2431 abstinentia
816 2371 1133 2431 relaxatur.

355 2466 457 2524 IX.
511 2466 757 2537 Rursus,
795 2474 912 2526 toto
968 2466 1233 2527 Paschali
1288 2476 1539 2543 tempore
1591 2474 1842 2544 quatuor
1887 2484 1989 2542 per

283 2554 702 2614 hebdomadam
727 2556 932 2615 diebus
957 2557 1260 2630 duntaxat,
1293 2566 1410 2616 tum
1445 2559 1597 2632 apud
1622 2558 1985 2631 Avellanam,

284 2652 409 2704 tum
454 2644 609 2719 apud
645 2644 1072 2716 Camaldulum,
1096 2646 1303 2721 jejunii
1344 2662 1587 2706 censura
1626 2647 1985 2719 servabatur,

282 2730 466 2806 tertia,
494 2742 549 2793 et
577 2736 783 2810 quinta
832 2736 991 2806 feria,
1022 2742 1230 2809 prater
1273 2734 1643 2795 Dominicum
1682 2735 1857 2807 diem,
1887 2753 1986 2810 ge-

283 2823 461 2881 mina
534 2823 831 2881 refectioni
886 2823 1189 2897 deputatis.
1250 2822 1413 2882 Unde
1466 2823 1667 2883 Petrus
1721 2824 1987 2884 Damiani

281 2912 423 2970 locis
471 2927 644 2985 supra
682 2912 868 2969 citatis
904 2911 1020 2969 ait:
1059 2936 1081 2964 «
1116 2912 1208 2970 Ab
1265 2912 1490 2972 Octavis
1544 2929 1753 2988 nempe
1801 2914 1989 2973 Domi-

280 3001 429 3059 nica
469 2999 925 3059 Resurrectionis
981 3015 1166 3074 usque
1210 3001 1282 3059 ad
1329 3001 1485 3060 diem
1532 3010 1795 3061 sanctum
1835 3003 1987 3062 Pen-

277 3098 532 3163 tecostes,
576 3098 825 3166 quatuor
871 3090 993 3149 dies
1040 3106 1142 3163 per
1196 3092 1613 3151 hebdomadam
1655 3094 1982 3167 jejunatis;

274 3184 485 3256 prater
540 3181 909 3240 Dominicum
947 3195 1083 3239 vero
1128 3180 1303 3252 diem,
1337 3182 1408 3240 de
1455 3182 1623 3257 cujus
1662 3183 1986 3241 reverentia

276 3271 478 3330 nullus
523 3270 838 3341 addubitat,
871 3269 1035 3327 tertia
1071 3269 1237 3341 feria,
1268 3278 1324 3329 et
1362 3272 1565 3344 quinta
1614 3272 1754 3330 feria
1803 3271 1896 3329 his
1924 3272 1988 3330 in

278 3360 373 3420 die
401 3361 653 3419 reﬁcitis.
686 3381 714 3415 »
753 3358 986 3418 Sabbati
1045 3367 1237 3418 tamen
1283 3361 1579 3436 jejunium
1639 3377 1757 3419 non
1809 3361 1991 3435 perfe-

273 3455 451 3521 ctum,
483 3449 580 3507 sed
612 3447 865 3521 simplex
891 3455 1033 3519 erat,
1061 3449 1233 3507 unica
1282 3464 1491 3522 nempe
1536 3448 1846 3507 refectione
1873 3448 1985 3507 cir-

274 3538 711 3612 cumscriptum,
763 3537 863 3595 sed
911 3537 1071 3608 vino,
1096 3545 1151 3596 et
1195 3538 1497 3612 pulmento
1546 3538 1802 3596 eremitis
1855 3552 1986 3611 per-

276 3626 475 3698 misso,
531 3634 587 3684 et
660 3625 818 3683 enim
875 3624 1194 3683 Damianus
1245 3641 1441 3699 opusc.
1505 3639 1612 3698 XV,
1667 3641 1789 3698 cap.
1850 3626 1913 3684 15
1969 3649 1982 3684 :

279 3745 305 3768 «
344 3717 469 3777 Non
504 3732 677 3790 grave
722 3717 986 3774 videatur
1030 3717 1191 3774 fratri
1230 3718 1404 3775 etiam
1446 3716 1694 3778 Sabbato
1720 3717 1988 3776 refectio-

272 3824 408 3867 nem
434 3807 506 3865 ad
532 3820 745 3864 nonam
780 3805 985 3863 horam
1029 3820 1215 3879 usque
1264 3806 1495 3865 dili‘erre
1526 3825 1540 3865 :
1575 3813 1643 3866 ut
1666 3806 1845 3866 semel
1868 3807 1986 3881 qui-

272 3898 406 3956 dem
452 3898 577 3971 ipso
629 3895 722 3954 die
772 3896 1084 3968 reﬁciatur,
1130 3898 1229 3955 sed
1282 3904 1473 3956 tamen
1530 3898 1758 3971 vinum,
1812 3904 1988 3975 atque

270 3987 644 4061 pulmentum
680 3985 971 4060 percipere
1012 4001 1086 4043 ex
1130 3986 1310 4059 hujus
1353 3995 1566 4047 nostra
1603 3988 1986 4048 institutionis

244 4077 638 4156 indulgentia
686 4092 807 4135 nou
856 4081 1155 4133 vetetur.»
1187 4076 1350 4146 Quod
1399 4078 1596 4151 ipsum
1642 4078 1707 4136 B.
1771 4079 1987 4138 Rodul-

268 4168 421 4241 phus
448 4166 604 4240 prior
650 4165 712 4223 in
741 4162 1044 4224 Constitut.
1078 4164 1197 4235 cit.,
1229 4180 1351 4238 cap.
1388 4166 1472 4236 l2,
1502 4166 1584 4225 sic
1611 4167 1851 4227 brevius
1880 4184 1983 4227 ex-

270 4256 472 4331 primit
505 4274 519 4311 :
559 4278 581 4307 ι
646 4254 1023 4313 Postmodum
1048 4270 1186 4313 vero
1209 4256 1293 4329 (ab
1322 4261 1513 4312 octava
1538 4259 1845 4328 Paschatis)
1881 4259 1979 4316 tri-

270 4345 382 4403 bus
436 4344 501 4402 in
552 4342 913 4402 hebdomade
963 4342 1173 4401 diebus
1225 4346 1453 4417 (nempe
1504 4343 1647 4403 feria
1706 4346 1980 4420 secunda,

273 4442 496 4507 quarta,
524 4439 579 4491 et
608 4437 792 4501 sexta)
821 4448 1006 4506 usque
1058 4434 1430 4492 Pentecosten
1484 4434 1762 4507 repetitur
1805 4436 1977 4494 absti-

269 4521 506 4593 nentia;
540 4520 786 4581 Sabbata
814 4536 951 4580 vero
975 4521 1227 4595 simplici
1248 4522 1471 4597 jejunio
1503 4523 1832 4597 deputatur.
1863 4545 1891 4579 »

340 4618 410 4676 X.
444 4617 575 4676 Jam
620 4615 693 4674 ab
745 4623 943 4675 octava
985 4615 1346 4676 Pentecostes
1374 4634 1563 4691 usque
1598 4618 1670 4676 ad
1699 4618 1983 4678 Nativita-

270 4716 386 4765 tem
430 4705 487 4764 S.
532 4704 773 4763 Joannis
810 4705 1084 4779 Baptista
1125 4715 1371 4779 quatuor
1417 4706 1654 4778 quidem
1690 4708 1827 4767 solis
1856 4709 1980 4768 die-

264 4792 376 4851 bus
429 4791 794 4863 abstinentia,
835 4808 939 4851 seu
984 4792 1305 4867 perfectum
1340 4792 1635 4866 jejunium
1674 4795 1980 4870 utrobique

262 4883 327 4941 in
355 4898 470 4941 usu
512 4882 719 4952 fuerat,
749 4882 848 4940 sed
886 4891 1159 4957 praterea
1210 4882 1354 4942 feria
1389 4882 1554 4941 tertia
1599 4883 1867 4959 simplici,
1887 4888 1978 4961 je-

259 4971 427 5046 junio
476 4971 935 5045 consecrabatur,
967 4989 1100 5048 qua
1145 4972 1413 5046 deinceps
1449 4988 1483 5030 a
1533 4972 1674 5032 festo
1708 4974 1766 5033 S.
1801 4974 1978 5035 Joan-

267 5059 361 5118 nis
415 5076 604 5137 usque
658 5061 729 5119 ad
782 5060 921 5120 Idus
976 5060 1328 5136 Septembris
1378 5061 1626 5135 gemina
1681 5064 1980 5125 refectioni

266 5148 491 5208 addicta
540 5156 683 5222 erat,
721 5165 959 5225 prorsus
1007 5159 1072 5211 ut
1126 5150 1388 5210 Paschali
1434 5158 1686 5227 tempore
1735 5171 1977 5215 consue-

263 5238 417 5297 visse
444 5239 796 5299 notavimus.
828 5238 919 5297 En
949 5239 1101 5299 Petri
1128 5239 1391 5299 Damiani
1419 5242 1595 5301 verba
1636 5259 1833 5318 opusc.
1870 5257 1978 5305 XIV

270 5337 327 5386 et
356 5339 462 5397 xv,
494 5344 615 5403 cap.
643 5330 676 5387 6
710 5353 723 5387 :
781 5349 810 5384 ‹‹
837 5329 930 5388 Ab
974 5336 1173 5389 octava
1220 5346 1356 5390 vero
1403 5330 1763 5391 Pentecostes
1790 5348 1979 5408 usque

265 5416 338 5473 ad
372 5415 741 5475 Nativitatem
789 5418 853 5477 B.
895 5417 1154 5492 Joannis,
1193 5420 1357 5478 tertia
1395 5422 1631 5495 quidem
1672 5424 1814 5482 feria
1840 5424 1974 5497 pul-

268 5512 530 5563 mentum
578 5505 854 5565 fratribus
903 5508 1043 5565 hora
1078 5521 1231 5565 nona
1281 5508 1572 5581 tribuitur,
1599 5512 1802 5585 quinta
1844 5529 1975 5572 vero

269 5592 411 5653 feria
456 5592 690 5652 refectio
726 5593 985 5655 iteratur.
1022 5595 1197 5656 Porro
1228 5612 1263 5655 a
1305 5596 1610 5657 festivitate
1644 5599 1703 5659 S.
1735 5600 1978 5662 Joannis

2074 2117 2343 2190 discipuli
2398 2117 2573 2175 totius
2629 2114 3004 2181 hebdomada
3039 2111 3193 2171 soliti
3247 2113 3410 2167 erant
3447 2102 3789 2190 continuare

2068 2187 2383 2280 jejunium.
2423 2230 2443 2256 ι
2496 2204 2757 2277 Idipsum
2800 2204 2871 2261 de
2913 2198 3213 2259 nonnullis
3257 2211 3362 2255 suo
3392 2199 3645 2264 tempore
3672 2187 3786 2280 Ca-

2073 2278 2533 2353 maldulensibus
2565 2292 2820 2351 eremitis
2862 2296 3099 2349 testatur
3141 2286 3207 2345 B.
3240 2281 3584 2355 Rodulphus
3628 2278 3788 2351 prior

2073 2383 2135 2441 in
2165 2381 2684 2442 Constitutionibus
2710 2381 2853 2441 anni
2888 2378 3043 2447 1085,
3075 2384 3130 2436 et
3153 2375 3355 2434 Petrus
3397 2367 3667 2429 Damiani
3712 2366 3786 2424 de

2075 2474 2439 2545 Avellanitis,
2468 2473 2748 2547 opusculo
2777 2483 2910 2543 XIV,
2942 2469 3024 2527 sic
3048 2466 3305 2541 loquitur
3336 2482 3348 2520 :
3387 2487 3414 2512 ‹‹
3441 2460 3524 2518 De
3553 2456 3790 2517 duabus

2074 2562 2193 2621 illis
2214 2546 2700 2635 Quadragesimis,
2722 2576 2859 2633 qua
2879 2558 2973 2617 vel
2993 2554 3253 2614 Natalem
3272 2550 3525 2619 Domini,
3544 2546 3790 2641 velsan-

2075 2656 2235 2708 ctum
2268 2649 2485 2707 Pascha
2509 2648 2863 2722 pracedunt,
2896 2645 3027 2703 licet
3058 2659 3162 2717 ego
3193 2649 3429 2709 taceam,
3457 2652 3562 2695 vos
3591 2641 3788 2692 tamen

2076 2740 2253 2811 scitis,
2279 2741 2417 2814 quia
2442 2738 2712 2798 nonnulli
2742 2738 2837 2796 hic
2865 2743 3020 2807 sunt,
3053 2734 3155 2809 qui
3183 2733 3403 2805 absque
3435 2727 3640 2787 diebus
3666 2722 3788 2780 Do-

2073 2831 2324 2900 minicis,
2357 2830 2577 2903 duplex
2603 2827 2751 2886 illud
2782 2822 3286 2899 Quadragesimale
3312 2818 3561 2894 spatium
3595 2820 3786 2874 totum

2068 2918 2386 2992 jejunando
2442 2922 2829 2974 transcurrere
2877 2912 3084 2981 solent,
3144 2908 3399 2983 exceptis
3456 2904 3639 2964 tribus
3689 2916 3786 2959 so-

2072 3006 2488 3079 lemnitatibus,
2517 3005 2575 3065 S.
2612 3003 2880 3063 videlicet
2908 3001 3176 3069 Andrea,
3208 3005 3265 3055 et
3296 2996 3354 3056 S.
3392 2992 3707 3061 Benedicti,
3728 2997 3787 3048 et

2073 3095 2533 3156 Annuntiatione
2585 3091 2903 3152 Dominica.
2934 3113 2963 3145 »
3011 3089 3081 3148 Et
3133 3102 3329 3161 opusc.
3381 3096 3489 3155 xv,
3532 3098 3655 3157 cap.
3701 3079 3782 3138 6:

2077 3210 2105 3238 α
2137 3186 2375 3245 Duabus
2402 3191 2599 3243 autem
2628 3183 2747 3241 illis
2771 3179 3257 3253 Quadragesimis,
3290 3191 3425 3250 qua
3457 3173 3550 3233 vel
3581 3171 3786 3231 Natale

2074 3277 2323 3349 Domini,
2365 3276 2455 3335 vel
2514 3282 2781 3335 sanctum
2832 3274 3047 3332 Pascha
3111 3268 3468 3345 pracedunt,
3509 3263 3784 3323 nonnulli

2067 3368 2273 3425 fratres
2319 3366 2415 3424 hic
2462 3371 2618 3436 sunt,
2660 3364 2761 3440 qui
2801 3369 2975 3421 totam
3010 3359 3429 3419 hebdomadam
3463 3353 3784 3431 jejunando

2068 3462 2492 3527 transcurrunt,
2527 3461 2582 3512 et
2610 3453 2890 3530 quotidie,
2922 3450 3180 3523 exceptis
3205 3449 3412 3507 diebus
3438 3443 3781 3513 Dominicis,

2068 3545 2127 3603 in
2154 3561 2322 3618 pane,
2353 3552 2408 3602 et
2429 3559 2581 3617 aqua
2607 3543 2839 3601 vivunt.
2875 3563 2904 3597 »

2140 3634 2268 3692 XII.
2324 3633 2556 3706 Reliqui
2592 3638 2808 3703 autem,
2844 3631 2947 3706 qui
2989 3638 3105 3690 tam
3143 3627 3314 3703 rigidi
3348 3624 3558 3701 jejunii
3591 3622 3780 3682 conti-

2068 3723 2401 3782 nuationem
2449 3723 2600 3780 ferre
2630 3736 2747 3780 non
2788 3725 3067 3794 poterant,
3100 3718 3221 3778 sola
3270 3716 3559 3787 triduana,
3588 3718 3643 3770 et
3686 3706 3781 3768 bi-

2068 3814 2262 3871 duana
2305 3811 2653 3869 abstinentia
2682 3809 2958 3880 contenti,
2998 3831 3019 3860 α
3052 3807 3230 3878 olera,
3264 3806 3358 3864 vel
3391 3803 3783 3879 quodcunque

2068 3902 2367 3976 liquamen
2402 3924 2423 3953 ι
2456 3901 2601 3959 feria
2630 3900 2851 3975 quinta,
2886 3907 2942 3958 et
2969 3890 3288 3956 Dominicis
3324 3896 3529 3978 diebus
3558 3892 3779 3953 utrius-

2067 4006 2181 4065 que
2219 3989 2686 4065 Quadragesima
2720 3990 2794 4048 ad
2832 3988 3204 4048 refectionem
3241 3984 3527 4044 addebant
3562 4003 3575 4042 :
3616 3999 3651 4040 a
3689 3982 3779 4056 pi-

2067 4081 2259 4139 scibus
2318 4086 2534 4149 tamen,
2588 4086 2646 4137 et
2696 4079 2852 4147 vino,
2912 4075 3360 4135 solemnioribus
3425 4072 3780 4147 quibusdam

2066 4171 2272 4230 diebus
2301 4172 2575 4244 exceptis,
2606 4177 2730 4229 tum
2756 4167 3123 4239 Avellanita,
3154 4174 3279 4225 tum
3305 4163 3780 4224 Gamaldulenses

2066 4277 2267 4320 omnes
2309 4261 2523 4334 pariter
2570 4260 2957 4319 abstinebant.
3011 4258 3092 4315 De
3134 4257 3340 4330 primis
3383 4255 3540 4313 enim
3581 4252 3779 4328 inquit

2068 4352 2271 4410 Petrus
2327 4349 2594 4409 Damiani
2647 4355 2770 4407 tum
2822 4363 3017 4421 opusc.
3066 4358 3194 4416 XIV,
3227 4352 3348 4404 tum
3397 4356 3504 4416 XV,
3536 4358 3658 4416 cap.
3691 4343 3772 4402 6:

2071 4465 2093 4491 ιι
2128 4441 2195 4498 In
2227 4439 2515 4515 pradictis
2542 4438 2770 4497 duabus
2804 4435 3266 4509 Quadragesimis
3305 4432 3659 4493 consuetudo
3691 4438 3775 4489 te-

1998 4502 2048 4561 D
2068 4528 2214 4599 nuit,
2228 4502 2309 4588 ‘ut
2338 4543 2527 4602 neque
2547 4527 2866 4598 monachis,
2894 4541 3083 4599 neque
3110 4523 3273 4583 laicis
3302 4521 3448 4594 vini,
3474 4523 3570 4581 vel
3599 4521 3777 4580 etiam

2062 4620 2236 4693 piscis
2311 4618 2597 4692 perceptio
2654 4618 3018 4690 concedatur,
3072 4616 3329 4689 exceptis
3385 4614 3477 4673 his
3524 4623 3777 4688 quatuor

2065 4706 2495 4779 festivitatibus,
2525 4707 2707 4765 sancti
2759 4706 2974 4765 scilicet
3029 4706 3298 4775 Andrea,
3327 4711 3380 4762 et
3426 4703 3492 4762 B.
3525 4702 3776 4761 Benedi-

2063 4796 2158 4867 cti,
2186 4804 2241 4854 et
2270 4796 2571 4854 Dominica
2605 4791 2956 4864 Palmarum,
2988 4799 3044 4851 et
3069 4792 3246 4851 Coena
3274 4792 3529 4863 Domini,
3560 4792 3775 4865 quibus

2062 4885 2344 4943 nimirum
2395 4884 2798 4943 sacratissimis
2832 4883 3039 4942 diebus
3071 4881 3275 4955 pisces,
3307 4888 3363 4940 et
3400 4882 3627 4952 vinum,
3668 4897 3774 4940 ex-

2061 4976 2399 5035 cellentium
2453 4975 2883 5034 solemnitatum
2953 4973 3155 5032 latitia
3230 4974 3533 5043 invitante,
3590 4972 3775 5045 perci-

2062 5066 2247 5139 piunt.
2284 5090 2308 5118 n
2359 5067 2442 5125 De
2474 5066 2745 5125 secundis
2775 5071 2964 5123 autem
3026 5063 3093 5123 B.
3136 5064 3483 5137 Rodulpbus
3520 5063 3675 5136 prior
3712 5063 3775 5122 in

2063 5153 2301 5212 Constit.
2341 5155 2481 5213 anni
2533 5154 2703 5223 1085,
2729 5152 2921 5227 inquit
2952 5172 2964 5212 :
3002 5178 3029 5202 α
3062 5153 3185 5212 Mos
3223 5158 3308 5211 est
3337 5153 3400 5209 in
3433 5150 3589 5209 binis
3621 5150 3775 5220 Qua-

2062 5242 2398 5317 dragesimis
2446 5244 2629 5316 pisces
2677 5241 3016 5302 nullatenus
3064 5242 3251 5312 edere,
3284 5239 3375 5299 vel
3425 5241 3635 5297 vinum
3681 5239 3772 5296 bi-

2060 5331 2213 5403 bere,
2245 5332 2361 5390 nisi
2398 5333 2461 5390 in
2497 5331 2858 5391 solemnitate
2899 5330 2956 5392 S.
2996 5331 3267 5401 Andrea,
3300 5337 3356 5387 et
3393 5330 3574 5388 sancti
3604 5329 3777 5387 Bene-

2061 5422 2217 5493 dicti,
2251 5430 2307 5480 et
2359 5429 2571 5481 sancta
2626 5422 2841 5496 Maria,
2883 5430 2938 5481 et
2992 5420 3290 5480 Dominica
3334 5420 3398 5478 in
3452 5419 3690 5490 Palmis,
3723 5420 3771 5477 si

2061 5514 2257 5588 aliqua
2301 5530 2373 5572 ex
2422 5521 2582 5589 parte
2628 5516 2912 5575 Dominus
2966 5510 3365 5583 transmiserit,
3393 5518 3448 5569 et
3490 5510 3551 5569 in
3598 5510 3775 5569 Cana

2062 5603 2317 5663 Domini.
2380 5625 2407 5659 »
2477 5602 2877 5680 Similiterque
2938 5603 3000 5661 in
3054 5600 3186 5660 aliis
3258 5600 3777 5663 Constitutionibus
