4034 6456
265 315 345 374 33
1172 308 1746 372 PROLEGOMENA.
1800 344 1857 355 —
1901 312 1996 370 DE
2037 312 2438 376 INSTITUTO
2476 319 2910 381 CAMALDUL.
3723 329 3790 388 34

253 441 417 500 anni
449 439 610 509 1080,
641 454 764 513 cap.
792 439 878 509 11,
900 438 982 496 ait
1009 457 1021 496 :
1057 458 1086 491 ί(
1116 437 1336 496 Vinum
1363 451 1594 511 quoque
1620 442 1745 509 post
1765 436 1998 496 initium
2020 440 2358 500 Amualdus
2405 444 2700 516 fragilitati
2740 447 2832 519 pie
2865 449 3237 522 compatiens.
3279 456 3570 509 consuetae
3619 467 3782 510 men-

256 527 746 601 Quadragesimae
800 541 1047 599 magnze,
1087 542 1154 584 ac
1205 525 1377 584 etiam
1421 525 1726 583 Adventus
1767 525 2001 583 Domini
2085 545 2237 588 surae
2290 534 2568 604 quadram
2623 537 2923 608 paximatii
2975 538 3386 612 superaddidit,
3456 546 3511 598 et
3566 542 3648 600 sic
3703 543 3789 601 la-

256 634 389 675 non
425 617 602 675 datur
629 617 746 674 nisi
791 617 855 674 in
894 614 1196 674 Dominica
1237 614 1589 684 Palmarum,
1624 620 1679 672 et
1710 613 1866 672 festis
1901 615 1999 673 de-

261 707 530 776 claratis,
556 706 696 764 etin
724 706 900 763 Coena
921 705 1153 762 Domini
1173 704 1232 762 in
1264 705 1669 762 festivitatibus
1687 706 1750 763 Β.
1774 705 1991 774 Mariae,

263 799 585 871 sanctique
618 796 936 854 Benedicti.
972 821 998 846 ι»

351 889 513 947 ΧΙΙΙ.
555 889 860 962 Speciatim
897 895 1086 946 tamen
1120 888 1182 946 in
1212 887 1458 947 Sabbato
1489 894 1683 947 sancto
1713 895 1767 946 et
1796 888 1998 961 vigilia

267 979 503 1037 Natalis
531 979 768 1038 Domini
789 979 862 1037 ob
886 978 1109 1038 labores
1135 978 1317 1050 chori,
1353 981 1551 1037 vinum
1578 989 1632 1038 ct
1656 996 1863 1052 panem
1891 983 1998 1038 lar-

265 1071 427 1143 giori
462 1087 741 1129 mensura
779 1087 1012 1129 sumere
1046 1070 1349 1144 utriusque
1387 1071 1498 1130 loci
1535 1072 1824 1130 institutio
1862 1089 1993 1146 per-

265 1161 544 1219 mittebat
575 1180 586 1217 :
620 1161 702 1218 sic
733 1160 891 1219 enim
918 1176 1114 1235 opusc.
1150 1174 1258 1219 XIV
1287 1168 1342 1220 et
1369 1175 1476 1231 xv,
1507 1178 1628 1236 cap.
1652 1162 1706 1232 6,
1741 1163 1994 1238 loquitur

267 1249 347 1306 de
380 1249 508 1308 suis
545 1248 893 1308 Avellanitis
932 1249 1247 1308 Damianus
1279 1273 1292 1308 :
1332 1273 1358 1301 ιι
1392 1250 1460 1308 In
1505 1251 1752 1309 Sabbato
1797 1260 1990 1311 autem

267 1346 493 1408 sancto,
530 1353 635 1396 nec
660 1353 780 1396 non
807 1344 862 1395 et
891 1338 1092 1412 vigilia
1118 1338 1447 1396 Nativitatis
1469 1339 1719 1412 Domini,
1748 1349 1812 1399 ut
1836 1342 1994 1400 labor

264 1426 644 1486 ecclesiastici
690 1428 979 1487 relevetur
1017 1428 1210 1501 oﬂicii,
1266 1436 1447 1488 totum
1484 1447 1692 1504 panem
1734 1432 1835 1506 qui
1886 1449 1990 1490 vo-

267 1514 511 1588 luerint,
546 1517 880 1587 comedunt,
912 1517 1096 1576 alium
1129 1534 1267 1576 vero
1298 1520 1493 1577 cibum
1522 1521 1646 1579 sive
1677 1520 1831 1591 laici,
1868 1521 1992 1579 sive

265 1604 572 1677 monachi,
605 1604 836 1679 penitus
866 1621 980 1664 non
1011 1605 1340 1665 admittunt.
1379 1631 1406 1658 ιι
1440 1607 1510 1664 Et
1540 1607 1606 1666 B.
1642 1607 1990 1682 Bodulphus

266 1694 433 1768 prior
486 1695 556 1752 de
605 1694 1147 1754 Camaldulensibus
1197 1697 1451 1755 eremitis
1497 1699 1580 1756 sic
1618 1698 1816 1756 statuit
1865 1699 1989 1758 loco

2083 618 2242 676 benti
2277 619 2399 692 jam
2437 622 2618 692 fratri,
2661 641 2733 684 ne
2771 625 3010 683 omnino
3048 626 3334 699 deficeret,
3376 628 3789 688 misericordia)

2085 725 2327 768 manum
2360 714 2616 786 tetendit,
2653 739 2677 764 »
2711 724 2840 788 ete.,
2867 725 2931 775 ut
2957 717 3205 791 legimus
3230 721 3291 777 in
3317 720 3629 779 Romualdi
3657 721 3789 778 Vita

2083 815 2204 872 cap.
2238 803 2290 859 8.

2153 889 2275 948 XV.
2326 891 2520 949 Obiter
2557 901 2750 952 autem
2801 897 2986 954 notari
3020 898 3204 970 juvat,
3247 915 3319 956 ex
3363 898 3629 957 Damiani
3667 900 3788 958 loco

2081 978 2253 1051 paulo
2282 989 2448 1040 antea
2482 982 2709 1040 laudato
2741 985 2868 1042 erui
2895 1001 3060 1057 posse
3093 986 3390 1059 praecisam
3423 989 3588 1060 panis
3620 1005 3784 1047 men-

2080 1085 2276 1127 suram
2304 1087 2336 1128 a
2367 1070 2424 1128 S.
2459 1073 2520 1129 P.
2549 1073 2856 1132 Benedicto
2881 1091 3002 1148 cap.
3039 1077 3106 1133 39
3137 1075 3358 1147 Regula
3387 1079 3783 1152 praescriptam

2080 1155 2162 1214 ibi
2196 1179 2208 1213 :
2247 1178 2274 1209 «
2307 1157 2478 1215 Panis
2506 1159 2652 1217 libra
2679 1176 2797 1218 una
2823 1177 3104 1235 propensa
3143 1163 3388 1221 sufficiat
3417 1165 3477 1222 in
3507 1164 3620 1234 die,
3661 1166 3783 1225 sive

2080 1262 2198 1304 una
2226 1247 2298 1303 sit
2327 1247 2578 1320 refectio,
2613 1249 2735 1306 sive
2768 1250 3011 1322 prandii,
3055 1258 3108 1308 et
3149 1268 3352 1310 cmnaa.
3390 1277 3416 1304 υ
3451 1254 3613 1324 Quod
3644 1258 3781 1330 qui-

2080 1335 2212 1392 dem
2239 1335 2404 1394 librm
2433 1339 2661 1410 pondus
2689 1338 2867 1398 simul
2894 1354 3028 1398 cum
3054 1356 3325 1401 mensura
3353 1344 3606 1402 heminae
3632 1347 3778 1416 vini,

2077 1423 2233 1482 idem
2260 1424 2319 1484 S.
2351 1426 2695 1486 Benedictus
2723 1429 2787 1486 B.
2815 1429 3015 1488 Mauro
3045 1431 3107 1488 in
3136 1430 3350 1490 Gallias
3379 1433 3619 1492 dimisso
3649 1451 3782 1493 con-

2077 1513 2346 1586 signavit,
2398 1522 2462 1573 ut
2511 1524 2706 1574 narrat
2753 1517 3000 1576 Faustus
3043 1520 3105 1577 in
3151 1521 3277 1592 ejus
3317 1520 3448 1579 Vita
3482 1525 3636 1597 apud
3675 1525 3782 1584 Su-

2077 1603 2232 1660 rium
2263 1624 2276 1661 :
2307 1606 2405 1663 sed
2443 1611 2499 1663 et
2537 1607 2902 1667 Gassinenses
2938 1611 3229 1680 monachi,
3268 1611 3782 1686 Longobardorum

2076 1691 2471 1753 incursionem
2515 1697 2822 1770 fugientes,
2861 1696 3017 1755 idem
3062 1698 3309 1772 pondus,
3353 1707 3408 1758 et
3444 1717 3780 1761 mensuram

268 1785 546 1857 proxime
582 1785 756 1844 citato
785 1800 906 1859 cap.
954 1784 1015 1844 11
1049 1804 1062 1844 :
1099 1808 1124 1835 α
1163 1785 1481 1844 Sabbatum
1517 1801 1656 1844 vero
1693 1790 1986 1858 (sanctum)
2010 1797 2270 1862 Bsecum
2318 1783 2564 1842 Romam
2613 1791 2998 1860 asportarunt,
3049 1803 3122 1844 ex
3175 1788 3369 1847 Leone
3419 1790 3668 1851 Ostiensi
3717 1794 3779 1851 in

266 1876 423 1934 sacri
470 1876 742 1950 baptismi
794 1875 1158 1935 abstinentiae
1196 1875 1462 1948 deputari
1514 1875 1702 1947 debet,
1744 1877 1842 1935 sed
1889 1895 1992 1951 pro

267 1962 472 2022 labore
506 1964 680 2022 ofﬁcii
711 1965 1007 2039 sequentis
1037 1963 1290 2032 Paschm,
1326 1964 1609 2023 biscoctus
1637 1965 1823 2037 panis,
1857 1981 1991 2024 cum

272 2054 487 2112 sobria.
506 2056 868 2130 perceptione
900 2055 1048 2126 vini,
1079 2061 1262 2128 potest
1293 2054 1570 2113 fratribus
1599 2054 1922 2127 indulgeri;
1960 2078 1987 2106 υ

269 2150 327 2202 et
360 2160 502 2202 mox
527 2160 648 2217 cap.
686 2145 770 2217 14,
802 2145 881 2202 ait
912 2163 924 2202 :
969 2167 989 2195 ι
1026 2145 1096 2202 ΙΙΙ
1127 2143 1330 2217 vigilia
1358 2157 1495 2201 vero
1525 2143 1844 2203 Dominicae
1874 2145 1989 2204 Na-

267 2235 514 2294 tivitatis
565 2236 722 2294 idem
775 2236 1204 2295 observandum
1258 2241 1366 2306 est,
1422 2233 1577 2308 quod
1629 2233 1693 2292 in
1743 2233 1990 2294 Sabbato

266 2331 468 2382 sancto
498 2323 762 2383 diximus
789 2325 1103 2383 observari.
1136 2347 1163 2375 η

336 2411 494 2470 XIV.
543 2413 678 2472 Ideo
716 2420 904 2473 autem
937 2419 1109 2470 totum
1132 2429 1334 2486 panem
1364 2415 1638 2480 integrum
1669 2410 1989 2469 Damianus

264 2516 457 2575 aeque,
493 2517 558 2559 ac
589 2501 934 2575 Bodulphus
965 2501 1260 2575 speciatim
1292 2506 1490 2558 notant
1521 2500 1737 2572 praavio
1767 2499 1987 2557 Resur-

264 2592 560 2663 rectionis,
595 2600 649 2650 et
692 2593 909 2650 Natalis
940 2591 1230 2650 Dominici
1269 2590 1361 2650 die
1412 2591 1697 2649 duntaxat
1739 2589 1988 2662 permis~

262 2696 420 2751 sum,
453 2683 591 2755 quia
619 2683 843 2739 caeteris
865 2680 1076 2754 jejunii
1106 2680 1313 2738 diebus
1353 2680 1611 2751 quinque
1642 2685 1866 2735 tantum
1895 2693 1988 2749 pa-

261 2770 358 2827 nis
412 2777 686 2840 octantes,
739 2775 892 2827 certa
946 2785 1255 2839 mensura,
1315 2769 1672 2842 praeﬁxoque
1735 2765 1986 2840 pondere

263 2858 523 2929 libratos,
577 2859 771 2917 unicae
821 2875 943 2917 suae
995 2857 1292 2916 refectioni
1340 2855 1768 2940 impendebant.
1821 2854 1986 2912 Unde

261 2949 470 3008 Petrus
512 2949 778 3008 Damiani
813 2966 1012 3024 opusc.
1052 2962 1156 3019 xv,
1192 2965 1312 3022 cap.
1345 2949 1397 3017 8,
1432 2949 1512 3006 ait
1545 2972 1556 3005 :
1596 2969 1623 3000 «
1664 2948 1837 3004 Panis
1875 2963 1983 3004 au-

263 3044 380 3096 tem
408 3039 610 3098 eadem
639 3039 703 3097 in
733 3056 948 3112 eremo,
980 3056 1111 3115 quae
1137 3044 1192 3097 et
1223 3038 1285 3095 in
1314 3038 1661 3096 monasterio
1693 3046 1782 3096 est
1816 3053 1982 3095 men-

2075 1869 2359 1930 Chronico
2387 1874 2600 1932 montis
2626 1875 2872 1947 Oassini,
2907 1876 3002 1934 lib.
3033 1889 3072 1948 Ι,
3104 1893 3225 1951 cap.
3259 1879 3313 1951 2,
3343 1880 3642 1954 Reginone
3668 1883 3708 1940 l.
3737 1895 3776 1940 I.

2074 1959 2285 2018 Chron.
2340 1961 2637 2035 Sigeherto
2672 1964 2745 2020 ad
2789 1980 3012 2023 annum
3055 1965 3266 2024 Christi
3319 1968 3442 2028 596.
3491 1970 3607 2028 Nec
3661 1987 3781 2030 non

2074 2050 2342 2107 monachi
2371 2066 2406 2107 a
2435 2050 2828 2109 Theodemaro
2878 2052 3203 2111 Cassinensi
3243 2055 3445 2114 abbate
3495 2059 3660 2116 missi
3705 2061 3779 2118 ad

2072 2138 2342 2197 Carolum
2376 2155 2658 2212 magnum
2701 2140 2762 2198 in
2800 2139 3042 2214 Gallias,
3087 2146 3420 2213 monasticae
3453 2146 3778 2221 disciplima

2071 2227 2466 2286 instaurandae
2488 2243 2677 2298 causa,
2712 2228 2939 2302 pondus
2961 2232 2994 2288 4
3025 2231 3328 2306 librarum,
3361 2250 3781 2312 mensurasque

2070 2317 2316 2389 prandii,
2375 2324 2430 2374 et
2486 2332 2667 2375 cenae
2722 2334 2917 2378 secum
2972 2319 3322 2380 detulerunt.
3381 2323 3540 2381 Licet
3585 2332 3781 2382 autem

2070 2406 2131 2463 in
2180 2407 2644 2480 Aquisgranensi
2689 2409 2935 2468 concilio
2978 2426 3104 2468 can.
3156 2410 3224 2467 57
3276 2411 3534 2470 decisum
3585 2413 3780 2483 fuerit,

2075 2519 2102 2548 α
2137 2496 2209 2554 Ut
2262 2497 2412 2555 libra
2462 2499 2627 2572 panis
2681 2498 2750 2557 30
2805 2500 3004 2558 solidis
3059 2518 3158 2576 per
3218 2502 3282 2560 12
3333 2501 3599 2560 denarios
3655 2518 3778 2560 me-

2075 2585 2266 2655 tiatur,
2307 2608 2328 2637 »
2363 2586 2504 2645 dum
2556 2594 2748 2645 tamen
2797 2589 3133 2648 eorumdem
3182 2588 3500 2647 solidorum
3549 2590 3774 2662 pondus

2070 2689 2188 2732 non
2220 2675 2548 2746 innotescit,
2585 2692 2751 2751 aeque
2775 2678 2833 2734 in
2867 2679 3108 2736 obscuro
3140 2685 3396 2736 remanet
3422 2684 3646 2737 vetusta
3674 2678 3776 2736 illa

2068 2763 2376 2822 monastici
2430 2767 2598 2838 panis
2671 2782 2965 2824 mensura.
3019 2769 3094 2825 At
3145 2783 3219 2826 ex
3274 2767 3570 2842 praemisso
3624 2766 3776 2825 Petri

2066 2853 2335 2910 Damiani
2390 2860 2570 2922 textu,
2633 2856 2738 2913 hoc
2790 2855 2991 2913 saltem
3043 2856 3294 2928 elicitur,
3345 2857 3469 2928 ejus
3522 2864 3772 2930 tempore

2067 2942 2330 3016 quinque
2375 2944 2712 3017 hujusmodi
2753 2945 2928 3005 libras
2972 2946 3098 3003 ovis
3131 2963 3406 3005 anserum
3455 2947 3524 3005 24
3561 2946 3776 3020 :equali

2066 3032 2319 3104 pondere
2350 3033 2809 3106 correspondisse
2840 3053 2851 3091 :
2883 3050 3017 3092 cum
3051 3035 3208 3092 enim
3244 3043 3499 3107 testetur,
3551 3061 3577 3088 α
3616 3053 3774 3094 eam-

263 3144 435 3199 sura;
501 3129 609 3187 hac
648 3134 842 3186 tamen
883 3128 1227 3186 discretione
1279 3133 1521 3198 servata,
1564 3134 1628 3185 ut
1667 3127 1728 3184 in
1775 3127 1980 3184 diebus
2000 3120 2196 3230 Cdem
2225 3127 2412 3190 (extra
2436 3121 2644 3219 jejunii
2670 3121 2814 3220 dies)
2838 3122 2899 3180 in
2931 3139 3142 3222 eremo,
3173 3139 3306 3197 quae
3336 3124 3396 3182 in
3427 3124 3776 3184 monasterio

263 3217 504 3290 quidem
532 3217 876 3287 refectionis,
909 3217 1032 3274 sive
1063 3214 1332 3288 singulae,
1365 3213 1487 3272 sive
1511 3214 1685 3284 binae,
1716 3213 1766 3270 si
1794 3220 1976 3271 totum
2001 3211 2044 3230 “
2064 3225 2400 3268 mensuram
2431 3211 2596 3284 panis
2648 3231 2676 3265 »
2733 3212 2796 3268 in
2828 3227 2941 3270 usu
2976 3212 3176 3283 fuisse,
3209 3221 3384 3288 atque
3418 3216 3586 3285 hanc,
3623 3216 3774 3289 jeju-

262 3307 391 3365 vult
415 3306 590 3364 frater
610 3307 926 3376 comedere,
954 3303 1388 3379 reprehensioni
1407 3319 1523 3361 non
1545 3304 1768 3376 cogitur
1793 3303 1979 3377 subja-

260 3411 409 3454 cere.
439 3394 508 3453 In
538 3395 746 3454 diebus
771 3411 909 3454 vero
936 3394 1171 3469 jejunii,
1203 3393 1342 3468 quia
1369 3393 1776 3466 unusquisque
1803 3392 1977 3449 frater

260 3483 456 3542 lances
481 3484 654 3542 habet
679 3486 743 3542 in
773 3484 936 3555 cella,
968 3483 1088 3542 illis
1115 3499 1339 3556 semper
1368 3481 1540 3539 librat
1564 3480 1727 3562 quod.
1745 3479 1976 3538 sibimet

263 3583 599 3634 ccenaturus
635 3581 900 3650 apponat.
943 3574 1212 3632 Mensura
1249 3579 1442 3631 autem
1476 3570 1579 3629 illa
1607 3563 1764 3628 hunc
1804 3569 1976 3628 habet

261 3663 526 3734 modum,
565 3670 632 3722 ut
673 3655 1038 3738 superaddito
1069 3663 1307 3735 quadrae
1335 3661 1578 3721 dimidio
1611 3661 1738 3732 (hoc
1765 3667 1850 3718 est
1878 3677 1973 3719 oc-

266 3759 397 3809 tava
423 3756 604 3826 parte)
640 3752 952 3810 dimidium
984 3751 1262 3810 buccellae
1297 3751 1470 3809 totius
1496 3749 1799 3824 appendat,
1829 3765 1974 3824 qua-

264 3839 368 3896 dra
409 3839 677 3897 videlicet
714 3848 1047 3898 remanente
1076 3842 1301 3914 integra
1325 3838 1500 3897 semis
1532 3859 1559 3893 »
1596 3838 1729 3907 (hoc
1755 3846 1842 3898 est
1871 3838 1973 3895 tri-

263 3929 374 3986 bus
401 3927 726 3985 octantibus
751 3928 1036 3998 residuis).
1071 3950 1096 3977 ει
1130 3928 1194 3984 Et
1221 3934 1285 3986 ut
1316 3925 1478 3984 nulla
1507 3927 1769 3984 dubietas
1798 3942 1975 3998 super

261 4017 601 4088 hujusmodi
636 4032 908 4076 mensura
943 4022 1255 4088 remaneat,
1300 4032 1509 4075 novem
1550 4014 1840 4084 ornicum,
1881 4014 1974 4073 vel

263 4107 370 4165 tria
409 4122 683 4166 anserum
727 4121 835 4164 ova
871 4106 1096 4165 libratis
1126 4105 1391 4164 lancibus
1437 4105 1795 4163 tantumdem
1838 4119 1976 4176 pen—

260 4203 410 4255 sant.
476 4220 498 4247 »
561 4197 632 4254 Et
662 4195 726 4254 B.
757 4196 1100 4271 Bodulphus
1130 4197 1288 4271 prior
1314 4197 1376 4255 in
1405 4197 1631 4255 coristit.
1661 4195 1803 4253 anni
1837 4194 1972 4254 1085

259 4287 531 4346 similiter
575 4288 690 4345 ait:
721 4311 747 4338 α
780 4287 1191 4362 Unusquisque
1243 4289 1416 4345 frater
1468 4288 1661 4345 lances
1718 4287 1780 4344 in
1828 4285 1974 4344 cella

258 4378 455 4450 habet,
516 4393 649 4436 cum
709 4378 923 4452 quibus
974 4384 1174 4451 pensat
1219 4384 1330 4436 tres
1385 4394 1580 4452 panes,
1633 4392 1778 4452 quos
1825 4377 1973 4435 acci-

259 4467 342 4540 pit
392 4483 596 4525 omnes
637 4467 757 4525 dies
807 4467 1156 4538 Dominicos,
1205 4473 1262 4524 et
1302 4469 1503 4541 quinta
1547 4467 1709 4525 feria.
1745 4487 1772 4519 »
1807 4465 1972 4534 Quod

2063 3299 2296 3359 niorum
2322 3306 2597 3373 tempore,
2633 3317 2753 3360 uno
2779 3303 3116 3375 quadrante,
3151 3310 3206 3370 et
3234 3303 3474 3363 dimidio
3499 3305 3776 3364 imminu-

2062 3395 2179 3446 tam
2240 3411 2263 3439 «ι
2320 3390 2558 3464 (quadra
2588 3390 2853 3448 videlicet
2884 3400 3219 3451 remanente
3250 3394 3475 3467 integra
3505 3395 3700 3468 semis)
3746 3419 3773 3448 ››

2062 3495 2167 3537 seu
2195 3478 2267 3537 ad
2295 3480 2558 3554 quinque
2591 3485 2846 3540 octantes
2871 3482 3184 3555 redactam,
3241 3507 3262 3534 ιι
3329 3485 3684 3543 tantumdem
3710 3501 3777 3544 ac

2063 3569 2171 3626 tria
2204 3583 2478 3626 anserum
2505 3585 2614 3627 ova
2644 3570 2908 3643 pendisse
2931 3571 3172 3644 asserit;
3227 3593 3255 3627 »
3307 3572 3510 3647 utique
3536 3589 3773 3632 mensu-

2061 3674 2184 3715 ram
2222 3657 2382 3715 illam
2420 3659 2703 3732 integram
2745 3660 2994 3732 pondere
3023 3661 3308 3734 aequalem
3346 3661 3524 3720 fuisse
3561 3662 3775 3720 indicat

2061 3749 2327 3822 quinque
2356 3748 2694 3822 hujusmodi
2721 3751 2868 3820 ovis,
2896 3751 3122 3823 dempta
3149 3757 3306 3824 parte
3333 3751 3510 3810 unius
3532 3751 3766 3824 quinta:

2062 3839 2322 3910 adeoque
2352 3838 2602 3910 integras
2649 3837 2912 3910 quinque
2946 3839 3290 3897 monasticae
3318 3839 3486 3912 panis
3529 3856 3767 3900 mensu-

2062 3942 2154 3984 ras
2183 3927 2308 3983 ovis
2361 3926 2428 3982 ‘24
2457 3925 2873 3998 aequivalentes
2912 3927 3110 3997 fuisse,
3162 3935 3227 3987 ut
3272 3928 3436 3986 facile
3484 3928 3767 3988 subducto

2061 4013 2280 4072 calculo
2332 4020 2589 4072 constare
2637 4020 2839 4087 potest.
2895 4014 3113 4076 Verum
3163 4018 3234 4076 ad
3289 4019 3422 4090 alia,
3473 4026 3767 4092 resumpto

2063 4105 2344 4176 tantisper
2368 4103 2597 4178 spiritu,
2638 4110 3016 4165 transeamus.

2730 4243 2972 4306 CAPUT
3003 4243 3103 4306 IV.

2133 4355 2279 4411 Aliae
2335 4355 2797 4421 Aoellanitarum,
2854 4362 2904 4412 et
2956 4354 3455 4414 Camaldulensium
3502 4375 3695 4415 conve-

2793 4448 3031 4502 nientz'ae.

257 4533 451 4628 ipsum
510 4563 788 4615 testantur
840 4558 1011 4614 etiam
1057 4533 1274 4614 Paulus
1319 4533 1690 4614 dustinianus
1743 4533 2356 4619 inWRe-DSYNOPSIS.
2385 4560 2862 4632 -Similisapud
2882 4559 3763 4632 Avellanitas,etCamaldulen-

254 4647 389 4722 gula
446 4647 584 4708 vitae
638 4648 946 4706 eremiticaa
999 4663 1121 4722 cap.
1184 4647 1272 4718 29,
1334 4655 1389 4705 et
1446 4646 1761 4705 Fortunius
1815 4645 1967 4705 Hist.

256 4734 512 4795 Camald.
562 4754 618 4812 p.
672 4751 712 4809 Ι,
755 4737 794 4796 l.
851 4751 891 4810 Ι,
941 4754 991 4797 c.
1037 4736 1126 4795 58.
1181 4737 1362 4812 quue
1415 4743 1598 4795 totum
1656 4752 1730 4794 ex
1779 4733 1840 4794 S.
1901 4734 1962 4792 P.

251 4827 563 4887 Romualdi
617 4828 984 4887 institutione
1038 4828 1353 4888 deductum
1412 4834 1544 4898 est,
1605 4827 1706 4903 qui
1759 4827 1838 4884 ita
1896 4826 1968 4884 ad

251 4923 462 4976 certam
513 4933 849 4976 mensuram
891 4918 1288 4991 jejunantium
1326 4925 1714 4976 commeatum
1759 4917 1966 4988 exerit,

252 5012 315 5064 ut
338 5006 491 5063 intra
519 5006 749 5065 dimidii
778 5007 1080 5080 paximatii
1112 5007 1232 5080 (seu
1259 5007 1426 5080 panis
1455 5007 1715 5079 biscocti)
1747 5006 1966 5064 medie-

252 5099 418 5155 tatem
448 5112 584 5156 suos
616 5095 930 5170 discipulos
961 5097 1150 5170 primo
1181 5096 1519 5167 contineret,
1558 5101 1680 5154 tum
1711 5094 1966 5154 uberiori

249 5186 371 5246 cibo
398 5187 800 5261 indigentibus
827 5186 1210 5261 quadrantem
1241 5186 1498 5259 ejusdem
1531 5187 1698 5260 panis
1727 5186 1966 5260 insuper

250 5273 576 5347 indulserit,
619 5273 1112 5348 quemadmodum
1138 5274 1202 5332 B.
1237 5275 1401 5332 Petro
1433 5274 1668 5333 Urseolo
1697 5274 1956 5348 contigit.

254 5361 395 5423 Nam
425 5371 736 5439 postquam
764 5365 813 5424 is
850 5363 908 5423 S.
940 5363 1123 5422 Patris
1144 5364 1389 5437 pedibus
1417 5364 1733 5424 advolutus
1764 5379 1962 5423 neces-

253 5455 473 5512 sitatem
501 5471 668 5514 suam
697 5455 921 5529 aperuit
951 5473 963 5512 :
998 5477 1025 5504 α
1059 5453 1242 5524 Pater,
1276 5453 1484 5527 inquit,
1515 5453 1654 5527 quia
1686 5469 1965 5527 magnum

254 5559 456 5618 corpus
507 5544 693 5603 habeo
737 5560 843 5618 pro
888 5543 1132 5618 peccatis
1177 5541 1342 5617 meis,
1387 5559 1463 5602 ex
1508 5544 1616 5602 hac
1660 5542 1965 5617 paximatii

257 5634 557 5694 medietate
606 5636 929 5694 sustentare
974 5649 1068 5693 me
1117 5648 1236 5693 non
1287 5648 1546 5707 possum.
1603 5633 1809 5694 Statim
1856 5634 1960 5695 Ro-

2119 4648 2209 4690 ses
2229 4632 2349 4690 vini
2365 4632 2729 4690 abstinentia.
2749 4632 2925 4690 Num.
2961 4633 3008 4690 1.
3039 4633 3253 4690 Eadem
3273 4648 3573 4690 servorum
3594 4633 3763 4692 disci-

2119 4704 2300 4778 plina.
2336 4705 2386 4778 2.
2427 4703 2910 4778 Parvigiliarum
2949 4704 3353 4778 observantia._
3378 4704 3429 4762 3.
3467 4705 3612 4778 Item
3644 4706 3758 4778 les:

2120 4773 2310 4832 torum
2330 4774 2617 4833 discretio.
2637 4773 2699 4832 71.
2731 4774 2960 4850 Qutein
2986 4774 3144 4850 festis
3166 4773 3579 4850 transferendis
3604 4777 3758 4850 apud

2118 4855 2415 4921 utrosque_
2428 4847 2811 4921 consuetudo.
2860 4847 2911 4904 5.
2967 4846 3234 4921 1Equalis
3266 4847 3586 4921 nudipedii
3630 4846 3756 4921 éul-

2121 4925 2262 4992 tura.
2298 4917 2358 4976 ’6.
2397 4918 2512 4992 Nec
2540 4934 2654 4992 non
2685 4917 3482 4992 metantearumdisciplinaé,
3512 4926 3569 4992 et
3601 4919 3758 4992 capi-7

2115 4989 2222 5048 tuli
2257 5006 2418 5064 usus.
2452 4990 2504 5047 7.
2541 4989 3044 5064 Flagellationum,
3074 4989 3440 5064 aliorumque
3469 4989 3754 5064 ejusmOdi

2114 5062 2525 5135 exercitiorum
2573 5060 2846 5135 mensura
2896 5060 3268 5135 singulorum
3311 5060 3568 5135 arbitrio
3609 5069 3758 5135 utro-

2113 5133 2292 5206 bique
2337 5133 2555 5206 relicta.
2597 5133 2648 5190 8.
2693 5130 3318 5206 Discreta,_ét_occulta
3359 5130 3755 5206 erga__deb_iles

2115 5200 2396 5280 relaxatio
2433 5204 2644 5280 pariter
2681 5212 2922 5277 recepta.
2954 5200 3015 5280 ‘9.
3060 5203 3373 5280 Disciplina
3389 5200 3689 5280 psallendi
3717 5220 3754 5280 _a

2114 5273 2729 5354 Romualdo‘utrisgue
2756 5273 3103 5354 ptjescripta.
3142 5273 3233 5354 lt).—
3257 5274 3321 5330 B.
3353 5273 3550 5330 Mariae
3580 5273 3757 5354 virgi-

2115 5348 2208 5405 nis
2233 5347 2502 5406 Oﬂicium
2538 5363 2571 5403 a
2599 5346 2776 5405 P‘etro‘
2793 5346 3059 5405 Damiahi
3092 5346 3352 5418 utrisque
3379 5346 3758 5418 propositum.

2123 5419 2204 5477 11.
2237 5419 2347 5477 Par
2381 5418 2691 5493 utrobique
2709 5435 2844 5491 erga
2863 5419 3174 5496 defunctos
3187 5414 3400 5496 pietas:
3436 5414 3518 5496 [ζ.
3551 5417 3754 5496 Somni

2114 5497 2239 5564 post
2296 5487 2664 5564 nocturnum
2735 5487 2978 5564 aequalis
3020 5487 3380 5564 declinatio.
3447 5488 3532 5546 13.
3591 5489 3753 5546 Idem

2116 5559 2564 5642 silentii_rigor.
2581 5563 2702 5642 _14;
2743 5559 2966 5642 §imilis
3007 5559 3430 5642 instabilitatis,
3468 5567 3525 5642 et
3575 5575 3753 5642 vaga-

2118 5634 2294 5693 tionis
2343 5632 2500 5708 fuga.
2547 5633 2633 5693 15.
2664 5632 2838 5691 Cellae
2878 5645 3022 5692 usus
3060 5632 3322 5708 utrisque
3365 5632 3750 5706 pariformiter
