2017 3229
166 167 202 196 35

202 227 430 257 commendatus.
445 226 487 255 16.
503 226 727 256 Perseveremus

205 263 394 292 inculcatum.
413 263 453 291 1.7.
476 263 542 291 Alia
560 262 589 292 S.
614 261 770 291 Romualdi
790 262 899 296 monita
921 261 981 296 bis,
996 264 1024 290 et

203 298 264 328 illis
277 298 454 328 communia.
476 298 517 327 18.

204 357 227 387 Ι.
250 357 388 393 Reliquos
403 360 534 386 veterum
554 356 784 386 Avellanitarum
803 365 907 392 mores,
923 360 951 387 et
965 365 1025 386 cor-

169 402 374 439 respondentes
390 401 576 431 eremitarum
593 401 861 430 Camaldulensium
875 405 1026 431 consuetu-

169 447 252 477 dines
272 448 324 477 hoc
338 447 429 484 capite
447 454 674 484 prosequemur;
697 446 828 483 illudque
844 451 911 476 ante
925 447 1023 476 omnia

168 492 343 527 notabimus,
366 500 453 521 usum
469 491 530 520 vini
547 491 640 528 primo
659 491 774 527 penitus
790 491 919 528 utrisque
938 491 1022 527 igno-

168 539 241 573 tum,
267 545 335 566 mox
358 536 453 565 sobria
478 543 610 565 mensura
631 536 722 570 (extra
744 536 807 564 dies
828 536 1021 570 abstinentiae,

168 590 220 611 seu
236 582 358 619 perfecto
370 582 481 618 jejunio
492 581 609 616 dicatos,
622 581 657 610 de
670 581 779 617 quibus
792 585 887 618 supra)
903 581 1022 619 permis-

167 633 244 655 sum.
263 625 302 654 De
321 625 349 654 S.
366 625 520 654 Romualdi
539 625 614 661 apud
633 625 750 654 Sitriam
766 626 918 662 discipulis
937 628 1022 654 testa-

167 675 214 700 tur
225 671 285 708 ipse
296 671 455 699 Damianus
467 671 495 699 in
508 671 572 707 ejus
582 670 647 699 Vita
657 679 717 707 cap.
734 671 778 703 64,
789 671 866 708 quod
883 684 896 696 ιι
912 671 1023 700 Vinum

167 715 208 744 ibi
235 723 320 744 nemo
342 718 472 750 noverat,
497 723 549 744 nec
574 716 598 744 si
621 715 707 744 etiam
731 716 932 751 gravissimam
957 715 1023 752 quis

167 759 371 796 aegritudinem
388 761 540 795 pateretur.
559 771 572 783 »
591 759 657 787 Mox
672 767 688 787 a
706 759 735 788 Β.
747 759 901 796 Rodulpho
912 758 1023 788 Gamal-

167 803 282 833 dulensi
295 804 389 840 priore
399 804 429 832 in
440 804 552 833 constit.
568 804 639 833 anni
658 804 734 839 1080,
751 812 811 841 cap.
828 804 862 833 23
878 804 1020 833 sancitum

166 848 293 885 legitur:
313 862 326 872 «
342 848 452 878 Vinum
468 849 587 885 quidem
605 849 642 877 ab
663 849 790 878 eremitis
808 849 937 878 alienum
960 856 1021 878 esse

625 165 654 195 S.
676 163 822 194 PETRUS
843 163 1039 193 DAMIANUS
1061 163 1091 194 S.
1113 164 1147 194 Β.
1169 164 1202 194 E.
1223 163 1464 194 CARDINALIS.

769 226 873 255 retium
890 224 1130 262 utrisqueAtum
1145 226 1222 262 apud
1242 226 1457 262 Gamaldulum,
1473 228 1535 255 tum
1558 225 1636 262 apud
1657 225 1830 255 Avellanam
1852 232 1938 254 con-

1895 163 1941 192 36

1063 274 1236 306 sueverant;
1259 279 1354 308 neque
1372 270 1422 300 illa
1445 270 1597 306 duntaxat,
1615 278 1688 307 quas
1710 270 1861 300 communi
1891 270 1939 299 ab

1064 316 1200 345 omnibus
1222 315 1335 353 jejunio
1360 316 1556 353 excipiuntur,
1581 315 1632 343 sed
1653 314 1703 344 illa
1725 315 1823 350 etiam,
1853 322 1934 351 quae

1064 361 1210 397 geminam
1227 369 1265 389 ex
1283 361 1418 390 Ecclesiae
1432 363 1574 397 praecepto
1588 360 1772 388 refectionem
1787 367 1845 388 non
1859 367 1937 396 pro-

1065 406 1173 438 hibent.
1201 409 1232 435 ut
1259 414 1288 435 se
1317 406 1402 435 habet
1437 405 1537 442 vigilia
1569 405 1751 442 Epiphaniae,
1780 413 1832 433 nec
1862 412 1934 433 non

1059 449 1117 480 'SS.
1134 450 1261 487 Philippi
1280 453 1308 480 et
1325 450 1424 480 Jacobi
1438 450 1643 487 apostolorum.
1663 449 1746 479 Unde
1762 449 1793 478 B.
1809 449 1934 478 Hadul-

1064 496 1139 532 pbus
1157 495 1236 532 prior
1249 495 1278 524 in
1293 495 1406 524 constit.
1422 495 1468 524 cit.
1487 502 1548 531 cap.
1572 495 1614 530 l7,
1637 494 1734 531 inquit
1750 506 1756 522 :
1776 505 1789 518 υ
1806 493 1933 530 Vigilize

1065 543 1240 574 sanctorum,
1257 547 1324 576 qua;
1341 539 1372 568 in
1388 538 1515 568 Ecclesia
1531 541 1645 568 statutae
1659 542 1738 572 sunt,
1753 540 1780 567 et
1793 537 1931 574 Epipha—

1065 585 1181 614 niorum
1194 592 1320 622 quoque.
1336 587 1422 622 atque
1436 587 1600 613 sanctorum
1616 583 1753 620 Philippi,
1767 585 1794 611 ct
1809 582 1929 616 Jacobi,

1065 630 1131 659 licet
1144 629 1174 658 in
1187 638 1243 659 usu
1256 629 1441 658 saecularium
1456 636 1512 658 non
1528 628 1699 663 habeantur,
1714 628 1744 656 in
1757 628 1810 656 hac
1824 634 1930 655 eremo

1064 674 1303 709 (Camaldvlensi)
1332 673 1516 703 abstinentiae
1540 672 1712 710 deputandis
1738 674 1815 700 sunt.
1842 681 1856 696 ι)
1888 670 1929 699 Et

1064 719 1168 749 Petrus
1196 719 1328 748 Damiani
1358 722 1426 747 tom.
1455 718 1479 753 Ι,
1509 718 1560 747 lib.
1591 724 1631 752 Vl,
1661 725 1705 754 ep.
1738 717 1771 745 35
1798 716 1832 745 ad
1863 723 1933 744 suae

1064 764 1293 801 congregationis
1313 764 1447 793 eremitas
1470 763 1506 792 de
1531 765 1592 792 octo
1618 761 1786 798 vigiliarum
1810 760 1932 797 jejunio

1065 808 1202 844 scribens,
1222 816 1289 837 cum
1308 808 1380 837 alias
1398 806 1613 840 commendans,
1632 809 1693 835 tum
1708 805 1773 834 illas
1793 804 1929 841 Epipha-

1064 853 1132 888 niae,
1153 856 1181 881 et
1200 852 1252 882 SS.
1274 853 1411 890 Philippi,
1435 856 1464 881 et
1481 851 1580 882 Jacobi
1602 850 1757 889 specialius
1783 849 1929 884 inculcat,

167 893 426 938 εοὲηοδείξιῌλβθά
438 893 507 938 quia
522 893 653 938 defectio.
674 896 702 923 et
720 893 811 938 nostri
826 893 973 938 ῐθωροῐῖίὲι
989 901 1056 938 ac];
1066 899 1164 928 dicens
1177 909 1184 928 :
1201 909 1215 925 (ί
1231 899 1461 936 Epiphaniarum
1480 905 1596 935 quoque
1611 896 1736 933 vigilias,
1754 895 1791 924 ob
1807 894 1930 931 magni-

166 940 279 966 ηίῑῖιπίὲ
294 936 427 965 debilitas
436 936 465 965 id
478 937 599 965 omnino
614 944 671 966 “0n
686 936 802 974 Datin",
815 944 879 966 ram
891 936 1022 973 “idem,
1032 936 1052 938 _
1067 943 1198 972 tudinem
1218 943 1418 978 solemuitatis,
1438 943 1470 972 in
1489 950 1547 979 qua
1564 941 1699 971 videlicet
1716 943 1756 969 tot
1775 940 1805 968 in
1826 946 1929 969 unum

168 984 196 1010 et
220 981 314 1011 sobrie
333 981 501 1018 llujusmodi
528 984 629 1018 potum
643 982 787 1019 percipere
805 981 906 1018 solent,
924 984 957 1011 ut
972 982 1024 1019 qui

1104 990 1244 1017 :ramenta
1270 989 1456 1022 concurrunt,
1485 986 1607 1023 dignum
1633 988 1675 1014 est
1691 984 1840 1021 jejunare;
1860 996 1874 1008 ια
1898 986 1931 1012 et

167 1031 317 1064 nequeunt
334 1035 403 1056 cum
416 1027 536 1056 Joanne
556 1027 728 1056 abstemium
750 1028 945 1064 frugalitatem
961 1037 1022 1058 ser-
1065 1032 1157 1061 infra;
1172 1045 1185 1057 α
1200 1032 1283 1062 Unde
1293 1035 1322 1061 et
1334 1031 1408 1061 illud
1420 1031 1547 1068 graviter
1561 1030 1693 1065 ferimus,
1709 1029 1778 1066 quia
1792 1028 1930 1065 plerique

165 1079 244 1106 vare,
255 1071 302 1100 vel
313 1079 380 1100 cum
393 1071 544 1100 Timotheo
557 1071 652 1100 sobria
662 1072 797 1108 parcitate
809 1075 938 1101 utantur.
956 1085 969 1096 ω
988 1072 1023 1101 Et
1065 1076 1178 1111 fratres,
1207 1076 1278 1105 dum
1304 1076 1438 1113 jejunare
1476 1076 1508 1104 in
1544 1075 1691 1105 beatorum
1729 1073 1927 1110 apostolorum

168 1116 269 1145 Ρθῑΐῐιε
284 1115 444 1144 Damianus
457 1115 688 1152 congregationis
703 1123 765 1145 suae
779 1116 911 1145 instituta
923 1124 1022 1145 recen-
1066 1120 1203 1157 Philippi,
1232 1124 1260 1149 et
1280 1120 1378 1149 Jacobi
1398 1120 1508 1157 vigiliis
1530 1120 1764 1156 perhorrescunt,
1789 1117 1931 1146 solemni-

168 1169 245 1197 sens,
262 1165 324 1190 tum
337 1169 437 1198 opusc.
450 1167 515 1196 XIV,
532 1169 615 1190 num.
632 1161 673 1197 15,
689 1169 750 1198 cap.
767 1162 783 1189 6
798 1161 840 1190 sic
852 1163 959 1198 pariter
975 1162 1024 1190 ha-
1067 1166 1153 1192 tatem
1169 1163 1349 1192 Pentecostes
1363 1163 1392 1192 in
1409 1163 1626 1192 excusationem
1648 1169 1709 1191 suae
1724 1160 1930 1190 dissolutionis

169 1206 237 1235 bet:
256 1218 268 1230 ‹‹
288 1206 314 1235 Α
334 1206 404 1235 vino
420 1211 527 1241 autem,
547 1209 580 1235 ut
603 1205 703 1241 nostis,
723 1205 874 1243 aliquanto
898 1209 1023 1243 tempore
1065 1211 1225 1245 opponunt,
1263 1208 1412 1237 dicentes:
1429 1215 1488 1237 non
1526 1206 1630 1236 debere
1662 1213 1839 1243 quemquam
1869 1205 1929 1234 sub

169 1250 378 1286 continuimus,
397 1251 436 1279 ita
455 1254 489 1279 ut
517 1257 612 1287 neque
636 1250 709 1286 laici,
731 1258 825 1287 neque
842 1251 1024 1280 extrinseCUS
1063 1253 1244 1290 jejuniorum
1271 1255 1342 1282 tunc
1368 1260 1490 1281 censura
1515 1250 1685 1287 constringi,
1715 1258 1783 1279 cum
1809 1253 1929 1286 tempus

168 1295 326 1331 venientes,
342 1295 389 1324 vel
405 1295 492 1323 etiam
517 1295 548 1324 in
569 1295 677 1324 Pascha
699 1295 827 1329 Domini,
845 1295 956 1332 aliquid
977 1295 1024 1324 hic
1066 1297 1152 1326 dictet
1180 1297 1363 1334 paschalibus
1392 1297 1487 1334 potius
1511 1295 1627 1333 gaudiis
1654 1295 1778 1332 epulari.
1798 1307 1811 1318 η
1839 1293 1927 1329 Quod

167 1345 271 1379 praeter
284 1350 390 1379 aquam
409 1342 542 1370 biberent
558 1352 564 1370 :
579 1349 675 1378 neque
697 1342 800 1370 vinum
818 1342 873 1377 hic,
893 1341 950 1371 nisi
972 1348 1023 1377 pro
1067 1343 1155 1372 variis
1170 1343 1354 1379 postmodum
1373 1342 1544 1376 rationibus,
1567 1345 1594 1370 et
1612 1340 1754 1377 exemplis
1773 1338 1802 1368 S.
1825 1339 1927 1368 doctor

169 1388 309 1416 sacrificio
335 1388 498 1417 haberetur.
524 1386 578 1416 Sed
597 1386 735 1423 quoniam
760 1389 787 1415 et
809 1386 857 1415 hic
874 1389 1023 1416 manentes

168 1436 318 1469 coeperunt
331 1436 502 1469 aegrotantes
518 1432 647 1466 deiicere,
661 1434 690 1460 et
704 1431 825 1468 quidam
840 1431 875 1460 ad
891 1439 1022 1460 cremum

169 1477 291 1506 transire
308 1478 467 1514 cupientes,
485 1476 573 1513 hujus
587 1475 690 1512 rigoris
704 1476 918 1505 observantiam
940 1476 1022 1512 peni-

168 1525 214 1551 tus
227 1522 381 1551 abhorrere
394 1533 400 1550 :
415 1522 560 1556 fraternas,
577 1520 648 1556 sive,
665 1524 697 1550 ut
712 1521 810 1550 verius
822 1520 928 1556 dicam,
941 1528 1022 1549 com-

167 1567 251 1596 muni
283 1566 476 1596 imbecillitati
512 1566 720 1602 dispensatorie
761 1565 1023 1595 condescendentes

170 1611 360 1647 indulsimus,
375 1615 408 1641 ut
422 1612 524 1641 vinum
542 1612 599 1646 hic,
616 1614 728 1641 servato
744 1611 908 1641 sobrietatis
923 1612 1023 1640 mode-

170 1657 293 1692 ramine,
313 1657 462 1686 biberetur
475 1668 481 1685 :
496 1660 528 1685 ut
544 1656 621 1693 quod
637 1664 704 1685 cum
718 1656 830 1686 Joanne
845 1664 903 1685 non
919 1664 1022 1693 possu-

170 1710 236 1731 mus
258 1710 295 1731 ex
314 1704 372 1731 toto
386 1702 561 1739 relinquere,
578 1702 679 1731 saltem
691 1710 758 1730 cum
773 1702 925 1731 Timotheo
940 1701 1023 1731 Pauli

168 1746 312 1783 discipulo
325 1746 493 1776 studeamus
507 1747 624 1776 inﬁrmo
640 1746 786 1775 stomacho
799 1745 904 1782 sobrie,
921 1750 949 1775 et
966 1747 1022 1776 hu-

168 1790 278 1820 militer
293 1791 459 1820 ministrare
472 1800 480 1826 ;
499 1793 527 1820 et
541 1791 593 1828 qui
610 1798 728 1828 prorsus
740 1790 872 1820 abstemii
887 1799 950 1821 esse
964 1798 1023 1820 non

167 1841 336 1871 possumus,
354 1842 416 1864 esse
428 1834 529 1864 saltem
544 1834 632 1864 sobrii
648 1834 825 1864 studeamus.
842 1847 856 1859 ιι

203 1880 241 1910 ΙΙ.
257 1880 299 1909 Ne
312 1880 379 1917 quis
393 1888 462 1909 vero
477 1880 610 1916 miretur,
622 1880 695 1910 olim
708 1884 736 1910 et
751 1880 837 1910 laicos
852 1880 931 1917 ipsos
945 1880 1024 1917 apud

167 1924 338 1953 Avellanam
357 1933 374 1953 a
395 1926 466 1954 vino
485 1925 671 1961 abstinuisse,
687 1925 924 1962 quandoquidem
944 1928 972 1954 et
988 1925 1024 1954 ad

167 1969 245 2006 ipsos
258 1969 391 2005 famulos,
408 1973 470 1998 tum
483 1970 535 2006 ibi,
553 1974 615 1999 tum
627 1969 703 2007 apud
719 1970 938 2006 Romualdinos,
950 1969 1024 2007 jeju-

169 2014 212 2042 nii
236 2021 357 2043 censura
381 2014 640 2050 exporrigebatur;
669 2022 736 2044 nam
760 2015 791 2043 in
820 2014 884 2043 Vita
914 2013 943 2044 S.
969 2014 1024 2043 R0-

169 2058 279 2087 mualdi
305 2065 366 2094 cap.
394 2057 438 2094 64,
464 2061 616 2094 postquam
633 2058 793 2087 districtam
813 2058 1023 2095 discipulorum

170 2102 266 2132 Sitrize
281 2102 398 2131 vivendi
414 2102 556 2132 rationem
567 2103 763 2140 descripsisset
776 2103 947 2138 Damianus,
961 2103 1024 2131 haec

172 2146 269 2175 subdit
286 2159 291 2175 :
310 2161 321 2171 υ
341 2147 395 2176 Sed
421 2156 472 2177 cur
493 2156 545 2184 ego
564 2148 599 2176 de
621 2148 771 2176 monachis
787 2148 898 2184 loquor,
913 2156 980 2176 cum
996 2151 1023 2176 et

168 2192 223 2229 ipsi
237 2193 447 2221 monachorum
464 2193 577 2227 famuli,
593 2193 648 2229 ipsi
664 2201 779 2230 quoque
795 2192 927 2221 custodes
940 2201 1022 2229 peco-

168 2245 233 2266 rum
259 2237 446 2274 jejunarent?
464 2251 476 2262 ιι
497 2242 549 2267 etc.
577 2238 675 2275 Deque
701 2238 905 2267 Avellanensis
930 2240 1020 2267 eremi

169 2283 259 2311 servis
280 2291 377 2320 opusc.
395 2289 448 2318 xv,
470 2292 530 2319 cap.
549 2284 575 2318 7,
593 2270 635 2312 sic
648 2283 753 2320 pariter
768 2283 918 2320 loquitur:
939 2297 951 2308 ις
968 2270 1055 2312 Fa-D

168 2327 242 2356 muli
267 2336 393 2364 quoque,
408 2329 459 2365 qui
477 2328 545 2357 huic
560 2328 620 2357 loco
633 2328 813 2364 deserviunt,
829 2329 865 2357 ab
879 2329 1024 2365 assignato

168 2371 222 2400 sibi
247 2372 364 2400 vivendi
379 2372 481 2401 ordine
496 2380 554 2401 non
569 2372 706 2401 recedunt
722 2384 727 2400 :
745 2373 797 2409 qui
819 2372 959 2402 nimirum
974 2381 1024 2409 per

167 2416 256 2445 totius
270 2416 384 2445 annalis
401 2417 486 2453 spatii
504 2425 622 2446 cursum
641 2415 733 2446 tribus
746 2425 796 2454 per
811 2416 1023 2447 hebdomadam

167 2461 271 2490 diebus
300 2465 399 2490 tenent
424 2470 458 2491 ex
490 2470 570 2492 more
594 2462 752 2499 jejunium.
781 2461 816 2490 In
839 2461 899 2491 illis
926 2464 1024 2492 autem

169 2507 285 2536 duabus
312 2506 546 2544 Quadragesimis
572 2510 698 2545 quatuor
721 2506 783 2537 dies
805 2506 918 2547 jejunio
942 2507 1024 2538 dedi-

169 2628 237 2673 vero
251 2628 286 2674 de
298 2628 386 2674 unica
399 2628 769 2685 “nmium

169 2697 241 2718 esse.
497 2688 610 2732 MM

168 2766 172 2768 γ
204 2734 258 2764 111.
280 2735 320 2765 At
339 2729 566 2774 praeter.“

168 2779 328 2818 praescripti

169 2832 236 2855 rum
259 2824 348 2856 etiam
360 2824 415 2868 ﬂ

573 2557 671 2585 autem
697 2553 980 2611 «ﬁt!
1002 2567 1024 2592 ,
1063 2555 1181 2586 observa

558 2652 673 2677 ’ζιιιθηθ
714 2674 717 2675 ν
1070 2644 1178 2676 Δ““;;

566 2707 1219 2785 ’

168 2785 328 2830 pm?"

169 2832 236 2855 rum
259 2829 348 2856 etiam
1100 2825 1174 2858 _
1189 2823 1263 2856 ιιηι

1066 1388 1204 1417 confutat.

1102 1433 1152 1462 1V.
1176 1433 1214 1461 At
1233 1432 1257 1461 si
1281 1431 1391 1467 vigiliae
1415 1431 1539 1467 perfecto
1560 1430 1644 1467 panis
1668 1432 1695 1458 et
1714 1437 1798 1465 aqum
1811 1426 1925 1464 jejunio

1067 1477 1318 1511 consecrabantur,
1345 1476 1474 1505 vicissim
1503 1474 1567 1504 festi
1596 1475 1656 1503 dies
1680 1474 1716 1502 ab
1744 1472 1825 1502 omni
1860 1474 1926 1500 tum

1067 1522 1250 1557 abstinentia,
1274 1526 1336 1551 tum
1358 1521 1481 1557 simplici
1499 1520 1611 1558 jejunio
1624 1519 1787 1549 refectionis
1801 1517 1891 1547 unius
1906 1525 1923 1545 a

1068 1566 1204 1595 Pasch-ate
1224 1573 1317 1601 usque
1339 1564 1375 1593 ad
1399 1564 1468 1593 Idus
1496 1563 1671 1600 Septembris
1696 1562 1920 1596 eximebantur;

1066 1611 1102 1640 ab
1118 1611 1220 1640 Idibus
1234 1618 1303 1640 vero
1320 1610 1496 1647 Septembris
1520 1610 1556 1639 ad
1577 1610 1695 1644 Pascha,
1715 1609 1775 1637 sola
1796 1607 1879 1645 panis
1895 1610 1924 1636 et

1065 1664 1149 1694 aqua:
1169 1655 1343 1685 abstinentia
1366 1654 1516 1690 vacabant,
1542 1654 1591 1684 sed
1616 1654 1710 1683 unicm
1732 1656 1825 1682 tamen
1846 1653 1922 1681 refe-

1065 1702 1163 1737 ctioni,
1178 1701 1334 1739 praecipuis
1345 1700 1523 1737 quibusdam
1537 1699 1768 1729 solemnitatibus
1782 1697 1920 1734 exceptis,

1065 1749 1298 1786 deputabuntur;
1334 1748 1375 1777 ait
1409 1747 1489 1776 enim
1519 1746 1550 1775 B.
1579 1745 1754 1782 Rodulpbus
1782 1744 1862 1781 prior
1889 1743 1923 1772 in

1065 1794 1179 1823 constit.
1195 1793 1265 1823 anni
1289 1793 1356 1822 1080
1378 1800 1439 1829 cap.
1466 1792 1498 1820 13
1514 1803 1521 1820 :
1541 1802 1554 1817 κ
1572 1790 1606 1819 In
1621 1789 1826 1819 festivitatibus
1841 1796 1921 1823 vero,

1065 1847 1132 1876 quas
1147 1847 1164 1867 a
1178 1838 1286 1867 Pascha
1300 1845 1393 1874 usque
1405 1836 1442 1866 ad
1462 1836 1543 1865 hunc
1557 1835 1713 1864 terminum
1728 1834 1845 1869 (Iduum
1868 1832 1920 1863 Se-

1066 1882 1212 1920 ptembris)
1237 1883 1405 1915 occurrunt,
1431 1882 1459 1909 et
1481 1879 1656 1909 abstinentia
1670 1878 1788 1913 remitti,
1804 1880 1831 1906 et
1842 1877 1922 1914 jeju-

1066 1927 1150 1956 nium
1168 1926 1239 1955 solet
1253 1925 1373 1958 absolvi.
1398 1924 1465 1954 Post
1483 1923 1554 1953 Idus
1581 1923 1756 1960 Septembris
1772 1929 1864 1958 usque
1885 1921 1923 1950 ad

1067 1970 1331 2007 Quadragesimam,
1359 1977 1425 2006 quas
1453 1968 1531 1998 infra
1559 1968 1613 1996 hoc
1633 1968 1756 2004 spatium
1788 1965 1924 1995 accidunt

1067 2015 1244 2051 festivitates,
1260 2014 1467 2044 abstinentiam
1481 2013 1601 2051 quidam
1618 2013 1750 2041 relaxant
1772 2010 1923 2048 jejunium

1065 2069 1134 2091 vero
1146 2060 1267 2090 minime
1280 2059 1406 2089 solvunt.
1421 2072 1435 2084 »
1449 2058 1484 2087 Et
1495 2058 1599 2087 Petrus
1610 2056 1744 2087 Damiani
1756 2063 1853 2093 opusc.
1866 2060 1922 2090 XV,

1065 2113 1126 2141 cap.
1157 2104 1197 2133 6:
1217 2117 1230 2129 α
1262 2104 1297 2133 In
1326 2103 1531 2133 festivitatibus
1568 2101 1723 2131 duodecim
1751 2099 1921 2133 lectionum,

1065 2157 1250 2187 quaecunque
1263 2149 1385 2178 veniunt
1403 2149 1439 2177 ab
1454 2148 1554 2176 Idibus
1571 2147 1747 2183 Septembris
1768 2152 1861 2181 usque
1884 2144 1922 2173 ad

1065 2195 1315 2224 liesurrectioneni
1332 2193 1457 2228 Domini,
1476 2192 1565 2221 semel
1583 2195 1696 2220 tantum
1717 2190 1847 2218 reliciant
1860 2189 1919 2217 fra-

1067 2244 1133 2274 tres,
1156 2239 1282 2274 cxceptis
1301 2238 1435 2267 videlicet
1454 2238 1500 2266 his
1519 2235 1759 2269 solemnitatibus,
1787 2233 1920 2263 omnium

1067 2285 1249 2319 Sanctorum,
1264 2284 1293 2313 S.
1312 2283 1439 2318 Martini,
1457 2295 1469 2307 ››
1485 2285 1537 2310 etc.

1103 2329 1135 2358 V.
1160 2329 1218 2358 Nec
1237 2333 1332 2358 tamen
1356 2328 1425 2357 adeo
1450 2328 1613 2364 frequentes
1638 2323 1826 2353 occurrebant
1853 2326 1922 2351 tunc

1065 2375 1203 2412 temporis
1222 2374 1392 2403 festivitates
1411 2372 1564 2401 duodecim
1585 2370 1741 2399 lectionum
1762 2367 1854 2397 ollicio
1879 2375 1921 2396 ce-

1066 2419 1224 2455 lebrandae,
1244 2427 1277 2448 ac
1298 2426 1375 2447 nunc
1394 2417 1500 2454 passim
1522 2416 1673 2451 habemus,
1693 2414 1741 2443 sed
1762 2412 1853 2442 multo
1874 2420 1920 2440 ra-

1066 2466 1167 2501 riores,
1182 2468 1267 2502 atque
1283 2465 1328 2494 hae
1343 2464 1414 2501 ipsa:
1430 2471 1489 2492 non
1505 2470 1618 2499 semper
1632 2462 1662 2491 in
1678 2468 1784 2492 eremo.
1802 2459 1875 2488 sicut
1888 2458 1920 2487 in

1065 2510 1240 2541 monasterio
1263 2510 1416 2540 observare
1435 2510 1654 2543 consueverant,
1680 2507 1729 2535 sed
1758 2505 1794 2534 ad
1814 2503 1920 2541 jejunii

1013 2579 1024 2592 ,
1063 2555 1290 2590 observantiam,
1315 2553 1367 2583 ubi
1384 2554 1414 2582 in
1431 2553 1534 2582 feriam
1553 2550 1737 2581 abstinentia:
1756 2550 1919 2585 deputatam

1086 2599 1243 2636 uidebant,
1258 2598 1291 2628 in
1306 2597 1540 2635 opportuniorem
1554 2596 1632 2625 diem
1652 2592 1918 2629 translerebantur;

1013 2630 1022 2631 κ
1151 2630 1215 2675 κω
1404 2642 1505 2672 petrus
1531 2639 1667 2671 Ι)ῃωὶἃηὶ
1684 2649 1691 2668 ;
1709 2650 1720 2664 ιι
1752 2637 1918 2667 Notandum

1091 2680 1266 2728 hamis
1283 2695 1343 2718 non
1361 2695 1472 2724 omnes,
1492 2694 1560 2724 quae
1577 2685 1608 2714 in
1626 2682 1810 2717 monasterio,
1831 2682 1917 2712 etiam

1102 2727 1407 2766 “celebrantur
1425 2731 1614 2762 festivitates:
1629 2732 1657 2758 et
1676 2730 1733 2765 hae,
1753 2737 1819 2766 quin
1836 2728 1918 2757 illinc

1122 2773 1353 2818 “Namque
1374 2778 1613 2811 transmutantur,
1640 2776 1673 2803 ut
1695 2777 1745 2804 aut
1768 2773 1799 2803 in
1826 2773 1915 2808 tertia,

1122 2818 1297 2857 Minui.
1316 2823 1391 2855 feria
1400 2848 1401 2853 η
1410 2821 1592 2853 celebrentur
1604 2829 1611 2849 :
1623 2819 1750 2857 exceptis
1775 2818 1916 2848 nimirum
