4034 6520
117 340 171 399 37
1006 331 1587 396 PROLEGOMENA.
1629 363 1698 376 —-
1735 331 1833 391 DE
1871 329 2276 393 INSTITUTO
2313 332 2748 395 CAMALDUL.
3564 336 3635 395 38

114 466 422 544 pracipuis
458 462 897 532 festivitatibus,
923 476 1057 537 qua
1105 461 1179 520 ob
1218 460 1601 520 reverentiam
1639 456 2140 532 digni-Apublice
2188 460 2249 517 in
2303 459 2555 533 capitulo
2605 460 3009 536 suscipiendis,
3064 467 3190 519 tum
3240 460 3513 535 privatim
3562 461 3627 518 in

115 556 247 627 tatis,
304 554 541 614 mutari
587 567 708 612 non
762 556 1023 626 possunt.
1056 574 1084 599 κ
1131 549 1243 608 Cui
1286 552 1563 607 consonat
1609 546 1679 606 B.
1734 545 1843 605 Ro-
1924 547 2132 607 cellula
2181 548 2414 611 sibimet
2461 550 2796 621 inferendis,
2829 551 3132 624 utriusque
3179 550 3357 611 eremi
3389 567 3638 611 consen-

114 645 365 720 dulpbus
391 644 558 718 prior
587 640 844 701 Camald.
874 641 936 699 in
966 640 1194 699 constit.
1223 639 1366 697 anni
1395 638 1555 711 1085,
1590 637 1790 696 dicens
1826 660 1839 695 :

123 760 139 786 ι
173 735 230 794 Si
266 750 442 804 vero,
498 737 565 791 ut
615 731 845 803 assolet,
903 730 1206 801 festivitas,
1257 728 1329 786 de
1371 743 1487 803 qua
1535 726 1843 787 duodecim

120 826 389 883 lectiones
431 839 606 897 agere
651 827 891 895 oportet,
934 819 991 877 in
1042 819 1134 878 his
1186 819 1344 878 feriis
1392 818 1634 892 (jejunio
1686 815 1843 875 scili-

121 923 192 974 cet
247 914 572 989 deputatis)
630 911 873 982 venerit,
931 926 1090 969 more
1153 909 1321 969 solito
1376 910 1458 968 sic
1518 907 1703 965 facere
1760 911 1847 964 est

123 1004 482 1065 consuetudo
517 1023 529 1061 :
560 1003 610 1061 si
663 1000 841 1061 fuerit
886 1001 948 1058 in
1006 999 1255 1057 secunda
1311 998 1470 1067 feria,
1528 996 1845 1071 perducere

123 1110 231 1153 eam
273 1093 349 1150 in
408 1091 639 1150 tertiam
686 1089 931 1148 feriam:
963 1087 1010 1146 si
1054 1088 1279 1146 venerit
1326 1085 1385 1144 in
1438 1091 1641 1160 quarta
1676 1084 1841 1144 feria.

124 1184 437 1259 perducere
493 1184 553 1241 in
609 1180 876 1255 quintam
914 1186 1008 1239 :et
1057 1179 1104 1238 si
1152 1177 1327 1236 fuerit
1370 1177 1431 1234 in
1486 1182 1648 1234 sexta
1678 1176 1842 1248 feria,

126 1274 403 1334 deducere
453 1273 521 1331 in
580 1271 919 1341 Sabbatum,
973 1275 1027 1328 et
1085 1269 1386 1343 pulmento
1441 1268 1548 1338 uti,
1592 1272 1646 1325 et
1683 1266 1840 1324 vino.

130 1364 231 1421 Hoc
252 1371 469 1421 autem
501 1361 719 1420 factum
748 1365 832 1419 est
852 1367 1082 1433 propter
1106 1357 1399 1433 jejunium
1432 1355 1845 1414 celebrandum

129 1455 175 1511 in
217 1452 509 1519 munda,
539 1460 596 1509 et
622 1458 851 1524 quarta,
881 1454 936 1507 et
964 1454 1127 1506 sexta
1163 1447 1327 1505 feria.
1367 1445 1487 1504 Has
1517 1450 1715 1504 autem
1760 1444 1845 1500 fe-

128 1542 424 1610 stivitates,
456 1538 517 1597 id
561 1545 646 1597 est
691 1538 873 1597 sancti
921 1535 1253 1607 Salvatoris,
1295 1542 1545 1611 quatuor
1586 1532 1845 1608 ejusdem

129 1629 457 1700 Genitricis,
486 1634 615 1698 etc.,
640 1643 945 1701 nunquam
977 1633 1221 1685 mutare.
1260 1645 1287 1677 η

1925 638 2011 697 sio
2064 636 2340 710 explicari
2397 639 2501 698 vix
2550 645 2751 714 potest.
2830 639 3000 698 Enim
3057 655 3190 700 vero
3244 655 3318 697 ex
3373 639 3636 714 ejusdem

1928 731 2079 790 Petri
2117 730 2383 788 Damiani
2413 729 2689 802 epistolis,
2720 736 2775 788 et
2811 729 3107 803 opusculis
3145 729 3295 787 nihil
3337 727 3520 803 magis
3546 745 3636 786 re-

1924 822 2097 892 lucet,
2129 836 2305 897 quam
2346 820 2670 894 disciplina
2713 824 2803 890 (ut
2838 824 3066 888 vocant)
3102 819 3479 890 consuetudo,
3519 819 3637 876 fer-

1926 913 2077 972 vidis
2132 913 2259 986 ejus
2313 910 2827 983 admonitionibus,
2880 915 3327 984 sanctorumque
3381 908 3638 983 discipu-

1928 1006 2119 1065 lorum
2156 1018 2416 1074 suorum,
2447 1001 2509 1059 in
2544 1001 2746 1075 primis
2787 1016 2919 1059 vero
2957 999 3247 1058 Dominici
3287 997 3553 1069 Loricati,
3581 1004 3640 1057 et

1927 1091 2226 1167 Rodulphi
2266 1089 2562 1164 Eugubini
2592 1089 2844 1164 episcopi
2880 1089 2969 1163 (de
3005 1088 3222 1163 quibus
3251 1087 3355 1146 lib.
3396 1099 3437 1159 I,
3470 1087 3635 1160 epist.

1927 1182 1998 1241 ad
2046 1180 2449 1240 Alexandrum
2496 1177 2550 1236 II
2598 1179 2785 1238 fusius
2829 1177 2968 1252 agit)
3021 1175 3309 1250 exemplis
3361 1175 3634 1246 stabilita,

1929 1272 2162 1331 dilatata
2193 1275 2250 1328 et
2274 1269 2551 1328 adversus
2579 1266 2981 1326 obtrectatores
3010 1264 3296 1339 quoslibet
3325 1265 3640 1337 vindicata,

1930 1358 2470 1421 Camaldulensibus
2498 1372 2634 1415 vero
2670 1356 2822 1414 hanc
2851 1354 3062 1430 pariter
3098 1355 3161 1413 in
3190 1370 3303 1413 usu
3333 1354 3513 1413 fuisse
3540 1370 3643 1428 pa-

1930 1460 2028 1526 tet,
2059 1458 2182 1511 tum
2213 1467 2289 1509 ex
2320 1450 2452 1508 Vita
2484 1448 2543 1508 S.
2574 1447 2885 1507 Romualdi
2924 1463 3045 1521 cap.
3081 1448 3168 1518 38,
3204 1446 3305 1506 ubi
3345 1447 3410 1505 B.
3453 1445 3645 1506 Guido

1934 1543 2186 1616 «jussus
2241 1541 2430 1600 fuerat
2485 1555 2519 1597 a
2572 1538 2763 1614 priore
2807 1536 3001 1596 nescio
3049 1543 3189 1611 quot
3241 1553 3438 1610 scopas
3492 1535 3640 1594 acci-

1930 1649 2092 1709 pere;
2128 1654 2157 1687 »
2182 1637 2237 1690 et
2260 1647 2383 1704 cap.
2419 1628 2485 1688 64
2526 1628 2630 1688 ubi
2657 1628 2749 1687 vel
2781 1629 2948 1703 «ipsi
2986 1628 3407 1687 monachorum
3432 1625 3647 1684 famuli

187 1718 281 1777 VI.
320 1720 403 1777 At
435 1716 510 1775 de
536 1714 906 1775 abstinentia
929 1715 1147 1774 ratione
1172 1713 1327 1773 satis.
1360 1714 1442 1773 De
1468 1714 1710 1788 reliquis
1737 1713 1844 1772 Ca-

1972 1722 2268 1797 isciplinas
2335 1720 2487 1778 inter
2542 1734 2602 1777 se
2665 1718 2919 1776 invicem
2984 1716 3297 1788 faciebant;
3353 1721 3515 1774 stum
3570 1729 3646 1771 ex

131 1807 609 1875 maldulensium,
682 1802 1265 1881 Avellanitarumque
1329 1803 1622 1862 exercitiis
1695 1808 2438 1881 non-Bconstitutionibus
2510 1807 2650 1866 anni
2730 1805 2869 1865 1080
2935 1807 3001 1865 Β,
3074 1804 3370 1879 Rodulphi
3435 1802 3651 1879 prioris

130 1899 279 1960 nulla
338 1898 564 1974 pariter
610 1896 972 1956 adnotemus.
1034 1880 1255 1953 Pedum
1298 1894 1625 1953 nuditatem
1674 1907 1707 1949 a
1761 1890 1848 1949 di-
1929 1921 2052 1980 cap,
2096 1901 2183 1973 19,
2232 1899 2334 1958 ubi
2375 1900 2642 1971 habetur,
2688 1897 2845 1974 quod
2883 1897 3139 1957 eremitaa
3176 1895 3653 1956 Camaldulenses

130 1989 360 2065 scipnlis
401 1988 465 2048 S.
498 1985 814 2046 Romualdi
841 1985 1223 2056 observatam,
1255 1988 1415 2041 notat
1444 1981 1761 2040 Damianus
1784 1979 1848 2037 in

1987 1979 2148 2053 Omni
2186 1990 2488 2050 Dominico
2527 1988 2619 2046 die
2650 1990 2714 2046 in
2753 1988 3003 2061 capitulo
3035 1987 3464 2058 convenientes,
3504 2002 3654 2060 pra-

131 2081 241 2155 9105
296 2077 479 2149 Vita;
525 2091 668 2135 nam
722 2081 777 2133 θῑ
824 2075 883 2132 in
942 2073 1118 2132 Pereo
1172 2071 1307 2131 “10$
1360 2070 1528 2129 “Obis
1577 2067 1850 2127 describit
1929 2083 2107 2142 missa
2132 2077 2540 2138 exhortatione
2585 2077 2856 2148 fraterna,
2898 2093 2959 2135 se
3002 2076 3258 2135 invicem
3293 2075 3507 2135 debent
3550 2090 3647 2135 ac-

130 2184 236 2242 cap.
269 2164 357 2225 26
388 2185 403 2225 :
442 2186 471 2218 σ
502 2164 784 2235 Inclusos,
819 2162 1205 2233 discalceatos,
1236 2159 1523 2231 incultos;
1558 2178 1585 2212 ››
1616 2163 1671 2216 et
1695 2157 1849 2232 apud

1968 2185 2132 2231 usare
2175 2166 2515 2226 charitative
2549 2185 2563 2224 :
2601 2170 2886 2240 postremo
2942 2166 3241 2225 communi
3286 2165 3652 2224 confessione

134 2257 361 2317 Siti-iam
413 2260 657 2313 testatur
699 2268 822 2327 cap.
875 2252 943 2310 64
998 2270 1010 2310 :
1060 2273 1086 2301 α
1134 2250 1350 2311 Omnes
1394 2248 1570 2307 nudis
1610 2246 1851 2319 pedibus

1973 2259 2251 2329 ramissa,
2279 2255 2587 2316 verberum
2633 2256 2781 2314 ictus
2818 2271 2992 2329 super
3030 2254 3188 2314 nuda
3214 2255 3477 2314 membra
3521 2270 3650 2314 sus-

132 2348 482 2416 incedentes,
517 2350 692 2418 atque
727 2341 979 2401 incultos
1009 2362 1037 2395 »
1073 2340 1376 2399 mansisse.
1416 2339 1601 2413 quue
1639 2336 1851 2394 reclusi
1932 2348 2178 2425 cipiunt,
2208 2362 2326 2405 non
2368 2353 2484 2403 tam
2520 2360 2695 2405 causa
2723 2343 3021 2403 (πυρίδῃῶ
3065 2360 3321 2419 corpora,
3371 2360 3507 2404 cum
3537 2343 3650 2402 sibi

133 2437 328 2495 Saltem
386 2434 651 2493 θῒθωίίω
693 2432 764 2490 ad
817 2432 945 2490 hinc
994 2446 1181 2505 usque
1238 2436 1496 2503 tempora
1546 2428 1853 2485 Observare
1932 2435 2198 2512 graviora
2233 2434 2294 2492 in
2329 2432 2557 2492 cellulis
2597 2430 2883 2506 supplicia
2927 2431 3213 2505 inﬂigant,
3242 2448 3421 2506 quam
3459 2430 3650 2490 studio

127 2526 404 2599 iubentur
449 2523 514 2581 in
546 2520 770 2595 Regula
807 2518 957 2579 Vita
991 2517 1303 2577 eremitica
1336 2516 1503 2576 Pauli
1534 2513 1851 2575 Iustiniani

1968 2524 2153 2584 ivina
2194 2522 2500 2598 passionis,
2549 2528 2605 2579 et
2652 2521 3003 2580 humilitatis
3050 2521 3319 2595 exempla
3369 2519 3645 2591 sectandi,

130 2632 241 2691 cap-
285 2615 380 2686 54,
413 2612 500 2671 ibi
533 2630 550 2668 ε
592 2632 619 2663 α
658 2610 845 2669 Νυάίε
893 2609 1138 2684 Ρθάίδυε
1186 2623 1411 2680 semper
1452 2609 1850 2680 Permaneam.
1934 2614 2008 2673 ad
2034 2613 2441 2672 confusionem
2478 2612 2660 2683 illius,
2698 2611 2803 2685 qui
2832 2618 2917 2670 est
2945 2628 3050 2670 rex
3077 2611 3400 2685 superbia;
3435 2631 3465 2664 ιθ
3494 2614 3551 2668 et
3581 2610 3652 2668 de

135 2720 314 2779 usque
353 2708 556 2760 tamen
580 2699 667 2757 δά
707 2697 850 2757 talos
893 2697 1105 2771 caligas
1149 2696 1299 2755 ferre
1336 2698 1625 2768 Ροίθΐιιυῖν
1657 2691 1707 2749 εί
1745 2691 1855 2749 hoc
1934 2706 2126 2781 priore
2162 2703 2618 2762 Camaldulensis
2652 2703 2831 2761 eremi
2863 2702 2944 2760 sic
2987 2702 3185 2762 statuit
3222 2719 3346 2777 cap.
3380 2701 3448 2759 53
3480 2725 3492 2759 :
3529 2726 3554 2753 α
3584 2699 3654 2759 In

136 2796 304 2854 fuerit
359 2792 478 2851 Sibi
531 2807 567 2850 ἃ
621 2789 837 2862 ωδ]οω
882 2804 987 2863 PFO
1035 2786 1235 2863 aliqua
1282 2800 1455 2844 causa
1491 2798 1851 2852 000085511111:
1937 2793 2188 2868 capitulo
2222 2808 2356 2852 cum
2393 2792 2669 2852 fratribus
2698 2808 2847 2867 sape
2889 2794 3212 2864 conveniat,
3243 2799 3300 2851 et
3336 2791 3656 2866 pramissis

134 2883 449 2943 dummodo
506 2879 877 2939 discalceatos
934 2893 1160 2950 semper
1219 2874 1462 2934 omnino
1516 2871 1853 2948 pedes'ha-

1968 2884 2257 2955 netanais,
2303 2898 2441 2941 suos
2481 2882 2819 2942 conﬁteatur
2855 2898 3149 2953 excessus,
3183 2889 3247 2941 ut
3276 2882 3400 2955 ipse
3436 2898 3470 2940 a
3495 2880 3656 2939 vitiis

132 2972 317 3031 heat“-
349 2994 381 3027 ι’
428 2970 648 3031 omnes
701 2983 859 3039 VPJ‘Oa
910 2967 1083 3025 etiam
1132 2969 1360 3040 apertos
1407 2963 1695 3031 θτθωὶῑίὶε,
1728 2959 1853 3019 die-
1939 2973 2039 3032 ﬁat
2076 2972 2431 3038 emendatus,
2467 2978 2522 3030 et
2550 2972 2681 3031 aliis
2719 2972 3139 3032 emendationis
3177 2972 3424 3031 formam
3463 2976 3656 3030 osten-

136 3062 234 3122 1'05
296 3058 677 3121 abstinentia}
740 3056 1044 3130 delmtatiS,
1115 3054 1488 3113 FCfeCliODem
1564 3049 1853 3124 SUSCiPel‘e
1940 3061 2056 3121 dat.
2091 3082 2119 3116 »
2151 3061 2256 3120 Cui
2284 3078 2402 3119 non
2430 3061 2714 3120 dissimile
2756 3069 2843 3121 est
2879 3059 3031 3120 Petri
3061 3060 3329 3119 Damiani
3364 3060 3656 3119 monitum

136 3152 509 3214 consuevisse
551 3150 608 3241 it)
653 3147 909 3241 propriis_
934 3144 1361 3241 celliS_«PU(_1iS_
1398 3143 1642 3241 {ﬁdibus
1680 3154 1855 3241 ευρεξι·
1878 3152 2010 3241 cad
2043 3151 2347 3210 Avellaua
2384 3150 2636 3225 priorem
2664 3167 2863 3226 opusc.
2912 3163 3020 3221 xv,
3066 3154 3189 3225 cap‘.
3229 3150 3316 3221 3t,
3363 3150 3469 3208 ubi
3519 3149 3600 3207 ait
3643 3175 3659 3210 :

134 3244 465 3319 pavimento
495 3240 781 3310 sedentes,
816 3259 845 3293 »
878 3237 1042 3296 docet
1075 3236 1139 3295 B.
1174 3234 1523 3308 Bodulpbus
1550 3232 1609 3290 in
1640 3231 1854 3289 consti-
1885 3231 1972 3296 *α
1998 3242 2120 3300 Aul
2163 3257 2487 3317 numquam,
2533 3247 2636 3301 aut
2679 3258 2807 3300 ram
2850 3240 3173 3316 capitulum
3210 3254 3347 3299 cum
3380 3238 3660 3298 fratribus

134 3339 232 3393 tut.
257 3332 407 3392 anni
450 3329 612 3399 1080,
641 3344 768 3402 cap.
803 3327 892 3400 20,
918 3327 1189 3400 ideque
1219 3321 1585 3383 Justinianus
1618 3321 1724 3381 loc.
1753 3321 1852 3379 cit.

134 3439 246 3496 cap.
276 3423 352 3481 32
382 3425 440 3478 et
478 3419 550 3478 38
590 3418 912 3477 conﬁrmat.
955 3415 1037 3474 De
1079 3411 1429 3473 Avellanitis
1474 3417 1668 3470 autem
1694 3424 1853 3469 eam-

136 3514 257 3572 dem
300 3509 677 3586 disciplinam
721 3506 889 3566 tradit
924 3506 1128 3566 Petrus
1167 3504 1485 3577 Damianus
1520 3516 1715 3576 opusc.
1749 3512 1858 3559 XIV

139 3610 189 3661 et
230 3615 340 3675 xv,
373 3616 500 3674 cap.
546 3600 635 3671 11,
675 3596 919 3655 dicens:
964 3617 991 3650 α
1023 3593 1180 3653 Illud
1226 3592 1401 3652 etiam
1445 3600 1566 3651 non
1610 3589 1859 3649 minima

138 3708 261 3767 pars
286 3689 663 3768 paenitentia
689 3684 963 3761 est,quod
996 3684 1157 3744 omni
1186 3689 1462 3757 tempore,
1490 3681 1613 3741 sive
1640 3686 1858 3752 astate,

141 3785 253 3842 sive
302 3782 529 3853 hieme,
580 3794 699 3838 non
761 3777 986 3849 calceis,
1044 3792 1161 3835 non
1238 3772 1419 3833 ocreis
1488 3779 1738 3834 utuntur
1796 3773 1859 3831 in

141 3874 387 3945 cellulis,
454 3872 558 3931 sed
625 3868 801 3929 nudis
865 3883 1092 3942 semper
1157 3866 1426 3925 cruribus
1495 3871 1552 3924 et
1613 3863 1863 3939 pedibus

143 3962 504 4023 consuetudo
546 3964 634 4017 est
674 3972 1032 4032 permanere,
1079 3954 1333 4028 exceptis
1378 3955 1493 4026 his,
1550 3954 1656 4028 qui
1696 3952 1865 4027 gravi

144 4056 405 4114 molestia
431 4050 793 4112 inﬁrmitatis
824 4054 1130 4123 urgentur.
1158 4070 1188 4105 »

210 4144 336 4204 VII.
397 4144 468 4202 In
533 4138 837 4200 metanais
888 4145 1103 4208 autem,
1159 4136 1449 4213 palmetis,
1521 4130 1863 4207 disciplinis,

146 4232 388 4310 aliisque
418 4230 537 4306 piis
576 4227 911 4306 hujnsmodi
946 4227 1238 4311 exercitiis
1269 4230 1526 4302 quantus
1557 4221 1867 4296 utrobique

146 4326 330 4384 fervor
387 4327 560 4387 esset,
613 4319 998 4393 intelligimus
1050 4335 1126 4378 ex
1178 4317 1486 4392 Bodulpho
1553 4314 1745 4390 priore
1804 4313 1869 4370 in

149 4410 664 4475 constitutionibus
704 4410 844 4468 anni
895 4409 1030 4468 1085
1060 4410 1130 4467 de
1174 4408 1296 4467 suis
1324 4401 1870 4466 Camaldulensibus

151 4506 225 4564 sic
251 4505 536 4580 loquente
567 4520 582 4558 :
615 4521 643 4553 α
671 4498 817 4558 Nam
861 4500 995 4575 quis
1040 4499 1215 4573 digne
1258 4513 1501 4555 narrare
1543 4494 1729 4554 valeat
1780 4508 1865 4563 ea,

149 4612 275 4669 qua
328 4594 514 4669 hujus
566 4590 747 4651 eremi
796 4591 994 4648 fratres
1046 4606 1148 4663 per
1202 4604 1373 4648 omne
1413 4593 1640 4660 tempus
1678 4582 1865 4642 solent

149 4703 336 4761 agere,
387 4684 677 4743 bonorum
722 4680 937 4739 scilicet
978 4696 1254 4755 operum;
1304 4680 1364 4737 id
1411 4686 1496 4738 est
1538 4677 1688 4736 ictus
1739 4690 1867 4733 sco-

149 4791 379 4849 parum,
419 4772 807 4833 discurrentes
841 4771 1146 4845 lacrymas,
1185 4766 1646 4829 innumerabiles
1687 4770 1866 4823 meta-

149 4881 326 4936 naas,
396 4863 666 4923 cordium
737 4862 1007 4936 suspiria,
1066 4863 1404 4921 continuam
1468 4855 1867 4933 psalmodiam,

148 4958 484 5017 orationum
530 4951 885 5026 instantiam,
942 4969 1131 5012 sacras
1176 4949 1459 5025 vigilias?
1494 4970 1522 5003 »
1554 4951 1659 5007 etc.
1692 4946 1764 5006 Et
1796 4961 1873 5005 ex

153 5046 315 5106 Petro
370 5042 642 5104 Damiani
690 5058 886 5117 opusc.
941 5056 1045 5102 xw
1091 5043 1162 5102 de
1209 5040 1556 5102 Avellanitis
1606 5039 1689 5098 sic
1730 5037 1872 5096 scri-

153 5137 324 5196 bente
364 5158 379 5192 :
422 5153 454 5189 α
500 5132 570 5190 In
610 5132 832 5191 cateris
860 5138 1057 5191 autem
1094 5130 1416 5206 spiritualis
1444 5128 1707 5189 exercitii
1750 5133 1873 5186 stu-

156 5228 285 5300 diis,
311 5240 451 5301 qua
500 5222 575 5283 sit
617 5223 882 5282 continui
921 5222 1163 5282 fervoris
1202 5222 1497 5293 instantia,
1533 5236 1668 5296 qua
1712 5217 1877 5278 solli-

157 5317 376 5387 citudo,
437 5330 616 5390 quam
685 5311 827 5385 vigil
891 5318 946 5372 et
1000 5328 1240 5386 operosa
1298 5311 1644 5387 frequentia,
1704 5310 1878 5370 timeo

162 5405 470 5466 dicere.....
516 5404 629 5462 hoc
668 5408 861 5460 tamen
899 5401 1045 5459 mihi
1087 5399 1276 5473 liceat,
1308 5400 1448 5475 quia
1477 5406 1635 5459 tanta
1674 5404 1760 5458 est
1798 5397 1881 5457 di-

165 5494 403 5571 ligentia
429 5492 493 5550 in
532 5488 887 5550 ﬂexionibus
919 5505 1202 5565 genuum,
1234 5489 1299 5547 in
1329 5487 1653 5564 disciplinis
1680 5503 1895 5571 scopa.

170 5567 317 5655 rum,
367 5588 427 5643 et
470 5581 701 5642 cateris
746 5573 1109 5652 huiusmodi,
1150 5599 1183 5636 »
1232 5585 1339 5638 etc.
1392 5579 1703 5655 Speciatim
1744 5567 1883 5639 vero

172 5677 386 5747 quanta
438 5671 622 5732 fuerit
676 5668 740 5728 in
792 5669 1136 5729 voluntariis
1184 5666 1708 5741 verberationibus,
1757 5673 1884 5727 tum

1939 3331 2278 3403 celebretur,
2309 3347 2426 3406 quo
2454 3330 2631 3390 missa
2666 3337 2968 3403 metanaa,
3000 3336 3053 3389 te
3081 3346 3201 3389 non
3238 3346 3490 3390 accuses.
3523 3355 3549 3380 »

2012 3420 2169 3480 VIII.
2232 3422 2532 3496 Ejusmodi
2582 3437 2750 3498 porro
2797 3420 3072 3482 exercitia
3122 3420 3387 3494 utrisque
3425 3436 3546 3480 non
3589 3435 3666 3479 ex

1940 3511 2187 3587 imperio
2233 3511 2657 3581 indicebantur,
2689 3510 2790 3570 sed
2836 3510 3095 3585 cujusvis
3130 3509 3370 3569 arbitrio
3406 3508 3663 3584 relinqui

1941 3608 2381 3660 consueverant.
2408 3599 2556 3659 Nam
2593 3599 2665 3658 de
2692 3600 2814 3659 suis
2839 3597 3189 3658 Avellanitis
3225 3597 3307 3657 ait
3343 3596 3665 3657 Damianus

1943 3707 2141 3767 opusc.
2174 3703 2282 3762 xv,
2313 3706 2438 3765 cap.
2496 3690 2563 3749 18
2603 3710 2617 3750 :
2652 3710 2683 3746 «
2726 3688 2915 3764 Super
2950 3688 3253 3749 metanais
3288 3704 3448 3761 vero,
3487 3687 3665 3747 disci-

1941 3779 2144 3855 plinis,
2193 3784 2369 3854 atque
2411 3779 2700 3854 palmatis,
2755 3780 2879 3838 sive
2931 3779 3108 3838 etiam
3157 3778 3414 3838 brachiis
3461 3782 3665 3837 exten-

1944 3869 2152 3929 dendis
2213 3868 2277 3928 in
2335 3868 2710 3939 orationibus,
2771 3867 3110 3942 caterisque
3178 3869 3364 3928 sancti
3423 3866 3659 3927 fervoris

1944 3958 2259 4029 exercitiis,
2312 3957 2477 4017 nulla
2528 3957 2761 4016 fratrem
2807 3956 2932 4032 lege
2979 3957 3456 4032 constringimus,
3515 3957 3656 4031 quin

1946 4049 2137 4122 potius
2186 4065 2308 4108 sua
2356 4048 2769 4108 committenda
2816 4049 3169 4124 provisionis
3221 4050 3456 4110 arbitrio
3497 4046 3653 4121 judi-

1945 4154 2168 4198 camus.
2198 4136 2348 4197 Sunt
2375 4137 2553 4211 enim,
2581 4136 2795 4211 quibus
2818 4139 3031 4199 horum
3057 4140 3269 4217 aliqua
3299 4155 3415 4198 non
3441 4149 3651 4196 conve-

1948 4228 2156 4299 niunt;
2194 4232 2369 4301 atque
2399 4227 2528 4285 ideo
2576 4232 2769 4286 tutum
2810 4228 3058 4302 videtur,
3089 4237 3263 4304 atque
3301 4223 3552 4285 liberius.
3583 4226 3647 4279 ut

1948 4321 2013 4378 in
2047 4316 2261 4377 talibus
2302 4310 2486 4391 magis
2531 4316 2683 4390 optio
2727 4322 3100 4391 proponatur,
3142 4333 3314 4393 quam
3351 4310 3643 4372 deﬁnitiva

1951 4408 2171 4484 regula
2197 4406 2478 4466 sententia
2495 4407 2922 4482 prascribatur.
2957 4429 2985 4462 »
3016 4408 3097 4467 De
3123 4400 3641 4467 Camaldulensibns

1950 4516 2087 4558 vero
2135 4499 2291 4557 idem
2337 4496 2683 4570 Rodulphus
2717 4498 2839 4557 loco
2875 4498 2968 4557 cit.
3018 4515 3136 4572 cap.
3183 4498 3269 4565 35,
3297 4496 3377 4553 sic
3400 4489 3591 4551 arrisit
3617 4510 3633 4542 :

1959 4615 1982 4645 ι
2015 4590 2085 4649 In
2116 4589 2415 4648 metanais
2454 4604 2613 4662 vero,
2645 4595 2701 4648 et
2737 4589 3018 4664 palmatis,
3044 4590 3133 4647 vel
3173 4598 3465 4660 sceparum
3510 4576 3629 4635 idi-

1956 4681 2089 4753 bus,
2113 4680 2360 4753 aliisque
2402 4678 2694 4738 similibus
2737 4679 3044 4755 obsequiis,
3076 4676 3163 4733 vel
3205 4672 3477 4747 cperim
3522 4675 3625 4718 seu

1958 4768 2233 4841 artiﬁciis,
2265 4767 2513 4843 quisque
2553 4768 2720 4827 debet
2763 4768 3030 4839 exerceri,
3058 4772 3219 4839 prout
3262 4755 3487 4843 ramites
3534 4760 3625 4806 ιη’

1956 4860 2111 4932 lerit,
2136 4859 2229 4918 vel
2252 4841 2473 4919 utilitas
2496 4860 2755 4929 suaserit,
2782 4875 2884 4917 seu
2909 4856 3097 4915 divina
3122 4841 3463 4932 ἱξιςρίηῖϊτὶῖ
3486 4855 3623 4912 ἔτ’-ι’

1959 4949 2039 5007 tia
2070 4930 2177 5007 :vin
2209 4946 2420 5007 talibus
2454 4948 2611 5006 enim
2637 4945 2947 5007 voluntaria
2967 4940 3223 4999 sedetur
3244 4930 3472 4995 deum,
3500 4944 3621 4987 non

1960 5036 2175 5097 coactio
2194 5036 2513 5112 imponitur
2532 5055 2549 5109 ;
2577 5035 2962 5110 unusquisque
2976 5028 3033 5082 in
3166 5026 3319 5091 FN?
3337 5031 3473 5112 {IRS
3496 5034 3621 5077 me-

1962 5127 2139 5186 tiatur
2160 5106 2332 5201 vires,
2361 5106 2642 5202 computet
2666 5106 2935 5209 sumptus
2958 5108 3269 5167 lli-563m
3294 5106 3556 5205 aﬁh‘tns.
3574 5132 3619 5209 ~1-

2033 5217 2135 5276 1x.
2192 5200 2333 5288 Qua
2393 5200 2524 5278 ver
2828 5201 3119 5288 utriusqu-
3154 5200 3621 5288 sanationis

1964 5280 2263 5367 communi
2286 5310 2407 5384 lege
2436 5300 2741 5380 praescripti
2972 5280 3615 5381 Wﬁlin-ominus

1966 5394 2310 5457 debiliorum
2338 5372 2611 5467 respectu,
3361 5392 3465 5448 pm
3512 5392 3617 5432 sn.

1965 5484 2205 5562 perioris
2240 5465 2463 5546 arbitrio
2974 5480 2991 5517 :
3036 5465 3267 5562 amt-11:9
3314 5476 3607 5562 mn}???

1964 5550 2097 5646 nus,
2127 5582 2181 5636 et
2203 5574 2338 5635 clam
2370 5563 2587 5628 ω
2608 5569 2683 5613 1⁸
2716 5558 2993 5622 mn
3024 5550 3321 5627 W
3346 5552 3593 5647 δειλιδξεδ

1982 5665 2021 5681 ι..
2091 5666 2103 5678 .
2145 5667 2181 5681 ι.
2270 5680 2299 5681 η
2338 5660 2625 5681 Δρ...-
2662 5644 2941 5681 ..τ-...ξιξ
2977 5640 3311 5681 ΒΗΑ-διά
3340 5642 3465 5681 εῖτ
3490 5640 3513 5659 ⁸·
