4034 6468
382 311 451 374 39
1289 310 1348 370 S.
1393 312 1686 373 PETRUS
1729 311 2122 372 DAMIANUS
2162 311 2222 372 S.
2265 311 2334 373 R.
2379 311 2442 372 Ε.
2489 312 2973 373 CARDINALIS.

381 437 750 498 suetudinem
825 437 1102 510 paulatim
1163 436 1322 494 abire
1375 437 1747 510 contingeret.
1808 437 2434 510 AudiaturApsalmis,
2516 445 2652 496 tunc
2719 436 2987 495 dicitur:

381 529 701 588 Damianus
733 544 930 603 opusc.
979 539 1085 598 xv,
1124 543 1247 602 cap.
1305 527 1407 585 16:
1441 526 1562 585 «Si
1604 542 1777 597 unus,
1825 535 1927 585 aut
1978 528 2092 585 for-

383 627 533 676 tasse
584 618 778 692 plures
829 619 1110 688 indigent,
1143 618 1296 691 quod
1340 618 1402 685 ii,
1433 618 1535 690 qui
1567 617 1888 675 incolumes
1939 622 2092 683 sunt,

3834 316 3918 374 40

3066 440 3137 492 Te
3188 440 3358 493 Deum
3407 441 3624 494 Patrem
3677 442 3912 509 ingeni-

2183 535 2316 595 tum,
2357 534 2426 586 Te
2467 533 2670 586 Filium
2713 532 3074 599 unigenitum,
3113 532 3183 584 Te
3213 530 3488 599 Spiritum
3515 536 3765 586 sanctum
3789 549 3913 602 pa-

2179 621 2461 683 raeletum,
2492 627 2738 675 sanctam
2773 625 2824 674 et
2852 619 3201 674 individuam
3229 619 3571 684 Trinitatem,
3601 626 3709 676 toto
3740 621 3916 676 corde

2181 715 2231 762 et
2283 726 2370 763 ore
2418 714 2747 778 conﬁtemur,
2803 712 3094 764 laudamus
3146 715 3311 778 atque
3363 710 3745 774 benedicimus,
3799 711 3916 764 tibi

2181 803 2359 867 gloria
2408 804 2466 854 in
2516 803 2734 857 saecula.
2775 803 2968 858 Amen.
3009 803 3252 863 Domine,
3285 803 3425 854 Deus
3467 803 3525 854 in
3555 800 3912 868 adjutorium

2182 905 2356 942 meum
2407 891 2643 952 intende,
2694 893 2918 944 Domine
2968 889 3042 943 ad
3090 888 3469 957 adjuvandum
3515 904 3598 942 me
3645 890 3910 955 festina;

2185 977 2603 1044 Confundantur
2659 985 2710 1034 et
2763 984 3110 1034 revereantur
3146 980 3360 1032 inimici
3412 979 3536 1039 mei,
3579 979 3677 1046 qui
3751 992 3914 1046 quaa-

2184 1070 2314 1120 runt
2358 1069 2600 1120 animam
2636 1083 2828 1123 meam.
2881 1065 3126 1137 Adjutor
3169 1083 3336 1130 meus,
3371 1071 3422 1120 et
3465 1065 3724 1121 liberator
3753 1080 3916 1118 meus

2185 1161 2312 1219 esto,
2353 1158 2596 1220 Domine,
2638 1173 2704 1210 ne
2749 1158 3078 1214 tardaveris.
3127 1157 3317 1212 Gloria
3359 1157 3537 1217 Patri,
3570 1159 3620 1208 et
3655 1155 3821 1217 Filio,
3859 1159 3920 1208 et

385 724 618 765 necesse
657 724 773 766 non
815 707 1049 777 habent,
1102 707 1250 764 clam
1303 705 1584 770 videlicet,
1641 714 1694 762 et
1746 706 1962 764 occulte
2014 706 2097 762 sic

383 797 634 854 infirmis
674 798 768 870 pia
795 797 1140 856 exhibentur
1175 795 1525 865 humanitas,
1562 805 1624 853 ut
1663 795 1938 865 valentes,
1971 795 2098 851 sine

385 885 624 944 invidia:
676 887 932 954 stimulo,
985 886 1047 942 in
1092 884 1183 942 sui
1235 884 1442 956 rigoris
1501 892 1874 957 permaneant
1923 884 2097 942 disci-

380 974 585 1048 plina:
618 991 808 1050 neque
857 975 1013 1032 enim
1049 989 1277 1032 necesse
1319 981 1422 1043 est,
1459 974 1613 1047 quod
1667 974 1770 1031 uni
1815 989 1982 1030 casus
2025 973 2099 1030 ir-

381 1075 563 1139 rogat,
595 1067 749 1125 illico
792 1065 1058 1138 regulare
1100 1065 1372 1124 omnibus
1414 1065 1531 1123 ﬁat.
1562 1087 1588 1118 »
1617 1064 1723 1123 Cui
1769 1065 1834 1123 B.
1887 1065 2102 1124 Rodul-

383 1157 538 1230 phus
589 1157 670 1214 sic
713 1163 988 1214 consonat
1042 1155 1105 1213 in
1155 1162 1337 1213 const.
1389 1155 1533 1212 anni
1587 1155 1743 1226 1080,
1790 1173 1913 1230 cap.
1972 1156 2040 1215 30
2082 1179 2094 1217 :

390 1269 416 1292 ει
449 1244 750 1302 Debilibus
803 1251 1018 1315 autem,
1064 1252 1118 1301 et
1168 1243 1553 1302 tenerioribus
1609 1244 1659 1302 si
1706 1261 1822 1318 qua
1877 1244 2101 1318 dispen-
2183 1244 2424 1312 Spiritui
2476 1249 2683 1301 sancto.
2746 1242 2870 1312 Quo
2928 1243 3113 1312 finito,
3173 1257 3378 1301 rursus
3431 1239 3644 1298 dicitur
3709 1263 3722 1297 :
3779 1241 3920 1296 Ad-

385 1333 527 1390 satio
601 1333 665 1390 in
740 1332 1054 1404 alimentis,
1131 1340 1232 1390 aut
1294 1333 1552 1391 vestibus
1623 1337 1941 1392 necessaria
2003 1335 2095 1401 sit,
2177 1330 2448 1398 jutorium
2514 1335 2759 1386 nostrum
2822 1335 2883 1386 in
2956 1335 3171 1387 nomine
3223 1333 3465 1386 Domini.
3525 1328 3666 1386 Haec
3726 1328 3921 1402 igitur

387 1422 676 1496 sapienter
725 1428 780 1480 et
831 1430 996 1480 caute
1045 1421 1174 1480 fieri
1229 1421 1414 1493 debet,
1469 1431 1533 1480 ut
1578 1423 1658 1480 ita
1703 1422 2101 1496 indigentibus
2183 1434 2284 1492 per
2326 1419 2693 1494 quinquenos
2732 1419 2983 1492 psalmos
3029 1418 3356 1476 alternatim
3399 1432 3626 1490 semper
3673 1416 3922 1476 addun-

386 1512 734 1572 exhibeatur
777 1512 872 1586 pia
918 1512 1204 1581 discretio,
1256 1527 1330 1570 ne
1370 1512 1506 1570 inde
1552 1511 1887 1570 fortioribus
1922 1513 2102 1570 noxia
2187 1513 2302 1576 tur,
2359 1506 2541 1565 donec
2581 1507 2941 1581 psalterium,
2991 1523 3126 1566 cum
3181 1507 3367 1566 tribus
3417 1505 3919 1576 Dominicalibus,

385 1609 692 1672 generetur
735 1602 1084 1660 dissolutio:
1127 1617 1264 1659 nam
1309 1601 1593 1674 specialis,
1649 1600 1737 1658 vel
1788 1600 2102 1675 singularis
2184 1612 2291 1654 nec
2339 1611 2456 1654 non
2504 1591 2578 1655 et
2614 1597 2789 1656 totius
2839 1597 3219 1656 hebdomadas
3268 1596 3529 1666 canticis,
3578 1597 3918 1670 expleatur.

389 1693 682 1750 concessio
727 1707 846 1750 non
876 1690 1042 1748 debet
1072 1689 1221 1748 trahi
1251 1689 1323 1747 ad
1351 1689 1822 1762 consequentiam
1863 1695 2101 1747 czetero-
2185 1683 2293 1742 His
2320 1685 2494 1743 etiam
2528 1701 2648 1744 non
2681 1686 2976 1759 neglectis,
3011 1702 3145 1761 quas
3172 1686 3235 1745 in
3263 1685 3381 1744 ﬁne
3412 1683 3669 1758 psalterii
3697 1684 3922 1743 viden-

389 1796 544 1852 rum,
577 1798 650 1840 ne
673 1782 744 1840 de
770 1783 948 1840 unius
975 1781 1070 1838 vel
1102 1795 1420 1854 paucorum
1444 1778 1803 1853 indulgentia
1832 1781 2286 1855 nascaturBtur
2338 1775 2576 1848 adjecta,
2623 1776 2891 1834 videlicet
2942 1795 2956 1835 :
3013 1781 3084 1833 Te
3131 1781 3301 1833 Deum
3355 1777 3691 1844 laudamus;
3749 1779 3923 1834 Nunc

388 1870 777 1944 plurimorum
799 1871 1132 1929 enormitas.
1171 1895 1192 1921 ι

471 1961 543 2018 Χ.
602 1961 730 2019 Non
788 1960 980 2018 minor
1029 1957 1091 2016 in
1139 1957 1445 2033 disciplina
1483 1960 1767 2034 psallendi
1805 1960 2105 2019 consensio

391 2055 698 2124 utriusque
726 2048 965 2107 familias
996 2047 1290 2106 observari
1319 2055 1520 2121 potest.
1550 2049 1782 2122 Duplex
1812 2049 1932 2107 illis
1957 2048 2107 2122 psal-

391 2141 584 2202 modia
635 2139 697 2196 in
731 2153 844 2196 usu
886 2143 1024 2206 erat,
1054 2135 1298 2208 privata,
1327 2141 1382 2193 et
1428 2135 1679 2209 publica.
1728 2135 1835 2194 Illa
1879 2137 2107 2195 duobus

390 2227 681 2306 psalteriis
702 2225 1124 2294 continebatur,
1147 2240 1396 2298 quorum
1411 2224 1656 2282 alterum
1678 2241 1781 2299 pro
1809 2225 1959 2283 vivis
1973 2241 2106 2284 cum

392 2312 814 2390 adjectionibus
863 2311 1184 2380 nonnullis,
1217 2329 1362 2384 quas
1409 2311 1466 2371 S.
1502 2312 1862 2372 Romualdus
1897 2315 2107 2387 apponi

391 2409 661 2482 jusserat,
696 2400 954 2476 quotidie
993 2401 1329 2472 recitabant,
1357 2401 1604 2461 alterum
1651 2418 1753 2476 pro
1799 2402 2104 2472 defunctis,

397 2493 744 2570 quandoque
765 2489 1330 2563 totum,quandoque
1353 2507 1426 2548 ex
1446 2499 1626 2564 parte,
1640 2489 1887 2561 singulis
1906 2491 2110 2548 diebus

395 2582 609 2655 singuli
639 2582 701 2638 in
732 2579 853 2637 suis
877 2578 1101 2636 cellulis
1128 2578 1551 2652 persolvebant;
1583 2579 1663 2636 ait
1704 2579 1862 2636 enim
1891 2579 1955 2636 B.
1991 2579 2107 2636 Ro-

391 2673 647 2744 dulphus
686 2669 747 2724 in
777 2667 1000 2724 constit.
1048 2668 1187 2725 anni
1252 2668 1402 2736 1080,
1450 2685 1572 2741 cap.
1623 2667 1738 2724 35:
1785 2689 1805 2717 α
1836 2668 1963 2725 Duo
2010 2667 2112 2724 ita-

397 2775 510 2835 que
557 2756 824 2832 psalteria
865 2771 1000 2814 cum
1037 2755 1456 2828 adjectionibus
1511 2757 1634 2815 suis
1685 2757 1791 2826 (hee
1841 2754 1980 2828 quid
2030 2771 2112 2814 es-

397 2857 523 2906 sent
571 2863 646 2904 ex
694 2846 972 2904 Damiano
1012 2845 1162 2902 infra
1203 2845 1615 2918 intelligemus)
1661 2861 1758 2918 per
1806 2850 2112 2917 utramque

400 2937 902 3009 Quadragesimam
936 2935 1184 3007 quisque
1213 2935 1384 2992 frater
1414 2951 1515 3007 per
1541 2933 1802 3005 singulos
1830 2933 1952 2991 dies
1981 2949 2110 3006 per-

401 3027 586 3085 solvat
625 3050 637 3082 :
686 3025 748 3082 in
779 3022 910 3080 aliis
961 3038 1095 3080 vero
1146 3022 1520 3093 temporibus,
1575 3037 1760 3079 unum
1807 3037 1909 3094 pro
1960 3022 2113 3079 vivis

2193 1866 2432 1921 dimittis
2477 1883 2692 1922 servum
2756 1872 2947 1933 tuum;
3003 1867 3212 1922 duobus
3257 1867 3572 1936 Symbolis;
3615 1866 3806 1922 Gloria
3856 1867 3924 1919 in

2195 1958 2421 2011 ewcelsis
2490 1960 2642 2024 Deo;
2711 1959 2874 2012 Pater
2944 1961 3142 2021 noster,
3219 1973 3339 2012 cum
3417 1957 3524 2026 ﬁde
3599 1945 3921 2022 catholiCa;

2195 2050 2482 2116 postremo
2525 2047 2760 2100 Litaniaa
2801 2059 2936 2102 cum
2985 2046 3324 2101 orationibus
3371 2045 3496 2102 haec
3537 2043 3735 2102 omnia
3769 2057 3922 2101 con-

2196 2137 2359 2190 sueto
2383 2133 2500 2190 fine
2528 2131 2904 2191 concludunt.
2943 2155 2964 2183 ι

2270 2219 2369 2276 ΧΙ.
2422 2219 2704 2277 Praeterea
2752 2235 2827 2276 ex
2871 2219 3236 2278 institutione
3278 2219 3542 2292 ejusdem
3595 2218 3749 2278 Petri
3798 2219 3928 2278 Da-

2197 2309 2401 2379 miani,
2461 2309 2530 2368 B.
2581 2309 2779 2368 Mariae
2835 2310 3083 2383 virginis
3140 2309 3430 2381 Ofﬁcium,
3483 2309 3577 2369 vel
3627 2311 3690 2367 in
3740 2311 3928 2369 choro

2198 2401 2610 2472 communiter,
2643 2401 2737 2459 vel
2771 2402 3180 2476 unusquisque
3217 2402 3489 2475 privatim
3524 2401 3586 2459 in
3616 2418 3721 2460 sua
3746 2401 3925 2472 cella,

2199 2491 2458 2564 quotidie
2522 2491 2837 2549 recitabant
2901 2492 3209 2564 utriusque
3284 2491 3393 2550 loci
3465 2499 3787 2564 sectatores,
3855 2501 3931 2552 ut

2168 2579 2490 2652 -colligitur
2544 2595 2620 2636 ex
2668 2579 2928 2653 ejusdem
2967 2580 3233 2638 Damiani
3274 2580 3403 2639 Vita
3445 2597 3568 2654 cap.
3616 2582 3698 2650 15,
3733 2590 3788 2640 et
3842 2598 3930 2640 ex

2200 2667 2363 2740 epist.
2395 2667 2462 2724 32
2490 2666 2625 2724 libri
2654 2680 2735 2737 VI,
2765 2668 2867 2726 ubi
2890 2675 2944 2726 et
2965 2669 3382 2728 monasterium
3408 2668 3465 2727 S.
3500 2669 3793 2727 Vincentii
3824 2669 3929 2727 di-

2200 2757 2425 2816 vinitus
2465 2758 2742 2817 afflictum
2795 2766 3010 2831 narrat,
3040 2761 3115 2818 ob
3166 2761 3562 2819 intermissum
3603 2761 3668 2819 B.
3718 2761 3932 2821 Mariae

2201 2845 2446 2918 virginis
2467 2847 2870 2921 quotidianum
2896 2847 3162 2906 Ofﬁcium
3187 2849 3258 2906 ab
3281 2850 3402 2923 ipso
3425 2850 3784 2918 institutum,
3813 2867 3934 2908 nec

2201 2932 2316 2990 nisi
2354 2940 2479 3006 post
2508 2943 2791 3008 peractam
2826 2935 3070 3007 neglecti
3098 2937 3273 3008 hujus
3298 2936 3462 3009 pensi
3490 2937 3931 3010 paenitentiam,

2202 3029 2258 3081 et
2294 3025 2503 3081 seriam
2550 3024 2988 3084 consuetudinis
3027 3025 3204 3100 hujus
3254 3026 3524 3100 deinceps
3567 3026 3936 3084 inviolabili-

399 3119 569 3176 debet
595 3115 886 3212 celebrare
931 3112 1290 3212 psalterium,
1320 3129 1420 3210 pro
1455 3112 1775 3184 defunctis:
1796 3117 1992 3170 autem
2031 3120 2111 3171 to-
2137 3152 2182 3212 Ο
2205 3119 2288 3168 ter
2314 3112 2690 3212 observanda?
2713 3112 3178 3212 promissionem,
3211 3114 3474 3185 pristinae
3511 3113 3936 3187 tranquillitati

399 3213 542 3274 tum,
576 3212 677 3262 aut
704 3200 1038 3270 dimidium,
1074 3200 1167 3258 vel
1200 3201 1272 3258 ad
1319 3200 1516 3257 minus
1558 3201 1780 3257 tertiam
1812 3207 2049 3273 partem.
2086 3226 2112 3250 ››

404 3294 606 3353 Petrus
634 3299 826 3350 autem
865 3288 1186 3348 Damianus
1218 3303 1414 3362 opusc.
1459 3299 1592 3358 XIV,
1623 3287 1704 3344 sic
1734 3289 1904 3345 habet
1933 3313 1945 3346 :
1982 3310 2008 3342 ι(
2037 3289 2118 3346 De

399 3380 716 3457 psalmodia
769 3395 900 3437 vero
939 3377 1298 3436 consuetudo
1335 3382 1437 3444 est,
1468 3382 1534 3434 ut
1581 3391 1717 3434 cum
1761 3377 1876 3435 duo
1914 3378 2119 3436 fratres

404 3472 579 3532 simul
619 3476 1050 3529 commorantur
1101 3469 1162 3524 in
1206 3465 1371 3534 cella,
1399 3464 1514 3522 duo
1555 3465 1884 3538 persolvant
1923 3467 1985 3524 in
2025 3467 2118 3525 die

401 3562 691 3638 psalteria,
729 3577 920 3619 unum
962 3575 1062 3633 pro
1092 3557 1263 3627 vivis,
1295 3555 1543 3614 alterum
1576 3573 1677 3630 pro
1705 3557 2014 3616 defunctis.
2048 3559 2119 3615 Et

402 3653 550 3712 illud
582 3651 818 3725 quidem
850 3648 1003 3720 quod
1042 3653 1126 3703 est
1155 3645 1423 3703 vivorum
1450 3661 1585 3704 cum
1624 3645 1742 3704 illis
1772 3646 1986 3706 dicitur
2015 3648 2117 3705 ad-

407 3738 757 3808 ditamentis,
788 3751 920 3810 qum
959 3732 1022 3790 B.
1068 3730 1429 3789 Romualdus
1460 3733 1724 3806 apposuit
1758 3753 1770 3792 :
1803 3735 1955 3807 quod
1984 3750 2118 3793 vero

406 3845 510 3903 pro
550 3826 837 3886 defunctis
877 3838 1014 3881 cum
1043 3833 1253 3878 novem
1290 3820 1634 3879 lectionibus
1671 3823 1902 3895 dicitur,
1936 3824 2118 3883 tribus

401 3920 685 3976 nimirum
716 3931 816 3988 per
854 3912 1296 3985 quinquagenos
1343 3911 1616 3984 psalmos.
1661 3912 1770 3981 Qui
1800 3920 1997 3972 autem
2026 3931 2118 3973 so-

405 4009 498 4066 lus
535 4012 811 4073 moratur,
843 3999 1180 4074 psalterium
1212 3999 1448 4072 quidem
1486 4001 1757 4060 vivorum
1800 4008 1982 4060 totum
2021 4018 2120 4076 per

403 4095 665 4169 singulos
697 4093 820 4150 dies
844 4088 1154 4162 adimplet;
1189 4088 1593 4148 defunctorum
1623 4098 1820 4149 autem
1849 4093 1972 4149 sive
1995 4108 2118 4158 me-

404 4186 589 4254 dium,
625 4183 746 4242 sive
777 4186 982 4250 totum,
1009 4177 1178 4250 juxta
1206 4177 1360 4250 quod
1396 4179 1614 4236 virium
1644 4179 1994 4252 possibilitas
2026 4181 2120 4239 ad-

401 4276 708 4334 ministrat.
753 4292 780 4324 »
831 4267 970 4336 Quae
1020 4266 1214 4326 omnia
1266 4266 1469 4340 repetit
1514 4282 1709 4341 opusc.
1763 4281 1872 4342 xv,
1916 4287 2037 4345 cap.
2085 4272 2118 4330 9

404 4365 688 4423 duntaxat
728 4357 966 4416 uberius
1003 4355 1301 4428 explicans
1342 4355 1732 4416 additamenta
1771 4357 1872 4418 illa
1900 4360 1965 4419 B.
2001 4361 2120 4420 Ro-

405 4450 648 4520 mualdi,
713 4446 835 4504 sive
905 4444 1269 4517 adjectiones,
1327 4451 1392 4503 ut
1453 4445 1796 4520 Rodulphus
1850 4451 2114 4526 appellat,

403 4513 672 4616 psalterio
711 4513 992 4590 vivorum
1021 4531 1455 4606 conjungendas
1487 4557 1499 4591 :
1540 4536 1620 4592 ait
1648 4513 1816 4594 enim
1850 4513 1942 4594 ;’‹ἶ
1967 4513 2121 4596 Illud
2147 4513 2192 4571 θ

405 4628 642 4705 quidem
670 4620 1051 4695 (psalterium)
1079 4622 1233 4696 quod
1271 4631 1355 4680 est
1384 4624 1675 4696 vivorum,
1704 4641 1841 4683 cum
1883 4625 2002 4683 illis
2031 4626 2121 4684 di-

404 4718 554 4775 citur
588 4710 1012 4781 additamentis,
1041 4727 1176 4783 quae
1210 4711 1275 4769 B.
1310 4712 1672 4772 Romualdus
1701 4715 1955 4788 apponit,
1988 4731 2120 4788 qua;

407 4806 580 4866 etiam
635 4819 740 4862 nos
782 4818 900 4861 non
941 4817 1252 4875 gravemur
1291 4803 1564 4874 inserere,
1596 4819 1670 4862 ne
1714 4819 1820 4862 nos
1866 4820 2122 4877 conque-

406 4901 566 4952 ratur
611 4892 756 4948 forte
799 4889 1073 4962 novitius,
1106 4907 1238 4964 quae
1285 4892 1395 4950 sibi
1435 4909 1783 4966 magnopere
1832 4893 2124 4951 noscenda

409 4990 565 5054 sunt,
624 4979 962 5054 prmterisse.
1012 4980 1280 5038 Decursis
1331 4982 1502 5054 plane
1545 4982 1806 5055 quinque
1856 4981 2120 5055 psalmis,

407 5073 674 5144 protinus
730 5068 1092 5128 subinfertur
1121 5094 1132 5128 :
1165 5072 1354 5126 Gloria
1419 5074 1540 5135 tibi,
1609 5075 1872 5137 Trinitas,
1935 5091 2122 5144 aequa-

412 5165 483 5217 lis
535 5179 646 5217 una
679 5162 875 5226 deitas,
930 5167 981 5216 et
1020 5169 1146 5219 ante
1189 5181 1342 5219 omne
1387 5167 1662 5229 swculum,
1694 5171 1745 5220 et
1792 5182 1954 5235 nunc,
1985 5172 2036 5221 et
2064 5170 2124 5224 in

401 5258 762 5323 perpetuum,-
818 5251 978 5306 Orate
1028 5270 1130 5324 pro
1189 5255 1365 5318 nobis,
1421 5271 1600 5310 omnes
1655 5257 1835 5310 sancti
1883 5259 2001 5321 Dei,
2063 5263 2125 5314 ut

409 5342 568 5410 digni
623 5330 928 5412 efﬁciamur
993 5346 1444 5414 promissionibus
1520 5349 1740 5402 Domini
1795 5351 1894 5402 Dei
1950 5354 2128 5406 nostri

408 5435 536 5488 Iesu
591 5435 830 5503 Christi;
859 5437 1024 5490 Pater
1074 5441 1274 5494 noster.
1324 5434 1431 5493 His
1482 5437 1746 5511 expletis,
1810 5453 1950 5496 mox
1998 5441 2128 5499 sub-

409 5518 615 5576 ditur:
666 5518 1024 5591 Adjuto—rium
1078 5529 1322 5580 nostrum
1374 5526 1435 5578 in
1479 5529 1693 5582 nomine
1745 5528 1983 5593 Domini,
2027 5531 2126 5598 qui

406 5611 538 5692 fecit
595 5611 803 5694 caelum,
865 5617 916 5672 et
972 5618 1194 5674 terram.
1252 5609 1323 5671 Et
1372 5610 1622 5673 evolutis
1675 5612 1807 5675 aliis
1862 5615 2126 5690 quinque

2173 3198 2533 3258 ’cmnobium
2588 3199 2880 3258 redditum
2947 3200 3126 3258 fuisse
3191 3208 3521 3271 asseverat;
3583 3207 3759 3276 atque
3817 3201 3938 3260 hoc

2203 3287 2398 3360 ipsum
2424 3287 2704 3346 diurnum
2732 3289 3008 3347 horarum
3035 3287 3100 3345 B.
3133 3287 3388 3361 Virginis
3414 3305 3684 3362 pensum,
3713 3289 3786 3346 ad
3815 3306 3937 3349 nos

2205 3378 2558 3436 haereditatis
2636 3378 2874 3437 nomine
2943 3379 3368 3450 transmissum,
3433 3379 3750 3438 bodiedum
3819 3380 3936 3438 ob-

2206 3466 2369 3538 tinet,
2411 3467 2481 3525 de
2519 3483 2635 3541 quo
2672 3468 3111 3527 constitutiones
3146 3470 3563 3528 monachorum
3612 3467 3937 3528 Camaldu-

2205 3558 2459 3617 lensium
2507 3560 2616 3618 sub
2667 3559 2767 3617 Pio
2823 3560 2892 3632 V,
2941 3575 3065 3633 cap.
3122 3561 3208 3632 18,
3251 3561 3335 3620 sic
3391 3560 3646 3619 habent:
3707 3559 3938 3620 «Illud

2205 3656 2340 3708 ante
2393 3650 2590 3708 oculos
2637 3657 2862 3708 nostros
2916 3666 3128 3725 ponere
3182 3651 3376 3709 Patres
3428 3654 3774 3720 statuerunt,
3828 3650 3937 3707 ni-

2207 3743 2428 3800 mirum
2471 3758 2567 3800 eos
2611 3758 2815 3800 omnes
2850 3745 3137 3816 professos
3172 3743 3494 3802 mortaliter
3528 3758 3780 3815 peccare,
3819 3743 3938 3814 qui

2207 3847 2324 3889 non
2367 3831 2624 3904 legitime
2671 3832 2934 3907 impediti
2987 3833 3245 3893 ofﬁcium
3293 3840 3410 3891 tam
3453 3832 3636 3906 ipsius
3664 3831 3937 3905 Domini,

2209 3935 2386 3993 quam
2415 3921 2615 3979 matris
2642 3921 2788 3995 ejus,
2825 3922 2917 3979 vel
2946 3922 3009 3980 in
3039 3929 3245 3994 totum,
3276 3922 3367 3980 vel
3397 3922 3458 3979 in
3487 3928 3706 3996 partem
3733 3921 3938 3979 scien-

2211 4015 2296 4067 ter
2339 4010 2529 4068 dicere
2577 4010 2895 4069 omittunt:
2942 4013 3051 4069 hoc
3098 4018 3181 4070 est
3225 4011 3384 4069 enim
3425 4017 3624 4068 contra
3673 4016 3938 4069 veterem

2209 4105 2266 4157 et
2335 4097 2687 4156 laudabilem
2757 4099 3260 4169 consuetudinem,
3339 4107 3456 4156 tam
3523 4097 3934 4171 ercmitarnm,

2210 4203 2386 4262 quam
2420 4187 2838 4245 monachorum
2881 4194 3096 4245 nostrae
3135 4187 3615 4261 congregationis,
3648 4187 3752 4263 qui
3782 4203 3945 4246 sem-

2210 4294 2312 4352 per
2360 4283 2673 4350 utrumque
2721 4276 2977 4335 ofﬁcium
3031 4276 3378 4350 persolvere,
3427 4283 3481 4334 et
3540 4275 3741 4334 devote
3785 4277 3942 4337 cele—

2209 4367 2377 4424 brare
2411 4365 2600 4423 conati
2629 4373 2781 4424 sunt.
2817 4387 2844 4418 »
2885 4363 3027 4422 Haec
3058 4364 3251 4422 Patres
3294 4364 3499 4435 nostri,
3531 4379 3650 4422 non
3687 4365 3940 4438 quidem

2213 4470 2424 4512 novam
2478 4455 2656 4528 hujus
2709 4455 2903 4513 oneris
2956 4453 3366 4528 obligationem
3407 4453 3790 4528 imponentes,
3831 4458 3943 4515 sed

2212 4552 2482 4614 veterem,
2518 4561 2652 4619 qua),
2691 4545 2750 4602 vi
2782 4545 3039 4618 antiquae
3089 4543 3545 4613 consuetudinis,
3577 4544 3744 4618 cujus
3779 4546 3946 4606 locu-

2205 4633 2511 4706 pletissimi
2559 4639 2728 4690 testes
2769 4641 2923 4702 sunt,
2973 4632 3320 4704 invaluerat,
3373 4634 3706 4692 autlientica
3745 4633 3951 4694 decla-

2206 4722 2427 4779 ratione
2468 4728 2846 4795 exponentes,
2905 4736 3177 4794 responso
3220 4737 3396 4779 sacrae
3433 4722 3552 4782 Rit.
3599 4737 3796 4795 congr.
3841 4724 3948 4783 die

2213 4811 2277 4868 12
2325 4808 2517 4867 Martii
2574 4810 2708 4867 1616
2763 4807 3077 4867 novissime
3123 4811 3479 4882 confirmata,
3515 4810 3615 4870 ubi
3667 4812 3791 4868 haec
3818 4811 3948 4872 duo

2208 4899 2603 4958 decernuntur
2631 4917 2644 4954 :
2672 4897 2879 4971 primo,
2927 4897 3070 4953 «Ex
3101 4899 3618 4958 constitutionibus
3661 4915 3785 4957 suae
3840 4917 3949 4959 re-

2208 4988 2384 5062 gulae,
2429 4987 2538 5046 sub
2592 5002 2763 5060 pmna
2814 4986 3027 5060 peccati
3080 4987 3342 5045 mortalis
3398 4990 3579 5047 teneri
3619 4991 3951 5049 monachos

2209 5077 2682 5136 Camaldulenses
2714 5074 2786 5132 ad
2825 5075 3187 5134 recitandum
3215 5077 3475 5151 quotidie
3505 5077 3762 5136 ofﬁcium
3799 5095 3947 5152 par-

2211 5182 2352 5224 vum
2399 5166 2464 5223 B.
2525 5162 2722 5222 Mariae
2785 5162 3107 5237 virginis.»
3158 5165 3445 5236 Secundo,
3503 5165 3575 5224 ad
3632 5165 3689 5222 id
3750 5170 3951 5228 teneri

2216 5280 2238 5310 ι
2298 5258 2472 5316 etiam
2527 5260 2653 5329 post
2704 5256 3154 5328 acceptationem
3204 5255 3490 5314 Breviarii
3538 5255 3947 5336 Benedictini,

2212 5353 2380 5422 prout
2427 5351 2592 5404 antea
2634 5343 2994 5403 tenebantur.
3031 5368 3057 5395 υ
3109 5343 3225 5403 Nec
3272 5353 3422 5403 certe
3461 5343 3676 5404 minori
3722 5348 3952 5410 sollici-

2214 5439 2415 5496 tudine
2482 5434 2810 5494 Marianum
2883 5434 3138 5494 ofﬁcium
3211 5435 3379 5494 nobis
3456 5437 3714 5511 quotidie
3782 5443 3950 5500 reci-

2217 5527 2456 5586 tandum
2513 5529 2868 5602 incumbere,
2932 5540 3310 5604 supposuerat
3362 5541 3530 5596 antea
3587 5536 3703 5596 Leo
3755 5536 3807 5594 X
3871 5556 3948 5600 ac

2215 5615 2527 5702 ipsummet
2561 5615 2834 5707 divinum
2861 5616 3155 5693 Ofﬁcium,
3184 5619 3328 5682 dum
3364 5624 3438 5686 ab
3465 5624 3574 5687 hoc
3601 5625 3946 5698 dispensari
