4034 6518
149 346 211 410 4i
1045 342 1621 407 PBOLEGOMENA.
1662 374 1729 387 -
1769 340 1864 401 DE
1904 338 2306 401 INSTITUTO
2345 342 2776 407 CAMALDUL.
3593 357 3664 416 42

148 491 321 552 posse
367 490 471 549 per
514 476 694 535 nostri
727 474 948 535 ordinis
978 474 1245 549 praelatos
1281 473 1596 545 constituit,
1646 471 1719 529 ab
1758 467 2089 536 illoAnox,
2122 468 2214 525 vel
2244 469 2500 557 quolibet
2530 473 2699 533 modo
2724 490 2929 548 graves
2959 475 3235 538 videntur
3263 495 3387 539 esse
3421 482 3656 557 vigiliae,

152 582 277 625 non
306 566 450 622 item
485 583 500 622 :
535 564 618 623 sic
655 564 813 625 enim
859 564 1029 624 habet
1057 565 1119 621 in
1159 564 1307 622 bull.
1347 583 1359 622 :
1392 568 1463 620 Et
1493 566 1544 618 si
1571 579 1605 617 a
1633 577 1863 625 summo,
1948 558 2203 627 repetere
2222 556 2553 618 accubitum
2578 560 2884 637 licet;post
2909 572 3259 627 nocturnum
3278 571 3520 630 omnino
3541 556 3661 632 non
3758 612 3761 617 -

154 653 328 730 570:
364 654 504 712 «Ac
525 655 680 728 quod
710 653 800 713 illi
828 669 900 714 ex
935 652 1193 728 praefatis
1232 654 1554 722 monachis,
1591 652 1697 726 qui
1726 650 1869 710 adeo
1950 643 2101 734 licet.
2162 666 2191 701 »
2250 645 2436 717 Unde,
2488 654 2544 706 et
2598 654 2735 711 tom.
2815 652 2865 723 Ι,
2918 652 3021 712 lib.
3075 668 3157 728 VI,
3216 674 3304 734 ep.
3378 661 3459 731 17,
3510 661 3591 720 ait
3647 682 3659 721 :

157 745 648 805 monasteriorum
694 760 931 805 suorum
983 744 1187 804 ofﬁciis
1219 744 1496 819 occupati,
1527 750 1656 815 etc,,
1696 742 1870 800 dum-
1954 753 1984 788 ί(
2014 733 2141 793 NOII
2167 750 2450 795 canonem
2479 737 2649 797 SOIVit
2674 740 2776 813 (Illi
2814 742 3075 817 psallens
3102 752 3268 805 1'10th
3294 748 3590 808 redormit.
3623 770 3652 805 ))

157 836 336 896 modo
380 836 442 894 in
490 835 667 895 sacris
712 835 992 905 nonsint
1036 833 1342 894 ordinibus
1388 832 1708 903 constituti,
1742 830 1874 889 licet

158 925 580 1003 professionem
635 925 977 999 emiserint;
1033 932 1223 985 tamen
1288 927 1362 985 ad
1413 923 1870 1000 persolvendum

160 1022 351 1076 totum
394 1015 688 1089 integrum
725 1013 990 1075 Ofﬁcium
1027 1015 1296 1075 divinum
1342 1015 1589 1073 minime
1634 1019 1872 1072 tenean-

161 1112 279 1178 tur,
310 1104 414 1165 sed
441 1120 642 1163 eorum
670 1104 910 1179 praslati,
945 1105 1140 1164 habita
1177 1105 1608 1180 suppositorum
1635 1119 1874 1164 suorum

161 1196 626 1257 consideratione
672 1196 847 1267 (ultra
881 1195 1149 1256 Officium
1176 1195 1243 1256 B.
1283 1195 1483 1254 Mariae
1511 1193 1776 1269 virginis,
1804 1193 1878 1252 ad

162 1286 322 1361 quod
371 1286 609 1360 obligati
663 1290 1020 1353 remaneant)
1044 1284 1213 1358 juxta
1266 1283 1752 1358 dispensationem
1793 1281 1878 1341 eis

164 1374 459 1446 traditam,
507 1374 557 1431 si
612 1388 813 1432 eorum
871 1372 1181 1432 animabus
1236 1372 1511 1447 expedire
1556 1370 1876 1444 videbitur,

163 1464 393 1540 aliquid
418 1463 734 1523 dicendum
756 1462 1062 1537 injungant
1093 1463 1247 1538 quod
1286 1479 1422 1523 cum
1449 1460 1636 1521 animi
1666 1460 1877 1521 alacri-

167 1560 279 1613 tate
306 1552 540 1613 valeant
563 1552 888 1627 adimpleri.
927 1573 955 1605 n

234 1643 369 1703 XII.
425 1643 672 1718 Insuper
706 1641 896 1701 debita
944 1658 1078 1716 erga
1118 1642 1365 1717 propriae
1419 1640 1879 1717 congregationis

167 1731 474 1792 defunctos
527 1733 729 1807 pietas,
787 1740 901 1793 tam
955 1731 1112 1807 apud
1144 1730 1640 1803 Camaldulenses,
1703 1745 1880 1805 quam

2022 823 2174 883 XIV.
2207 825 2289 884 De
2317 826 2534 886 silentii
2566 844 2832 902 censura,
2866 840 3063 907 utpote
3111 838 3482 898 eremitarum
3535 856 3661 913 pro-

1949 914 2093 989 pria,
2125 929 2243 973 non
2284 922 2369 974 est
2413 918 2565 992 quod
2618 918 2867 979 addam:
2928 928 3157 983 tantum
3218 928 3489 988 audiatur
3541 929 3660 988 Ιὶοδ

1952 1003 2209 1079 dulphus
2255 1006 2712 1067 Camaldulensis
2741 1009 2902 1084 prior
2948 1012 3011 1070 in
3056 1008 3285 1074 constit.
3318 1017 3459 1076 anni
3501 1019 3660 1088 1080,

1955 1110 2078 1169 cap.
2126 1094 2214 1167 21,
2247 1095 2329 1154 sic
2373 1096 2804 1170 praecipientis:
2859 1121 2888 1154 «
2917 1100 3217 1162 Exeuntes
3261 1106 3331 1163 de
3394 1106 3576 1180 cellis,
3610 1116 3667 1167 et

1958 1186 2027 1246 ad
2054 1185 2207 1262 ipsas
2231 1187 2569 1261 redeuntes,
2601 1190 2811 1250 silendi
2841 1208 3088 1253 censura
3117 1195 3331 1255 debent
3360 1199 3617 1259 cohiberi
3648 1221 3660 1261 :

1956 1274 2021 1334 in
2073 1276 2339 1349 oratorio,
2379 1283 2435 1336 et
2484 1278 2548 1336 in
2596 1279 2897 1340 refectorio
2957 1282 3157 1356 regula
3232 1286 3447 1346 silentii
3502 1290 3664 1348 omni

1961 1369 2215 1439 tempore
2248 1365 2589 1425 intemerata
2619 1375 2900 1428 servetur.
2940 1390 2967 1424 »
3000 1370 3106 1430 Cui
3145 1383 3420 1436 consonat
3452 1377 3515 1436 B.
3555 1378 3663 1437 Pe-

1961 1457 2087 1512 trus
2141 1453 2426 1526 Damiani,
2470 1462 2592 1514 tum
2635 1472 2830 1531 opusc.
2880 1471 3008 1533 le,
3040 1466 3166 1520 tum
3205 1476 3310 1535 xv,
3344 1481 3466 1538 cap.
3504 1467 3561 1525 ll
3615 1474 3669 1525 et

1967 1544 2034 1604 18
2069 1568 2082 1603 :
2117 1545 2241 1604 «In
2287 1546 2556 1619 capitulo,
2590 1548 2652 1605 in
2702 1550 2969 1621 oratorio,
2998 1550 3059 1609 in
3082 1552 3401 1624 ,relectorio
3431 1557 3661 1631 regula-

1963 1650 2087 1694 rem
2115 1634 2594 1695 consuetudinem
2630 1651 2749 1695 non
2779 1644 3143 1713 postponam,
3176 1648 3242 1700 ut
3283 1658 3420 1703 cum
3466 1646 3662 1721 hospi-

1964 1723 2121 1783 tibus
2141 1739 2258 1783 non
2290 1723 2639 1797 loquantur;
2669 1732 2845 1800 atque
2872 1727 3002 1786 ideo
3049 1744 3082 1786 a
3108 1729 3346 1790 cellulis
3376 1748 3565 1808 usque
3591 1736 3666 1795 ad

169 1822 530 1882 Avellanitas
582 1823 821 1898 paribus
874 1822 1168 1883 exercitus
1221 1823 1522 1894 enitebat;
1585 1823 1665 1882 ait
1722 1812 2265 1899 enimBecclesiam
2296 1812 2418 1871 sive
2460 1813 2777 1888 venientes,
2822 1814 2944 1875 sive
2992 1815 3300 1878 redeuntes
3352 1836 3386 1879 a
3425 1837 3672 1884 censura

169 1913 513 1985 Damianus,
551 1931 747 1990 opusc.
778 1926 889 1973 XIV
914 1919 969 1973 et
997 1926 1104 1986 xv,
1142 1930 1265 1988 cap.
1302 1913 1408 1972 1'2:
1451 1937 1469 1964 ι
1506 1914 1653 1972 Cum
1706 1912 1882 1970 frater
1968 1901 2334 1962 Silentiitnon
2358 1904 2646 1963 recedant.
2677 1926 2706 1960 »

170 2001 465 2077 quispiam
509 2018 585 2061 ex
612 2002 823 2062 nostris
855 2002 1080 2074 obierit,
1116 2002 1217 2077 qui
1261 2000 1529 2073 videlicet
1577 1999 1883 2058 nobiscum

173 2088 415 2162 degunt,
466 2104 568 2163 pro
614 2105 682 2148 eo
738 2089 1143 2163 unusquisque
1198 2095 1413 2163 septem
1439 2087 1584 2145 ~dies
1635 2085 1882 2160 jejunat,

175 2186 398 2253 septem
453 2179 790 2255 disciplinas
839 2198 973 2240 cum
1015 2181 1271 2240 millenis
1315 2195 1621 2254 scoparum
1673 2178 1886 2235 ictibus

173 2268 403 2343 accipit,
465 2270 850 2345 septingentas
919 2277 1235 2330 metanceas
1306 2270 1459 2340 facit,
1514 2268 1747 2342 triginta
1801 2265 1890 2323 in-

176 2374 353 2433 super
395 2359 665 2433 psalteria
710 2376 783 2417 ex
835 2376 994 2419 more
1050 2361 1330 2429 decantat,
1373 2366 1438 2437 et
1479 2357 1888 2431 unusquisque

176 2447 444 2507 sacerdos
490 2455 709 2522 septem
758 2450 965 2507 missas
1017 2450 1108 2508 illi
1160 2466 1261 2523 pro
1307 2465 1412 2508 sua
1460 2462 1706 2522 persona
1758 2459 1891 2517 per—

178 2533 371 2599 solvit,
431 2534 592 2595 salvo
662 2551 749 2607 eo,
806 2537 959 2612 quod
1010 2536 1302 2595 continuis
1359 2552 1592 2611 quoque
1657 2533 1893 2607 triginta

178 2624 389 2685 diebus
415 2641 519 2700 pro
546 2643 616 2685 eo
659 2627 970 2688 missarum
999 2629 1282 2688 solemnia
1320 2627 1383 2685 in
1413 2632 1702 2685 conventu
1732 2638 1891 2682 com-

180 2717 445 2776 muniter
464 2717 848 2780 celebrantur.
879 2740 906 2773 »
941 2720 1285 2793 Rodulphus
1330 2725 1524 2778 autem
1552 2718 1614 2776 in
1663 2714 1891 2775 constit.

179 2807 323 2865 anni
366 2806 519 2876 1080,
557 2823 681 2881 cap.
712 2808 800 2878 35,
830 2824 946 2866 non
979 2808 1291 2866 admodum
1331 2807 1559 2865 diversa
1586 2803 1893 2875 decernit,

180 2895 323 2954 dum
357 2895 635 2970 praecipit,
666 2897 823 2971 quod
864 2916 877 2956 :
912 2918 940 2951 «
973 2897 1083 2955 Pro
1120 2896 1461 2971 migratione
1490 2895 1893 2969 cujuscunque

180 2985 377 3044 fratris
428 2986 492 3043 in
525 3002 741 3057 eremo,
770 2986 865 3045 vel
902 2986 966 3045 in
1011 2987 1192 3045 Fonte
1247 2986 1396 3044 bono
1454 2985 1737 3054 defuncti,
1792 2983 1897 3041 tri-

180 3074 345 3148 ginta
390 3073 678 3147 psalteria,
727 3074 819 3133 vel
860 3074 1063 3134 missas
1097 3074 1265 3133 debet
1305 3073 1711 3150 unusquisque
1754 3088 1888 3146 per-

2039 1992 2164 2052 XV.
2198 1992 2310 2052 Sed
2333 1999 2390 2051 et
2414 1994 2580 2067 quies
2606 1995 2912 2070 omnisque
2938 1999 3260 2072 vagationis
3279 2002 3416 2076 fuga
3448 2005 3668 2064 utrius‘

1969 2092 2085 2168 que
2134 2079 2313 2168 eremi
2366 2081 2740 2168 sectatoribus
2784 2083 2906 2157 pari
2962 2084 3264 2145 sedulitate
3319 2089 3668 2168 injungitur,

1972 2180 2007 2224 a
2051 2167 2359 2241 Bodulpho
2408 2167 2644 2242 quidem
2688 2169 2792 2227 loc.
2840 2170 2962 2243 cit.,
2990 2189 3113 2247 cap.
3149 2175 3239 2245 32,
3274 2175 3395 2236 illis
3433 2167 3670 2241 verbis:

1977 2284 2004 2308 «
2033 2258 2254 2317 Vitium
2303 2273 2538 2335 quoque
2585 2260 2927 2333 vagationis,
2959 2271 3015 2321 et
3058 2262 3452 2327 instabilitatis
3484 2269 3673 2331 taliter
3772 2286 3778 2291 '

1975 2346 2176 2421 fugiat,
2207 2354 2273 2405 ut
2298 2365 2411 2406 non
2441 2349 2628 2406 solum
2661 2350 2938 2421 exterius,
2963 2368 3098 2410 cum
3127 2354 3294 2425 Dina,
3322 2355 3442 2416 ﬁlia
3470 2360 3672 2435 Jacob,

1974 2452 2094 2495 non
2126 2436 2292 2495 facile
2329 2438 2612 2496 discurrat
2637 2461 2649 2508 ;
2681 2439 2778 2497 sed
2823 2440 2997 2498 etiam
3028 2441 3090 2500 10
3120 2442 3245 2515 ipsa
3269 2444 3413 2504 cella
3454 2450 3676 2511 stabilis

1975 2527 2247 2602 ﬁxusque
2297 2535 2628 2602 permaneat
2679 2549 2692 2587 :
2749 2538 2938 2604 posset
2991 2532 3148 2592 enim
3200 2534 3355 2595 intra
3418 2543 3678 2602 eamdem

1978 2618 2205 2689 cellam,
2234 2624 2510 2694 tanquam
2562 2619 2863 2693 cujusdam
2912 2621 3169 2694 impulsu
3224 2624 3547 2701 Vertumni,
3579 2649 3683 2691 va-

1977 2708 2343 2783 gationisque
2385 2709 2590 2783 spiritu
2641 2717 2751 2769 tota
2783 2711 2876 2769 die
2903 2712 3165 2773 circuire.
3207 2736 3229 2767 ιι
3263 2717 3311 2774 Α
3358 2718 3523 2779 Petro
3569 2723 3681 2782 Da-

1981 2798 2175 2856 miano
2214 2806 2427 2871 autem,
2457 2815 2651 2874 opusc.
2689 2813 2796 2872 x11,
2827 2817 2949 2875 cap.
2981 2803 3050 2862 24
3086 2829 3098 2862 :
3140 2805 3351 2866 «Illud
3400 2825 3515 2869 non
3560 2829 3684 2872 me-

1979 2887 2249 2946 diocriter
2303 2888 2586 2962 displicet,
2645 2891 2800 2963 quod
2864 2893 3036 2952 etiam
3116 2897 3256 2970 ipsis
3309 2901 3689 2964 sanctissimis

1981 2978 2235 3036 eremitis
2263 2979 2500 3052 quidam
2532 2979 2802 3040 videntur
2838 2982 3092 3055 admisti,
3134 3002 3279 3060 quos
3310 2988 3464 3048 idem
3505 2994 3684 3066 pesti-

1981 3069 2117 3127 ferae
2149 3069 2468 3142 vagationis
2506 3071 2744 3130 morbus
2776 3073 3047 3147 exagitat,
3081 3083 3134 3133 et
3166 3077 3230 3147 (si
3278 3077 3469 3137 dicere
3506 3080 3688 3157 liceat)

184 3163 454 3233 solvere;
494 3178 597 3236 pro
648 3162 742 3220 1118
788 3178 942 3233 vero,
984 3162 1086 3239 qui
1124 3180 1226 3238 per
1263 3163 1375 3222 alia
1414 3163 1538 3222 loca
1578 3177 1891 3235 congrega-
1924 3161 2146 3258 Clquasi
2214 3159 2587 3233 Vertumnus,
2649 3163 2938 3237 quoddam
2996 3165 3211 3227 scilicet
3270 3169 3692 3233 daemoniorum

186 3252 364 3311 tionis
386 3253 654 3325 obierint,
688 3253 794 3312 tria
822 3254 1088 3328 psalteria
1116 3254 1205 3313 vel
1232 3255 1424 3313 missae
1448 3254 1521 3312 ab
1547 3268 1900 3326 unoquoque
1931 3252 2191 3328 wgenus,
2251 3260 2442 3313 vexat.
2511 3253 2815 3313 Vertumni
2871 3256 3157 3332 siquidem
3212 3262 3364 3334 apud
3421 3265 3694 3339 antiquos

185 3340 434 3401 dicenda
486 3353 662 3413 sunt;
717 3343 779 3402 in
835 3345 1136 3403 metanoeis
1231 3359 1388 3413 vero,
1448 3343 1736 3417 palmatis,
1802 3342 1897 3400 vel

185 3446 493 3505 scoparum
524 3432 735 3491 ictibus
770 3432 1015 3506 aliisque
1058 3431 1347 3491 similibus
1375 3432 1691 3506 obsequiis,
1724 3430 1892 3505 quis-

186 3536 300 3595 que
328 3520 520 3591 debet,
551 3529 723 3595 prout
750 3522 988 3582 facultas
1019 3522 1233 3594 tulerit,
1268 3521 1544 3580 exerceri.
1579 3542 1607 3575 »

257 3610 424 3670 XIII.
483 3611 827 3671 Psalmodize
876 3628 1011 3672 vero
1062 3611 1313 3687 publicae
1367 3627 1509 3670 usus
1564 3610 1722 3669 idem
1774 3627 1903 3685 pro-

185 3700 358 3772 fecto,
409 3716 529 3759 non
585 3702 757 3761 modo
809 3703 964 3777 apud
1019 3709 1328 3776 utramque
1383 3702 1537 3761 hanc
1588 3700 1902 3760 Romualdi

187 3792 498 3863 familiam,
532 3793 631 3851 sed
680 3792 833 3867 apud
878 3809 1099 3857 omnes.
1131 3795 1441 3852 monachos
1486 3793 1618 3865 fuit,
1652 3801 1717 3853 ut
1770 3793 1909 3851 hinc

191 3882 361 3942 nulla
406 3882 673 3956 specialis
721 3884 1024 3944 consensio
1061 3885 1334 3943 reluceat.
1366 3883 1763 3942 Nihilominus
1802 3884 1911 3941 1106

192 3975 402 4033 saltem
459 3974 766 4034 observare
820 3976 973 4049 licet,
1033 3976 1188 4051 quod
1235 3981 1299 4035 ut
1352 3974 1907 4046 Romualdus,refe-

193 4072 359 4123 rente
385 4065 670 4124 Damiano
697 4065 762 4124 in
799 4066 924 4141 ejus
968 4064 1101 4124 Vita
1128 4082 1250 4141 cap.
1286 4065 1320 4123 9
1354 4084 1366 4124 :
1421 4086 1449 4119 «
1475 4064 1718 4139 Vigilias
1759 4070 1908 4123 tem-

196 4164 413 4231 perate,
447 4164 665 4215 etcum
705 4173 910 4231 magna
941 4156 1286 4217 discretione
1330 4157 1620 4216 faciendas
1656 4157 1913 4215 maxime

196 4246 499 4317 suadebat,
559 4260 633 4304 ne
691 4246 787 4305 cui
846 4247 1081 4306 fortasse
1137 4247 1513 4319 contingeret,
1576 4252 1643 4305 ut
1698 4243 1912 4319 sopori,

197 4335 450 4410 peractis
485 4336 783 4394 nocturnis
828 4335 1050 4407 ofﬁciis,
1082 4335 1431 4395 consentiret
1465 4360 1476 4395 :
1512 4356 1540 4389 »
1574 4334 1712 4411 quia
1750 4332 1911 4391 vide-

199 4423 349 4483 licet
385 4445 415 4477 ‹‹
445 4423 732 4497 ejusmodi
763 4439 1033 4484 somnum
1064 4426 1157 4485 vir
1185 4432 1417 4484 sanctus
1444 4424 1508 4483 in
1555 4431 1780 4482 tantum
1810 4422 1915 4479 ha-

201 4512 376 4572 bebat
403 4528 673 4582 exosum,
706 4512 839 4572 utsi
873 4514 1005 4589 quis
1031 4514 1085 4573 ei
1115 4514 1505 4585 conﬁteretur,
1536 4517 1662 4586 post
1697 4510 1916 4569 duode-

203 4604 320 4663 cim
353 4604 711 4678 psalmorum
749 4604 982 4678 vigilias
1008 4611 1063 4663 et
1100 4605 1356 4663 maxime
1382 4605 1532 4663 circa
1562 4601 1918 4671 diluculum,

206 4709 584 4767 nequaquam
642 4700 827 4768 posset
873 4711 938 4754 eo
981 4695 1097 4764 die,
1140 4712 1272 4754 cum
1321 4696 1447 4770 ejus
1484 4691 1738 4764 licentia,
1767 4706 1927 4749 sacra

208 4783 528 4842 missarum
557 4785 838 4843 solemnia
865 4784 1169 4844 celebrare.
1210 4806 1237 4840 »
1295 4783 1459 4853 Quod
1504 4784 1619 4841 1106
1656 4780 1780 4855 ipso
1808 4780 1926 4839 Bo-

208 4877 436 4938 mualdi
489 4876 797 4948 exemplo,
853 4873 1108 4933 eremitis
1165 4873 1421 4932 inculcat
1469 4873 1687 4933 Paulus
1743 4871 1927 4930 Justi-

208 4968 426 5026 nianus
478 4965 541 5023 in
593 4962 794 5036 regula
848 4963 1138 5022 eremitica
1195 4979 1317 5036 cap.
1369 4962 1458 5022 40.
1521 4963 1605 5021 Ita
1676 4959 1929 5019 similem

208 5056 400 5116 somni
429 5051 855 5125 discretionem,
885 5051 1124 5125 ejusque
1170 5058 1298 5125 post
1344 5051 1664 5110 matutinas
1695 5048 1928 5122 vigilias

204 5144 410 5217 fugam
463 5141 810 5199 Avellanitis
862 5141 985 5199 suis
1031 5140 1234 5198 indicit
1289 5140 1491 5199 Petrus
1544 5140 1861 5198 Damianus
1911 5155 1926 5207 ;

208 5232 408 5292 scribit
432 5231 593 5289 enim
618 5246 816 5304 opusc.
848 5242 956 5301 xv,
987 5246 1107 5305 cap.
1146 5230 1209 5289 16
1242 5249 1253 5288 :
1295 5250 1321 5283 (ί
1350 5229 1432 5287 Β6
1462 5245 1664 5287 somno
1693 5242 1928 5302 quoque

210 5336 325 5381 non
374 5327 493 5381 tam
535 5320 681 5377 dura
724 5318 1076 5392 quihusdam
1127 5317 1406 5376 districtio
1460 5316 1779 5375 necessaria
1821 5322 1925 5385 est,

210 5410 427 5469 melius
464 5409 684 5485 quippe
722 5416 806 5467 est
844 5426 1115 5468 somnum
1147 5409 1305 5468 carni
1339 5414 1647 5482 temperata
1675 5408 1925 5483 quadam

211 5499 647 5573 dispensatione
684 5499 994 5558 concedere
1032 5506 1089 5556 et
1125 5499 1411 5557 ferventer
1452 5498 1818 5572 postmodum
1868 5498 1928 5555 in

211 5589 315 5648 Dei
358 5588 635 5648 laudibus
688 5588 994 5647 excubare.
1028 5587 1361 5648 Notandum
1401 5594 1595 5647 autem
1626 5587 1763 5662 quia
1798 5594 1933 5647 ante

214 5685 519 5740 nocturnae
556 5677 801 5751 synaxis
833 5677 1111 5751 cilicium,
1141 5678 1192 5739 si
1219 5677 1314 5738 vel
1357 5675 1697 5751 profundior
1732 5676 1931 5738 adhuc

502 5795 765 5855 Paraon.
797 5791 1044 5854 CXLIV.

1988 3344 2325 3404 dicebantur
2397 3343 2709 3415 daemones,
2759 3361 3010 3419 quorum
3083 3348 3359 3410 instinctu
3431 3353 3699 3415 homines

1989 3435 2052 3494 in
2120 3433 2403 3505 vertigine
2478 3435 2648 3508 positi
2718 3435 3106 3494 reddebantur
3157 3438 3472 3500 instabiles.
3528 3466 3555 3498 »
3631 3445 3702 3504 Et

1993 3540 2188 3600 opusc.
2210 3536 2318 3595 xv,
2350 3539 2471 3597 cap.
2517 3521 2582 3580 18
2610 3547 2622 3581 :
2658 3545 2679 3575 ι
2716 3523 2896 3582 Ponat
2922 3532 3115 3585 autem
3147 3529 3419 3602 (eremita)
3440 3532 3609 3606 juxta
3640 3548 3702 3593 se

1994 3627 2247 3689 quaeque
2293 3610 2404 3669 sibi
2463 3618 2599 3670 sunt
2653 3611 2996 3679 familiarius
3043 3617 3383 3687 necessaria,
3441 3634 3515 3676 ne
3567 3636 3702 3680 cum

1995 3717 2175 3760 usum
2200 3701 2410 3758 horum
2433 3700 2740 3760 necessitas
2761 3701 3027 3774 postulat,
3054 3703 3176 3775 ipse
3202 3705 3273 3761 ad
3299 3705 3729 3767 exhibendum

1998 3792 2109 3850 sibi
2159 3791 2517 3864 frequentius
2563 3798 2780 3864 surgat.
2842 3791 3158 3863 Tantopere
3215 3793 3427 3868 quippe
3479 3798 3705 3870 vagatio

1998 3889 2084 3938 est
2110 3879 2366 3948 vitanda,
2395 3885 2459 3937 ut
2504 3894 2610 3937 nec
2654 3895 2754 3952 per
2786 3878 2974 3952 ipsam
3003 3880 3276 3940 cellulam
3322 3884 3557 3957 spatiari
3589 3886 3710 3945 ina-

2000 3973 2152 4031 niter
2176 3970 2362 4029 liceat.
2397 3991 2445 4024 ».

2071 4060 2224 4121 XVI.
2257 4060 2330 4119 Ut
2356 4074 2492 4118 vero
2522 4060 2750 4121 facilius
2780 4063 2841 4120 in
2872 4062 3017 4121 cella
3056 4063 3356 4137 quiescere
3383 4077 3714 4129 assuescant

2002 4152 2263 4223 solitarii,
2295 4152 2401 4210 hoc
2436 4167 2611 4210 aureo
2648 4151 2870 4211 monito
2898 4152 3031 4212 illos
3070 4153 3414 4230 Rodulphus
3441 4158 3546 4218 loc.
3594 4160 3713 4232 eit.,

2004 4261 2130 4318 cap.
2185 4244 2273 4315 36,
2334 4244 2675 4302 confirmare
2727 4248 2970 4302 conatur
3016 4268 3028 4302 :
3090 4266 3114 4299 a
3146 4246 3446 4319 Praeterea,
3495 4249 3719 4309 studeat

2006 4335 2301 4397 solitarius
2339 4336 2400 4394 in
2437 4335 2582 4393 cella
2608 4336 2833 4408 jugem,
2877 4342 2932 4394 et
2971 4337 3309 4396 continuam
3355 4338 3717 4398 sedulitatem

2008 4425 2240 4496 habere,
2294 4432 2359 4483 ut
2402 4439 2500 4497 per
2553 4426 2797 4498 gratiam
2859 4424 2974 4496 Dei,
3035 4432 3090 4483 et
3142 4425 3541 4488 assiduitatem
3595 4445 3720 4486 ma-

1934 4511 2211 4621 Dnendi,
2261 4510 2437 4584 possit
2498 4511 2551 4569 ei
2610 4510 2887 4570 habitatio
2946 4512 3106 4573 cellas
3171 4513 3519 4574 dulcescere.
3573 4514 3720 4573 Nam

2010 4603 2162 4662 sicut
2208 4602 2470 4675 inquieto
2516 4607 2571 4659 et
2612 4601 2869 4660 instabili
2917 4604 3217 4676 monacho,
3248 4603 3429 4663 instar
3457 4605 3719 4676 carceris,

2011 4708 2183 4767 pcena
2234 4691 2508 4765 ergastuli
2567 4690 2896 4751 amictionis
2963 4695 3263 4753 materiam
3316 4702 3587 4769 praestat;
3642 4696 3721 4755 ita

2014 4782 2211 4857 quieto
2264 4788 2318 4840 et
2370 4783 2783 4855 perseveranti,
2852 4783 3155 4842 suavitatis
3205 4785 3592 4861 refrigerium,
3640 4788 3721 4846 si-

2015 4871 2263 4930 lentium
2282 4871 2676 4943 beatitudinis,
2710 4876 2985 4946 tanquam
3010 4874 3333 4948 portionem
3359 4877 3597 4936 exhibet
3629 4893 3723 4950 pas

2015 4960 2213 5020 radisi.
2248 4984 2274 5014 ››
2301 4958 2462 5029 Quod
2494 4961 2649 5019 idem
2670 4966 2989 5021 asseruerat
3019 4961 3357 5037 Damianus,
3388 4982 3583 5040 opusc.
3612 4977 3718 5029 XII,

2016 5066 2141 5125 cap.
2200 5049 2310 5108 25:
2373 5049 2556 5109 «Huc
2598 5049 2836 5120 accedit,
2869 5051 3022 5124 quod
3065 5050 3157 5124 iis,
3189 5054 3288 5126 qui
3338 5054 3516 5113 vitam
3557 5068 3722 5111 suam

2017 5139 2128 5198 sub
2183 5140 2291 5197 hac
2344 5137 2726 5197 inconstantia
2801 5140 3137 5198 mutationis
3185 5141 3491 5213 alternant,
3547 5157 3612 5199 eo
3659 5141 3727 5197 ﬁt

2022 5228 2141 5287 vita
2188 5228 2524 5286 remotionis
2567 5227 2867 5299 austerior,
2909 5245 3024 5303 quo
3067 5230 3273 5289 inclita
3305 5229 3549 5301 vagandi
3584 5245 3723 5287 con-

2020 5318 2327 5378 suetudine
2377 5318 2774 5388 retrahuntur,
2834 5319 2912 5376 ita
2972 5325 3034 5377 ut
3096 5319 3387 5377 eremitica
3444 5317 3728 5376 districtio

2018 5409 2380 5484 gravissimae
2427 5406 2775 5478 difﬁcultati,
2815 5407 2962 5466 cella
2994 5409 3115 5481 ipsa
3153 5407 3270 5465 illis
3300 5407 3564 5467 videatur
3592 5410 3730 5468 hor-

2023 5499 2158 5557 rori.
2192 5497 2558 5557 Consuetudo
2588 5496 2745 5555 enim
2790 5498 2925 5556 facit
2964 5496 3249 5555 monacho
3284 5496 3560 5557 cellulam
3597 5498 3730 5557 dul-

2020 5603 2165 5657 cem,
2220 5587 2447 5661 vagatio
2503 5585 2688 5646 videri
2743 5586 2880 5645 facit
2949 5584 3308 5645 horribilem.
3375 5586 3731 5661 Vagantibus

2021 5674 2232 5736 cellula
2260 5690 2451 5735 carcer
2471 5681 2574 5747 est,
2600 5672 3078 5748 permanentibus
3105 5688 3287 5733 suave
3316 5673 3673 5735 cubiculum.
3702 5695 3730 5728 1)

3422 5789 3457 5846 2
