4034 6496
354 372 425 440 113

1273 380 1333 439 s.
1378 366 1667 440 PETRUS
1708 376 2095 438 DAMIANUS
2134 377 2194 439 s.
2240 379 2305 438 Ρ..
2349 378 2417 437 Ε.
2458 369 2935 439 CABDINALIS.

3785 370 3860 441 44

421 503 603 563 XVII.
660 503 905 571 Rursus,
961 504 1455 577 quemadmodum
1531 502 1910 575 Romualdus,
1987 503 2453 578 exAutriusque
2501 506 2753 564 instituti
2806 505 3273 566 convenientiam
3326 507 3639 567 ostendunt
3681 515 3861 583 atque

349 595 476 668 ejus
512 593 660 659 Vita,
694 608 817 666 cap.
849 592 883 650 9
918 608 929 646 :
967 614 994 646 (ί
1025 592 1506 667 Parvipendehat,
1545 593 1593 651 si
1651 594 1786 666 quis
1813 593 1883 650 ad
1917 601 2059 650 tem-

346 698 458 756 pus
516 698 794 756 magnum
849 680 994 755 quid
1040 678 1342 754 inciperet,
1371 681 1421 738 si
1472 695 1588 738 non
1639 681 1815 739 etiam
1875 682 1935 749 in
1996 698 2062 740 eo

345 770 755 845 longanimiter
784 777 1175 843 perseveraret
1207 792 1219 826 :
1259 789 1284 821 n
1329 769 1406 826 ita
1431 769 1693 827 eamdem
1720 770 2064 828 Avellanitis

343 861 829 936 perseverantiam
883 859 1208 918 inculcabat
1285 859 1628 928 Damianus,
1688 875 1883 933 opusc.
1953 871 2060 931 XV,

347 966 470 1023 cap.
514 950 603 1020 27,
635 949 831 1006 dicens
863 968 875 1006 :
911 969 939 1001 «
974 947 1125 1005 Vitae
1170 948 1430 1017 modum,
1478 963 1655 1020 quem
1702 947 1880 1005 seme‘l
1914 947 2061 1005 arri-

344 1041 563 1115 pueris,
594 1046 1023 1115 perseveranter
1054 1045 1201 1106 tene,
1233 1044 1561 1096 constanter
1606 1053 1944 1110 exsequere,
1992 1053 2064 1094 ne

346 1133 590 1199 scenica,
639 1127 793 1201 quod
829 1127 996 1196 absit,
1046 1142 1080 1183 a
1123 1125 1423 1199 temetipso
1478 1124 1729 1183 videaris
1776 1125 2063 1199 vertigine

345 1217 683 1291 discrepare.
710 1216 1017 1275 Persevera
1040 1214 1237 1288 itaque
1260 1215 1323 1272 in
1348 1230 1414 1272 eo
1439 1214 1595 1288 quod
1624 1214 1885 1287 coeperis,
1904 1221 1959 1272 et
1982 1231 2065 1272 re-

342 1312 490 1365 ctam
514 1310 806 1364 consuetas
828 1302 961 1361 vitae
987 1302 1201 1361 lineam
1229 1311 1376 1372 tene,
1411 1318 1482 1360 ne
1511 1309 1564 1359 te
1593 1317 1808 1360 novum
1837 1318 2064 1376 semper

346 1395 582 1453 variatas
597 1393 729 1453 vitae
745 1392 1048 1450 diversitas
1062 1391 1277 1462 reddat,
1293 1392 1397 1450 sed
1412 1389 1475 1448 in
1497 1397 1708 1448 sanctae
1726 1392 2063 1450 constantiae

343 1481 721 1540 fundamento
746 1476 1009 1552 praefixae
1042 1477 1257 1550 regulae
1288 1476 1644 1535 consuetudo
1687 1477 1953 1536 stabiliat.
1993 1498 2022 1531 »

414 1569 627 1627 XVIII.
666 1568 928 1641 Denique
966 1565 1252 1641 quidquid
1304 1565 1671 1624 beatissimus
1700 1565 2061 1625 Romualdus

345 1658 615 1717 eremitas
644 1673 780 1716 suos
819 1656 891 1714 ad
919 1657 1044 1729 ejus
1073 1655 1277 1713 cellam
1311 1655 1375 1713 in
1413 1670 1605 1714 eremo
1633 1655 2062 1714 Camaldulensi

342 1749 751 1807 convenientes
782 1745 1045 1803 docuisse
1072 1745 1283 1803 dicitur
1304 1744 1376 1802 ab
1401 1742 1762 1817 Hieronymo
1785 1744 2061 1817 Pragensi

2142 593 2445 668 utriusque
2494 594 2731 653 familiae
2778 595 3241 660 constitutiones.
3288 603 3487 671 utpote
3537 597 3858 667 similibus,

2142 691 2242 741 aut
2293 698 2501 756 parum
2561 683 2806 742 diversis
2867 685 3168 757 praeceptis
3217 686 3701 760 circumscriptus,
3734 687 3861 744 imo

2146 771 2378 830 totidem
2409 770 2751 846 plerumque
2784 771 2993 844 verbis,
3024 781 3077 830 et
3105 772 3313 831 iisdem
3344 773 3611 833 formulis
3645 790 3862 831 exara-

2142 866 2246 931 tas,
2308 860 2507 918 eodem
2563 860 2811 919 dictante
2878 861 3084 934 spiritu
3160 872 3484 936 conceptas,
3542 871 3716 938 atque
3779 862 3857 920 ab

2142 947 2344 1006 eodem
2410 948 2723 1006 Romualdi
2783 951 2937 1007 fonte
2985 950 3269 1009 derivatas
3318 951 3498 1009 fuisse
3553 966 3857 1009 common-

2141 1041 2341 1093 strant.
2386 1034 2539 1093 Hinc
2573 1052 2689 1093 non
2719 1035 3011 1095 immerito
3040 1052 3237 1111 parem
3264 1037 3658 1097 auctoritatem
3690 1045 3858 1096 utra-

2141 1139 2255 1196 que
2295 1124 2494 1197 regula
2545 1126 2700 1197 apud
2752 1132 3027 1200 utrosque
3070 1127 3342 1198 obtinuit,
3394 1133 3449 1186 et
3497 1127 3660 1186 nullo
3705 1142 3860 1200 pene

2140 1211 2474 1270 discrimine
2506 1213 2629 1271 sive
2662 1229 2696 1270 a
2734 1213 3079 1286 Romuatdo,
3113 1214 3234 1272 sive
3280 1232 3314 1274 a
3360 1215 3528 1274 Petro
3569 1215 3857 1273 Damiano

2140 1307 2368 1371 statuta,
2409 1302 2719 1360 eremiticae
2753 1304 2890 1361 vitae
2933 1304 3215 1362 rationem
3261 1305 3682 1374 concernentia,
3714 1320 3854 1377 per-

2140 1389 2275 1448 inde
2324 1391 2768 1465 recipiebantur,
2798 1401 2863 1451 ut
2898 1392 3114 1451 mirum
3154 1410 3271 1453 non
3306 1393 3380 1452 sit
3416 1393 3855 1468 Hieronymum

2141 1475 2488 1552 Pragensem
2527 1480 2670 1549 loco,
2704 1497 2880 1555 quem
2928 1482 3212 1556 superiori
3252 1483 3459 1557 capite,
3492 1498 3660 1542 num.
3713 1482 3854 1553 ult.,

2139 1567 2542 1641 allegavimus,
2607 1568 2931 1628 Bomualdo
2975 1570 3318 1646 paraenesim
3367 1572 3717 1645 ascripsisse,
3775 1588 3858 1630 ex

2140 1657 2600 1716 Avellanitarum
2643 1658 2842 1731 regula
2872 1659 2943 1717 ad
2990 1659 3235 1719 verbum
3280 1675 3425 1734 pene
3461 1662 3855 1736 desumptam.

2209 1748 2284 1807 ΙΙ.
2330 1747 2483 1807 Sane
2526 1748 2679 1806 haud
2738 1749 3096 1825 frequentior
3140 1756 3227 1808 est
3272 1750 3427 1823 apud
3464 1750 3858 1824 Rodulphum

341 1837 495 1911 apud
541 1834 890 1923 Bollandum
946 1833 1018 1891 ad
1071 1833 1228 1923 diem
1282 1835 1315 1893 7
1374 1832 1701 1923 Februarii,
1759 1834 1941 1923 multa
1992 1833 2636 1923 inBCamalduleusem
2685 1837 2936 1911 priorem
2974 1854 3150 1912 quam
3186 1838 3340 1912 apud
3384 1838 3576 1912 ipsum
3613 1838 3858 1896 Damia-

344 1941 610 1985 sermone
655 1923 727 1982 de
776 1922 835 1982 S.
870 1922 1216 1991 Romualdo,
1263 1938 1387 1996 cap.
1442 1922 1501 1979 11
1541 1921 2054 1994 (quemadmodum

341 2022 397 2075 et
423 2014 555 2084 alia,
588 2029 711 2086 cap.
745 2011 779 2070 6
812 2020 869 2071 et
907 2012 940 2070 9
979 2012 1232 2084 inserta),
1264 2017 1450 2069 totum
1483 2010 1689 2083 ferme,
1719 2027 1784 2069 ac
1820 2011 2052 2083 iisdem,

339 2108 431 2166 vel
478 2102 772 2163 similibus
800 2101 1068 2161 formulis
1114 2117 1456 2175 expressum
1495 2101 1557 2160 in
1606 2102 1885 2161 Damiano
1917 2119 2055 2162 suos

338 2193 696 2254 Avellanitas
745 2191 1068 2249 instruente
1114 2190 1417 2263 reperitur,
1459 2205 1668 2264 nempe
1715 2193 1870 2266 quod
1926 2207 2050 2265 cap.

338 2286 459 2349 cit.,
500 2298 666 2342 num.
708 2281 798 2351 69,
855 2281 1067 2339 dicitur
1118 2280 1199 2339 De
1235 2280 1450 2355 quiete,
1505 2282 1754 2352 silentio,
1806 2290 1861 2339 et
1897 2283 2052 2356 jeju-

339 2375 442 2434 nio
522 2372 778 2431 eremitis
862 2371 1230 2444 necessario;
1288 2371 1525 2430 totidem
1606 2372 1798 2431 verbis
1882 2374 2055 2432 habet

334 2463 672 2531 Damianus,
710 2476 906 2534 opusc.
960 2472 1067 2531 XV,
1107 2475 1228 2533 cap.
1281 2460 1333 2517 5.
1386 2460 1548 2530 Quod
1580 2460 1801 2520 ibidem
1857 2462 2053 2521 subdit

336 2551 732 2625 Hieronymus
769 2555 865 2619 (ex
913 2565 1014 2608 ore
1065 2548 1402 2621 Romualdi)
1458 2549 1541 2607 De
1601 2552 1851 2608 vestium
1904 2566 2051 2623 pau-

335 2648 570 2716 pertate,
622 2646 678 2699 et
730 2639 949 2697 vilitate
1012 2639 1284 2710 amanda,
1338 2655 1542 2699 rursus
1597 2641 1807 2700 iisdem
1858 2641 2053 2701 verbis

331 2730 653 2790 Damianus
695 2730 949 2789 inculcat
993 2729 1100 2788 loc.
1154 2730 1276 2801 cit.,
1328 2746 1452 2803 cap.
1501 2730 1589 2789 21.
1644 2732 1807 2801 Quod
1856 2732 2054 2792 subdit

331 2819 431 2877 ille
485 2834 647 2877 num.
702 2818 791 2889 70,
848 2818 930 2875 De
984 2818 1360 2877 venientibus
1415 2835 1490 2877 ex
1537 2819 1753 2878 saeculo
1803 2820 1875 2879 ad
1926 2838 2051 2879 ere-

330 2925 538 2980 mum,
602 2908 758 2967 idem
829 2908 1151 2983 eodemque
1212 2909 1521 2969 verborum
1588 2919 1805 2983 tenore,
1855 2920 2050 2971 monet

327 2998 428 3057 hic
485 2996 710 3072 praefati
785 2995 1056 3070 opusculi
1109 3012 1232 3069 cap.
1292 2996 1382 3055 29.
1440 2997 1600 3068 Quod
1660 2999 1898 3058 demum
1948 3001 2050 3060 ille

327 3103 494 3145 num.
538 3087 627 3157 7i,
657 3086 935 3156 decernit,
972 3084 1053 3143 De
1100 3084 1214 3155 his,
1259 3085 1362 3159 qui
1410 3102 1483 3144 ex
1522 3087 1861 3147 coenobitica
1909 3106 2048 3149 con-

327 3174 652 3233 versatione
709 3174 775 3230 ad
833 3188 1097 3231 eremum
1148 3172 1447 3244 accedunt,
1505 3173 1612 3233 iste
1665 3177 1898 3250 pariter,
1943 3178 2045 3237 ubi

326 3277 500 3336 supra
528 3278 650 3335 cap.
700 3260 792 3332 30,
838 3260 1147 3333 ipsissimis
1194 3261 1435 3320 vocibus
1480 3263 1869 3339 formulisque
1911 3283 2045 3341 pro-

323 3354 507 3427 ponit,
541 3359 607 3411 ut
629 3352 865 3427 perinde
895 3352 990 3423 sit,
1014 3353 1136 3410 sive
1163 3352 1323 3424 hinc,
1352 3352 1475 3411 sive
1502 3354 1640 3412 inde
1669 3358 2043 3431 transcribas,

322 3459 455 3502 cum
489 3458 606 3501 non
649 3441 821 3501 modo
853 3458 1080 3513 sensus,
1114 3441 1211 3500 sed
1254 3441 1427 3500 verba
1468 3450 1524 3501 et
1574 3444 1715 3504 ordo
1748 3444 1873 3520 ipse
1916 3463 2046 3506 ver-

321 3531 530 3592 borum
557 3533 864 3605 utrobique
894 3530 1238 3590 immutatus
1263 3539 1542 3590 occurrat.

1005 3644 1248 3705 CAPUT
1295 3643 1366 3702 V.

1043 3746 1313 3793 SYNOPSIS
1323 3776 1335 3789 .

429 3827 928 3888 Camaldulensium
959 3831 1010 3881 et
1037 3826 1487 3880 Avellam‘tarum
1523 3826 1780 3895 afﬁnitas
1808 3828 1940 3883 aliis

846 3899 1130 3953 momentis
1181 3898 1528 3954 illustratur.

330 3987 630 4059 SYNOPsIs.
659 4017 725 4029 —-
773 3986 1090 4059 Ut_riusque
1116 3984 1225 4059 loci
1253 3984 1458 4059 regula
1490 3984 1752 4059 utrisque
1781 4000 2048 4059 commu-

402 4059 511 4115 nis.
540 4057 715 4115 Num.
752 4059 797 4129 1.
825 4055 1209 4129 Frequentior
1234 4055 1384 4129 apud
1415 4055 2047 4129 Petrum'Damianum,

400 4144 574 4195 quam
626 4128 777 4201 apud
824 4125 1199 4201 Bodulphum
1247 4125 2049 4201 priorem_t}amaldulepsem

402 4195 778 4258 S.Romualdi
795 4195 1428 4256 mentio.‘2.Auctoritas
1443 4195 1868 4255 S.Romualdia
1885 4199 2051 4256 Petro

402 4271 668 4330 Damiani
696 4286 849 4341 saepe
878 4278 1171 4341 usurpata.
1207 4266 1400 4341 3AVire
1422 4282 1586 4324 versa
1604 4267 1761 4341 Petri
1780 4269 2052 4326 Damiani

405 4343 713 4418 auctoritas
744 4338 806 4399 in
837 4338 1395 4418 Gamal'dplcnsinm.
1422 4338 1648 4418 statutis
1684 4339 1947 4418 adducta.
1995 4341 2049 4418 li.

414 4413 723 4472 Eremitica
747 4412 944 4481 regula
973 4411 1031 4470 S.
1063 4410 1212 4468 Petri
1234 4409 1499 4481 Damiani
1528 4409 1587 4481 in
1618 4425 1810 4481 eremo
1837 4410 2054 4469 Gamal-

407 4483 642 4543 dulensi
672 4483 788 4540 vim
812 4479 960 4555 legis
984 4482 1233 4540 obtinuit
1256 4496 1323 4538 ex
1353 4480 1415 4537 Β.
1440 4479 1746 4555 Bodulpho
1772 4482 2049 4555 priore.5.

436 4555 597 4626 Quod
641 4554 980 4629 ostenditur.
1023 4556 1057 4612 6
1095 4561 1149 4629 et
1198 4554 1255 4629 Ζ.
1291 4555 1336 4609 Α
1364 4552 2117 4629 vellanitarnm'congre-D

407 4623 581 4704 natio,
629 4643 705 4683 ex
741 4624 1036 4704 Ludovico
1077 4624 1325 4704 duhPtn,
1367 4623 1584 4704 species
1618 4623 2041 4704 eratejusdem

409 4699 781 4757 eremitarum
810 4696 1041 4765 generis
1076 4714 1111 4752 a
1155 4694 1482 4754 Romualdo
1515 4694 1787 4752 instituti.
1811 4694 1873 4753 Β.
1933 4696 2044 4753 Ea-

413 4771 543 4827 dem
581 4767 909 4841 Romualdi,
953 4784 1089 4841 quae
1135 4765 1591 4841 I‘etri_Dami_ani
1635 4766 1940 4841 institutio,
1970 4784 2046 4825 ex

418 4840 709 4899 Ludovico
752 4836 1153 4898 'Fltomassino.
1195 4838 1249 4894 9.
1292 4836 1419 4909 Ipse
1469 4836 1671 4895 Petrus
1732 4836 2049 4897 Damianus

416 4911 697 4985 ejusmodi
747 4911 1083 4985 afﬁnitatem
1120 4908 1376 4985 testatur.
1411 4909 1494 4985 10.
1519 4908 1800 4985 Hospitii,
1849 4916 1902 4967 et
1934 4913 2051 4985 suf-

418 4980 733 5051 fragiorum
766 4983 1099 5039 communio
1123 4981 1274 5038 inter
1300 4980 1771 5051 Gamatdulenses
1803 4994 1858 5039 et
1887 4982 2053 5038 Avel-

422 5049 630 5114 lanitas
658 5053 1061 5110 vetustissimis
1093 5049 1447 5123 temporibus
1489 5051 1650 5108 inita.
1694 5052 2051 5123 ill.rAvella-

420 5130 675 5185 nitarum
722 5123 950 5181 habitus
983 5126 1169 5181 colore
1201 5122 1255 5179 et
1294 5124 1478 5179 forma
1516 5122 2052 5180 Camaldulensium

422 5198 679 5255 vestibus
716 5194 1073 5266 simillimus.
1124 5192 1220 5266 ιὲζ
1247 5192 1715 5266 lidemcingulo,
1749 5200 1813 5266 ut
1850 5192 2052 5266 nostri.

422 5270 752 5326 utebantur.
783 5265 900 5323 ibid
957 5265 1156 5323 Petrus
1189 5263 1450 5337 Damiani
1481 5263 1907 5337 potioriadhuc
1925 5265 2057 5337 jure

465 5355 597 5396 nam
652 5337 844 5397 caeteri
889 5337 1252 5405 Avellanitaa,
1290 5337 1363 5392 ad
1412 5335 2055 5393 Ca’maldulensem‘or-

469 5414 620 5468 inem
653 5417 907 5483 spectare
930 5407 1269 5466 ostenditur.
1308 5406 1393 5464 13.

426 5507 474 5565 Ι.
530 5506 671 5576 Quae
724 5507 955 5564 duobus
1014 5502 1468 5578 praecedentibus
1516 5502 1800 5575 capitibus
1843 5503 2059 5561 cursim

2139 1943 2286 1986 num
2315 1927 2625 1986 Romualdi
2664 1926 2903 1997 mentio,
2935 1928 3007 1986 ad
3037 1928 3487 1986 consuetudines
3524 1926 3859 1986 eremiticas

2138 2018 2265 2091 ejus
2310 2016 2644 2075 auctoritate
2680 2016 2996 2075 firmandus
3040 2037 3052 2075 :
3090 2018 3359 2091 inprimis
3398 2018 3555 2075 enim
3607 2018 3858 2091 privatae

2137 2104 2474 2178 psalmodiaa
2505 2120 2704 2173 usum,
2731 2114 2796 2162 ut
2825 2120 2949 2178 cap.
2976 2105 3218 2178 praaced.
3246 2121 3413 2165 num.
3446 2104 3532 2174 10,
3567 2104 3852 2176 vidimus,

2139 2209 2215 2250 ex
2280 2192 2340 2252 S.
2398 2192 2709 2251 Romualdi
2800 2194 3163 2253 institutione
3218 2193 3441 2253 derivat
3527 2192 3859 2251 Damianus

2137 2298 2334 2356 opusc.
2352 2295 2460 2341 XIV
2483 2307 2495 2340 :
2533 2307 2554 2333 «-
2576 2283 2935 2354 Psalterium,
2954 2284 3108 2358 quod
3130 2288 3214 2343 est
3242 2283 3535 2353 vivorum,
3564 2298 3699 2341 cum
3721 2282 3856 2341 illis

2136 2369 2348 2429 dicitur
2376 2369 2781 2430 additamentis
2818 2387 2950 2446 qua:
2993 2370 3058 2429 B.
3086 2369 3449 2430 Romualdus
3472 2371 3782 2445 apposuit;
3818 2391 3851 2424 »

2136 2464 2191 2516 et
2228 2458 2440 2516 iterum
2471 2474 2666 2532 opusc.
2700 2472 2807 2532 xv,
2850 2477 2972 2534 cap.
3005 2461 3038 2519 9
3072 2480 3084 2518 :
3123 2487 3143 2511 ι
3183 2460 3552 2532 Psalterium,
3580 2460 3732 2533 quod
3764 2468 3859 2519 est

2136 2549 2406 2609 vivorum
2444 2566 2580 2610 cum
2629 2551 2749 2609 illis
2778 2550 2992 2609 dicitur
3016 2551 3446 2623 additamentis,
3487 2549 3699 2626 quaeB.
3728 2550 3855 2609 Ro-

2136 2637 2408 2697 mualdus
2453 2640 2709 2713 apponit,
2744 2662 2765 2691 »
2817 2655 2952 2714 quae
3004 2647 3157 2698 tanta
3207 2638 3606 2697 sollicitudine
3644 2637 3855 2697 obser-

2136 2726 2324 2785 vanda
2352 2743 2475 2786 esse
2503 2734 2661 2786 notat
2689 2734 2754 2788 ut
2792 2728 2945 2787 inter
2980 2745 3096 2799 eas,
3128 2744 3261 2803 quae
3286 2729 3545 2787 maxime
3575 2728 3857 2787 omnium

2134 2815 2410 2881 intererit,
2445 2822 2511 2875 ut
2539 2817 2834 2876 addiscaut
2863 2817 3091 2887 novitii,
3116 2825 3519 2890 connumeret,
3544 2818 3618 2876 iis
3650 2818 3855 2877 verbis

2134 2904 2328 2964 statim
2360 2904 2848 2980 subsequentibus
2881 2927 2893 2966 :
2953 2931 2978 2958 α
3009 2907 3150 2976 Quae
3181 2907 3355 2966 etiam
3400 2924 3507 2967 nos
3539 2923 3655 2966 non
3707 2924 3855 2981 gra-

2134 3011 2341 3053 vemur
2388 2995 2661 3065 inserere,
2700 3011 2773 3053 ne
2805 3011 2911 3053 nos
2956 3003 3345 3069 conqueratur
3374 2997 3519 3054 forte
3556 2995 3854 3069 novitius,

2133 3098 2266 3155 quae
2321 3082 2433 3141 sibi
2473 3098 2819 3158 magnopere
2858 3084 3149 3142 noscenda
3190 3090 3348 3155 sunt,
3406 3084 3778 3158 praeteriisse.
3817 3106 3851 3139 ››

2134 3170 2250 3230 Nec
2287 3172 2531 3231 minoris
2573 3173 2851 3233 momenti
2901 3188 3042 3238 esse,
3078 3171 3149 3229 ad
3186 3173 3559 3232 eremitarum
3599 3188 3854 3233 suorum

2130 3259 2590 3333 instructionem,
2622 3261 2899 3336 quaelibet
2937 3260 3247 3320 Romualdi
3279 3263 3522 3332 monita,
3550 3262 3850 3335 exempla,

2127 3349 2389 3422 consilia,
2420 3352 2558 3409 satis
2582 3350 2817 3421 indicat,
2846 3349 2987 3408 dum
3016 3351 3277 3424 ejusdem
3299 3351 3567 3423 opusculi
3598 3367 3721 3424 cap.
3752 3350 3850 3423 16,

2127 3439 2199 3497 ad
2228 3439 2633 3498 discretionem
2665 3443 2727 3497 in
2756 3439 3108 3498 moderanda
3140 3439 3505 3498 subditorum
3535 3440 3656 3498 vita
3687 3456 3854 3513 prae-

2127 3527 2259 3585 latis
2308 3527 2745 3602 injungendam,
2777 3527 2843 3587 B.
2883 3527 3200 3587 Romualdi
3245 3528 3561 3588 sententias
3603 3530 3667 3587 in
3717 3544 3852 3588 me-

2127 3616 2293 3676 dium
2332 3616 2618 3690 producit,
2647 3632 2821 3691 seque
2865 3616 2985 3675 illis
3021 3617 3319 3677 adhaerere
3352 3619 3581 3678 fatetur.
3625 3642 3647 3669 ι
3693 3618 3850 3678 Nos-

2127 3706 2532 3787 approbemus,
2584 3707 2682 3777 ait,
2727 3706 2882 3780 quod
2923 3708 3044 3767 suis
3086 3724 3236 3782 saepe
3288 3708 3590 3782 discipulis
3626 3706 3695 3766 B.
3733 3707 3861 3768 Bo-

2127 3798 2401 3857 mualdus
2441 3797 2659 3857 dixisse
2710 3798 3055 3872 perhibetur
3100 3823 3112 3857 :
3172 3799 3571 3870 «Dummodo,
3626 3798 3852 3872 inquit,

2128 3890 2304 3947 frater
2359 3889 2605 3962 quilibet
2644 3886 2866 3947 cellam
2925 3905 3043 3947 non
3101 3889 3353 3961 deserat,
3413 3888 3588 3947 etiam
3638 3903 3856 3947 carnes

2127 3980 2495 4053 permittatur
2542 3995 2617 4038 ex
2659 3980 3002 4039 discretione
3044 3982 3365 4052 comedere,
3395 3981 3443 4037 si
3487 3986 3602 4037 tam
3648 3978 3849 4036 inevi-

2130 4069 2324 4127 tabilis
2361 4068 2624 4127 videatur
2669 4070 2977 4127 necessitas
3014 4068 3340 4127 imminere.
3377 4087 3403 4121 »
3439 4067 3700 4127 Addebat
3744 4067 3849 4125 in-

2129 4172 2302 4231 super
2333 4181 2345 4214 :
2403 4179 2431 4211 «
2462 4156 2601 4215 Tale
2644 4157 2802 4215 enim
2862 4155 3278 4230 propemodum
3308 4161 3394 4213 est
3431 4155 3502 4214 de
3544 4169 3737 4213 eremo
3765 4155 3849 4212 ad

2133 4244 2547 4303 monasterium
2595 4244 2823 4314 reverti,
2868 4243 3039 4318 quale
3080 4244 3151 4302 de
3196 4241 3593 4303 monasteriali
3635 4242 3853 4302 ordine

2130 4337 2203 4393 ad
2234 4334 2515 4393 saeculum
2543 4335 2840 4409 asportari.
2874 4357 2894 4386 ι
2924 4334 2993 4392 Et
3017 4334 3188 4408 paulo
3213 4342 3338 4407 post
3369 4333 3564 4393 subdit
3594 4354 3658 4391 :«
3690 4332 3852 4392 Nam

2131 4431 2197 4483 ut
2223 4422 2378 4482 idem
2416 4423 2480 4482 B.
2516 4422 2899 4494 Romualdus,
2932 4431 2996 4481 ut
3023 4422 3116 4481 sui
3155 4429 3584 4483 consueverunt
3628 4422 3857 4481 referre

2134 4511 2423 4585 discipuli,
2451 4512 2533 4570 sic
2559 4511 2748 4569 aestivi
2778 4511 3048 4583 temporis
3078 4510 3469 4569 hebdomadas
3499 4509 3853 4582 alternabat,

2135 4608 2191 4659 et
2232 4616 2410 4659 unam
2438 4601 2677 4675 quidem
2709 4618 2744 4659 a
2775 4600 3078 4659 Dominica
3111 4600 3173 4658 in
3206 4600 3569 4659 Dominicam
3600 4599 3659 4658 in
3694 4616 3859 4674 pane

2132 4700 2197 4749 ut
2243 4706 2393 4765 aqua
2426 4689 2747 4764 jejunando
2794 4690 3148 4762 transigeret,
3182 4690 3420 4749 alterius
3450 4705 3587 4749 vero
3613 4689 3851 4749 hebdo-

2134 4781 2320 4839 madae
2350 4781 2718 4854 pulmentum
2746 4780 2948 4854 quinta
2978 4779 3121 4837 feria
3155 4778 3541 4839 manducaret.
3579 4802 3599 4832 υ

2206 4880 2311 4939 ΙΙΙ.
2369 4879 2652 4939 Similiter
2711 4880 2867 4938 idem
2920 4878 3240 4936 Damianus
3291 4886 3429 4938 tom.
3492 4878 3539 4951 Ι,
3596 4877 3697 4935 lib.
3755 4888 3854 4952 VI,

2136 4971 2303 5044 epist.
2357 4970 2448 5041 26,
2501 4978 2567 5029 ut
2615 4968 2958 5028 modestiam
3008 4969 3072 5027 in
3130 4969 3481 5028 feminarum
3537 4967 3862 5042 colloquiis

2138 5060 2363 5119 Marino
2392 5063 2670 5119 monacho
2699 5058 2944 5133 patrueli
2970 5076 3075 5119 suo
3102 5061 3483 5129 commendet,
3504 5059 3859 5132 exemplum

2137 5149 2200 5207 B.
2229 5149 2561 5220 Romualdi,
2592 5148 3059 5224 quidiscipulum
3092 5151 3292 5208 nimiae
3321 5148 3670 5207 curiositatis
3702 5164 3863 5220 pru-

2140 5238 2340 5296 denter
2366 5238 2680 5311 redarguit,
2719 5236 2807 5295 illi
2837 5239 2910 5296 ob
2946 5239 3141 5297 oculos
3174 5237 3355 5310 ponit,
3391 5252 3456 5294 ac
3494 5236 3665 5308 paulo
3696 5245 3862 5311 post,

2143 5336 2207 5386 ut
2259 5328 2331 5385 ad
2393 5327 2759 5385 sobrietatem
2813 5327 3178 5393 servandam.
3241 5333 3297 5382 et
3350 5322 3699 5398 hypocrisim
3754 5325 3863 5384 fu-

2141 5416 2413 5489 giendam
2457 5415 2726 5473 eumdem
2773 5416 3003 5481 excitet,
3070 5412 3269 5470 subdit
3321 5436 3332 5470 :
3395 5432 3422 5465 ‹‹
3452 5411 3569 5469 Nec
3619 5411 3868 5486 ineptus

2143 5504 2392 5578 applices
2423 5526 2442 5554 υ
2495 5505 2599 5562 hoc
2640 5513 2724 5562 est
2778 5520 2896 5562 non
2923 5503 3101 5560 otiose
3142 5501 3368 5571 audias,
3400 5501 3501 5559 sed
3540 5501 3720 5558 serior
3765 5501 3872 5561 in-

354 5595 602 5655 delibata
631 5600 769 5652 sunt
796 5597 945 5652 circa
969 5602 1293 5652 nostrorum
1327 5591 1861 5648 Camaldulensrum
1891 5600 2061 5665 atque
2148 5594 2347 5653 teudas
2398 5617 2424 5648 «
2457 5596 2609 5669 quod
2654 5612 2808 5670 saepe
2854 5594 2976 5652 suis
3007 5591 3307 5664 discipulis
3338 5593 3429 5650 vir
3456 5590 3690 5650 Domini
3728 5590 3865 5651 Ro-

358 5685 818 5746 Avellanitarum
890 5695 1149 5743 veterum
1222 5682 1455 5740 vivendi
1526 5697 1765 5751 morem,
1828 5683 2064 5742 abunde
2148 5683 2416 5743 mualdus
2460 5683 2649 5742 aiebat
2701 5703 2715 5742 :
2759 5682 3007 5754 Fratres,
3046 5678 3259 5754 inquit,
3298 5695 3436 5741 cum
3476 5680 3538 5738 in
3574 5693 3869 5752 quorum-
