4034 6458
165 298 237 362 45

1059 298 1636 361 PROLEGOMENA.
1677 331 1746 344 —
1783 291 1885 358 DE
1920 291 2325 361 INSTITUTO
2361 296 2795 361 CAMALDUL.
3615 308 3685 368 46

166 431 309 490 libet
360 436 655 489 conventu
708 426 963 500 reﬁcitis,
998 427 1236 487 intentis
1278 428 1352 486 ad
1399 428 1598 487 cibum
1645 426 1886 497 caeteris,
1913 426 2189 490 Adueare
2234 425 2304 483 ad
2349 441 2632 498 mensam,
2661 416 2818 500 'quia
2865 440 3165 500 nunquam
3224 442 3347 486 mos
3402 431 3497 487 hic
3547 431 3679 504 fuit,

165 521 229 579 in
264 520 394 594 ipso
425 520 751 579 refectionis
778 520 948 578 initio
978 518 1189 592 parcite
1218 536 1233 590 ;
1267 526 1481 578 etcum
1505 520 1627 592 jam
1666 519 1785 578 illis
1819 537 1893 578 ex

166 618 334 683 parte
377 609 736 667 satisfactum
793 608 989 680 fuerit,
1030 623 1133 666 vos
1182 607 1468 680 inchoata,
1506 615 1792 684 quatenus
1840 614 1896 667 et

168 699 503 774 hypocrisis
536 705 734 758 notam
774 698 1002 772 possitis
1037 699 1301 763 evadere,
1340 705 1395 755 et
1441 697 1761 756 sobrietatis
1801 716 1892 758 re-

168 791 378 862 gulam
428 790 553 847 sine
599 788 918 846 offensione
968 803 1217 846 servare.
1252 808 1280 839 »
1312 787 1383 845 Et
1414 788 1618 846 eodem
1674 787 1775 845 lib.
1809 800 1893 860 Vt,

172 882 344 955 epist.
379 879 467 951 30,
501 880 573 939 ad
602 880 974 939 Theuzonem
1004 877 1322 949 eremitam,
1352 886 1546 937 narrat
1575 878 1897 937 rationibus

174 970 446 1044 sepositis
478 969 550 1028 ad
578 970 978 1028 auctoritatem
1010 966 1068 1026 S.
1104 965 1413 1025 Romualdi
1453 983 1513 1024 se
1549 966 1893 1039 confugisse,

174 1068 238 1119 ut
298 1061 594 1118 intentum
648 1059 984 1117 evinceret:
1033 1081 1061 1108 κ
1091 1055 1372 1127 Tandem,
1406 1056 1614 1129 inquit,
1643 1072 1781 1115 cum
1831 1056 1895 1114 in

175 1154 337 1207 arcto
393 1148 595 1222 positi,
646 1145 1059 1220 multiplicium
1109 1146 1498 1221 objectionum
1548 1146 1897 1205 vallaremur

175 1236 486 1310 angustiis,
514 1236 618 1295 ubi
665 1235 1041 1295 ratiocinandi
1081 1235 1241 1308 copia
1269 1242 1570 1309 suppetere
1602 1234 1791 1304 desiit,
1824 1232 1897 1291 ad

178 1332 517 1384 sanctorum
555 1341 698 1384 mox
738 1325 1005 1399 exempla
1032 1323 1422 1397 confugimus,
1453 1329 1517 1381 ut
1545 1321 1665 1379 illis
1692 1321 1892 1380 saltem

177 1414 325 1472 ﬁdes
373 1414 687 1484 habeatur,
717 1429 969 1487 quorum
1018 1412 1325 1471 auctoritas
1374 1413 1446 1470 ad
1497 1410 1896 1486 probationem

177 1506 584 1579 cujuscunque
611 1505 825 1580 negotii
847 1505 1247 1564 incunctanter
1265 1503 1608 1562 admittitur.
1633 1501 1897 1575 Cumque

179 1606 359 1663 super
411 1591 662 1665 quodam
710 1589 1134 1664 disceptationis
1170 1589 1412 1649 articulo
1443 1589 1504 1648 S.
1533 1589 1896 1651 Romualdus

182 1678 245 1736 in
279 1679 680 1737 testimonium
706 1678 1031 1749 duceretur,
1068 1701 1088 1730 ι
1123 1685 1230 1737 etc.

1975 515 2069 574 vel
2098 521 2320 587 caetera,
2348 532 2482 592 qua}
2508 518 2682 590 hujus
2715 516 2893 575 eremi
2923 517 3126 574 usibus
3162 516 3434 576 videntur
3456 528 3683 579 contra-

1974 603 2082 675 ria,
2109 620 2289 679 eaque
2323 604 2574 662 breviter
2605 604 3015 677 descripsimus
3044 604 3103 662 in
3137 606 3242 664 hac
3274 606 3506 680 pagina,
3537 624 3688 682 prae-

1977 692 2386 763 termittantur,
2409 693 2705 766 quoniam,
2737 700 2803 751 ut
2828 693 2938 766 ipsi
2967 692 3195 764 videtis,
3228 697 3520 768 praecipua
3545 704 3687 755 sunt

1975 782 2121 854 haec,
2160 772 2215 841 et
2263 784 2503 841 arctiora
2524 803 2542 855 ;
2576 790 2750 857 atque
2786 782 2846 841 in
2888 784 2993 841 hac
3039 799 3232 842 eremo
3267 786 3538 859 primitus
3577 789 3681 847 ob-

1976 879 2199 930 servata
2237 887 2409 944 quam
2442 871 2565 945 ipsa
2594 871 2815 945 Regula
2852 872 3032 929 fuisse
3064 871 3364 947 descripta.
3401 874 3510 933 Sed
3542 876 3683 934 reli-

1975 976 2090 1036 qua
2139 961 2357 1032 omnia,
2388 976 2520 1036 quae
2568 961 2747 1033 hujus
2795 959 2969 1018 eremi
3014 961 3218 1020 usibus
3254 964 3677 1037 convenientia,

1976 1055 2032 1108 et
2059 1050 2295 1121 similia,
2321 1056 2377 1107 et
2410 1046 2657 1123 qualiter
2700 1049 2862 1107 docet
2889 1064 2995 1107 nos
3023 1050 3084 1107 in
3127 1050 3355 1121 cellula,
3386 1060 3441 1110 et
3468 1053 3682 1113 deforis

1974 1154 2333 1213 permanere,
2359 1155 2465 1198 nec
2491 1154 2608 1197 non
2637 1138 2799 1196 intus
2830 1139 3112 1208 resistere,
3138 1146 3195 1198 et
3224 1142 3464 1200 virtutes
3491 1145 3685 1217 acqui-

1976 1244 2120 1298 rere,
2148 1234 2205 1285 et
2259 1227 2662 1286 discretionem
2707 1227 2771 1284 in
2819 1226 3093 1285 omnibus
3139 1244 3367 1303 semper
3413 1230 3679 1303 retinere,

1977 1315 2253 1374 debemus
2301 1316 2533 1390 jugiter,
2587 1314 2811 1373 Christo
2862 1315 3192 1389 adjuvante,
3243 1317 3566 1389 observare,
3625 1328 3681 1379 et

1976 1420 2280 1480 nunquam
2347 1404 2405 1464 S.
2462 1404 2772 1464 Romualdi
2831 1411 2889 1462 et
2945 1410 3285 1464 caeterorum
3350 1415 3681 1468 nostrorum

1975 1503 2400 1554 antecessorum
2430 1495 2591 1568 pium
2618 1509 2793 1552 usum
2822 1493 3243 1569 derelinquere.
3278 1522 3304 1546 ››

2047 1582 2145 1641 VI.
2180 1582 2494 1641 Enimvero
2540 1582 2690 1653 hanc
2742 1602 2769 1635 α
2825 1583 3179 1641 eremiticam
3219 1585 3500 1659 regulam,
3534 1607 3564 1640 »
3609 1588 3681 1647 de

1976 1688 2092 1747 qua
2117 1671 2463 1745 Rodulpbus
2502 1669 2779 1744 loquitur,
2809 1669 2984 1728 aliam
3022 1687 3145 1730 esse
3175 1687 3292 1731 non
3317 1689 3501 1747 posse,
3528 1691 3677 1749 prae-

253 1766 357 1825 IV.
395 1766 663 1826 Vicissim
719 1783 854 1826 vero
898 1767 1164 1826 Damiani
1207 1769 1516 1827 auctoritas
1551 1768 1613 1827 in
1660 1766 1953 1848 Camal-B
1979 1768 2064 1821 ter
2116 1762 2275 1820 illam
2308 1761 2462 1821 Petri
2498 1761 2786 1832 Damiani,
2819 1764 2994 1835 quam
3036 1762 3252 1822 Paulus
3312 1764 3681 1827 Justinianus

182 1856 524 1915 dulensium
567 1856 797 1915 statutis
839 1857 1054 1930 saepius
1090 1855 1412 1916 invocatur.
1447 1856 1543 1917 Sic
1578 1858 1642 1915 in
1681 1856 1894 1915 consti-

183 1946 431 2015 tutione,
464 1961 643 2019 quam
685 1945 953 2005 Placidus
1004 1947 1183 2005 eremi
1223 1947 1682 2007 Gamaldulensis
1718 1947 1895 2020 prior,

186 2044 248 2094 et
296 2035 583 2094 Martinus
640 2036 902 2110 ejusdem
963 2037 1143 2095 eremi
1197 2037 1479 2110 provisor,
1533 2036 1707 2094 unico
1771 2042 1897 2109 post

186 2124 254 2183 B.
286 2122 668 2198 Rodulphum
706 2126 938 2196 saeculo,
969 2125 1434 2200 promulgarunt,
1474 2124 1689 2183 silentii
1719 2123 1898 2182 disci-

184 2214 371 2289 plina,
402 2213 645 2287 ejusque
674 2214 977 2273 necessitas
1006 2216 1346 2273 conlirmata
1367 2214 1599 2288 legitur,
1625 2213 1786 2288 quia,
1814 2212 1901 2271 in-

184 2302 423 2375 quiunt,
455 2325 478 2350 -
512 2299 714 2360 Petrus
742 2301 1059 2360 Damianus
1081 2301 1162 2359 ait
1191 2326 1204 2358 :
1235 2301 1506 2361 Eremitae
1537 2300 1793 2360 ofﬁcium
1816 2306 1902 2359 est

180 2388 410 2461 jejunio
458 2387 806 2464 silentioque
855 2389 1172 2465 quiescere.
1209 2411 1236 2444 »
1268 2391 1339 2449 Et
1382 2391 1445 2448 in
1482 2390 1776 2449 eremitica
1809 2405 1900 2447 re-

184 2477 345 2551 gula,
372 2492 550 2551 quam
588 2477 802 2537 Paulus
836 2479 1204 2538 Justinianus
1241 2478 1439 2550 edidit,
1485 2485 1605 2538 tum
1641 2495 1763 2553 cap.
1809 2479 1898 2548 47,

186 2563 382 2622 verbis
404 2564 527 2638 jam
552 2564 782 2624 dissert.
810 2567 857 2636 1,
882 2582 1005 2641 cap.
1032 2566 1086 2638 4,
1115 2582 1280 2625 num.
1314 2566 1399 2637 14,
1423 2566 1709 2637 adductis,
1741 2587 1762 2616 ι
1792 2565 1900 2624 Pe-

188 2654 260 2712 tri
288 2654 571 2713 Damiani.
592 2676 620 2708 »
648 2655 955 2719 auctoritas
990 2656 1141 2714 circa
1180 2655 1548 2729 disciplinam
1590 2655 1906 2728 suscipien-

192 2743 407 2803 dorum
433 2744 804 2803 saacularium
832 2744 891 2802 in
923 2760 1117 2803 eremo
1168 2744 1547 2818 proponitur;
1592 2752 1713 2803 tum
1764 2743 1906 2801 alibi

1978 1857 2105 1925 post
2148 1850 2585 1909 constitutiones
2626 1866 2762 1908 suas
2799 1850 3083 1909 edendam
3120 1853 3363 1925 censuit,
3395 1854 3686 1928 colligitur

1980 1940 2189 2014 primo,
2222 1939 2363 2013 quia
2399 1939 2501 1996 illa
2538 1938 2660 2013 ipsa
2691 1945 2795 2011 est,
2826 1954 2958 2012 quae
3001 1961 3026 1994 σ
3068 1940 3139 1998 de
3176 1941 3439 2002 lancibus
3476 1945 3689 2005 haben-

1981 2030 2071 2090 dis
2100 2032 2162 2089 in
2192 2030 2332 2090 cella
2361 2030 2434 2088 ad
2471 2030 2636 2103 panis
2674 2045 3010 2088 mensuram
3044 2030 3493 2105 ponderandam,
3535 2058 3556 2086 »
3600 2037 3683 2097 Ιο-

1981 2121 2183 2195 quitur
2240 2135 2436 2194 opusc.
2495 2132 2602 2190 XV,
2659 2135 2780 2192 cap.
2828 2116 2885 2190 8,
2925 2121 3094 2193 cujus
3138 2125 3366 2179 textum
3418 2126 3688 2199 superius

1981 2210 2337 2269 adduximus
2363 2224 2485 2283 cap.
2515 2210 2567 2280 3,
2597 2223 2764 2267 num.
2793 2206 2878 2265 14.
2909 2207 3071 2268 Idem
3094 2207 3386 2281 colligitur
3412 2215 3684 2287 secundo,

1985 2315 2058 2358 ex
2086 2314 2201 2372 quo
2226 2298 2328 2356 illa
2355 2298 2479 2372 ipsa
2508 2298 2603 2371 sit,
2630 2312 2763 2371 quae
2793 2318 2822 2351 (ι
2855 2294 3085 2356 Sabbati
3112 2298 3427 2372 jejunium,
3464 2324 3485 2353 ι»
3522 2313 3689 2365 extra

1986 2388 2485 2460 Quadragesimas,
2533 2403 2758 2461 semper
2810 2393 2926 2446 tam
2977 2394 3196 2461 testate,
3251 2406 3427 2465 quam
3475 2393 3686 2462 hieme,

1984 2484 2217 2552 propter
2250 2477 2571 2536 imbecilles
2607 2476 2988 2535 relaxandum
3026 2476 3310 2552 indulget,
3338 2496 3404 2538 ac
3444 2480 3693 2557 simplici

1988 2566 2285 2625 refectioni
2314 2581 2450 2625 cum
2480 2566 2802 2640 pulmento,
2834 2573 2891 2625 et
2922 2567 3056 2625 vino
3085 2568 3505 2643 deputandum,
3535 2575 3692 2647 quod

1986 2654 2175 2726 ipsum
2217 2650 2464 2726 intelligi
2495 2653 2679 2711 voluit
2706 2652 3049 2725 Bodulpbus
3082 2669 3148 2711 ea
3192 2655 3481 2716 formula:
3531 2682 3557 2709 α
3612 2661 3695 2719 De

1989 2743 2083 2800 die
2119 2741 2352 2801 Sabbati
2387 2740 2735 2799 manducare
2775 2741 2848 2798 ad
2882 2756 3184 2813 mensam;
3220 2764 3248 2796 »
3287 2744 3367 2801 ait
3422 2747 3579 2805 enim
3633 2749 3693 2806 in

192 2834 431 2909 passim,
492 2840 554 2893 ut
610 2833 762 2892 circa
814 2834 1026 2908 prioris
1086 2834 1267 2892 eremi
1322 2834 1625 2908 qualitates
1678 2834 1907 2908 aliaque
1989 2835 2216 2892 constit.
2243 2833 2384 2891 anni
2428 2831 2581 2903 1080,
2614 2848 2737 2906 cap.
2769 2831 2838 2890 ‘20
2871 2842 2893 2890 ε’
2922 2853 2948 2885 ‹‹
2980 2833 3070 2890 Ad
3102 2848 3357 2893 mensam
3393 2852 3528 2897 vero
3565 2855 3695 2898 om-

194 2923 404 2991 multa,
434 2922 508 2980 ad
533 2922 788 2995 ejusdem
820 2944 847 2977 «
877 2922 1031 2981 Petri
1056 2922 1325 2981 Damiani
1360 2947 1381 2975 ι
1417 2923 1740 2981 sanctiones
1774 2939 1907 2995 pro-
1990 2922 2165 2980 nibus
2211 2921 2416 2980 diebus
2470 2921 2723 2994 gemina:
2769 2922 3121 2994 rcfectionis,
3171 2930 3272 2981 aut
3326 2925 3631 2999 simplicis,
3666 2949 3694 2983 »

196 3018 459 3080 vocatur,
490 3026 626 3070 cum
681 3012 918 3085 insuper
969 3034 996 3066 «
1035 3012 1389 3071 eremiticam
1442 3010 1703 3085 regulam
1756 3011 1907 3070 Petri
1992 3011 2277 3070 nimirum
2332 3026 2448 3069 non
2498 3009 2732 3085 perfecti
2793 3037 2818 3062 η
2866 3010 3079 3085 jejunii
3139 3014 3527 3073 communiter
3562 3018 3699 3075 reﬁ-

196 3101 471 3160 Damiani
523 3122 550 3153 ι›
606 3116 681 3159 ex
724 3103 947 3175 integro
1003 3102 1192 3174 edere,
1225 3109 1279 3160 et
1329 3104 1547 3174 regulae
1599 3099 2155 3199 eremiticaacciunt
2209 3100 2458 3170 fratres;
2499 3122 2521 3149 ι
2574 3114 2710 3156 nam
2761 3098 2966 3157 diebus
3014 3099 3382 3161 abstinentia)
3436 3106 3603 3177 panis
3647 3115 3704 3167 et

200 3188 258 3249 S.
292 3189 610 3249 Romualdi
646 3188 822 3248 simul
853 3189 1222 3263 conjungere,
1253 3190 1572 3263 eodemque
1609 3190 1909 3265 complecti
1935 3188 2162 3265 “aqua:
2220 3189 2438 3263 singuli
2477 3188 2538 3247 in
2578 3188 2739 3246 cellis
2792 3189 2935 3260 suis,
2972 3209 2999 3242 ‹‹
3033 3190 3208 3249 nudis
3245 3192 3491 3265 pedibus
3528 3212 3702 3271 super

196 3280 525 3350 volumine,
558 3279 710 3338 idem
738 3278 1105 3338 Justinianus
1138 3294 1256 3337 non
1288 3278 1657 3349 dubitaverit,
1687 3280 1909 3339 caeteris
1995 3277 2344 3351 pavimemto
2393 3276 2655 3333 sedentes
2702 3276 3036 3350 librumque
3081 3294 3259 3337 sacra:
3298 3280 3560 3341 lectionis
3608 3286 3705 3342 in-

195 3367 333 3425 licet
398 3365 947 3424 Camaldulensibus
1008 3364 1517 3427 constitutionibus
1590 3365 1906 3439 Rodulphi,
1995 3370 2301 3435 tuentes,»
2338 3363 2763 3433 reﬁciebantur,
2798 3371 2863 3423 ut
2914 3365 3131 3424 ibidem
3185 3366 3528 3443 llodulpbus
3585 3374 3704 3445 ait;

196 3454 439 3525 Placidi,
473 3453 778 3526 Gherardi,
807 3454 1040 3526 Martini
1092 3455 1331 3513 omnino
1366 3453 1714 3528 postpositis,
1743 3457 1910 3527 quasi
1992 3454 2072 3513 ait
2123 3453 2282 3511 enim
2339 3454 2656 3512 Damianus
2704 3453 2854 3511 dicto
2903 3456 3182 3529 opusculo
3241 3470 3348 3529 xv,
3405 3475 3530 3532 cap.
3592 3462 3702 3521 15:

193 3543 486 3602 nimirum
503 3541 871 3616 intelligeret,
895 3543 958 3601 in
977 3543 1113 3601 solis
1130 3542 1282 3601 Petri
1305 3541 1574 3601 Damiani
1601 3542 1906 3614 institutis,
1997 3565 2024 3597 α
2059 3542 2358 3601 Credimus
2398 3557 2881 3617 unumquemque
2921 3545 3151 3603 fratrem
3190 3545 3253 3603 in
3286 3547 3499 3606 cellula
3549 3565 3710 3609 com-

192 3632 488 3709 quidquid
534 3632 594 3691 in
646 3632 911 3691 omnium
956 3632 1063 3691 PP.
1111 3641 1438 3692 nostrorum
1513 3632 1908 3692 sanctionibus
1994 3639 2335 3704 morantem,
2365 3632 2478 3691 nisi
2508 3635 2750 3692 omnino
2796 3642 3047 3707 aegrotus
3094 3635 3186 3707 sit,
3233 3637 3312 3694 ita
3361 3645 3426 3696 ut
3476 3639 3712 3700 decum-

192 3723 546 3791 continetur,
576 3728 849 3797 tanquam
877 3721 941 3780 in
966 3736 1074 3780 suo
1104 3721 1281 3793 fonte,
1320 3722 1557 3793 melius,
1587 3729 1642 3780 et
1670 3722 1909 3781 uberius
1993 3721 2091 3779 bat
2142 3721 2379 3796 quidem
2444 3720 2507 3778 in
2566 3720 2805 3789 lectulo,
2868 3728 2982 3779 toto
3042 3723 3185 3780 anni
3239 3729 3528 3798 tempore,
3585 3730 3708 3790 sive

192 3811 437 3886 reperiri
464 3833 479 3882 ;
531 3827 638 3869 nec
666 3810 802 3870 satis
829 3814 1141 3886 perfectam
1178 3821 1337 3872 ratus
1366 3830 1556 3885 suam,
1591 3830 1664 3871 ex
1698 3812 1755 3871 S.
1790 3814 1907 3872 Ro-
1996 3814 2193 3867 EBth8
2231 3807 2519 3876 videlicet,
2553 3806 2675 3864 sive
2703 3807 2910 3878 hieme,
2944 3806 3128 3865 tribus
3154 3824 3256 3881 per
3286 3811 3704 3877 hebdomadam

190 3901 418 3962 mualdi
505 3901 943 3973 traditionibus,
1001 3910 1056 3961 et
1131 3908 1559 3962 antecessorum
1642 3904 1907 3962 omnium
1995 3897 2207 3955 diebus
2239 3896 2508 3969 jejunare
2547 3896 2607 3953 in
2652 3910 2795 3967 pane
2831 3903 2884 3951 et
2916 3910 3065 3968 aqua
3098 3912 3234 3955 cum
3283 3899 3388 3959 Dei
3423 3903 3709 3976 adjutorio

191 3991 468 4063 scriptis;
520 3989 613 4048 vel
666 4006 767 4062 per
808 4006 1017 4050 manus
1062 3991 1335 4049 traductis
1386 3990 1911 4049 consuetudinibus
1999 3985 2274 4044 facillime
2311 4000 2494 4059 posse,
2532 3991 2588 4043 et
2617 3986 2893 4060 quoniam
2946 3986 3191 4045 Sabbato
3236 3991 3497 4065 jejunare
3544 4012 3714 4057 cano-

191 4079 517 4148 collectam,
549 4079 809 4151 regulam
865 4079 1239 4150 eremiticam,
1270 4080 1384 4138 nisi
1434 4079 1588 4137 Petri
1641 4079 1909 4137 Damiani
1996 4077 2145 4136 uicae
2190 4076 2515 4135 traditionis
2561 4076 2963 4135 authenticum
3003 4084 3106 4147 est,
3142 4095 3259 4138 non
3299 4097 3475 4155 grave
3512 4086 3710 4145 videa-

192 4175 438 4241 cognato
467 4166 666 4225 libello
702 4189 722 4219 ι
771 4166 847 4225 De
893 4184 1016 4226 suae
1063 4166 1524 4242 congregationis
1565 4166 1848 4225 institutis
1884 4190 1906 4220 ι
1998 4172 2091 4225 tur
2142 4166 2305 4225 fratri
2359 4166 2532 4224 etiam
2614 4165 2861 4225 Sabbato
2925 4168 3292 4229 refectionem
3356 4181 3427 4232 ad
3495 4191 3711 4235 nonam

194 4256 468 4316 tractanti
515 4256 900 4331 copularetur,
935 4275 968 4316 a
1012 4275 1126 4332 quo
1172 4258 1477 4332 majorem,
1509 4261 1566 4316 et
1614 4257 1827 4330 lucem,
1856 4264 1912 4318 et
1997 4256 2199 4314 horam
2252 4271 2438 4331 usque
2490 4255 2742 4325 differre,
2798 4260 2863 4313 ut
2915 4255 3093 4314 semel
3148 4259 3385 4332 quidem
3442 4263 3566 4338 ipso
3618 4266 3713 4324 die

192 4348 535 4407 ﬁrmitatem
556 4346 857 4421 acciperet.
1999 4347 2309 4417 reficietur,
2367 4346 2465 4404 sed
2542 4354 2753 4404 tamen.
2811 4346 3020 4406 vinum
3096 4354 3267 4423 atque
3337 4354 3707 4427 pulmentum

271 4437 341 4498 V.
371 4437 498 4497 lmo
552 4438 796 4511 ipsemet
838 4462 860 4488 «ι
896 4436 1050 4495 Petri
1086 4436 1358 4495 Damiani
1407 4438 1702 4496 eremitica
1735 4437 2290 4518 regu-“percipere
2344 4453 2420 4495 ex
2476 4437 2653 4511 hujus
2705 4444 2918 4495 nostrae
2969 4437 3353 4499 institutionis
3404 4442 3712 4518 indulgen-

192 4526 249 4586 la
282 4547 313 4580 ››
351 4526 419 4584 in
463 4541 656 4584 eremo
702 4524 1136 4591 Camaldulensi
1184 4525 1306 4584 sola
1354 4526 1427 4584 ad
1476 4524 2077 4587 observandumutia
2129 4544 2245 4587 non
2306 4534 2549 4586 vetetur.
2604 4528 2674 4585 Et
2732 4529 2838 4587 hoc
2891 4529 3125 4604 quidem
3188 4539 3403 4604 (estate,
3444 4550 3583 4593 nam
3635 4537 3708 4595 ab

190 4613 539 4690 aliquandiu
589 4614 879 4687 proposita
915 4614 1176 4686 'exstitit,
1210 4614 1475 4674 videlicet
1530 4631 1714 4689 usque
1764 4614 1908 4673 dum
1992 4617 2192 4678 Idibus
2268 4617 2608 4692 septembris
2664 4633 2847 4692 usque
2900 4618 2972 4677 ad
3038 4619 3309 4680 Paschale
3377 4624 3704 4696 gaudium,

190 4705 259 4764 B.
292 4704 643 4778 Rodulphus
671 4704 830 4777 prior
877 4721 1011 4763 suas
1049 4705 1242 4763 ederet
1271 4706 1732 4767 constitutiones.
1765 4705 1904 4776 Qui-
1993 4713 2241 4781 quatuor
2287 4723 2390 4782 per
2442 4706 2863 4765 hebdomadam
2915 4707 3118 4766 diebus
3167 4709 3390 4768 noverit
3429 4711 3703 4786 jejunan-

192 4793 307 4853 bus
347 4800 537 4851 tamen
585 4808 701 4851 non
738 4799 1037 4868 propterea
1068 4794 1197 4869 ejus
1234 4796 1325 4853 vis
1362 4795 1595 4868 penitus
1636 4794 1909 4867 abrogata
1993 4795 2177 4865 dum;
2212 4794 2310 4853 sed
2364 4802 2417 4852 et
2467 4796 2517 4853 si
2564 4794 2878 4868 aliquando
2920 4802 3072 4853 tanta
3110 4795 3378 4856 debilitas
3409 4800 3702 4871 acciderit,

192 4882 427 4953 est,sed
476 4897 615 4952 uno,
650 4880 738 4940 vel
788 4882 967 4941 altero
1015 4883 1301 4942 duntaxat
1352 4884 1597 4943 articulo
1644 4890 1903 4957 excepto,
1993 4881 2237 4939 hiberno
2284 4880 2457 4938 etiam
2520 4887 2773 4955 tempore
2826 4881 2921 4940 die
2975 4881 3243 4954 Sabbati,
3297 4893 3398 4945 aut
3450 4887 3706 4961 legumi-

194 4970 257 5027 in
299 4970 543 5043 reliquis
576 4969 768 5029 adhuc
801 4987 1071 5046 expresse
1107 4973 1415 5047 approbata
1455 4974 1666 5031 mansit
1688 4973 1761 5032 ab
1809 4989 1905 5032 eo-
1993 4969 2168 5028 nibus
2218 4970 2448 5039 infusis,
2478 4974 2579 5029 aut
2629 4968 2941 5028 herbarum
2999 4970 3308 5044 radicibus,
3359 4975 3481 5033 sive
3528 4978 3702 5035 etiam

196 5056 329 5115 dem
374 5055 704 5131 Rodulpho,
741 5059 844 5132 qui
895 5058 957 5117 in
1000 5059 1514 5119 constitutionibus
1553 5061 1694 5118 anni
1746 5059 1905 5133 1083,
1993 5061 2201 5135 pomis,
2237 5062 2472 5121 solitum
2532 5061 2745 5120 licebit'
2778 5060 3199 5138 aliquantisper
3255 5072 3569 5137 temperare
3610 5068 3701 5140 je-

198 5148 283 5206 sic
306 5148 426 5205 ait:
463 5172 485 5201 ι
523 5147 947 5223 Unusquisque
984 5152 1160 5208 frater
1197 5149 1391 5209 lances
1430 5151 1493 5209 in
1531 5150 1675 5209 cella
1714 5151 1906 5223 habet,
1988 5150 2225 5223 junium
2260 5171 2271 5208 :
2305 5150 2386 5209 ita
2441 5159 2652 5220 tamen,
2686 5155 2748 5208 ut
2805 5149 2852 5207 si
2905 5165 3092 5208 unum
3141 5152 3435 5225 quodlibet
3489 5153 3698 5216 horum

197 5253 330 5296 cum
374 5238 607 5312 quibus,
645 5246 845 5313 pensat
889 5248 1001 5298 tres
1039 5256 1238 5314 panes,
1274 5258 1420 5317 quos
1458 5242 1665 5316 accipit
1705 5258 1907 5302 omnes
1995 5246 2205 5311 sumat,
2239 5241 2419 5314 aliud,
2460 5240 2573 5299 nisi
2603 5256 2755 5298 verte
2797 5240 3147 5299 necessitatis
3181 5256 3349 5299 causa
3379 5241 3699 5321 dictaverit,

198 5326 321 5419 dies
348 5326 707 5419 “Dominicos
749 5335 805 5419 et
857 5328 1065 5403 quinta
1108 5329 1270 5386 feria.
1306 5329 1377 5387 Et
1418 5330 1533 5388 alia
1582 5330 1764 5390 multa
1814 5333 1907 5390 his
1998 5351 2111 5394 non
2149 5335 2397 5411 adjiciat.
2441 5336 2734 5395 Postremo
2774 5343 2985 5407 tamen,
3018 5345 3245 5410 propter
3275 5340 3697 5419 pusillanimes,

199 5417 479 5508 fratribus
509 5418 850 5508 necessaria,
881 5434 1014 5494 qum
1040 5419 1236 5478 omnia
1270 5420 1542 5508 prudenti
1567 5421 1765 5482 lectori
1794 5440 1912 5482 ere—
1995 5425 2045 5484 si
2080 5425 2190 5485 hoc
2223 5425 2534 5484 necessitas
2573 5427 2814 5485 omnino
2855 5428 3188 5501 poposcerit,
3225 5441 3362 5503 quae
3397 5430 3521 5491 fieri
3569 5417 3700 5508 per?-

199 5506 396 5564 mitica
446 5507 652 5581 regula
691 5507 829 5565 satis
876 5509 1249 5568 demonstrat.
1294 5507 1405 5568 Sed
1456 5512 1911 5583 prmcavendum
1998 5516 2172 5573 missa
2223 5522 2309 5573 est
2358 5515 2419 5573 in
2482 5521 2699 5584 testate,
2749 5515 2946 5574 Ctltltlll
2996 5515 3377 5578 Sabbatorum
3435 5506 3702 5583 discretio

202 5601 287 5653 est
320 5609 392 5652 ne
438 5609 542 5668 per
575 5595 685 5653 hoc
719 5597 876 5669 quod
906 5596 1008 5656 illa
1044 5597 1202 5670 dicit,
1230 5597 1302 5656 de
1338 5598 1431 5657 die
1472 5599 1705 5660 Sabbati
1744 5616 1912 5660 man-
1996 5602 2339 5662 serveturin
2370 5604 2578 5663 hieme.
2605 5624 2633 5657 »
2662 5602 2826 5661 Hanc
2845 5617 2979 5677 ergo
3001 5603 3287 5665 duntaxat
3314 5608 3699 5672 Sabbatorum
