  <div class='ocr_page' id='page_1' title='image "/cluster/home/n/w/nwhite01/storage/ocr_20150623/144/umn.31951002477437p/033.png"; bbox 0 0 4034 6458; ppageno 0'>
   <div class='ocr_carea' id='block_1_1' title="bbox 350 274 2929 351">
    <p class='ocr_par' dir='ltr' id='par_1_1' title="bbox 350 274 2929 351">
     <span class='ocr_line' id='line_1_1' title="bbox 350 274 2929 351; baseline -0.008 0"><span class='ocrx_word' id='word_1_1' title='bbox 350 292 422 351; x_wconf 81' lang='grc'><strong>47</strong></span> <span class='ocrx_word' id='word_1_2' title='bbox 1274 285 1333 344; x_wconf 89' lang='lat' dir='ltr'><strong>S.</strong></span> <span class='ocrx_word' id='word_1_3' title='bbox 1369 281 1658 342; x_wconf 81' lang='lat' dir='ltr'><strong>PETRUS</strong></span> <span class='ocrx_word' id='word_1_4' title='bbox 1697 276 2088 339; x_wconf 85' lang='lat' dir='ltr'><strong>DAMIANUS</strong></span> <span class='ocrx_word' id='word_1_5' title='bbox 2131 277 2188 337; x_wconf 91' lang='lat' dir='ltr'><strong>S.</strong></span> <span class='ocrx_word' id='word_1_6' title='bbox 2232 277 2300 336; x_wconf 78' lang='grc' dir='ltr'><strong>Β.</strong></span> <span class='ocrx_word' id='word_1_7' title='bbox 2343 276 2409 334; x_wconf 88' lang='grc' dir='ltr'><strong>Ε.</strong></span> <span class='ocrx_word' id='word_1_8' title='bbox 2451 274 2929 335; x_wconf 75' lang='lat' dir='ltr'><strong>CAHDINALIS.</strong></span> 
     </span>
    </p>
   </div>
   <div class='ocr_carea' id='block_1_2' title="bbox 3787 276 3872 336">
    <p class='ocr_par' dir='ltr' id='par_1_2' title="bbox 3787 276 3872 336">
     <span class='ocr_line' id='line_1_2' title="bbox 3787 276 3872 336; baseline 0.012 -1"><span class='ocrx_word' id='word_1_9' title='bbox 3787 276 3872 336; x_wconf 73' lang='grc'>48</span> 
     </span>
    </p>
   </div>
   <div class='ocr_carea' id='block_1_3' title="bbox 350 399 3865 487">
    <p class='ocr_par' dir='ltr' id='par_1_3' title="bbox 350 399 3865 487">
     <span class='ocr_line' id='line_1_3' title="bbox 350 399 3865 487; baseline -0.003 -15"><span class='ocrx_word' id='word_1_10' title='bbox 350 422 468 475; x_wconf 87' lang='lat' dir='ltr'><strong>tam</strong></span> <span class='ocrx_word' id='word_1_11' title='bbox 519 411 844 487; x_wconf 85' lang='lat' dir='ltr'><strong>generalem</strong></span> <span class='ocrx_word' id='word_1_12' title='bbox 903 410 1304 468; x_wconf 86' lang='lat' dir='ltr'><strong>remissionem</strong></span> <span class='ocrx_word' id='word_1_13' title='bbox 1355 410 1417 467; x_wconf 93' lang='lat' dir='ltr'><strong>in</strong></span> <span class='ocrx_word' id='word_1_14' title='bbox 1473 422 1631 466; x_wconf 90' lang='lat' dir='ltr'><strong>sacra</strong></span> <span class='ocrx_word' id='word_1_15' title='bbox 1688 420 1880 464; x_wconf 91' lang='lat' dir='ltr'><strong>eremo</strong></span> <span class='ocrx_word' id='word_1_16' title='bbox 1935 419 2050 463; x_wconf 92' lang='lat' dir='ltr'><strong>non</strong></span> <span class='ocrx_word' id='word_1_17' title='bbox 2072 400 2371 477; x_wconf 85' lang='lat' dir='ltr'><strong>Aquaient</strong></span> <span class='ocrx_word' id='word_1_18' title='bbox 2397 401 2468 459; x_wconf 90' lang='lat' dir='ltr'><strong>de</strong></span> <span class='ocrx_word' id='word_1_19' title='bbox 2495 400 2742 475; x_wconf 84' lang='lat' dir='ltr'><strong>grandes</strong></span> <span class='ocrx_word' id='word_1_20' title='bbox 2767 400 3089 472; x_wconf 86' lang='lat' dir='ltr'><strong>austérités,</strong></span> <span class='ocrx_word' id='word_1_21' title='bbox 3120 404 3177 458; x_wconf 91' lang='lat' dir='ltr'><strong>et</strong></span> <span class='ocrx_word' id='word_1_22' title='bbox 3209 399 3477 459; x_wconf 90' lang='lat' dir='ltr'><strong>faisaient</strong></span> <span class='ocrx_word' id='word_1_23' title='bbox 3505 400 3613 459; x_wconf 90' lang='lat' dir='ltr'><strong>des</strong></span> <span class='ocrx_word' id='word_1_24' title='bbox 3643 401 3865 462; x_wconf 87' lang='lat' dir='ltr'><strong>choses</strong></span> 
     </span>
    </p>
   </div>
   <div class='ocr_carea' id='block_1_4' title="bbox 352 495 2059 577">
    <p class='ocr_par' dir='ltr' id='par_1_4' title="bbox 352 495 2059 577">
     <span class='ocr_line' id='line_1_4' title="bbox 352 495 2059 577; baseline -0.008 -14"><span class='ocrx_word' id='word_1_25' title='bbox 352 499 742 577; x_wconf 83' lang='lat' dir='ltr'><strong>recipiendam</strong></span> <span class='ocrx_word' id='word_1_26' title='bbox 774 499 1121 572; x_wconf 81' lang='lat' dir='ltr'><strong>Bodulphus</strong></span> <span class='ocrx_word' id='word_1_27' title='bbox 1160 498 1379 569; x_wconf 88' lang='lat' dir='ltr'><strong>statuit,</strong></span> <span class='ocrx_word' id='word_1_28' title='bbox 1418 502 1611 569; x_wconf 91' lang='lat' dir='ltr'><strong>utpote</strong></span> <span class='ocrx_word' id='word_1_29' title='bbox 1648 495 1773 569; x_wconf 90' lang='lat' dir='ltr'><strong>ejus</strong></span> <span class='ocrx_word' id='word_1_30' title='bbox 1811 508 2059 551; x_wconf 90' lang='lat' dir='ltr'><strong>consue-</strong></span> 
     </span>
    </p>
   </div>
   <div class='ocr_carea' id='block_1_5' title="bbox 353 579 2138 662">
    <p class='ocr_par' dir='ltr' id='par_1_5' title="bbox 353 579 2138 662">
     <span class='ocr_line' id='line_1_5' title="bbox 353 579 2138 662; baseline -0.008 -11"><span class='ocrx_word' id='word_1_31' title='bbox 353 592 545 652; x_wconf 86' lang='lat' dir='ltr'><strong>tudini</strong></span> <span class='ocrx_word' id='word_1_32' title='bbox 616 588 959 649; x_wconf 88' lang='lat' dir='ltr'><strong>contrariam</strong></span> <span class='ocrx_word' id='word_1_33' title='bbox 996 635 1010 659; x_wconf 94' lang='lat'><strong>,</strong></span> <span class='ocrx_word' id='word_1_34' title='bbox 1069 587 1280 662; x_wconf 89' lang='lat' dir='ltr'><strong>quippe</strong></span> <span class='ocrx_word' id='word_1_35' title='bbox 1352 586 1637 644; x_wconf 79' lang='lat' dir='ltr'><strong>duntaxat</strong></span> <span class='ocrx_word' id='word_1_36' title='bbox 1709 604 1735 636; x_wconf 86' lang='lat'>«</span> <span class='ocrx_word' id='word_1_37' title='bbox 1796 579 2057 640; x_wconf 87' lang='lat' dir='ltr'><strong>Paschali</strong></span> <span class='ocrx_word' id='word_1_38' title='bbox 2127 617 2138 625; x_wconf 61' lang='grc' dir='ltr'><strong><em>ν</em></strong></span> 
     </span>
    </p>
   </div>
   <div class='ocr_carea' id='block_1_6' title="bbox 356 671 2058 752">
    <p class='ocr_par' dir='ltr' id='par_1_6' title="bbox 356 671 2058 752">
     <span class='ocr_line' id='line_1_6' title="bbox 356 671 2058 752; baseline -0.006 -14"><span class='ocrx_word' id='word_1_39' title='bbox 356 686 645 752; x_wconf 89' lang='lat' dir='ltr'><strong>tempore,</strong></span> <span class='ocrx_word' id='word_1_40' title='bbox 703 699 730 732; x_wconf 84' lang='lat'><strong>»</strong></span> <span class='ocrx_word' id='word_1_41' title='bbox 789 683 855 737; x_wconf 88' lang='lat' dir='ltr'><strong>ut</strong></span> <span class='ocrx_word' id='word_1_42' title='bbox 907 683 1126 734; x_wconf 80' lang='lat' dir='ltr'><strong>constat</strong></span> <span class='ocrx_word' id='word_1_43' title='bbox 1179 692 1254 734; x_wconf 81' lang='lat' dir='ltr'><strong>ex</strong></span> <span class='ocrx_word' id='word_1_44' title='bbox 1307 675 1433 749; x_wconf 89' lang='lat' dir='ltr'><strong>ejus</strong></span> <span class='ocrx_word' id='word_1_45' title='bbox 1481 672 1709 733; x_wconf 90' lang='lat' dir='ltr'><strong>constit.</strong></span> <span class='ocrx_word' id='word_1_46' title='bbox 1766 671 2058 745; x_wconf 88' lang='lat' dir='ltr'><strong>prioribus</strong></span> 
     </span>
    </p>
   </div>
   <div class='ocr_carea' id='block_1_7' title="bbox 353 759 2059 842">
    <p class='ocr_par' dir='ltr' id='par_1_7' title="bbox 353 759 2059 842">
     <span class='ocr_line' id='line_1_7' title="bbox 353 759 2059 842; baseline -0.006 -16"><span class='ocrx_word' id='word_1_47' title='bbox 353 784 478 841; x_wconf 89' lang='lat' dir='ltr'><strong>cap.</strong></span> <span class='ocrx_word' id='word_1_48' title='bbox 518 766 602 838; x_wconf 75' lang='lat'><strong>12,</strong></span> <span class='ocrx_word' id='word_1_49' title='bbox 638 782 782 842; x_wconf 91' lang='lat' dir='ltr'><strong>quas</strong></span> <span class='ocrx_word' id='word_1_50' title='bbox 819 783 992 840; x_wconf 89' lang='lat' dir='ltr'><strong>supra</strong></span> <span class='ocrx_word' id='word_1_51' title='bbox 1031 766 1337 824; x_wconf 85' lang='lat' dir='ltr'><strong>retulimus</strong></span> <span class='ocrx_word' id='word_1_52' title='bbox 1367 780 1490 838; x_wconf 86' lang='lat' dir='ltr'><strong>cap.</strong></span> <span class='ocrx_word' id='word_1_53' title='bbox 1535 763 1586 831; x_wconf 91' lang='lat'><strong>3,</strong></span> <span class='ocrx_word' id='word_1_54' title='bbox 1630 776 1792 820; x_wconf 88' lang='lat' dir='ltr'><strong>num.</strong></span> <span class='ocrx_word' id='word_1_55' title='bbox 1831 759 1882 830; x_wconf 88' lang='lat'><strong>9,</strong></span> <span class='ocrx_word' id='word_1_56' title='bbox 1940 780 1962 810; x_wconf 80' lang='grc' dir='ltr'>ι</span> <span class='ocrx_word' id='word_1_57' title='bbox 2004 765 2059 816; x_wconf 88' lang='lat' dir='ltr'><strong>et</strong></span> 
     </span>
    </p>
   </div>
   <div class='ocr_carea' id='block_1_8' title="bbox 355 850 2057 926">
    <p class='ocr_par' dir='ltr' id='par_1_8' title="bbox 355 850 2057 926">
     <span class='ocr_line' id='line_1_8' title="bbox 355 850 2057 926; baseline -0.007 -9"><span class='ocrx_word' id='word_1_58' title='bbox 355 859 419 917; x_wconf 90' lang='lat' dir='ltr'><strong>in</strong></span> <span class='ocrx_word' id='word_1_59' title='bbox 458 856 675 917; x_wconf 82' lang='lat' dir='ltr'><strong>octavis</strong></span> <span class='ocrx_word' id='word_1_60' title='bbox 707 864 1052 925; x_wconf 91' lang='lat' dir='ltr'><strong>sanctorum,</strong></span> <span class='ocrx_word' id='word_1_61' title='bbox 1093 860 1148 912; x_wconf 92' lang='lat' dir='ltr'><strong>et</strong></span> <span class='ocrx_word' id='word_1_62' title='bbox 1187 853 1391 911; x_wconf 89' lang='lat' dir='ltr'><strong>diebus</strong></span> <span class='ocrx_word' id='word_1_63' title='bbox 1428 850 1853 926; x_wconf 88' lang='lat' dir='ltr'><strong>phlebotomia,</strong></span> <span class='ocrx_word' id='word_1_64' title='bbox 1894 871 1914 899; x_wconf 79' lang='grc' dir='ltr'><strong><em>ι</em></strong></span> <span class='ocrx_word' id='word_1_65' title='bbox 1959 854 2057 906; x_wconf 91' lang='lat' dir='ltr'><strong>aut</strong></span> 
     </span>
    </p>
   </div>
   <div class='ocr_carea' id='block_1_9' title="bbox 363 942 2055 1021">
    <p class='ocr_par' dir='ltr' id='par_1_9' title="bbox 363 942 2055 1021">
     <span class='ocr_line' id='line_1_9' title="bbox 363 942 2055 1021; baseline -0.007 -13"><span class='ocrx_word' id='word_1_66' title='bbox 363 975 390 1000; x_wconf 87' lang='grc'><strong>‹‹</strong></span> <span class='ocrx_word' id='word_1_67' title='bbox 416 950 490 1009; x_wconf 90' lang='lat' dir='ltr'><strong>ob</strong></span> <span class='ocrx_word' id='word_1_68' title='bbox 516 964 808 1007; x_wconf 89' lang='lat' dir='ltr'><strong>accessum</strong></span> <span class='ocrx_word' id='word_1_69' title='bbox 837 947 1084 1021; x_wconf 88' lang='lat' dir='ltr'><strong>alicujus</strong></span> <span class='ocrx_word' id='word_1_70' title='bbox 1115 946 1353 1004; x_wconf 86' lang='lat' dir='ltr'><strong>celebris</strong></span> <span class='ocrx_word' id='word_1_71' title='bbox 1381 959 1662 1019; x_wconf 91' lang='lat' dir='ltr'><strong>persona,</strong></span> <span class='ocrx_word' id='word_1_72' title='bbox 1697 966 1716 996; x_wconf 73' lang='grc' dir='ltr'><strong><em>ι</em></strong></span> <span class='ocrx_word' id='word_1_73' title='bbox 1743 942 1866 1001; x_wconf 87' lang='lat' dir='ltr'><strong>sive</strong></span> <span class='ocrx_word' id='word_1_74' title='bbox 1897 963 1917 993; x_wconf 68' lang='grc' dir='ltr'>ε</span> <span class='ocrx_word' id='word_1_75' title='bbox 1949 956 2055 998; x_wconf 90' lang='lat' dir='ltr'><strong>ex-</strong></span> 
     </span>
    </p>
   </div>
   <div class='ocr_carea' id='block_1_10' title="bbox 356 1030 2057 1102">
    <p class='ocr_par' dir='ltr' id='par_1_10' title="bbox 356 1030 2057 1102">
     <span class='ocr_line' id='line_1_10' title="bbox 356 1030 2057 1102; baseline -0.006 -5"><span class='ocrx_word' id='word_1_76' title='bbox 356 1036 721 1097; x_wconf 91' lang='lat' dir='ltr'><strong>traordinarii</strong></span> <span class='ocrx_word' id='word_1_77' title='bbox 753 1035 962 1095; x_wconf 89' lang='lat' dir='ltr'><strong>laboris</strong></span> <span class='ocrx_word' id='word_1_78' title='bbox 999 1034 1233 1099; x_wconf 88' lang='lat' dir='ltr'><strong>intuitu.</strong></span> <span class='ocrx_word' id='word_1_79' title='bbox 1269 1032 1414 1091; x_wconf 89' lang='lat' dir='ltr'><strong>etin</strong></span> <span class='ocrx_word' id='word_1_80' title='bbox 1452 1030 1713 1091; x_wconf 85' lang='lat' dir='ltr'><strong>Sabbatis</strong></span> <span class='ocrx_word' id='word_1_81' title='bbox 1751 1036 2057 1102; x_wconf 89' lang='lat' dir='ltr'><strong>utramque</strong></span> 
     </span>
    </p>
   </div>
   <div class='ocr_carea' id='block_1_11' title="bbox 355 1117 2056 1199">
    <p class='ocr_par' dir='ltr' id='par_1_11' title="bbox 355 1117 2056 1199">
     <span class='ocr_line' id='line_1_11' title="bbox 355 1117 2056 1199; baseline -0.005 -15"><span class='ocrx_word' id='word_1_82' title='bbox 355 1123 864 1199; x_wconf 89' lang='lat' dir='ltr'><strong>Quadragesimam</strong></span> <span class='ocrx_word' id='word_1_83' title='bbox 894 1121 1366 1196; x_wconf 65' lang='lat' dir='ltr'><strong>praecedentibus,</strong></span> <span class='ocrx_word' id='word_1_84' title='bbox 1396 1124 1444 1193; x_wconf 68' lang='grc' dir='ltr'><strong>ιζ</strong></span> <span class='ocrx_word' id='word_1_85' title='bbox 1449 1126 1666 1194; x_wconf 89' lang='lat' dir='ltr'><strong>poterat</strong></span> <span class='ocrx_word' id='word_1_86' title='bbox 1695 1117 1927 1178; x_wconf 89' lang='lat' dir='ltr'><strong>Sabbati</strong></span> <span class='ocrx_word' id='word_1_87' title='bbox 1951 1118 2056 1176; x_wconf 90' lang='lat' dir='ltr'><strong>ab-</strong></span> 
     </span>
    </p>
   </div>
   <div class='ocr_carea' id='block_1_12' title="bbox 352 1209 1995 1287">
    <p class='ocr_par' dir='ltr' id='par_1_12' title="bbox 352 1209 1995 1287">
     <span class='ocr_line' id='line_1_12' title="bbox 352 1209 1995 1287; baseline -0.006 -12"><span class='ocrx_word' id='word_1_88' title='bbox 352 1216 624 1275; x_wconf 89' lang='lat' dir='ltr'><strong>stinentia</strong></span> <span class='ocrx_word' id='word_1_89' title='bbox 655 1214 922 1285; x_wconf 85' lang='lat' dir='ltr'><strong>relaxari,</strong></span> <span class='ocrx_word' id='word_1_90' title='bbox 960 1230 1035 1271; x_wconf 87' lang='lat' dir='ltr'><strong>ex</strong></span> <span class='ocrx_word' id='word_1_91' title='bbox 1063 1214 1187 1287; x_wconf 87' lang='lat' dir='ltr'><strong>ejus</strong></span> <span class='ocrx_word' id='word_1_92' title='bbox 1216 1211 1509 1271; x_wconf 90' lang='lat' dir='ltr'><strong>constitut.</strong></span> <span class='ocrx_word' id='word_1_93' title='bbox 1544 1211 1720 1282; x_wconf 67' lang='lat' dir='ltr'><strong>citat,</strong></span> <span class='ocrx_word' id='word_1_94' title='bbox 1753 1225 1875 1283; x_wconf 92' lang='lat' dir='ltr'><strong>cap.</strong></span> <span class='ocrx_word' id='word_1_95' title='bbox 1912 1209 1995 1267; x_wconf 85' lang='lat'><strong>16.</strong></span> 
     </span>
    </p>
   </div>
   <div class='ocr_carea' id='block_1_13' title="bbox 424 1302 2055 1376">
    <p class='ocr_par' dir='ltr' id='par_1_13' title="bbox 424 1302 2055 1376">
     <span class='ocr_line' id='line_1_13' title="bbox 424 1302 2055 1376; baseline -0.004 -11"><span class='ocrx_word' id='word_1_96' title='bbox 424 1307 552 1366; x_wconf 89' lang='lat' dir='ltr'><strong>VII.</strong></span> <span class='ocrx_word' id='word_1_97' title='bbox 586 1306 747 1365; x_wconf 89' lang='lat' dir='ltr'><strong>Idem</strong></span> <span class='ocrx_word' id='word_1_98' title='bbox 786 1306 958 1365; x_wconf 91' lang='lat' dir='ltr'><strong>etiam</strong></span> <span class='ocrx_word' id='word_1_99' title='bbox 1005 1305 1170 1364; x_wconf 91' lang='lat' dir='ltr'><strong>tertio</strong></span> <span class='ocrx_word' id='word_1_100' title='bbox 1210 1304 1549 1373; x_wconf 88' lang='lat' dir='ltr'><strong>ostenditur,</strong></span> <span class='ocrx_word' id='word_1_101' title='bbox 1583 1318 1655 1361; x_wconf 89' lang='lat' dir='ltr'><strong>ex</strong></span> <span class='ocrx_word' id='word_1_102' title='bbox 1688 1318 1802 1376; x_wconf 86' lang='lat' dir='ltr'><strong>quo</strong></span> <span class='ocrx_word' id='word_1_103' title='bbox 1850 1302 2055 1359; x_wconf 88' lang='lat' dir='ltr'><strong>eremi-</strong></span> 
     </span>
    </p>
   </div>
   <div class='ocr_carea' id='block_1_14' title="bbox 352 1391 2058 1469">
    <p class='ocr_par' dir='ltr' id='par_1_14' title="bbox 352 1391 2058 1469">
     <span class='ocr_line' id='line_1_14' title="bbox 352 1391 2058 1469; baseline -0.005 -15"><span class='ocrx_word' id='word_1_104' title='bbox 352 1395 463 1454; x_wconf 91' lang='lat' dir='ltr'><strong>tica</strong></span> <span class='ocrx_word' id='word_1_105' title='bbox 506 1395 744 1469; x_wconf 88' lang='lat' dir='ltr'><strong>regula,</strong></span> <span class='ocrx_word' id='word_1_106' title='bbox 803 1394 874 1452; x_wconf 93' lang='lat' dir='ltr'><strong>de</strong></span> <span class='ocrx_word' id='word_1_107' title='bbox 921 1410 1036 1467; x_wconf 89' lang='lat' dir='ltr'><strong>qua</strong></span> <span class='ocrx_word' id='word_1_108' title='bbox 1083 1392 1339 1467; x_wconf 86' lang='lat' dir='ltr'><strong>loquitur</strong></span> <span class='ocrx_word' id='word_1_109' title='bbox 1384 1391 1748 1464; x_wconf 84' lang='lat' dir='ltr'><strong>Bodulphus,</strong></span> <span class='ocrx_word' id='word_1_110' title='bbox 1805 1396 2058 1462; x_wconf 89' lang='lat' dir='ltr'><strong>tempore</strong></span> 
     </span>
    </p>
   </div>
   <div class='ocr_carea' id='block_1_15' title="bbox 351 1479 2057 1557">
    <p class='ocr_par' dir='ltr' id='par_1_15' title="bbox 351 1479 2057 1557">
     <span class='ocr_line' id='line_1_15' title="bbox 351 1479 2057 1557; baseline -0.004 -16"><span class='ocrx_word' id='word_1_111' title='bbox 351 1486 477 1557; x_wconf 91' lang='lat' dir='ltr'><strong>ipso</strong></span> <span class='ocrx_word' id='word_1_112' title='bbox 539 1483 689 1540; x_wconf 89' lang='lat' dir='ltr'><strong>inter</strong></span> <span class='ocrx_word' id='word_1_113' title='bbox 756 1480 1213 1540; x_wconf 86' lang='lat' dir='ltr'><strong>Camaldulensis</strong></span> <span class='ocrx_word' id='word_1_114' title='bbox 1287 1481 1466 1539; x_wconf 90' lang='lat' dir='ltr'><strong>eremi</strong></span> <span class='ocrx_word' id='word_1_115' title='bbox 1531 1479 1927 1538; x_wconf 89' lang='lat' dir='ltr'><strong>fundationem</strong></span> <span class='ocrx_word' id='word_1_116' title='bbox 2001 1484 2057 1535; x_wconf 91' lang='lat' dir='ltr'><strong>et</strong></span> 
     </span>
    </p>
   </div>
   <div class='ocr_carea' id='block_1_16' title="bbox 2141 492 2847 552">
    <p class='ocr_par' dir='ltr' id='par_1_16' title="bbox 2141 492 2847 552">
     <span class='ocr_line' id='line_1_16' title="bbox 2141 492 2847 552; baseline 0.004 -3"><span class='ocrx_word' id='word_1_117' title='bbox 2141 492 2251 550; x_wconf 90' lang='lat' dir='ltr'><strong>fort</strong></span> <span class='ocrx_word' id='word_1_118' title='bbox 2278 492 2784 552; x_wconf 90' lang='lat' dir='ltr'><strong>extraordinaires.</strong></span> <span class='ocrx_word' id='word_1_119' title='bbox 2820 512 2847 545; x_wconf 90' lang='lat'><strong>»</strong></span> 
     </span>
    </p>
   </div>
   <div class='ocr_carea' id='block_1_17' title="bbox 2210 581 3869 645">
    <p class='ocr_par' dir='ltr' id='par_1_17' title="bbox 2210 581 3869 645">
     <span class='ocr_line' id='line_1_17' title="bbox 2210 581 3869 645; baseline 0.002 -6"><span class='ocrx_word' id='word_1_120' title='bbox 2210 581 2308 639; x_wconf 85' lang='lat' dir='ltr'><strong>IX.</strong></span> <span class='ocrx_word' id='word_1_121' title='bbox 2344 581 2455 640; x_wconf 92' lang='lat' dir='ltr'><strong>Sed</strong></span> <span class='ocrx_word' id='word_1_122' title='bbox 2504 588 2559 640; x_wconf 89' lang='lat' dir='ltr'><strong>et</strong></span> <span class='ocrx_word' id='word_1_123' title='bbox 2604 582 2969 642; x_wconf 87' lang='lat' dir='ltr'><strong>doctissimus</strong></span> <span class='ocrx_word' id='word_1_124' title='bbox 3019 581 3354 642; x_wconf 88' lang='lat' dir='ltr'><strong>Ludovicus</strong></span> <span class='ocrx_word' id='word_1_125' title='bbox 3408 582 3869 645; x_wconf 89' lang='lat' dir='ltr'><strong>Tbomassimus</strong></span> 
     </span>
    </p>
   </div>
   <div class='ocr_carea' id='block_1_18' title="bbox 2137 670 3868 747">
    <p class='ocr_par' dir='ltr' id='par_1_18' title="bbox 2137 670 3868 747">
     <span class='ocr_line' id='line_1_18' title="bbox 2137 670 3868 747; baseline 0.003 -19"><span class='ocrx_word' id='word_1_126' title='bbox 2137 670 2202 729; x_wconf 94' lang='lat' dir='ltr'><strong>in</strong></span> <span class='ocrx_word' id='word_1_127' title='bbox 2245 671 2424 729; x_wconf 85' lang='lat' dir='ltr'><strong>veteri</strong></span> <span class='ocrx_word' id='word_1_128' title='bbox 2470 677 2525 729; x_wconf 92' lang='lat' dir='ltr'><strong>et</strong></span> <span class='ocrx_word' id='word_1_129' title='bbox 2571 688 2721 731; x_wconf 87' lang='lat' dir='ltr'><strong>nova</strong></span> <span class='ocrx_word' id='word_1_130' title='bbox 2755 672 3026 731; x_wconf 84' lang='lat' dir='ltr'><strong>Ecclesia</strong></span> <span class='ocrx_word' id='word_1_131' title='bbox 3069 671 3377 747; x_wconf 88' lang='lat' dir='ltr'><strong>disciplina</strong></span> <span class='ocrx_word' id='word_1_132' title='bbox 3427 673 3507 732; x_wconf 93' lang='lat' dir='ltr'><strong>De</strong></span> <span class='ocrx_word' id='word_1_133' title='bbox 3555 674 3868 734; x_wconf 84' lang='lat' dir='ltr'><strong>beneficiis</strong></span> 
     </span>
    </p>
   </div>
   <div class='ocr_carea' id='block_1_19' title="bbox 2137 761 3863 836">
    <p class='ocr_par' dir='ltr' id='par_1_19' title="bbox 2137 761 3863 836">
     <span class='ocr_line' id='line_1_19' title="bbox 2137 761 3863 836; baseline 0.004 -19"><span class='ocrx_word' id='word_1_134' title='bbox 2137 767 2280 834; x_wconf 89' lang='lat' dir='ltr'><strong>part.</strong></span> <span class='ocrx_word' id='word_1_135' title='bbox 2329 773 2368 830; x_wconf 90' lang='lat' dir='ltr'><strong>I,</strong></span> <span class='ocrx_word' id='word_1_136' title='bbox 2424 761 2524 820; x_wconf 90' lang='lat' dir='ltr'><strong>lib.</strong></span> <span class='ocrx_word' id='word_1_137' title='bbox 2570 774 2653 833; x_wconf 88' lang='lat' dir='ltr'><strong>Ill,</strong></span> <span class='ocrx_word' id='word_1_138' title='bbox 2693 778 2815 836; x_wconf 90' lang='lat' dir='ltr'><strong>cap.</strong></span> <span class='ocrx_word' id='word_1_139' title='bbox 2850 763 2938 834; x_wconf 71' lang='lat'><strong>25,</strong></span> <span class='ocrx_word' id='word_1_140' title='bbox 2969 778 3132 823; x_wconf 89' lang='lat' dir='ltr'><strong>num.</strong></span> <span class='ocrx_word' id='word_1_141' title='bbox 3179 762 3235 832; x_wconf 94' lang='lat'><strong>7,</strong></span> <span class='ocrx_word' id='word_1_142' title='bbox 3282 762 3439 821; x_wconf 90' lang='lat' dir='ltr'><strong>idem</strong></span> <span class='ocrx_word' id='word_1_143' title='bbox 3486 764 3675 823; x_wconf 89' lang='lat' dir='ltr'><strong>fuisse</strong></span> <span class='ocrx_word' id='word_1_144' title='bbox 3732 765 3863 824; x_wconf 83' lang='lat' dir='ltr'><strong>Ro-</strong></span> 
     </span>
    </p>
   </div>
   <div class='ocr_carea' id='block_1_20' title="bbox 2140 851 3861 926">
    <p class='ocr_par' dir='ltr' id='par_1_20' title="bbox 2140 851 3861 926">
     <span class='ocr_line' id='line_1_20' title="bbox 2140 851 3861 926; baseline 0.002 -17"><span class='ocrx_word' id='word_1_145' title='bbox 2140 851 2382 921; x_wconf 90' lang='lat' dir='ltr'><strong>mualdi,</strong></span> <span class='ocrx_word' id='word_1_146' title='bbox 2414 867 2480 909; x_wconf 92' lang='lat' dir='ltr'><strong>ac</strong></span> <span class='ocrx_word' id='word_1_147' title='bbox 2528 851 2677 910; x_wconf 88' lang='lat' dir='ltr'><strong>Petri</strong></span> <span class='ocrx_word' id='word_1_148' title='bbox 2725 852 2991 911; x_wconf 88' lang='lat' dir='ltr'><strong>Damiani</strong></span> <span class='ocrx_word' id='word_1_149' title='bbox 3036 852 3368 911; x_wconf 90' lang='lat' dir='ltr'><strong>institutum</strong></span> <span class='ocrx_word' id='word_1_150' title='bbox 3409 852 3631 913; x_wconf 90' lang='lat' dir='ltr'><strong>indicat</strong></span> <span class='ocrx_word' id='word_1_151' title='bbox 3656 873 3670 926; x_wconf 93' lang='lat'><strong>;</strong></span> <span class='ocrx_word' id='word_1_152' title='bbox 3713 870 3861 913; x_wconf 88' lang='lat' dir='ltr'><strong>nam</strong></span> 
     </span>
    </p>
   </div>
   <div class='ocr_carea' id='block_1_21' title="bbox 2136 942 3861 1017">
    <p class='ocr_par' dir='ltr' id='par_1_21' title="bbox 2136 942 3861 1017">
     <span class='ocr_line' id='line_1_21' title="bbox 2136 942 3861 1017; baseline 0.002 -17"><span class='ocrx_word' id='word_1_153' title='bbox 2136 950 2264 1015; x_wconf 88' lang='lat' dir='ltr'><strong>post</strong></span> <span class='ocrx_word' id='word_1_154' title='bbox 2293 950 2577 1001; x_wconf 87' lang='lat' dir='ltr'><strong>narratam</strong></span> <span class='ocrx_word' id='word_1_155' title='bbox 2614 943 2925 1002; x_wconf 87' lang='lat' dir='ltr'><strong>eremitica</strong></span> <span class='ocrx_word' id='word_1_156' title='bbox 2974 943 3109 1002; x_wconf 90' lang='lat' dir='ltr'><strong>vita</strong></span> <span class='ocrx_word' id='word_1_157' title='bbox 3156 942 3604 1017; x_wconf 88' lang='lat' dir='ltr'><strong>restitutionem,</strong></span> <span class='ocrx_word' id='word_1_158' title='bbox 3631 951 3861 1004; x_wconf 89' lang='lat' dir='ltr'><strong>etcum</strong></span> 
     </span>
    </p>
   </div>
   <div class='ocr_carea' id='block_1_22' title="bbox 2138 1031 3864 1108">
    <p class='ocr_par' dir='ltr' id='par_1_22' title="bbox 2138 1031 3864 1108">
     <span class='ocr_line' id='line_1_22' title="bbox 2138 1031 3864 1108; baseline 0.002 -19"><span class='ocrx_word' id='word_1_159' title='bbox 2138 1031 2507 1091; x_wconf 90' lang='lat' dir='ltr'><strong>Benedictina</strong></span> <span class='ocrx_word' id='word_1_160' title='bbox 2530 1034 2724 1107; x_wconf 89' lang='lat' dir='ltr'><strong>regula</strong></span> <span class='ocrx_word' id='word_1_161' title='bbox 2751 1034 3213 1108; x_wconf 91' lang='lat' dir='ltr'><strong>conjunctionem</strong></span> <span class='ocrx_word' id='word_1_162' title='bbox 3241 1050 3274 1092; x_wconf 91' lang='lat' dir='ltr'><strong>a</strong></span> <span class='ocrx_word' id='word_1_163' title='bbox 3302 1033 3630 1093; x_wconf 83' lang='lat' dir='ltr'><strong>Bomualdo</strong></span> <span class='ocrx_word' id='word_1_164' title='bbox 3656 1034 3714 1092; x_wconf 93' lang='lat' dir='ltr'><strong>in</strong></span> <span class='ocrx_word' id='word_1_165' title='bbox 3742 1034 3864 1093; x_wconf 90' lang='lat' dir='ltr'><strong>Ita-</strong></span> 
     </span>
    </p>
   </div>
   <div class='ocr_carea' id='block_1_23' title="bbox 2137 1119 3857 1195">
    <p class='ocr_par' dir='ltr' id='par_1_23' title="bbox 2137 1119 3857 1195">
     <span class='ocr_line' id='line_1_23' title="bbox 2137 1119 3857 1195; baseline 0.002 -17"><span class='ocrx_word' id='word_1_166' title='bbox 2137 1119 2217 1178; x_wconf 90' lang='lat' dir='ltr'><strong>lia</strong></span> <span class='ocrx_word' id='word_1_167' title='bbox 2249 1121 2537 1195; x_wconf 87' lang='lat' dir='ltr'><strong>pracipue</strong></span> <span class='ocrx_word' id='word_1_168' title='bbox 2569 1123 2794 1194; x_wconf 86' lang='lat' dir='ltr'><strong>factam,</strong></span> <span class='ocrx_word' id='word_1_169' title='bbox 2827 1123 2909 1181; x_wconf 90' lang='lat' dir='ltr'><strong>ait</strong></span> <span class='ocrx_word' id='word_1_170' title='bbox 2954 1128 3151 1182; x_wconf 89' lang='lat' dir='ltr'><strong>contra</strong></span> <span class='ocrx_word' id='word_1_171' title='bbox 3180 1124 3287 1182; x_wconf 92' lang='lat' dir='ltr'><strong>hoc</strong></span> <span class='ocrx_word' id='word_1_172' title='bbox 3318 1122 3657 1182; x_wconf 90' lang='lat' dir='ltr'><strong>institutum</strong></span> <span class='ocrx_word' id='word_1_173' title='bbox 3688 1123 3857 1181; x_wconf 86' lang='lat' dir='ltr'><strong>obla-</strong></span> 
     </span>
    </p>
   </div>
   <div class='ocr_carea' id='block_1_24' title="bbox 2137 1211 3857 1288">
    <p class='ocr_par' dir='ltr' id='par_1_24' title="bbox 2137 1211 3857 1288">
     <span class='ocr_line' id='line_1_24' title="bbox 2137 1211 3857 1288; baseline 0.002 -22"><span class='ocrx_word' id='word_1_174' title='bbox 2137 1215 2351 1269; x_wconf 85' lang='lat' dir='ltr'><strong>trantes</strong></span> <span class='ocrx_word' id='word_1_175' title='bbox 2381 1227 2414 1269; x_wconf 92' lang='lat' dir='ltr'><strong>a</strong></span> <span class='ocrx_word' id='word_1_176' title='bbox 2446 1211 2610 1270; x_wconf 89' lang='lat' dir='ltr'><strong>Petro</strong></span> <span class='ocrx_word' id='word_1_177' title='bbox 2658 1212 2938 1271; x_wconf 87' lang='lat' dir='ltr'><strong>Damiano</strong></span> <span class='ocrx_word' id='word_1_178' title='bbox 2991 1228 3345 1288; x_wconf 90' lang='lat' dir='ltr'><strong>compressos</strong></span> <span class='ocrx_word' id='word_1_179' title='bbox 3384 1229 3474 1287; x_wconf 86' lang='lat' dir='ltr'><strong>ep.</strong></span> <span class='ocrx_word' id='word_1_180' title='bbox 3512 1213 3596 1283; x_wconf 77' lang='lat'><strong>12,</strong></span> <span class='ocrx_word' id='word_1_181' title='bbox 3629 1212 3731 1271; x_wconf 91' lang='lat' dir='ltr'><strong>lib.</strong></span> <span class='ocrx_word' id='word_1_182' title='bbox 3763 1223 3857 1283; x_wconf 85' lang='lat' dir='ltr'><strong>VI,</strong></span> 
     </span>
    </p>
   </div>
   <div class='ocr_carea' id='block_1_25' title="bbox 2138 1298 3849 1376">
    <p class='ocr_par' dir='ltr' id='par_1_25' title="bbox 2138 1298 3849 1376">
     <span class='ocr_line' id='line_1_25' title="bbox 2138 1298 3849 1376; baseline 0.003 -21"><span class='ocrx_word' id='word_1_183' title='bbox 2138 1298 2237 1356; x_wconf 90' lang='lat' dir='ltr'><strong>ubi</strong></span> <span class='ocrx_word' id='word_1_184' title='bbox 2269 1302 2516 1373; x_wconf 77' lang='lat' dir='ltr'><strong>profecto</strong></span> <span class='ocrx_word' id='word_1_185' title='bbox 2551 1318 2611 1360; x_wconf 91' lang='lat' dir='ltr'><strong>se</strong></span> <span class='ocrx_word' id='word_1_186' title='bbox 2650 1308 2706 1360; x_wconf 86' lang='lat' dir='ltr'><strong>et</strong></span> <span class='ocrx_word' id='word_1_187' title='bbox 2744 1318 2879 1361; x_wconf 89' lang='lat' dir='ltr'><strong>suos</strong></span> <span class='ocrx_word' id='word_1_188' title='bbox 2908 1302 3230 1376; x_wconf 84' lang='lat' dir='ltr'><strong>prasertim</strong></span> <span class='ocrx_word' id='word_1_189' title='bbox 3264 1308 3456 1361; x_wconf 89' lang='lat' dir='ltr'><strong>tuetur</strong></span> <span class='ocrx_word' id='word_1_190' title='bbox 3480 1318 3515 1360; x_wconf 91' lang='lat' dir='ltr'><strong>a</strong></span> <span class='ocrx_word' id='word_1_191' title='bbox 3543 1300 3849 1375; x_wconf 88' lang='lat' dir='ltr'><strong>cujusdam</strong></span> 
     </span>
    </p>
   </div>
   <div class='ocr_carea' id='block_1_26' title="bbox 2134 1386 3857 1467">
    <p class='ocr_par' dir='ltr' id='par_1_26' title="bbox 2134 1386 3857 1467">
     <span class='ocr_line' id='line_1_26' title="bbox 2134 1386 3857 1467; baseline 0.003 -24"><span class='ocrx_word' id='word_1_192' title='bbox 2134 1386 2355 1447; x_wconf 89' lang='lat' dir='ltr'><strong>abbatis</strong></span> <span class='ocrx_word' id='word_1_193' title='bbox 2416 1391 2872 1465; x_wconf 87' lang='lat' dir='ltr'><strong>impugnatione,</strong></span> <span class='ocrx_word' id='word_1_194' title='bbox 2924 1392 3026 1467; x_wconf 91' lang='lat' dir='ltr'><strong>qui</strong></span> <span class='ocrx_word' id='word_1_195' title='bbox 3078 1398 3425 1466; x_wconf 86' lang='lat' dir='ltr'><strong>conquestus</strong></span> <span class='ocrx_word' id='word_1_196' title='bbox 3487 1397 3623 1461; x_wconf 91' lang='lat' dir='ltr'><strong>erat,</strong></span> <span class='ocrx_word' id='word_1_197' title='bbox 3689 1391 3857 1465; x_wconf 90' lang='lat' dir='ltr'><strong>quod</strong></span> 
     </span>
    </p>
   </div>
   <div class='ocr_carea' id='block_1_27' title="bbox 2135 1479 3857 1554">
    <p class='ocr_par' dir='ltr' id='par_1_27' title="bbox 2135 1479 3857 1554">
     <span class='ocr_line' id='line_1_27' title="bbox 2135 1479 3857 1554; baseline 0.003 -21"><span class='ocrx_word' id='word_1_198' title='bbox 2135 1479 2487 1537; x_wconf 89' lang='lat' dir='ltr'><strong>monachum</strong></span> <span class='ocrx_word' id='word_1_199' title='bbox 2542 1496 2616 1537; x_wconf 88' lang='lat' dir='ltr'><strong>ex</strong></span> <span class='ocrx_word' id='word_1_200' title='bbox 2671 1497 2779 1539; x_wconf 90' lang='lat' dir='ltr'><strong>suo</strong></span> <span class='ocrx_word' id='word_1_201' title='bbox 2835 1482 3180 1545; x_wconf 88' lang='lat' dir='ltr'><strong>monasterio</strong></span> <span class='ocrx_word' id='word_1_202' title='bbox 3251 1497 3544 1554; x_wconf 84' lang='lat' dir='ltr'><strong>egressum</strong></span> <span class='ocrx_word' id='word_1_203' title='bbox 3577 1527 3593 1551; x_wconf 97' lang='lat'><strong>,</strong></span> <span class='ocrx_word' id='word_1_204' title='bbox 3650 1484 3857 1539; x_wconf 86' lang='lat' dir='ltr'><strong>contra</strong></span> 
     </span>
    </p>
   </div>
   <div class='ocr_carea' id='block_1_28' title="bbox 348 1566 3849 1646">
    <p class='ocr_par' dir='ltr' id='par_1_28' title="bbox 348 1566 3849 1646">
     <span class='ocr_line' id='line_1_28' title="bbox 348 1566 3849 1646; baseline -0.002 -15"><span class='ocrx_word' id='word_1_205' title='bbox 348 1569 643 1645; x_wconf 81' lang='lat' dir='ltr'><strong>Bodulphi</strong></span> <span class='ocrx_word' id='word_1_206' title='bbox 686 1577 915 1630; x_wconf 90' lang='lat' dir='ltr'><strong>atatem</strong></span> <span class='ocrx_word' id='word_1_207' title='bbox 956 1570 1146 1629; x_wconf 89' lang='lat' dir='ltr'><strong>medio</strong></span> <span class='ocrx_word' id='word_1_208' title='bbox 1200 1570 1512 1644; x_wconf 90' lang='lat' dir='ltr'><strong>composita</strong></span> <span class='ocrx_word' id='word_1_209' title='bbox 1556 1574 1698 1639; x_wconf 90' lang='lat' dir='ltr'><strong>erat,</strong></span> <span class='ocrx_word' id='word_1_210' title='bbox 1738 1566 1819 1625; x_wconf 90' lang='lat' dir='ltr'><strong>ibi</strong></span> <span class='ocrx_word' id='word_1_211' title='bbox 1856 1586 1868 1625; x_wconf 91' lang='lat'>:</span> <span class='ocrx_word' id='word_1_212' title='bbox 1919 1590 1939 1617; x_wconf 78' lang='grc' dir='ltr'>ι</span> <span class='ocrx_word' id='word_1_213' title='bbox 1981 1566 2052 1624; x_wconf 95' lang='lat' dir='ltr'><strong>In</strong></span> <span class='ocrx_word' id='word_1_214' title='bbox 2138 1566 2501 1628; x_wconf 90' lang='lat' dir='ltr'><strong>S.Benedicti</strong></span> <span class='ocrx_word' id='word_1_215' title='bbox 2522 1571 2781 1645; x_wconf 91' lang='lat' dir='ltr'><strong>regulam</strong></span> <span class='ocrx_word' id='word_1_216' title='bbox 2807 1572 3148 1646; x_wconf 89' lang='lat' dir='ltr'><strong>recepisset:</strong></span> <span class='ocrx_word' id='word_1_217' title='bbox 3178 1596 3205 1624; x_wconf 77' lang='grc' dir='ltr'><strong>(ι</strong></span> <span class='ocrx_word' id='word_1_218' title='bbox 3232 1570 3598 1630; x_wconf 88' lang='lat' dir='ltr'><strong>Succensetis</strong></span> <span class='ocrx_word' id='word_1_219' title='bbox 3615 1570 3849 1639; x_wconf 78' lang='lat' dir='ltr'><strong>enim,»</strong></span> 
     </span>
    </p>
   </div>
   <div class='ocr_carea' id='block_1_29' title="bbox 344 1654 3850 1734">
    <p class='ocr_par' dir='ltr' id='par_1_29' title="bbox 344 1654 3850 1734">
     <span class='ocr_line' id='line_1_29' title="bbox 344 1654 3850 1734; baseline -0.001 -16"><span class='ocrx_word' id='word_1_220' title='bbox 344 1660 454 1718; x_wconf 89' lang='lat' dir='ltr'><strong>hac</strong></span> <span class='ocrx_word' id='word_1_221' title='bbox 490 1676 680 1719; x_wconf 89' lang='lat' dir='ltr'><strong>eremo</strong></span> <span class='ocrx_word' id='word_1_222' title='bbox 717 1660 988 1734; x_wconf 90' lang='lat' dir='ltr'><strong>primitus</strong></span> <span class='ocrx_word' id='word_1_223' title='bbox 1024 1676 1057 1718; x_wconf 92' lang='lat' dir='ltr'><strong>a</strong></span> <span class='ocrx_word' id='word_1_224' title='bbox 1094 1659 1307 1717; x_wconf 90' lang='lat' dir='ltr'><strong>sanctis</strong></span> <span class='ocrx_word' id='word_1_225' title='bbox 1338 1657 1479 1717; x_wconf 88' lang='lat' dir='ltr'><strong>viris</strong></span> <span class='ocrx_word' id='word_1_226' title='bbox 1514 1658 1749 1716; x_wconf 87' lang='lat' dir='ltr'><strong>fuerunt</strong></span> <span class='ocrx_word' id='word_1_227' title='bbox 1786 1658 1909 1714; x_wconf 90' lang='lat' dir='ltr'><strong>hac</strong></span> <span class='ocrx_word' id='word_1_228' title='bbox 1946 1655 2050 1715; x_wconf 88' lang='lat' dir='ltr'><strong>ob-</strong></span> <span class='ocrx_word' id='word_1_229' title='bbox 2132 1654 2343 1729; x_wconf 89' lang='lat' dir='ltr'><strong>inquit,</strong></span> <span class='ocrx_word' id='word_1_230' title='bbox 2384 1681 2404 1710; x_wconf 73' lang='grc' dir='ltr'><strong><em>α</em></strong></span> <span class='ocrx_word' id='word_1_231' title='bbox 2441 1675 2505 1717; x_wconf 93' lang='lat' dir='ltr'><strong>ac</strong></span> <span class='ocrx_word' id='word_1_232' title='bbox 2542 1675 2647 1718; x_wconf 89' lang='lat' dir='ltr'><strong>nos</strong></span> <span class='ocrx_word' id='word_1_233' title='bbox 2680 1667 3098 1734; x_wconf 86' lang='lat' dir='ltr'><strong>conquerentes</strong></span> <span class='ocrx_word' id='word_1_234' title='bbox 3139 1659 3385 1733; x_wconf 88' lang='lat' dir='ltr'><strong>arguitis</strong></span> <span class='ocrx_word' id='word_1_235' title='bbox 3421 1658 3559 1734; x_wconf 88' lang='lat' dir='ltr'><strong>quia</strong></span> <span class='ocrx_word' id='word_1_236' title='bbox 3589 1674 3709 1716; x_wconf 90' lang='lat' dir='ltr'><strong>non</strong></span> <span class='ocrx_word' id='word_1_237' title='bbox 3738 1656 3850 1715; x_wconf 92' lang='lat' dir='ltr'><strong>de-</strong></span> 
     </span>
    </p>
   </div>
   <div class='ocr_carea' id='block_1_30' title="bbox 344 1743 3846 1827">
    <p class='ocr_par' dir='ltr' id='par_1_30' title="bbox 344 1743 3846 1827">
     <span class='ocr_line' id='line_1_30' title="bbox 344 1743 3846 1827; baseline -0.001 -20"><span class='ocrx_word' id='word_1_238' title='bbox 344 1757 590 1821; x_wconf 88' lang='lat' dir='ltr'><strong>servata,</strong></span> <span class='ocrx_word' id='word_1_239' title='bbox 618 1765 793 1824; x_wconf 92' lang='lat' dir='ltr'><strong>quam</strong></span> <span class='ocrx_word' id='word_1_240' title='bbox 818 1749 940 1824; x_wconf 87' lang='lat' dir='ltr'><strong>ipsa</strong></span> <span class='ocrx_word' id='word_1_241' title='bbox 983 1748 1186 1822; x_wconf 88' lang='lat' dir='ltr'><strong>regula</strong></span> <span class='ocrx_word' id='word_1_242' title='bbox 1231 1748 1435 1807; x_wconf 86' lang='lat' dir='ltr'><strong>fuisset</strong></span> <span class='ocrx_word' id='word_1_243' title='bbox 1472 1747 1776 1821; x_wconf 91' lang='lat' dir='ltr'><strong>descripta.</strong></span> <span class='ocrx_word' id='word_1_244' title='bbox 1811 1768 1832 1798; x_wconf 77' lang='grc' dir='ltr'><strong><em>ι</em></strong></span> <span class='ocrx_word' id='word_1_245' title='bbox 1877 1743 2369 1827; x_wconf 63' lang='grc' dir='ltr'><strong>Νυιὶθιῢιιὶωυε</strong></span> <span class='ocrx_word' id='word_1_246' title='bbox 2425 1755 2643 1807; x_wconf 90' lang='lat' dir='ltr'><strong>vestros</strong></span> <span class='ocrx_word' id='word_1_247' title='bbox 2698 1751 3009 1808; x_wconf 85' lang='lat' dir='ltr'><strong>monachos</strong></span> <span class='ocrx_word' id='word_1_248' title='bbox 3059 1748 3121 1806; x_wconf 89' lang='lat' dir='ltr'><strong>in</strong></span> <span class='ocrx_word' id='word_1_249' title='bbox 3180 1764 3372 1808; x_wconf 91' lang='lat' dir='ltr'><strong>eremo</strong></span> <span class='ocrx_word' id='word_1_250' title='bbox 3421 1756 3619 1806; x_wconf 91' lang='lat' dir='ltr'><strong>contra</strong></span> <span class='ocrx_word' id='word_1_251' title='bbox 3673 1746 3737 1805; x_wconf 94' lang='lat' dir='ltr'><strong>B.</strong></span> <span class='ocrx_word' id='word_1_252' title='bbox 3775 1747 3846 1806; x_wconf 91' lang='lat' dir='ltr'><strong>P.</strong></span> 
     </span>
    </p>
   </div>
   <div class='ocr_carea' id='block_1_31' title="bbox 340 1834 3845 1914">
    <p class='ocr_par' dir='ltr' id='par_1_31' title="bbox 340 1834 3845 1914">
     <span class='ocr_line' id='line_1_31' title="bbox 340 1834 3845 1914; baseline 0 -17"><span class='ocrx_word' id='word_1_253' title='bbox 340 1846 555 1909; x_wconf 91' lang='lat' dir='ltr'><strong>autem,</strong></span> <span class='ocrx_word' id='word_1_254' title='bbox 590 1838 704 1896; x_wconf 88' lang='lat' dir='ltr'><strong>nisi</strong></span> <span class='ocrx_word' id='word_1_255' title='bbox 755 1837 907 1897; x_wconf 89' lang='lat' dir='ltr'><strong>Petri</strong></span> <span class='ocrx_word' id='word_1_256' title='bbox 949 1836 1212 1896; x_wconf 90' lang='lat' dir='ltr'><strong>Damiani</strong></span> <span class='ocrx_word' id='word_1_257' title='bbox 1256 1836 1628 1895; x_wconf 89' lang='lat' dir='ltr'><strong>eremitarum</strong></span> <span class='ocrx_word' id='word_1_258' title='bbox 1662 1835 1863 1910; x_wconf 86' lang='lat' dir='ltr'><strong>regula</strong></span> <span class='ocrx_word' id='word_1_259' title='bbox 1898 1834 2048 1894; x_wconf 91' lang='lat' dir='ltr'><strong>dicto</strong></span> <span class='ocrx_word' id='word_1_260' title='bbox 2130 1838 2308 1896; x_wconf 89' lang='lat' dir='ltr'><strong>nostri</strong></span> <span class='ocrx_word' id='word_1_261' title='bbox 2352 1838 2647 1898; x_wconf 89' lang='lat' dir='ltr'><strong>Benedicti</strong></span> <span class='ocrx_word' id='word_1_262' title='bbox 2682 1848 2966 1914; x_wconf 85' lang='lat' dir='ltr'><strong>pracepta</strong></span> <span class='ocrx_word' id='word_1_263' title='bbox 3010 1839 3318 1913; x_wconf 88' lang='lat' dir='ltr'><strong>suscipere.</strong></span> <span class='ocrx_word' id='word_1_264' title='bbox 3358 1862 3379 1890; x_wconf 74' lang='grc' dir='ltr'><strong>ιι</strong></span> <span class='ocrx_word' id='word_1_265' title='bbox 3431 1836 3691 1898; x_wconf 91' lang='lat' dir='ltr'><strong>Ostendit</strong></span> <span class='ocrx_word' id='word_1_266' title='bbox 3731 1852 3845 1897; x_wconf 90' lang='lat' dir='ltr'><strong>au-</strong></span> 
     </span>
    </p>
   </div>
   <div class='ocr_carea' id='block_1_32' title="bbox 339 1925 3847 2003">
    <p class='ocr_par' dir='ltr' id='par_1_32' title="bbox 339 1925 3847 2003">
     <span class='ocr_line' id='line_1_32' title="bbox 339 1925 3847 2003; baseline -0.001 -16"><span class='ocrx_word' id='word_1_267' title='bbox 339 1934 593 2003; x_wconf 89' lang='lat' dir='ltr'><strong>tempore</strong></span> <span class='ocrx_word' id='word_1_268' title='bbox 636 1935 867 1988; x_wconf 90' lang='lat' dir='ltr'><strong>exarata</strong></span> <span class='ocrx_word' id='word_1_269' title='bbox 894 1936 995 1999; x_wconf 86' lang='lat' dir='ltr'><strong>est,</strong></span> <span class='ocrx_word' id='word_1_270' title='bbox 1026 1928 1195 2003; x_wconf 88' lang='lat' dir='ltr'><strong>cujus</strong></span> <span class='ocrx_word' id='word_1_271' title='bbox 1242 1927 1479 2001; x_wconf 87' lang='lat' dir='ltr'><strong>quidem</strong></span> <span class='ocrx_word' id='word_1_272' title='bbox 1519 1926 1785 1985; x_wconf 88' lang='lat' dir='ltr'><strong>notitiam</strong></span> <span class='ocrx_word' id='word_1_273' title='bbox 1832 1925 2047 1984; x_wconf 89' lang='lat' dir='ltr'><strong>habea-</strong></span> <span class='ocrx_word' id='word_1_274' title='bbox 2130 1932 2244 1984; x_wconf 90' lang='lat' dir='ltr'><strong>tem</strong></span> <span class='ocrx_word' id='word_1_275' title='bbox 2292 1928 2723 1988; x_wconf 88' lang='lat' dir='ltr'><strong>sanctissimum</strong></span> <span class='ocrx_word' id='word_1_276' title='bbox 2781 1930 3165 2003; x_wconf 89' lang='lat' dir='ltr'><strong>legislatorem</strong></span> <span class='ocrx_word' id='word_1_277' title='bbox 3224 1934 3488 1987; x_wconf 89' lang='lat' dir='ltr'><strong>nostrum</strong></span> <span class='ocrx_word' id='word_1_278' title='bbox 3548 1927 3847 2001; x_wconf 87' lang='lat' dir='ltr'><strong>vagationi</strong></span> 
     </span>
    </p>
   </div>
   <div class='ocr_carea' id='block_1_33' title="bbox 332 2015 3844 2107">
    <p class='ocr_par' dir='ltr' id='par_1_33' title="bbox 332 2015 3844 2107">
     <span class='ocr_line' id='line_1_33' title="bbox 332 2015 3844 2107; baseline -0.001 -29"><span class='ocrx_word' id='word_1_279' title='bbox 332 2036 485 2090; x_wconf 89' lang='lat' dir='ltr'><strong>mus,</strong></span> <span class='ocrx_word' id='word_1_280' title='bbox 516 2021 709 2107; x_wconf 80' lang='lat' dir='ltr'><strong>itaque</strong></span> <span class='ocrx_word' id='word_1_281' title='bbox 742 2019 867 2077; x_wconf 86' lang='lat' dir='ltr'><strong>hac</strong></span> <span class='ocrx_word' id='word_1_282' title='bbox 908 2019 1031 2090; x_wconf 90' lang='lat' dir='ltr'><strong>ipsa</strong></span> <span class='ocrx_word' id='word_1_283' title='bbox 1072 2024 1175 2090; x_wconf 92' lang='lat' dir='ltr'><strong>est,</strong></span> <span class='ocrx_word' id='word_1_284' title='bbox 1209 2032 1341 2090; x_wconf 90' lang='lat' dir='ltr'><strong>qua</strong></span> <span class='ocrx_word' id='word_1_285' title='bbox 1388 2015 1859 2075; x_wconf 82' lang='lat' dir='ltr'><strong>Camaldulenses</strong></span> <span class='ocrx_word' id='word_1_286' title='bbox 1887 2017 2042 2092; x_wconf 90' lang='lat' dir='ltr'><strong>apud</strong></span> <span class='ocrx_word' id='word_1_287' title='bbox 2124 2015 2409 2075; x_wconf 83' lang='lat' dir='ltr'><strong>duntaxat</strong></span> <span class='ocrx_word' id='word_1_288' title='bbox 2447 2034 2519 2077; x_wconf 87' lang='lat' dir='ltr'><strong>ex</strong></span> <span class='ocrx_word' id='word_1_289' title='bbox 2552 2034 2671 2078; x_wconf 91' lang='lat' dir='ltr'><strong>uno</strong></span> <span class='ocrx_word' id='word_1_290' title='bbox 2701 2018 2764 2077; x_wconf 91' lang='lat' dir='ltr'><strong>in</strong></span> <span class='ocrx_word' id='word_1_291' title='bbox 2792 2018 2955 2077; x_wconf 92' lang='lat' dir='ltr'><strong>aliud</strong></span> <span class='ocrx_word' id='word_1_292' title='bbox 3000 2017 3334 2077; x_wconf 82' lang='lat' dir='ltr'><strong>cauobium</strong></span> <span class='ocrx_word' id='word_1_293' title='bbox 3383 2032 3684 2077; x_wconf 91' lang='lat' dir='ltr'><strong>occurrere</strong></span> <span class='ocrx_word' id='word_1_294' title='bbox 3734 2033 3844 2075; x_wconf 87' lang='lat' dir='ltr'><strong>vo-</strong></span> 
     </span>
    </p>
   </div>
   <div class='ocr_carea' id='block_1_34' title="bbox 331 2104 3844 2180">
    <p class='ocr_par' dir='ltr' id='par_1_34' title="bbox 331 2104 3844 2180">
     <span class='ocr_line' id='line_1_34' title="bbox 331 2104 3844 2180; baseline -0.001 -14"><span class='ocrx_word' id='word_1_295' title='bbox 331 2104 598 2166; x_wconf 82' lang='lat' dir='ltr'><strong>eremitas</strong></span> <span class='ocrx_word' id='word_1_296' title='bbox 644 2107 705 2165; x_wconf 91' lang='lat' dir='ltr'><strong>in</strong></span> <span class='ocrx_word' id='word_1_297' title='bbox 747 2122 860 2165; x_wconf 91' lang='lat' dir='ltr'><strong>usu</strong></span> <span class='ocrx_word' id='word_1_298' title='bbox 891 2111 1129 2165; x_wconf 87' lang='lat' dir='ltr'><strong>eatenus</strong></span> <span class='ocrx_word' id='word_1_299' title='bbox 1185 2107 1391 2179; x_wconf 83' lang='lat' dir='ltr'><strong>fuerat,</strong></span> <span class='ocrx_word' id='word_1_300' title='bbox 1421 2112 1475 2164; x_wconf 91' lang='lat' dir='ltr'><strong>et</strong></span> <span class='ocrx_word' id='word_1_301' title='bbox 1510 2104 1799 2179; x_wconf 87' lang='lat' dir='ltr'><strong>deinceps,</strong></span> <span class='ocrx_word' id='word_1_302' title='bbox 1836 2107 1897 2163; x_wconf 92' lang='lat' dir='ltr'><strong>in</strong></span> <span class='ocrx_word' id='word_1_303' title='bbox 1927 2105 2039 2180; x_wconf 88' lang='lat' dir='ltr'><strong>his,</strong></span> <span class='ocrx_word' id='word_1_304' title='bbox 2123 2104 2303 2163; x_wconf 92' lang='lat' dir='ltr'><strong>luisse</strong></span> <span class='ocrx_word' id='word_1_305' title='bbox 2334 2125 2349 2179; x_wconf 87' lang='lat'><strong>;</strong></span> <span class='ocrx_word' id='word_1_306' title='bbox 2388 2123 2501 2165; x_wconf 91' lang='lat' dir='ltr'><strong>non</strong></span> <span class='ocrx_word' id='word_1_307' title='bbox 2556 2106 2859 2180; x_wconf 90' lang='lat' dir='ltr'><strong>prohibere</strong></span> <span class='ocrx_word' id='word_1_308' title='bbox 2888 2114 3100 2176; x_wconf 89' lang='lat' dir='ltr'><strong>autem,</strong></span> <span class='ocrx_word' id='word_1_309' title='bbox 3133 2106 3252 2164; x_wconf 91' lang='lat' dir='ltr'><strong>imo</strong></span> <span class='ocrx_word' id='word_1_310' title='bbox 3280 2121 3481 2165; x_wconf 91' lang='lat' dir='ltr'><strong>omnes</strong></span> <span class='ocrx_word' id='word_1_311' title='bbox 3510 2104 3748 2177; x_wconf 89' lang='lat' dir='ltr'><strong>hortari,</strong></span> <span class='ocrx_word' id='word_1_312' title='bbox 3775 2111 3844 2164; x_wconf 87' lang='lat' dir='ltr'><strong>ut</strong></span> 
     </span>
    </p>
   </div>
   <div class='ocr_carea' id='block_1_35' title="bbox 329 2194 3842 2273">
    <p class='ocr_par' dir='ltr' id='par_1_35' title="bbox 329 2194 3842 2273">
     <span class='ocr_line' id='line_1_35' title="bbox 329 2194 3842 2273; baseline -0.001 -16"><span class='ocrx_word' id='word_1_313' title='bbox 329 2213 462 2273; x_wconf 89' lang='lat' dir='ltr'><strong>qua</strong></span> <span class='ocrx_word' id='word_1_314' title='bbox 499 2196 909 2256; x_wconf 90' lang='lat' dir='ltr'><strong>vetustioribus</strong></span> <span class='ocrx_word' id='word_1_315' title='bbox 954 2197 1135 2255; x_wconf 89' lang='lat' dir='ltr'><strong>eremi</strong></span> <span class='ocrx_word' id='word_1_316' title='bbox 1181 2197 1345 2255; x_wconf 90' lang='lat' dir='ltr'><strong>illius</strong></span> <span class='ocrx_word' id='word_1_317' title='bbox 1390 2196 1596 2255; x_wconf 91' lang='lat' dir='ltr'><strong>usibus</strong></span> <span class='ocrx_word' id='word_1_318' title='bbox 1637 2210 1751 2253; x_wconf 89' lang='lat' dir='ltr'><strong>non</strong></span> <span class='ocrx_word' id='word_1_319' title='bbox 1793 2197 2039 2253; x_wconf 88' lang='lat' dir='ltr'><strong>contrai-</strong></span> <span class='ocrx_word' id='word_1_320' title='bbox 2121 2210 2196 2252; x_wconf 93' lang='lat' dir='ltr'><strong>ex</strong></span> <span class='ocrx_word' id='word_1_321' title='bbox 2227 2195 2565 2254; x_wconf 82' lang='lat' dir='ltr'><strong>canobitica</strong></span> <span class='ocrx_word' id='word_1_322' title='bbox 2593 2198 2662 2256; x_wconf 90' lang='lat' dir='ltr'><strong>ad</strong></span> <span class='ocrx_word' id='word_1_323' title='bbox 2693 2198 3088 2271; x_wconf 81' lang='lat' dir='ltr'><strong>perfectiorem</strong></span> <span class='ocrx_word' id='word_1_324' title='bbox 3134 2196 3508 2255; x_wconf 88' lang='lat' dir='ltr'><strong>eremitarum</strong></span> <span class='ocrx_word' id='word_1_325' title='bbox 3558 2194 3737 2254; x_wconf 90' lang='lat' dir='ltr'><strong>vitam</strong></span> <span class='ocrx_word' id='word_1_326' title='bbox 3778 2209 3842 2252; x_wconf 90' lang='lat' dir='ltr'><strong>se</strong></span> 
     </span>
    </p>
   </div>
   <div class='ocr_carea' id='block_1_36' title="bbox 325 2284 3841 2359">
    <p class='ocr_par' dir='ltr' id='par_1_36' title="bbox 325 2284 3841 2359">
     <span class='ocr_line' id='line_1_36' title="bbox 325 2284 3841 2359; baseline -0.001 -14"><span class='ocrx_word' id='word_1_327' title='bbox 325 2294 495 2359; x_wconf 86' lang='lat' dir='ltr'><strong>rent,</strong></span> <span class='ocrx_word' id='word_1_328' title='bbox 561 2287 919 2347; x_wconf 90' lang='lat' dir='ltr'><strong>observanda</strong></span> <span class='ocrx_word' id='word_1_329' title='bbox 974 2286 1166 2344; x_wconf 89' lang='lat' dir='ltr'><strong>adhuc</strong></span> <span class='ocrx_word' id='word_1_330' title='bbox 1215 2302 1249 2343; x_wconf 92' lang='lat' dir='ltr'><strong>a</strong></span> <span class='ocrx_word' id='word_1_331' title='bbox 1297 2284 1610 2359; x_wconf 80' lang='lat' dir='ltr'><strong>Rodulpho</strong></span> <span class='ocrx_word' id='word_1_332' title='bbox 1673 2284 2035 2358; x_wconf 89' lang='lat' dir='ltr'><strong>proponitur.</strong></span> <span class='ocrx_word' id='word_1_333' title='bbox 2124 2288 2483 2346; x_wconf 87' lang='lat' dir='ltr'><strong>transferant.</strong></span> <span class='ocrx_word' id='word_1_334' title='bbox 2520 2286 2707 2358; x_wconf 87' lang='lat' dir='ltr'><strong>Quare</strong></span> <span class='ocrx_word' id='word_1_335' title='bbox 2756 2288 2898 2347; x_wconf 90' lang='lat' dir='ltr'><strong>adeo</strong></span> <span class='ocrx_word' id='word_1_336' title='bbox 2937 2286 3207 2347; x_wconf 89' lang='lat' dir='ltr'><strong>coincidit</strong></span> <span class='ocrx_word' id='word_1_337' title='bbox 3262 2285 3576 2346; x_wconf 84' lang='lat' dir='ltr'><strong>Romualdi</strong></span> <span class='ocrx_word' id='word_1_338' title='bbox 3621 2291 3675 2343; x_wconf 93' lang='lat' dir='ltr'><strong>et</strong></span> <span class='ocrx_word' id='word_1_339' title='bbox 3720 2285 3841 2344; x_wconf 89' lang='lat' dir='ltr'><strong>Da-</strong></span> 
     </span>
    </p>
   </div>
   <div class='ocr_carea' id='block_1_37' title="bbox 324 2372 3843 2450">
    <p class='ocr_par' dir='ltr' id='par_1_37' title="bbox 324 2372 3843 2450">
     <span class='ocr_line' id='line_1_37' title="bbox 324 2372 3843 2450; baseline -0.001 -16"><span class='ocrx_word' id='word_1_340' title='bbox 324 2373 537 2445; x_wconf 88' lang='lat' dir='ltr'><strong>Quarto</strong></span> <span class='ocrx_word' id='word_1_341' title='bbox 563 2374 814 2450; x_wconf 90' lang='lat' dir='ltr'><strong>denique</strong></span> <span class='ocrx_word' id='word_1_342' title='bbox 856 2374 1131 2434; x_wconf 88' lang='lat' dir='ltr'><strong>doctrina</strong></span> <span class='ocrx_word' id='word_1_343' title='bbox 1177 2373 1319 2448; x_wconf 79' lang='lat' dir='ltr'><strong>ipsa</strong></span> <span class='ocrx_word' id='word_1_344' title='bbox 1350 2397 1370 2424; x_wconf 79' lang='grc' dir='ltr'>ι</span> <span class='ocrx_word' id='word_1_345' title='bbox 1404 2372 1478 2430; x_wconf 93' lang='lat' dir='ltr'><strong>de</strong></span> <span class='ocrx_word' id='word_1_346' title='bbox 1507 2372 1673 2430; x_wconf 88' lang='lat' dir='ltr'><strong>cella</strong></span> <span class='ocrx_word' id='word_1_347' title='bbox 1716 2379 2037 2446; x_wconf 89' lang='lat' dir='ltr'><strong>sequestra-</strong></span> <span class='ocrx_word' id='word_1_348' title='bbox 2119 2374 2300 2433; x_wconf 90' lang='lat' dir='ltr'><strong>miani</strong></span> <span class='ocrx_word' id='word_1_349' title='bbox 2330 2375 2683 2448; x_wconf 89' lang='lat' dir='ltr'><strong>institutum,</strong></span> <span class='ocrx_word' id='word_1_350' title='bbox 2723 2384 2788 2436; x_wconf 91' lang='lat' dir='ltr'><strong>ut</strong></span> <span class='ocrx_word' id='word_1_351' title='bbox 2821 2377 3000 2435; x_wconf 91' lang='lat' dir='ltr'><strong>unius</strong></span> <span class='ocrx_word' id='word_1_352' title='bbox 3048 2374 3307 2435; x_wconf 84' lang='lat' dir='ltr'><strong>defensio</strong></span> <span class='ocrx_word' id='word_1_353' title='bbox 3350 2375 3589 2434; x_wconf 89' lang='lat' dir='ltr'><strong>alterius</strong></span> <span class='ocrx_word' id='word_1_354' title='bbox 3619 2375 3843 2448; x_wconf 90' lang='lat' dir='ltr'><strong>pariter</strong></span> 
     </span>
    </p>
   </div>
   <div class='ocr_carea' id='block_1_38' title="bbox 322 2464 3843 2541">
    <p class='ocr_par' dir='ltr' id='par_1_38' title="bbox 322 2464 3843 2541">
     <span class='ocr_line' id='line_1_38' title="bbox 322 2464 3843 2541; baseline -0.001 -16"><span class='ocrx_word' id='word_1_355' title='bbox 322 2466 498 2537; x_wconf 88' lang='lat' dir='ltr'><strong>tione,</strong></span> <span class='ocrx_word' id='word_1_356' title='bbox 543 2468 614 2526; x_wconf 94' lang='lat' dir='ltr'><strong>de</strong></span> <span class='ocrx_word' id='word_1_357' title='bbox 652 2467 1085 2526; x_wconf 89' lang='lat' dir='ltr'><strong>conversatione</strong></span> <span class='ocrx_word' id='word_1_358' title='bbox 1137 2472 1301 2524; x_wconf 85' lang='lat' dir='ltr'><strong>extra</strong></span> <span class='ocrx_word' id='word_1_359' title='bbox 1351 2464 1581 2538; x_wconf 91' lang='lat' dir='ltr'><strong>cellam,</strong></span> <span class='ocrx_word' id='word_1_360' title='bbox 1621 2464 1692 2523; x_wconf 90' lang='lat' dir='ltr'><strong>de</strong></span> <span class='ocrx_word' id='word_1_361' title='bbox 1749 2466 2033 2522; x_wconf 87' lang='lat' dir='ltr'><strong>virtutum</strong></span> <span class='ocrx_word' id='word_1_362' title='bbox 2116 2465 2377 2541; x_wconf 89' lang='lat' dir='ltr'><strong>apologia</strong></span> <span class='ocrx_word' id='word_1_363' title='bbox 2438 2474 2758 2526; x_wconf 88' lang='lat' dir='ltr'><strong>censeatur.</strong></span> <span class='ocrx_word' id='word_1_364' title='bbox 2829 2466 2972 2526; x_wconf 89' lang='lat' dir='ltr'><strong>Ecce</strong></span> <span class='ocrx_word' id='word_1_365' title='bbox 3039 2466 3410 2525; x_wconf 89' lang='lat' dir='ltr'><strong>Thomassini</strong></span> <span class='ocrx_word' id='word_1_366' title='bbox 3465 2465 3641 2525; x_wconf 90' lang='lat' dir='ltr'><strong>verba</strong></span> <span class='ocrx_word' id='word_1_367' title='bbox 3717 2465 3843 2524; x_wconf 90' lang='lat' dir='ltr'><strong>loco</strong></span> 
     </span>
    </p>
   </div>
   <div class='ocr_carea' id='block_1_39' title="bbox 320 2553 3835 2630">
    <p class='ocr_par' dir='ltr' id='par_1_39' title="bbox 320 2553 3835 2630">
     <span class='ocr_line' id='line_1_39' title="bbox 320 2553 3835 2630; baseline -0.001 -15"><span class='ocrx_word' id='word_1_368' title='bbox 320 2555 731 2629; x_wconf 86' lang='lat' dir='ltr'><strong>acquisitione,</strong></span> <span class='ocrx_word' id='word_1_369' title='bbox 779 2556 850 2615; x_wconf 92' lang='lat' dir='ltr'><strong>de</strong></span> <span class='ocrx_word' id='word_1_370' title='bbox 896 2554 1239 2616; x_wconf 89' lang='lat' dir='ltr'><strong>discretione</strong></span> <span class='ocrx_word' id='word_1_371' title='bbox 1295 2554 1558 2629; x_wconf 90' lang='lat' dir='ltr'><strong>pralati,</strong></span> <span class='ocrx_word' id='word_1_372' title='bbox 1591 2576 1618 2606; x_wconf 75' lang='grc' dir='ltr'><strong>ιι</strong></span> <span class='ocrx_word' id='word_1_373' title='bbox 1680 2568 1815 2628; x_wconf 90' lang='lat' dir='ltr'><strong>qua</strong></span> <span class='ocrx_word' id='word_1_374' title='bbox 1886 2553 2034 2612; x_wconf 90' lang='lat' dir='ltr'><strong>inibi</strong></span> <span class='ocrx_word' id='word_1_375' title='bbox 2115 2555 2258 2614; x_wconf 84' lang='lat' dir='ltr'><strong>cit.:</strong></span> <span class='ocrx_word' id='word_1_376' title='bbox 2314 2578 2335 2607; x_wconf 76' lang='grc' dir='ltr'>ι</span> <span class='ocrx_word' id='word_1_377' title='bbox 2376 2555 2616 2630; x_wconf 88' lang='lat' dir='ltr'><strong>Scripsit</strong></span> <span class='ocrx_word' id='word_1_378' title='bbox 2660 2556 2971 2616; x_wconf 80' lang='lat' dir='ltr'><strong>Romualdi</strong></span> <span class='ocrx_word' id='word_1_379' title='bbox 3017 2556 3195 2615; x_wconf 89' lang='lat' dir='ltr'><strong>vitam</strong></span> <span class='ocrx_word' id='word_1_380' title='bbox 3244 2556 3449 2615; x_wconf 90' lang='lat' dir='ltr'><strong>Petrus</strong></span> <span class='ocrx_word' id='word_1_381' title='bbox 3489 2555 3835 2627; x_wconf 89' lang='lat' dir='ltr'><strong>Damianus,</strong></span> 
     </span>
    </p>
   </div>
   <div class='ocr_carea' id='block_1_40' title="bbox 317 2643 3842 2721">
    <p class='ocr_par' dir='ltr' id='par_1_40' title="bbox 317 2643 3842 2721">
     <span class='ocr_line' id='line_1_40' title="bbox 317 2643 3842 2721; baseline 0 -16"><span class='ocrx_word' id='word_1_382' title='bbox 317 2647 612 2705; x_wconf 89' lang='lat' dir='ltr'><strong>continere</strong></span> <span class='ocrx_word' id='word_1_383' title='bbox 652 2651 1013 2718; x_wconf 90' lang='lat' dir='ltr'><strong>asseruntur,</strong></span> <span class='ocrx_word' id='word_1_384' title='bbox 1065 2646 1253 2720; x_wconf 89' lang='lat' dir='ltr'><strong>reipsa</strong></span> <span class='ocrx_word' id='word_1_385' title='bbox 1298 2645 1361 2703; x_wconf 92' lang='lat' dir='ltr'><strong>in</strong></span> <span class='ocrx_word' id='word_1_386' title='bbox 1409 2644 1693 2717; x_wconf 91' lang='lat' dir='ltr'><strong>opusculo</strong></span> <span class='ocrx_word' id='word_1_387' title='bbox 1731 2643 1883 2702; x_wconf 90' lang='lat' dir='ltr'><strong>Petri</strong></span> <span class='ocrx_word' id='word_1_388' title='bbox 1928 2643 2034 2701; x_wconf 90' lang='lat' dir='ltr'><strong>Da-</strong></span> <span class='ocrx_word' id='word_1_389' title='bbox 2112 2645 2340 2719; x_wconf 88' lang='lat' dir='ltr'><strong>scripsit</strong></span> <span class='ocrx_word' id='word_1_390' title='bbox 2369 2654 2425 2705; x_wconf 92' lang='lat' dir='ltr'><strong>et</strong></span> <span class='ocrx_word' id='word_1_391' title='bbox 2453 2647 2802 2721; x_wconf 89' lang='lat' dir='ltr'><strong>apologiam,</strong></span> <span class='ocrx_word' id='word_1_392' title='bbox 2831 2646 3133 2706; x_wconf 84' lang='lat' dir='ltr'><strong>confestim</strong></span> <span class='ocrx_word' id='word_1_393' title='bbox 3154 2647 3313 2706; x_wconf 91' lang='lat' dir='ltr'><strong>enim</strong></span> <span class='ocrx_word' id='word_1_394' title='bbox 3339 2645 3432 2704; x_wconf 88' lang='lat' dir='ltr'><strong>his</strong></span> <span class='ocrx_word' id='word_1_395' title='bbox 3461 2645 3842 2705; x_wconf 90' lang='lat' dir='ltr'><strong>anachoretis</strong></span> 
     </span>
    </p>
   </div>
   <div class='ocr_carea' id='block_1_41' title="bbox 314 2733 3838 2811">
    <p class='ocr_par' dir='ltr' id='par_1_41' title="bbox 314 2733 3838 2811">
     <span class='ocr_line' id='line_1_41' title="bbox 314 2733 3838 2811; baseline -0 -16"><span class='ocrx_word' id='word_1_396' title='bbox 314 2737 494 2796; x_wconf 87' lang='lat' dir='ltr'><strong>miani</strong></span> <span class='ocrx_word' id='word_1_397' title='bbox 522 2744 853 2809; x_wconf 89' lang='lat' dir='ltr'><strong>occurrunt,</strong></span> <span class='ocrx_word' id='word_1_398' title='bbox 886 2744 949 2796; x_wconf 94' lang='lat' dir='ltr'><strong>ut</strong></span> <span class='ocrx_word' id='word_1_399' title='bbox 981 2736 1308 2811; x_wconf 84' lang='lat' dir='ltr'><strong>legentibus</strong></span> <span class='ocrx_word' id='word_1_400' title='bbox 1352 2740 1518 2808; x_wconf 91' lang='lat' dir='ltr'><strong>patet.</strong></span> <span class='ocrx_word' id='word_1_401' title='bbox 1554 2733 1743 2803; x_wconf 87' lang='lat' dir='ltr'><strong>Quare</strong></span> <span class='ocrx_word' id='word_1_402' title='bbox 1786 2734 2030 2793; x_wconf 91' lang='lat' dir='ltr'><strong>omnino</strong></span> <span class='ocrx_word' id='word_1_403' title='bbox 2112 2750 2358 2793; x_wconf 87' lang='lat' dir='ltr'><strong>summa</strong></span> <span class='ocrx_word' id='word_1_404' title='bbox 2391 2736 2460 2793; x_wconf 93' lang='lat' dir='ltr'><strong>ad</strong></span> <span class='ocrx_word' id='word_1_405' title='bbox 2490 2737 2857 2809; x_wconf 87' lang='lat' dir='ltr'><strong>perfectionis</strong></span> <span class='ocrx_word' id='word_1_406' title='bbox 2886 2736 3152 2796; x_wconf 91' lang='lat' dir='ltr'><strong>columen</strong></span> <span class='ocrx_word' id='word_1_407' title='bbox 3188 2735 3575 2795; x_wconf 86' lang='lat' dir='ltr'><strong>eluctantibus</strong></span> <span class='ocrx_word' id='word_1_408' title='bbox 3607 2734 3838 2794; x_wconf 84' lang='lat' dir='ltr'><strong>obtrec-</strong></span> 
     </span>
    </p>
   </div>
   <div class='ocr_carea' id='block_1_42' title="bbox 311 2822 3839 2900">
    <p class='ocr_par' dir='ltr' id='par_1_42' title="bbox 311 2822 3839 2900">
     <span class='ocr_line' id='line_1_42' title="bbox 311 2822 3839 2900; baseline -0.001 -14"><span class='ocrx_word' id='word_1_409' title='bbox 311 2828 614 2887; x_wconf 81' lang='lat' dir='ltr'><strong>coniicitur</strong></span> <span class='ocrx_word' id='word_1_410' title='bbox 657 2825 954 2898; x_wconf 78' lang='lat' dir='ltr'><strong>Rodulphi</strong></span> <span class='ocrx_word' id='word_1_411' title='bbox 1013 2832 1271 2896; x_wconf 89' lang='lat' dir='ltr'><strong>tempore</strong></span> <span class='ocrx_word' id='word_1_412' title='bbox 1318 2823 1504 2895; x_wconf 90' lang='lat' dir='ltr'><strong>ipsam</strong></span> <span class='ocrx_word' id='word_1_413' title='bbox 1550 2822 1699 2880; x_wconf 88' lang='lat' dir='ltr'><strong>Petri</strong></span> <span class='ocrx_word' id='word_1_414' title='bbox 1759 2822 2029 2880; x_wconf 92' lang='lat' dir='ltr'><strong>Damiani</strong></span> <span class='ocrx_word' id='word_1_415' title='bbox 2111 2823 2217 2881; x_wconf 91' lang='lat' dir='ltr'><strong>tari</strong></span> <span class='ocrx_word' id='word_1_416' title='bbox 2246 2830 2496 2897; x_wconf 86' lang='lat' dir='ltr'><strong>coeptum</strong></span> <span class='ocrx_word' id='word_1_417' title='bbox 2523 2832 2627 2896; x_wconf 93' lang='lat' dir='ltr'><strong>est,</strong></span> <span class='ocrx_word' id='word_1_418' title='bbox 2664 2826 2819 2900; x_wconf 90' lang='lat' dir='ltr'><strong>quod</strong></span> <span class='ocrx_word' id='word_1_419' title='bbox 2874 2826 3140 2884; x_wconf 90' lang='lat' dir='ltr'><strong>semitam</strong></span> <span class='ocrx_word' id='word_1_420' title='bbox 3185 2828 3469 2893; x_wconf 86' lang='lat' dir='ltr'><strong>tenerent,</strong></span> <span class='ocrx_word' id='word_1_421' title='bbox 3511 2839 3685 2899; x_wconf 90' lang='lat' dir='ltr'><strong>quam</strong></span> <span class='ocrx_word' id='word_1_422' title='bbox 3715 2839 3839 2883; x_wconf 91' lang='lat' dir='ltr'><strong>non</strong></span> 
     </span>
    </p>
   </div>
   <div class='ocr_carea' id='block_1_43' title="bbox 309 2910 3836 2990">
    <p class='ocr_par' dir='ltr' id='par_1_43' title="bbox 309 2910 3836 2990">
     <span class='ocr_line' id='line_1_43' title="bbox 309 2910 3836 2990; baseline -0.001 -15"><span class='ocrx_word' id='word_1_423' title='bbox 309 2916 570 2990; x_wconf 89' lang='lat' dir='ltr'><strong>regulam</strong></span> <span class='ocrx_word' id='word_1_424' title='bbox 600 2916 661 2974; x_wconf 92' lang='lat' dir='ltr'><strong>in</strong></span> <span class='ocrx_word' id='word_1_425' title='bbox 699 2930 857 2974; x_wconf 88' lang='lat' dir='ltr'><strong>sacra</strong></span> <span class='ocrx_word' id='word_1_426' title='bbox 891 2913 1315 2973; x_wconf 74' lang='lat' dir='ltr'><strong>tlamaldulensi</strong></span> <span class='ocrx_word' id='word_1_427' title='bbox 1349 2927 1563 2984; x_wconf 90' lang='lat' dir='ltr'><strong>eremo,</strong></span> <span class='ocrx_word' id='word_1_428' title='bbox 1592 2911 1830 2985; x_wconf 89' lang='lat' dir='ltr'><strong>perinde</strong></span> <span class='ocrx_word' id='word_1_429' title='bbox 1868 2927 1934 2969; x_wconf 89' lang='lat' dir='ltr'><strong>ac</strong></span> <span class='ocrx_word' id='word_1_430' title='bbox 1961 2910 2024 2968; x_wconf 89' lang='lat' dir='ltr'><strong>in</strong></span> <span class='ocrx_word' id='word_1_431' title='bbox 2108 2919 2623 2987; x_wconf 90' lang='lat' dir='ltr'><strong>pramonstrasset,</strong></span> <span class='ocrx_word' id='word_1_432' title='bbox 2654 2930 2771 2973; x_wconf 90' lang='lat' dir='ltr'><strong>non</strong></span> <span class='ocrx_word' id='word_1_433' title='bbox 2816 2916 3093 2974; x_wconf 87' lang='lat' dir='ltr'><strong>tenuisset</strong></span> <span class='ocrx_word' id='word_1_434' title='bbox 3135 2914 3199 2973; x_wconf 93' lang='grc' dir='ltr'><strong>Β.</strong></span> <span class='ocrx_word' id='word_1_435' title='bbox 3246 2913 3613 2984; x_wconf 89' lang='lat' dir='ltr'><strong>Benedictus,</strong></span> <span class='ocrx_word' id='word_1_436' title='bbox 3647 2911 3836 2988; x_wconf 91' lang='lat' dir='ltr'><strong>quod-</strong></span> 
     </span>
    </p>
   </div>
   <div class='ocr_carea' id='block_1_44' title="bbox 311 3000 3834 3079">
    <p class='ocr_par' dir='ltr' id='par_1_44' title="bbox 311 3000 3834 3079">
     <span class='ocr_line' id='line_1_44' title="bbox 311 3000 3834 3079; baseline -0.001 -15"><span class='ocrx_word' id='word_1_437' title='bbox 311 3005 610 3064; x_wconf 85' lang='lat' dir='ltr'><strong>Avellana</strong></span> <span class='ocrx_word' id='word_1_438' title='bbox 640 3004 972 3074; x_wconf 88' lang='lat' dir='ltr'><strong>solitudine,</strong></span> <span class='ocrx_word' id='word_1_439' title='bbox 1002 3010 1287 3078; x_wconf 90' lang='lat' dir='ltr'><strong>receptam</strong></span> <span class='ocrx_word' id='word_1_440' title='bbox 1317 3001 1496 3060; x_wconf 89' lang='lat' dir='ltr'><strong>fuisse</strong></span> <span class='ocrx_word' id='word_1_441' title='bbox 1547 3007 1720 3075; x_wconf 88' lang='lat' dir='ltr'><strong>atque</strong></span> <span class='ocrx_word' id='word_1_442' title='bbox 1760 3016 1832 3059; x_wconf 84' lang='lat' dir='ltr'><strong>ex</strong></span> <span class='ocrx_word' id='word_1_443' title='bbox 1868 3000 2020 3058; x_wconf 89' lang='lat' dir='ltr'><strong>inte-</strong></span> <span class='ocrx_word' id='word_1_444' title='bbox 2108 3017 2220 3075; x_wconf 91' lang='lat' dir='ltr'><strong>que</strong></span> <span class='ocrx_word' id='word_1_445' title='bbox 2248 3018 2352 3060; x_wconf 92' lang='lat' dir='ltr'><strong>suo</strong></span> <span class='ocrx_word' id='word_1_446' title='bbox 2391 3004 2565 3062; x_wconf 82' lang='lat' dir='ltr'><strong>catui</strong></span> <span class='ocrx_word' id='word_1_447' title='bbox 2610 3010 2984 3079; x_wconf 81' lang='lat' dir='ltr'><strong>aggregarent</strong></span> <span class='ocrx_word' id='word_1_448' title='bbox 3030 3003 3515 3062; x_wconf 86' lang='lat' dir='ltr'><strong>monasteriorum</strong></span> <span class='ocrx_word' id='word_1_449' title='bbox 3545 3002 3611 3061; x_wconf 94' lang='lat' dir='ltr'><strong>B.</strong></span> <span class='ocrx_word' id='word_1_450' title='bbox 3642 3002 3834 3060; x_wconf 88' lang='lat' dir='ltr'><strong>Bene-</strong></span> 
     </span>
    </p>
   </div>
   <div class='ocr_carea' id='block_1_45' title="bbox 310 3090 3832 3190">
    <p class='ocr_par' dir='ltr' id='par_1_45' title="bbox 310 3090 3832 3190">
     <span class='ocr_line' id='line_1_45' title="bbox 310 3090 3832 3190; baseline -0.001 -36"><span class='ocrx_word' id='word_1_451' title='bbox 310 3111 414 3168; x_wconf 86' lang='lat' dir='ltr'><strong>gro</strong></span> <span class='ocrx_word' id='word_1_452' title='bbox 436 3110 582 3169; x_wconf 89' lang='lat' dir='ltr'><strong>pene</strong></span> <span class='ocrx_word' id='word_1_453' title='bbox 610 3094 994 3153; x_wconf 88' lang='lat' dir='ltr'><strong>observatam.</strong></span> <span class='ocrx_word' id='word_1_454' title='bbox 1304 3188 1348 3190; x_wconf 10' lang='lat' dir='ltr'><strong>r_</strong></span> <span class='ocrx_word' id='word_1_455' title='bbox 1492 3186 1519 3190; x_wconf 22' lang='grc' dir='ltr'><em>ᾔ</em></span> <span class='ocrx_word' id='word_1_456' title='bbox 1658 3186 1672 3190; x_wconf 65' lang='lat'><em>_</em></span> <span class='ocrx_word' id='word_1_457' title='bbox 1697 3186 1711 3190; x_wconf 68' lang='lat'><em>_</em></span> <span class='ocrx_word' id='word_1_458' title='bbox 1766 3185 1778 3190; x_wconf 64' lang='lat'><em>_</em></span> <span class='ocrx_word' id='word_1_459' title='bbox 1897 3185 1906 3190; x_wconf 32' lang='lat'><strong><em>-</em></strong></span> <span class='ocrx_word' id='word_1_460' title='bbox 2045 3090 2242 3190; x_wconf 81' lang='lat' dir='ltr'><strong>Gdicti</strong></span> <span class='ocrx_word' id='word_1_461' title='bbox 2284 3092 2757 3190; x_wconf 39' lang='lat' dir='ltr'><strong>desertores.&quot;IIis</strong></span> <span class='ocrx_word' id='word_1_462' title='bbox 2796 3109 2897 3190; x_wconf 83' lang='lat' dir='ltr'><strong>ora</strong></span> <span class='ocrx_word' id='word_1_463' title='bbox 2928 3092 3479 3190; x_wconf 47' lang='lat' dir='ltr'><strong>obtumbatuPetrus</strong></span> <span class='ocrx_word' id='word_1_464' title='bbox 3508 3091 3832 3190; x_wconf 78' lang='lat' dir='ltr'><strong>Damianus</strong></span> 
     </span>
    </p>
   </div>
   <div class='ocr_carea' id='block_1_46' title="bbox 380 3181 3834 3269">
    <p class='ocr_par' dir='ltr' id='par_1_46' title="bbox 380 3181 3834 3269">
     <span class='ocr_line' id='line_1_46' title="bbox 380 3181 3834 3269; baseline -0.003 -16"><span class='ocrx_word' id='word_1_465' title='bbox 380 3193 536 3253; x_wconf 92' lang='lat' dir='ltr'><strong>VIII.</strong></span> <span class='ocrx_word' id='word_1_466' title='bbox 563 3193 592 3253; x_wconf 90' lang='lat' dir='ltr'>J</span> <span class='ocrx_word' id='word_1_467' title='bbox 604 3208 704 3251; x_wconf 89' lang='lat' dir='ltr'><strong>ure</strong></span> <span class='ocrx_word' id='word_1_468' title='bbox 728 3191 908 3266; x_wconf 89' lang='lat' dir='ltr'><strong>igitur</strong></span> <span class='ocrx_word' id='word_1_469' title='bbox 947 3191 1270 3264; x_wconf 87' lang='lat' dir='ltr'><strong>meritoque</strong></span> <span class='ocrx_word' id='word_1_470' title='bbox 1297 3188 1452 3246; x_wconf 92' lang='lat' dir='ltr'><strong>idem</strong></span> <span class='ocrx_word' id='word_1_471' title='bbox 1482 3185 2018 3245; x_wconf 87' lang='lat' dir='ltr'><strong>Camaldulensium</strong></span> <span class='ocrx_word' id='word_1_472' title='bbox 2049 3181 2219 3241; x_wconf 60' lang='lat' dir='ltr'><strong>“hoc</strong></span> <span class='ocrx_word' id='word_1_473' title='bbox 2261 3199 2534 3256; x_wconf 89' lang='lat' dir='ltr'><strong>responso</strong></span> <span class='ocrx_word' id='word_1_474' title='bbox 2569 3208 2580 3241; x_wconf 90' lang='lat'><strong>:</strong></span> <span class='ocrx_word' id='word_1_475' title='bbox 2617 3183 2817 3243; x_wconf 84' lang='lat' dir='ltr'><strong>Caveri</strong></span> <span class='ocrx_word' id='word_1_476' title='bbox 2877 3200 2909 3242; x_wconf 92' lang='lat' dir='ltr'><strong>a</strong></span> <span class='ocrx_word' id='word_1_477' title='bbox 2958 3183 3022 3242; x_wconf 90' lang='lat' dir='ltr'><strong>B.</strong></span> <span class='ocrx_word' id='word_1_478' title='bbox 3076 3182 3425 3269; x_wconf 33' lang='lat' dir='ltr'><strong>Benedictoh</strong></span> <span class='ocrx_word' id='word_1_479' title='bbox 3471 3199 3544 3241; x_wconf 88' lang='lat' dir='ltr'><strong>ne</strong></span> <span class='ocrx_word' id='word_1_480' title='bbox 3594 3181 3834 3241; x_wconf 88' lang='lat' dir='ltr'><strong>abbates</strong></span> 
     </span>
    </p>
   </div>
   <div class='ocr_carea' id='block_1_47' title="bbox 308 3269 3884 3353">
    <p class='ocr_par' dir='ltr' id='par_1_47' title="bbox 308 3269 3884 3353">
     <span class='ocr_line' id='line_1_47' title="bbox 308 3269 3884 3353; baseline -0.004 -9"><span class='ocrx_word' id='word_1_481' title='bbox 308 3294 363 3345; x_wconf 86' lang='lat' dir='ltr'><strong>et</strong></span> <span class='ocrx_word' id='word_1_482' title='bbox 400 3283 861 3344; x_wconf 88' lang='lat' dir='ltr'><strong>Avellanitarum</strong></span> <span class='ocrx_word' id='word_1_483' title='bbox 897 3281 1233 3339; x_wconf 86' lang='lat' dir='ltr'><strong>institutum</strong></span> <span class='ocrx_word' id='word_1_484' title='bbox 1267 3297 1300 3338; x_wconf 91' lang='lat' dir='ltr'><strong>a</strong></span> <span class='ocrx_word' id='word_1_485' title='bbox 1341 3278 1398 3337; x_wconf 94' lang='lat' dir='ltr'><strong>S.</strong></span> <span class='ocrx_word' id='word_1_486' title='bbox 1435 3277 1496 3336; x_wconf 83' lang='grc' dir='ltr'><strong>Ρ.</strong></span> <span class='ocrx_word' id='word_1_487' title='bbox 1530 3277 1854 3337; x_wconf 84' lang='lat' dir='ltr'><strong>Romualdo</strong></span> <span class='ocrx_word' id='word_1_488' title='bbox 1888 3292 2020 3350; x_wconf 88' lang='lat' dir='ltr'><strong>pro-</strong></span> <span class='ocrx_word' id='word_1_489' title='bbox 2106 3272 2206 3331; x_wconf 90' lang='lat' dir='ltr'><strong>alii</strong></span> <span class='ocrx_word' id='word_1_490' title='bbox 2238 3274 2485 3332; x_wconf 90' lang='lat' dir='ltr'><strong>aliorum</strong></span> <span class='ocrx_word' id='word_1_491' title='bbox 2516 3274 2828 3332; x_wconf 88' lang='lat' dir='ltr'><strong>monachos</strong></span> <span class='ocrx_word' id='word_1_492' title='bbox 2863 3273 3252 3344; x_wconf 87' lang='lat' dir='ltr'><strong>admitterent,</strong></span> <span class='ocrx_word' id='word_1_493' title='bbox 3284 3271 3431 3331; x_wconf 90' lang='lat' dir='ltr'><strong>dum</strong></span> <span class='ocrx_word' id='word_1_494' title='bbox 3474 3270 3687 3346; x_wconf 85' lang='lat' dir='ltr'><strong>cogniti</strong></span> <span class='ocrx_word' id='word_1_495' title='bbox 3717 3269 3833 3329; x_wconf 91' lang='lat' dir='ltr'><strong>sibi</strong></span> <span class='ocrx_word' id='word_1_496' title='bbox 3875 3345 3884 3353; x_wconf 39' lang='lat'>.</span> 
     </span>
    </p>
   </div>
   <div class='ocr_carea' id='block_1_48' title="bbox 312 3368 2022 3443">
    <p class='ocr_par' dir='ltr' id='par_1_48' title="bbox 312 3368 2022 3443">
     <span class='ocr_line' id='line_1_48' title="bbox 312 3368 2022 3443; baseline -0.005 -9"><span class='ocrx_word' id='word_1_497' title='bbox 312 3378 529 3435; x_wconf 90' lang='lat' dir='ltr'><strong>fectum</strong></span> <span class='ocrx_word' id='word_1_498' title='bbox 582 3375 781 3433; x_wconf 89' lang='lat' dir='ltr'><strong>haberi</strong></span> <span class='ocrx_word' id='word_1_499' title='bbox 828 3372 1013 3443; x_wconf 88' lang='lat' dir='ltr'><strong>debet,</strong></span> <span class='ocrx_word' id='word_1_500' title='bbox 1047 3371 1205 3429; x_wconf 88' lang='lat' dir='ltr'><strong>unde</strong></span> <span class='ocrx_word' id='word_1_501' title='bbox 1242 3370 1332 3428; x_wconf 91' lang='lat' dir='ltr'><strong>vir</strong></span> <span class='ocrx_word' id='word_1_502' title='bbox 1366 3368 1793 3428; x_wconf 90' lang='lat' dir='ltr'><strong>eruditissimus</strong></span> <span class='ocrx_word' id='word_1_503' title='bbox 1833 3368 2022 3426; x_wconf 88' lang='lat' dir='ltr'><strong>Ludo-</strong></span> 
     </span>
    </p>
   </div>
   <div class='ocr_carea' id='block_1_49' title="bbox 305 3457 2022 3531">
    <p class='ocr_par' dir='ltr' id='par_1_49' title="bbox 305 3457 2022 3531">
     <span class='ocr_line' id='line_1_49' title="bbox 305 3457 2022 3531; baseline -0.006 -7"><span class='ocrx_word' id='word_1_504' title='bbox 305 3465 475 3524; x_wconf 88' lang='lat' dir='ltr'><strong>vicus</strong></span> <span class='ocrx_word' id='word_1_505' title='bbox 527 3463 703 3521; x_wconf 90' lang='lat' dir='ltr'><strong>Ellies</strong></span> <span class='ocrx_word' id='word_1_506' title='bbox 746 3463 839 3521; x_wconf 88' lang='lat' dir='ltr'><strong>Du</strong></span> <span class='ocrx_word' id='word_1_507' title='bbox 884 3460 1011 3531; x_wconf 91' lang='lat' dir='ltr'><strong>Pin,</strong></span> <span class='ocrx_word' id='word_1_508' title='bbox 1042 3460 1103 3517; x_wconf 92' lang='lat' dir='ltr'><strong>in</strong></span> <span class='ocrx_word' id='word_1_509' title='bbox 1133 3459 1293 3517; x_wconf 92' lang='lat' dir='ltr'><strong>Nova</strong></span> <span class='ocrx_word' id='word_1_510' title='bbox 1331 3457 1687 3517; x_wconf 90' lang='lat' dir='ltr'><strong>Bibliotheca</strong></span> <span class='ocrx_word' id='word_1_511' title='bbox 1713 3463 2022 3516; x_wconf 88' lang='lat' dir='ltr'><strong>auctorum</strong></span> 
     </span>
    </p>
   </div>
   <div class='ocr_carea' id='block_1_50' title="bbox 305 3545 2021 3620">
    <p class='ocr_par' dir='ltr' id='par_1_50' title="bbox 305 3545 2021 3620">
     <span class='ocr_line' id='line_1_50' title="bbox 305 3545 2021 3620; baseline -0.005 -9"><span class='ocrx_word' id='word_1_512' title='bbox 305 3552 818 3611; x_wconf 81' lang='lat' dir='ltr'><strong>ecelesiasticorum</strong></span> <span class='ocrx_word' id='word_1_513' title='bbox 871 3555 1008 3607; x_wconf 91' lang='lat' dir='ltr'><strong>tom.</strong></span> <span class='ocrx_word' id='word_1_514' title='bbox 1063 3547 1389 3620; x_wconf 87' lang='lat' dir='ltr'><strong>VIII,part.</strong></span> <span class='ocrx_word' id='word_1_515' title='bbox 1433 3559 1494 3617; x_wconf 87' lang='lat' dir='ltr'><strong>II,</strong></span> <span class='ocrx_word' id='word_1_516' title='bbox 1546 3547 1747 3606; x_wconf 86' lang='lat' dir='ltr'><strong>saculi</strong></span> <span class='ocrx_word' id='word_1_517' title='bbox 1797 3557 1863 3603; x_wconf 83' lang='lat' dir='ltr'><strong>XI</strong></span> <span class='ocrx_word' id='word_1_518' title='bbox 1911 3545 2021 3603; x_wconf 90' lang='lat' dir='ltr'><strong>Ec-</strong></span> 
     </span>
    </p>
   </div>
   <div class='ocr_carea' id='block_1_51' title="bbox 303 3633 2019 3714">
    <p class='ocr_par' dir='ltr' id='par_1_51' title="bbox 303 3633 2019 3714">
     <span class='ocr_line' id='line_1_51' title="bbox 303 3633 2019 3714; baseline -0.006 -12"><span class='ocrx_word' id='word_1_519' title='bbox 303 3642 516 3713; x_wconf 84' lang='lat' dir='ltr'><strong>clesia,</strong></span> <span class='ocrx_word' id='word_1_520' title='bbox 559 3656 683 3714; x_wconf 88' lang='lat' dir='ltr'><strong>cap.</strong></span> <span class='ocrx_word' id='word_1_521' title='bbox 746 3639 833 3708; x_wconf 80' lang='grc'><strong>14,</strong></span> <span class='ocrx_word' id='word_1_522' title='bbox 880 3641 912 3712; x_wconf 91' lang='lat'>§</span> <span class='ocrx_word' id='word_1_523' title='bbox 964 3637 1044 3708; x_wconf 89' lang='grc'><strong>10,</strong></span> <span class='ocrx_word' id='word_1_524' title='bbox 1093 3642 1393 3711; x_wconf 88' lang='lat' dir='ltr'><strong>postquam</strong></span> <span class='ocrx_word' id='word_1_525' title='bbox 1443 3634 1664 3694; x_wconf 88' lang='lat' dir='ltr'><strong>ordinis</strong></span> <span class='ocrx_word' id='word_1_526' title='bbox 1715 3633 2019 3693; x_wconf 85' lang='lat' dir='ltr'><strong>Camaldu-</strong></span> 
     </span>
    </p>
   </div>
   <div class='ocr_carea' id='block_1_52' title="bbox 304 3724 2018 3799">
    <p class='ocr_par' dir='ltr' id='par_1_52' title="bbox 304 3724 2018 3799">
     <span class='ocr_line' id='line_1_52' title="bbox 304 3724 2018 3799; baseline -0.005 -8"><span class='ocrx_word' id='word_1_527' title='bbox 304 3732 483 3793; x_wconf 90' lang='lat' dir='ltr'><strong>lensis</strong></span> <span class='ocrx_word' id='word_1_528' title='bbox 534 3730 935 3789; x_wconf 87' lang='lat' dir='ltr'><strong>fundationem</strong></span> <span class='ocrx_word' id='word_1_529' title='bbox 986 3744 1018 3786; x_wconf 93' lang='lat' dir='ltr'><strong>a</strong></span> <span class='ocrx_word' id='word_1_530' title='bbox 1078 3727 1402 3787; x_wconf 79' lang='lat' dir='ltr'><strong>Homualdo</strong></span> <span class='ocrx_word' id='word_1_531' title='bbox 1456 3727 1664 3784; x_wconf 83' lang='lat' dir='ltr'><strong>factam</strong></span> <span class='ocrx_word' id='word_1_532' title='bbox 1698 3724 2018 3799; x_wconf 86' lang='lat' dir='ltr'><strong>descripsit,</strong></span> 
     </span>
    </p>
   </div>
   <div class='ocr_carea' id='block_1_53' title="bbox 306 3815 2021 3895">
    <p class='ocr_par' dir='ltr' id='par_1_53' title="bbox 306 3815 2021 3895">
     <span class='ocr_line' id='line_1_53' title="bbox 306 3815 2021 3895; baseline -0.005 -14"><span class='ocrx_word' id='word_1_533' title='bbox 306 3824 387 3881; x_wconf 88' lang='lat' dir='ltr'><strong>ait</strong></span> <span class='ocrx_word' id='word_1_534' title='bbox 460 3822 634 3881; x_wconf 88' lang='lat' dir='ltr'><strong>aliam</strong></span> <span class='ocrx_word' id='word_1_535' title='bbox 706 3820 1015 3895; x_wconf 85' lang='lat' dir='ltr'><strong>specialem</strong></span> <span class='ocrx_word' id='word_1_536' title='bbox 1075 3818 1577 3893; x_wconf 83' lang='lat' dir='ltr'><strong>congregationem</strong></span> <span class='ocrx_word' id='word_1_537' title='bbox 1651 3815 2021 3873; x_wconf 89' lang='lat' dir='ltr'><strong>eremitarum</strong></span> 
     </span>
    </p>
   </div>
   <div class='ocr_carea' id='block_1_54' title="bbox 311 3906 2017 3987">
    <p class='ocr_par' dir='ltr' id='par_1_54' title="bbox 311 3906 2017 3987">
     <span class='ocr_line' id='line_1_54' title="bbox 311 3906 2017 3987; baseline -0.006 -14"><span class='ocrx_word' id='word_1_538' title='bbox 311 3914 625 3987; x_wconf 72' lang='lat' dir='ltr'><strong>«ejusdem</strong></span> <span class='ocrx_word' id='word_1_539' title='bbox 679 3912 909 3985; x_wconf 89' lang='lat' dir='ltr'><strong>generis</strong></span> <span class='ocrx_word' id='word_1_540' title='bbox 969 3934 990 3963; x_wconf 77' lang='grc' dir='ltr'><strong><em>ι</em></strong></span> <span class='ocrx_word' id='word_1_541' title='bbox 1042 3928 1076 3969; x_wconf 90' lang='lat' dir='ltr'><strong>a</strong></span> <span class='ocrx_word' id='word_1_542' title='bbox 1126 3911 1292 3969; x_wconf 90' lang='lat' dir='ltr'><strong>Petro</strong></span> <span class='ocrx_word' id='word_1_543' title='bbox 1339 3908 1622 3967; x_wconf 89' lang='lat' dir='ltr'><strong>Damiano</strong></span> <span class='ocrx_word' id='word_1_544' title='bbox 1672 3906 2017 3964; x_wconf 89' lang='lat' dir='ltr'><strong>institutam.</strong></span> 
     </span>
    </p>
   </div>
   <div class='ocr_carea' id='block_1_55' title="bbox 309 3996 2017 4076">
    <p class='ocr_par' dir='ltr' id='par_1_55' title="bbox 309 3996 2017 4076">
     <span class='ocr_line' id='line_1_55' title="bbox 309 3996 2017 4076; baseline -0.005 -14"><span class='ocrx_word' id='word_1_545' title='bbox 309 4004 399 4063; x_wconf 88' lang='lat' dir='ltr'><strong>En</strong></span> <span class='ocrx_word' id='word_1_546' title='bbox 440 4004 663 4076; x_wconf 88' lang='lat' dir='ltr'><strong>integra</strong></span> <span class='ocrx_word' id='word_1_547' title='bbox 695 4003 946 4061; x_wconf 90' lang='lat' dir='ltr'><strong>auctoris</strong></span> <span class='ocrx_word' id='word_1_548' title='bbox 992 4002 1207 4060; x_wconf 83' lang='lat' dir='ltr'><strong>verba:</strong></span> <span class='ocrx_word' id='word_1_549' title='bbox 1244 4021 1271 4053; x_wconf 84' lang='lat'>«</span> <span class='ocrx_word' id='word_1_550' title='bbox 1300 4000 1349 4057; x_wconf 94' lang='lat' dir='ltr'><strong>Il</strong></span> <span class='ocrx_word' id='word_1_551' title='bbox 1390 4015 1450 4057; x_wconf 91' lang='lat' dir='ltr'><strong>se</strong></span> <span class='ocrx_word' id='word_1_552' title='bbox 1482 3999 1588 4056; x_wconf 90' lang='lat' dir='ltr'><strong>mit</strong></span> <span class='ocrx_word' id='word_1_553' title='bbox 1615 3996 2017 4068; x_wconf 78' lang='lat' dir='ltr'><strong>(Romualdus)</strong></span> 
     </span>
    </p>
   </div>
   <div class='ocr_carea' id='block_1_56' title="bbox 310 4087 2015 4159">
    <p class='ocr_par' dir='ltr' id='par_1_56' title="bbox 310 4087 2015 4159">
     <span class='ocr_line' id='line_1_56' title="bbox 310 4087 2015 4159; baseline -0.005 -6"><span class='ocrx_word' id='word_1_554' title='bbox 310 4111 445 4154; x_wconf 88' lang='lat' dir='ltr'><strong>sous</strong></span> <span class='ocrx_word' id='word_1_555' title='bbox 480 4095 534 4153; x_wconf 91' lang='lat' dir='ltr'><strong>la</strong></span> <span class='ocrx_word' id='word_1_556' title='bbox 567 4093 836 4152; x_wconf 90' lang='lat' dir='ltr'><strong>conduite</strong></span> <span class='ocrx_word' id='word_1_557' title='bbox 885 4093 1026 4150; x_wconf 89' lang='lat' dir='ltr'><strong>d’un</strong></span> <span class='ocrx_word' id='word_1_558' title='bbox 1075 4090 1225 4148; x_wconf 87' lang='lat' dir='ltr'><strong>saint</strong></span> <span class='ocrx_word' id='word_1_559' title='bbox 1276 4091 1497 4159; x_wconf 90' lang='lat' dir='ltr'><strong>ermite,</strong></span> <span class='ocrx_word' id='word_1_560' title='bbox 1530 4092 1763 4147; x_wconf 75' lang='lat' dir='ltr'><strong>nomine</strong></span> <span class='ocrx_word' id='word_1_561' title='bbox 1810 4087 2015 4158; x_wconf 81' lang='lat' dir='ltr'><strong>Maria,</strong></span> 
     </span>
    </p>
   </div>
   <div class='ocr_carea' id='block_1_57' title="bbox 312 4175 2021 4257">
    <p class='ocr_par' dir='ltr' id='par_1_57' title="bbox 312 4175 2021 4257">
     <span class='ocr_line' id='line_1_57' title="bbox 312 4175 2021 4257; baseline -0.005 -16"><span class='ocrx_word' id='word_1_562' title='bbox 312 4183 417 4257; x_wconf 90' lang='lat' dir='ltr'><strong>qui</strong></span> <span class='ocrx_word' id='word_1_563' title='bbox 449 4181 768 4241; x_wconf 90' lang='lat' dir='ltr'><strong>demeurait</strong></span> <span class='ocrx_word' id='word_1_564' title='bbox 811 4180 955 4238; x_wconf 91' lang='lat' dir='ltr'><strong>dans</strong></span> <span class='ocrx_word' id='word_1_565' title='bbox 999 4178 1052 4236; x_wconf 91' lang='lat' dir='ltr'><strong>le</strong></span> <span class='ocrx_word' id='word_1_566' title='bbox 1099 4194 1240 4253; x_wconf 73' lang='lat' dir='ltr'><strong>pays</strong></span> <span class='ocrx_word' id='word_1_567' title='bbox 1285 4177 1356 4235; x_wconf 90' lang='lat' dir='ltr'><strong>de</strong></span> <span class='ocrx_word' id='word_1_568' title='bbox 1387 4176 1618 4245; x_wconf 88' lang='lat' dir='ltr'><strong>Venise,</strong></span> <span class='ocrx_word' id='word_1_569' title='bbox 1649 4182 1703 4232; x_wconf 92' lang='lat' dir='ltr'><strong>et</strong></span> <span class='ocrx_word' id='word_1_570' title='bbox 1729 4175 2021 4233; x_wconf 87' lang='lat' dir='ltr'><strong>embrassa</strong></span> 
     </span>
    </p>
   </div>
   <div class='ocr_carea' id='block_1_58' title="bbox 312 4264 2023 4345">
    <p class='ocr_par' dir='ltr' id='par_1_58' title="bbox 312 4264 2023 4345">
     <span class='ocr_line' id='line_1_58' title="bbox 312 4264 2023 4345; baseline -0.005 -14"><span class='ocrx_word' id='word_1_571' title='bbox 312 4273 369 4331; x_wconf 88' lang='lat' dir='ltr'><strong>la</strong></span> <span class='ocrx_word' id='word_1_572' title='bbox 416 4272 510 4331; x_wconf 91' lang='lat' dir='ltr'><strong>vie</strong></span> <span class='ocrx_word' id='word_1_573' title='bbox 556 4270 918 4343; x_wconf 84' lang='lat' dir='ltr'><strong>érémitique,</strong></span> <span class='ocrx_word' id='word_1_574' title='bbox 956 4268 1099 4345; x_wconf 88' lang='lat' dir='ltr'><strong>qu’il</strong></span> <span class='ocrx_word' id='word_1_575' title='bbox 1153 4267 1380 4326; x_wconf 85' lang='lat' dir='ltr'><strong>rétablit</strong></span> <span class='ocrx_word' id='word_1_576' title='bbox 1419 4281 1491 4323; x_wconf 91' lang='lat' dir='ltr'><strong>en</strong></span> <span class='ocrx_word' id='word_1_577' title='bbox 1544 4264 1835 4324; x_wconf 84' lang='lat' dir='ltr'><strong>Occident.</strong></span> <span class='ocrx_word' id='word_1_578' title='bbox 1869 4264 2023 4322; x_wconf 90' lang='lat' dir='ltr'><strong>Leur</strong></span> 
     </span>
    </p>
   </div>
   <div class='ocr_carea' id='block_1_59' title="bbox 311 4353 2017 4433">
    <p class='ocr_par' dir='ltr' id='par_1_59' title="bbox 311 4353 2017 4433">
     <span class='ocr_line' id='line_1_59' title="bbox 311 4353 2017 4433; baseline -0.004 -13"><span class='ocrx_word' id='word_1_579' title='bbox 311 4361 539 4420; x_wconf 88' lang='lat' dir='ltr'><strong>institut</strong></span> <span class='ocrx_word' id='word_1_580' title='bbox 570 4361 765 4419; x_wconf 85' lang='lat' dir='ltr'><strong>n’était</strong></span> <span class='ocrx_word' id='word_1_581' title='bbox 793 4376 894 4433; x_wconf 89' lang='lat' dir='ltr'><strong>pas</strong></span> <span class='ocrx_word' id='word_1_582' title='bbox 920 4359 989 4417; x_wconf 89' lang='lat' dir='ltr'><strong>de</strong></span> <span class='ocrx_word' id='word_1_583' title='bbox 1019 4359 1181 4416; x_wconf 90' lang='lat' dir='ltr'><strong>vivre</strong></span> <span class='ocrx_word' id='word_1_584' title='bbox 1215 4356 1369 4415; x_wconf 88' lang='lat' dir='ltr'><strong>seuls</strong></span> <span class='ocrx_word' id='word_1_585' title='bbox 1411 4355 1554 4413; x_wconf 91' lang='lat' dir='ltr'><strong>dans</strong></span> <span class='ocrx_word' id='word_1_586' title='bbox 1590 4354 1690 4412; x_wconf 92' lang='lat' dir='ltr'><strong>des</strong></span> <span class='ocrx_word' id='word_1_587' title='bbox 1718 4353 2017 4426; x_wconf 89' lang='lat' dir='ltr'><strong>solitudes,</strong></span> 
     </span>
    </p>
   </div>
   <div class='ocr_carea' id='block_1_60' title="bbox 314 4442 2020 4517">
    <p class='ocr_par' dir='ltr' id='par_1_60' title="bbox 314 4442 2020 4517">
     <span class='ocr_line' id='line_1_60' title="bbox 314 4442 2020 4517; baseline -0.004 -8"><span class='ocrx_word' id='word_1_588' title='bbox 314 4465 539 4509; x_wconf 90' lang='lat' dir='ltr'><strong>comme</strong></span> <span class='ocrx_word' id='word_1_589' title='bbox 580 4449 664 4509; x_wconf 92' lang='lat' dir='ltr'><strong>les</strong></span> <span class='ocrx_word' id='word_1_590' title='bbox 699 4448 935 4507; x_wconf 89' lang='lat' dir='ltr'><strong>anciens</strong></span> <span class='ocrx_word' id='word_1_591' title='bbox 985 4446 1238 4516; x_wconf 91' lang='lat' dir='ltr'><strong>ermites,</strong></span> <span class='ocrx_word' id='word_1_592' title='bbox 1273 4442 1523 4502; x_wconf 81' lang='lat' dir='ltr'><strong>maiS&#39;de</strong></span> <span class='ocrx_word' id='word_1_593' title='bbox 1564 4442 1869 4501; x_wconf 82' lang='lat' dir='ltr'><strong>demeurer</strong></span> <span class='ocrx_word' id='word_1_594' title='bbox 1893 4443 2020 4517; x_wconf 92' lang='lat' dir='ltr'><strong>plu-</strong></span> 
     </span>
    </p>
   </div>
   <div class='ocr_carea' id='block_1_61' title="bbox 315 4531 2019 4606">
    <p class='ocr_par' dir='ltr' id='par_1_61' title="bbox 315 4531 2019 4606">
     <span class='ocr_line' id='line_1_61' title="bbox 315 4531 2019 4606; baseline -0.005 -8"><span class='ocrx_word' id='word_1_595' title='bbox 315 4540 501 4599; x_wconf 88' lang='lat' dir='ltr'><strong>sieurs</strong></span> <span class='ocrx_word' id='word_1_596' title='bbox 530 4538 829 4598; x_wconf 89' lang='lat' dir='ltr'><strong>ensemble</strong></span> <span class='ocrx_word' id='word_1_597' title='bbox 873 4536 1017 4594; x_wconf 86' lang='lat' dir='ltr'><strong>dans</strong></span> <span class='ocrx_word' id='word_1_598' title='bbox 1041 4551 1123 4594; x_wconf 91' lang='lat' dir='ltr'><strong>un</strong></span> <span class='ocrx_word' id='word_1_599' title='bbox 1153 4538 1341 4593; x_wconf 83' lang='lat' dir='ltr'><strong>meme</strong></span> <span class='ocrx_word' id='word_1_600' title='bbox 1371 4531 1620 4601; x_wconf 89' lang='lat' dir='ltr'><strong>endroit,</strong></span> <span class='ocrx_word' id='word_1_601' title='bbox 1650 4534 1877 4606; x_wconf 82' lang='lat' dir='ltr'><strong>separes</strong></span> <span class='ocrx_word' id='word_1_602' title='bbox 1918 4531 2019 4591; x_wconf 90' lang='lat' dir='ltr'><strong>des</strong></span> 
     </span>
    </p>
   </div>
   <div class='ocr_carea' id='block_1_62' title="bbox 316 4621 2017 4698">
    <p class='ocr_par' dir='ltr' id='par_1_62' title="bbox 316 4621 2017 4698">
     <span class='ocr_line' id='line_1_62' title="bbox 316 4621 2017 4698; baseline -0.005 -10"><span class='ocrx_word' id='word_1_603' title='bbox 316 4637 508 4689; x_wconf 91' lang='lat' dir='ltr'><strong>autres</strong></span> <span class='ocrx_word' id='word_1_604' title='bbox 554 4631 835 4698; x_wconf 90' lang='lat' dir='ltr'><strong>hommes,</strong></span> <span class='ocrx_word' id='word_1_605' title='bbox 871 4634 926 4684; x_wconf 89' lang='lat' dir='ltr'><strong>et</strong></span> <span class='ocrx_word' id='word_1_606' title='bbox 968 4626 1113 4684; x_wconf 91' lang='lat' dir='ltr'><strong>dans</strong></span> <span class='ocrx_word' id='word_1_607' title='bbox 1157 4625 1259 4683; x_wconf 92' lang='lat' dir='ltr'><strong>des</strong></span> <span class='ocrx_word' id='word_1_608' title='bbox 1309 4622 1549 4683; x_wconf 88' lang='lat' dir='ltr'><strong>cellules</strong></span> <span class='ocrx_word' id='word_1_609' title='bbox 1599 4621 2017 4694; x_wconf 81' lang='lat' dir='ltr'><strong>particulieres,</strong></span> 
     </span>
    </p>
   </div>
   <div class='ocr_carea' id='block_1_63' title="bbox 314 4712 2022 4786">
    <p class='ocr_par' dir='ltr' id='par_1_63' title="bbox 314 4712 2022 4786">
     <span class='ocr_line' id='line_1_63' title="bbox 314 4712 2022 4786; baseline -0.005 -10"><span class='ocrx_word' id='word_1_610' title='bbox 314 4733 450 4776; x_wconf 91' lang='lat' dir='ltr'><strong>sous</strong></span> <span class='ocrx_word' id='word_1_611' title='bbox 479 4717 532 4774; x_wconf 91' lang='lat' dir='ltr'><strong>la</strong></span> <span class='ocrx_word' id='word_1_612' title='bbox 553 4716 821 4775; x_wconf 91' lang='lat' dir='ltr'><strong>conduite</strong></span> <span class='ocrx_word' id='word_1_613' title='bbox 846 4714 985 4773; x_wconf 89' lang='lat' dir='ltr'><strong>d’un</strong></span> <span class='ocrx_word' id='word_1_614' title='bbox 1016 4717 1204 4771; x_wconf 83' lang='lat' dir='ltr'><strong>meme</strong></span> <span class='ocrx_word' id='word_1_615' title='bbox 1237 4712 1557 4786; x_wconf 82' lang='lat' dir='ltr'><strong>superieur,</strong></span> <span class='ocrx_word' id='word_1_616' title='bbox 1592 4729 1661 4771; x_wconf 90' lang='lat' dir='ltr'><strong>en</strong></span> <span class='ocrx_word' id='word_1_617' title='bbox 1690 4712 2022 4786; x_wconf 87' lang='lat' dir='ltr'><strong>pratiquant</strong></span> 
     </span>
    </p>
   </div>
   <div class='ocr_carea' id='block_1_64' title="bbox 318 4802 2021 4878">
    <p class='ocr_par' dir='ltr' id='par_1_64' title="bbox 318 4802 2021 4878">
     <span class='ocr_line' id='line_1_64' title="bbox 318 4802 2021 4878; baseline -0.004 -13"><span class='ocrx_word' id='word_1_618' title='bbox 318 4807 374 4866; x_wconf 89' lang='lat' dir='ltr'><strong>la</strong></span> <span class='ocrx_word' id='word_1_619' title='bbox 419 4810 606 4864; x_wconf 82' lang='lat' dir='ltr'><strong>meme</strong></span> <span class='ocrx_word' id='word_1_620' title='bbox 653 4806 827 4878; x_wconf 79' lang='lat' dir='ltr'><strong>regie.</strong></span> <span class='ocrx_word' id='word_1_621' title='bbox 874 4806 979 4863; x_wconf 82' lang='lat' dir='ltr'><strong>Ges</strong></span> <span class='ocrx_word' id='word_1_622' title='bbox 1029 4809 1209 4861; x_wconf 85' lang='lat' dir='ltr'><strong>sortes</strong></span> <span class='ocrx_word' id='word_1_623' title='bbox 1264 4803 1334 4860; x_wconf 90' lang='lat' dir='ltr'><strong>de</strong></span> <span class='ocrx_word' id='word_1_624' title='bbox 1391 4804 1741 4860; x_wconf 85' lang='lat' dir='ltr'><strong>monasteres</strong></span> <span class='ocrx_word' id='word_1_625' title='bbox 1797 4802 2021 4875; x_wconf 85' lang='lat' dir='ltr'><strong>s’appe-</strong></span> 
     </span>
    </p>
   </div>
   <div class='ocr_carea' id='block_1_65' title="bbox 317 4890 2021 4955">
    <p class='ocr_par' dir='ltr' id='par_1_65' title="bbox 317 4890 2021 4955">
     <span class='ocr_line' id='line_1_65' title="bbox 317 4890 2021 4955; baseline -0.004 -2"><span class='ocrx_word' id='word_1_626' title='bbox 317 4896 497 4955; x_wconf 90' lang='lat' dir='ltr'><strong>laient</strong></span> <span class='ocrx_word' id='word_1_627' title='bbox 543 4894 985 4952; x_wconf 90' lang='lat' dir='ltr'><strong>anciennement</strong></span> <span class='ocrx_word' id='word_1_628' title='bbox 1034 4892 1243 4950; x_wconf 91' lang='lat' dir='ltr'><strong>laures.</strong></span> <span class='ocrx_word' id='word_1_629' title='bbox 1276 4890 1439 4950; x_wconf 91' lang='lat' dir='ltr'><strong>Saint</strong></span> <span class='ocrx_word' id='word_1_630' title='bbox 1481 4890 1766 4949; x_wconf 66' lang='lat' dir='ltr'><strong>llomuald</strong></span> <span class='ocrx_word' id='word_1_631' title='bbox 1796 4906 1867 4948; x_wconf 90' lang='lat' dir='ltr'><strong>en</strong></span> <span class='ocrx_word' id='word_1_632' title='bbox 1898 4894 2021 4947; x_wconf 76' lang='lat' dir='ltr'><strong>eta-</strong></span> 
     </span>
    </p>
   </div>
   <div class='ocr_carea' id='block_1_66' title="bbox 315 4979 2020 5057">
    <p class='ocr_par' dir='ltr' id='par_1_66' title="bbox 315 4979 2020 5057">
     <span class='ocr_line' id='line_1_66' title="bbox 315 4979 2020 5057; baseline -0.007 -10"><span class='ocrx_word' id='word_1_633' title='bbox 315 4986 422 5047; x_wconf 89' lang='lat' dir='ltr'><strong>blit</strong></span> <span class='ocrx_word' id='word_1_634' title='bbox 456 5002 539 5046; x_wconf 91' lang='lat' dir='ltr'><strong>un</strong></span> <span class='ocrx_word' id='word_1_635' title='bbox 570 4984 887 5057; x_wconf 79' lang='lat' dir='ltr'><strong>tres-grand</strong></span> <span class='ocrx_word' id='word_1_636' title='bbox 923 4983 1164 5043; x_wconf 89' lang='lat' dir='ltr'><strong>nomhre</strong></span> <span class='ocrx_word' id='word_1_637' title='bbox 1195 4998 1266 5040; x_wconf 88' lang='lat' dir='ltr'><strong>en</strong></span> <span class='ocrx_word' id='word_1_638' title='bbox 1296 4980 1477 5040; x_wconf 91' lang='lat' dir='ltr'><strong>Italie.</strong></span> <span class='ocrx_word' id='word_1_639' title='bbox 1516 4982 1605 5040; x_wconf 90' lang='lat' dir='ltr'><strong>Un</strong></span> <span class='ocrx_word' id='word_1_640' title='bbox 1641 4982 1740 5041; x_wconf 91' lang='lat' dir='ltr'><strong>des</strong></span> <span class='ocrx_word' id='word_1_641' title='bbox 1767 4980 1898 5055; x_wconf 90' lang='lat' dir='ltr'><strong>plus</strong></span> <span class='ocrx_word' id='word_1_642' title='bbox 1930 4979 2020 5036; x_wconf 88' lang='lat' dir='ltr'><strong>fa-</strong></span> 
     </span>
    </p>
   </div>
   <div class='ocr_carea' id='block_1_67' title="bbox 316 5070 2023 5148">
    <p class='ocr_par' dir='ltr' id='par_1_67' title="bbox 316 5070 2023 5148">
     <span class='ocr_line' id='line_1_67' title="bbox 316 5070 2023 5148; baseline -0.007 -10"><span class='ocrx_word' id='word_1_643' title='bbox 316 5094 495 5139; x_wconf 88' lang='lat' dir='ltr'><strong>meux</strong></span> <span class='ocrx_word' id='word_1_644' title='bbox 544 5078 633 5135; x_wconf 92' lang='lat' dir='ltr'><strong>fut</strong></span> <span class='ocrx_word' id='word_1_645' title='bbox 675 5075 827 5135; x_wconf 90' lang='lat' dir='ltr'><strong>celui</strong></span> <span class='ocrx_word' id='word_1_646' title='bbox 871 5075 969 5148; x_wconf 93' lang='lat' dir='ltr'><strong>qui</strong></span> <span class='ocrx_word' id='word_1_647' title='bbox 1013 5076 1105 5133; x_wconf 86' lang='lat' dir='ltr'><strong>fut</strong></span> <span class='ocrx_word' id='word_1_648' title='bbox 1140 5072 1251 5132; x_wconf 72' lang='lat' dir='ltr'><strong>hall</strong></span> <span class='ocrx_word' id='word_1_649' title='bbox 1302 5090 1401 5131; x_wconf 88' lang='lat' dir='ltr'><strong>sur</strong></span> <span class='ocrx_word' id='word_1_650' title='bbox 1448 5072 1779 5147; x_wconf 84' lang='lat' dir='ltr'><strong>l’Apennin,</strong></span> <span class='ocrx_word' id='word_1_651' title='bbox 1814 5070 2023 5144; x_wconf 88' lang='lat' dir='ltr'><strong>proche</strong></span> 
     </span>
    </p>
   </div>
   <div class='ocr_carea' id='block_1_68' title="bbox 314 5161 2020 5238">
    <p class='ocr_par' dir='ltr' id='par_1_68' title="bbox 314 5161 2020 5238">
     <span class='ocr_line' id='line_1_68' title="bbox 314 5161 2020 5238; baseline -0.006 -11"><span class='ocrx_word' id='word_1_652' title='bbox 314 5167 602 5238; x_wconf 88' lang='lat' dir='ltr'><strong>d’Arezzo,</strong></span> <span class='ocrx_word' id='word_1_653' title='bbox 633 5166 776 5224; x_wconf 87' lang='lat' dir='ltr'><strong>dans</strong></span> <span class='ocrx_word' id='word_1_654' title='bbox 824 5180 903 5223; x_wconf 90' lang='lat' dir='ltr'><strong>un</strong></span> <span class='ocrx_word' id='word_1_655' title='bbox 970 5165 1084 5221; x_wconf 90' lang='lat' dir='ltr'><strong>lieu</strong></span> <span class='ocrx_word' id='word_1_656' title='bbox 1135 5162 1235 5238; x_wconf 90' lang='lat' dir='ltr'><strong>qui</strong></span> <span class='ocrx_word' id='word_1_657' title='bbox 1283 5161 1411 5221; x_wconf 88' lang='lat' dir='ltr'><strong>leur</strong></span> <span class='ocrx_word' id='word_1_658' title='bbox 1461 5163 1546 5220; x_wconf 86' lang='lat' dir='ltr'><strong>fut</strong></span> <span class='ocrx_word' id='word_1_659' title='bbox 1583 5162 1774 5219; x_wconf 81' lang='lat' dir='ltr'><strong>donue</strong></span> <span class='ocrx_word' id='word_1_660' title='bbox 1806 5176 1907 5232; x_wconf 91' lang='lat' dir='ltr'><strong>par</strong></span> <span class='ocrx_word' id='word_1_661' title='bbox 1938 5174 2020 5217; x_wconf 89' lang='lat' dir='ltr'><strong>un</strong></span> 
     </span>
    </p>
   </div>
   <div class='ocr_carea' id='block_1_69' title="bbox 318 5249 2017 5331">
    <p class='ocr_par' dir='ltr' id='par_1_69' title="bbox 318 5249 2017 5331">
     <span class='ocr_line' id='line_1_69' title="bbox 318 5249 2017 5331; baseline -0.006 -16"><span class='ocrx_word' id='word_1_662' title='bbox 318 5257 550 5315; x_wconf 88' lang='lat' dir='ltr'><strong>homme</strong></span> <span class='ocrx_word' id='word_1_663' title='bbox 598 5256 799 5331; x_wconf 85' lang='lat' dir='ltr'><strong>appelé</strong></span> <span class='ocrx_word' id='word_1_664' title='bbox 854 5253 1107 5325; x_wconf 86' lang='lat' dir='ltr'><strong>Mandol,</strong></span> <span class='ocrx_word' id='word_1_665' title='bbox 1138 5252 1270 5311; x_wconf 83' lang='lat' dir='ltr'><strong>d’ou</strong></span> <span class='ocrx_word' id='word_1_666' title='bbox 1326 5252 1531 5311; x_wconf 86' lang='lat' dir='ltr'><strong>l’ordre</strong></span> <span class='ocrx_word' id='word_1_667' title='bbox 1567 5268 1597 5309; x_wconf 89' lang='lat' dir='ltr'><strong>a</strong></span> <span class='ocrx_word' id='word_1_668' title='bbox 1639 5252 1756 5324; x_wconf 87' lang='lat' dir='ltr'><strong>pris</strong></span> <span class='ocrx_word' id='word_1_669' title='bbox 1800 5249 1850 5306; x_wconf 89' lang='lat' dir='ltr'><strong>le</strong></span> <span class='ocrx_word' id='word_1_670' title='bbox 1883 5264 2017 5306; x_wconf 90' lang='lat' dir='ltr'><strong>nom</strong></span> 
     </span>
    </p>
   </div>
   <div class='ocr_carea' id='block_1_70' title="bbox 316 5342 2021 5413">
    <p class='ocr_par' dir='ltr' id='par_1_70' title="bbox 316 5342 2021 5413">
     <span class='ocr_line' id='line_1_70' title="bbox 316 5342 2021 5413; baseline -0.004 -8"><span class='ocrx_word' id='word_1_671' title='bbox 316 5348 387 5405; x_wconf 92' lang='lat' dir='ltr'><strong>de</strong></span> <span class='ocrx_word' id='word_1_672' title='bbox 426 5348 765 5406; x_wconf 85' lang='lat' dir='ltr'><strong>Camaldole.</strong></span> <span class='ocrx_word' id='word_1_673' title='bbox 831 5347 991 5407; x_wconf 87' lang='lat' dir='ltr'><strong>Saint</strong></span> <span class='ocrx_word' id='word_1_674' title='bbox 1038 5344 1323 5404; x_wconf 84' lang='lat' dir='ltr'><strong>Bomuald</strong></span> <span class='ocrx_word' id='word_1_675' title='bbox 1360 5347 1529 5402; x_wconf 82' lang='lat' dir='ltr'><strong>vécut</strong></span> <span class='ocrx_word' id='word_1_676' title='bbox 1562 5349 1691 5399; x_wconf 89' lang='lat' dir='ltr'><strong>cent</strong></span> <span class='ocrx_word' id='word_1_677' title='bbox 1721 5356 1823 5398; x_wconf 91' lang='lat' dir='ltr'><strong>ans</strong></span> <span class='ocrx_word' id='word_1_678' title='bbox 1857 5342 2021 5413; x_wconf 82' lang='lat' dir='ltr'><strong>apres</strong></span> 
     </span>
    </p>
   </div>
   <div class='ocr_carea' id='block_1_71' title="bbox 317 5429 2015 5508">
    <p class='ocr_par' dir='ltr' id='par_1_71' title="bbox 317 5429 2015 5508">
     <span class='ocr_line' id='line_1_71' title="bbox 317 5429 2015 5508; baseline -0.002 -15"><span class='ocrx_word' id='word_1_679' title='bbox 317 5451 379 5493; x_wconf 89' lang='lat' dir='ltr'><strong>sa</strong></span> <span class='ocrx_word' id='word_1_680' title='bbox 413 5436 728 5508; x_wconf 88' lang='lat' dir='ltr'><strong>profession</strong></span> <span class='ocrx_word' id='word_1_681' title='bbox 777 5436 1105 5508; x_wconf 87' lang='lat' dir='ltr'><strong>religieuse,</strong></span> <span class='ocrx_word' id='word_1_682' title='bbox 1136 5442 1189 5492; x_wconf 92' lang='lat' dir='ltr'><strong>et</strong></span> <span class='ocrx_word' id='word_1_683' title='bbox 1227 5433 1301 5491; x_wconf 91' lang='lat' dir='ltr'><strong>vit</strong></span> <span class='ocrx_word' id='word_1_684' title='bbox 1352 5447 1454 5490; x_wconf 91' lang='lat' dir='ltr'><strong>son</strong></span> <span class='ocrx_word' id='word_1_685' title='bbox 1501 5429 1668 5488; x_wconf 90' lang='lat' dir='ltr'><strong>ordre</strong></span> <span class='ocrx_word' id='word_1_686' title='bbox 1710 5429 2015 5489; x_wconf 87' lang='lat' dir='ltr'><strong>tlorissant.</strong></span> 
     </span>
    </p>
   </div>
   <div class='ocr_carea' id='block_1_72' title="bbox 316 5518 2019 5592">
    <p class='ocr_par' dir='ltr' id='par_1_72' title="bbox 316 5518 2019 5592">
     <span class='ocr_line' id='line_1_72' title="bbox 316 5518 2019 5592; baseline -0.005 -9"><span class='ocrx_word' id='word_1_687' title='bbox 316 5523 513 5583; x_wconf 89' lang='lat' dir='ltr'><strong>Pierre</strong></span> <span class='ocrx_word' id='word_1_688' title='bbox 556 5522 794 5581; x_wconf 86' lang='lat' dir='ltr'><strong>Damien</strong></span> <span class='ocrx_word' id='word_1_689' title='bbox 835 5524 1073 5583; x_wconf 89' lang='lat' dir='ltr'><strong>institua</strong></span> <span class='ocrx_word' id='word_1_690' title='bbox 1102 5522 1258 5581; x_wconf 88' lang='lat' dir='ltr'><strong>aussi</strong></span> <span class='ocrx_word' id='word_1_691' title='bbox 1290 5536 1407 5579; x_wconf 91' lang='lat' dir='ltr'><strong>une</strong></span> <span class='ocrx_word' id='word_1_692' title='bbox 1440 5519 1638 5591; x_wconf 79' lang='lat' dir='ltr'><strong>espece</strong></span> <span class='ocrx_word' id='word_1_693' title='bbox 1668 5518 1738 5575; x_wconf 87' lang='lat' dir='ltr'><strong>de</strong></span> <span class='ocrx_word' id='word_1_694' title='bbox 1777 5520 2019 5592; x_wconf 84' lang='lat' dir='ltr'><strong>congre-</strong></span> 
     </span>
    </p>
   </div>
   <div class='ocr_carea' id='block_1_73' title="bbox 311 5610 2008 5692">
    <p class='ocr_par' dir='ltr' id='par_1_73' title="bbox 311 5610 2008 5692">
     <span class='ocr_line' id='line_1_73' title="bbox 311 5610 2008 5692; baseline -0.004 -17"><span class='ocrx_word' id='word_1_695' title='bbox 311 5617 505 5692; x_wconf 85' lang='lat' dir='ltr'><strong>gation</strong></span> <span class='ocrx_word' id='word_1_696' title='bbox 535 5616 823 5675; x_wconf 87' lang='lat' dir='ltr'><strong>d’ermites</strong></span> <span class='ocrx_word' id='word_1_697' title='bbox 851 5618 921 5676; x_wconf 91' lang='lat' dir='ltr'><strong>de</strong></span> <span class='ocrx_word' id='word_1_698' title='bbox 950 5621 1135 5675; x_wconf 84' lang='lat' dir='ltr'><strong>meme</strong></span> <span class='ocrx_word' id='word_1_699' title='bbox 1170 5630 1359 5689; x_wconf 84' lang='lat' dir='ltr'><strong>genre.</strong></span> <span class='ocrx_word' id='word_1_700' title='bbox 1402 5610 1508 5669; x_wconf 89' lang='lat' dir='ltr'><strong>Ces</strong></span> <span class='ocrx_word' id='word_1_701' title='bbox 1554 5611 1786 5670; x_wconf 86' lang='lat' dir='ltr'><strong>ermites</strong></span> <span class='ocrx_word' id='word_1_702' title='bbox 1837 5611 2008 5684; x_wconf 87' lang='lat' dir='ltr'><strong>prati-</strong></span> 
     </span>
    </p>
   </div>
   <div class='ocr_carea' id='block_1_74' title="bbox 2040 4494 2090 4554">
    <p class='ocr_par' dir='ltr' id='par_1_74' title="bbox 2040 4494 2090 4554">
     <span class='ocr_line' id='line_1_74' title="bbox 2040 4494 2090 4554; baseline 0 0"><span class='ocrx_word' id='word_1_703' title='bbox 2040 4494 2090 4554; x_wconf 91' lang='lat' dir='ltr'>D</span> 
     </span>
    </p>
   </div>
   <div class='ocr_carea' id='block_1_75' title="bbox 2108 3356 3833 3435">
    <p class='ocr_par' dir='ltr' id='par_1_75' title="bbox 2108 3356 3833 3435">
     <span class='ocr_line' id='line_1_75' title="bbox 2108 3356 3833 3435; baseline -0.002 -16"><span class='ocrx_word' id='word_1_704' title='bbox 2108 3367 2312 3420; x_wconf 92' lang='lat' dir='ltr'><strong>mutuo</strong></span> <span class='ocrx_word' id='word_1_705' title='bbox 2331 3367 2525 3421; x_wconf 87' lang='lat' dir='ltr'><strong>essent</strong></span> <span class='ocrx_word' id='word_1_706' title='bbox 2550 3361 2801 3434; x_wconf 87' lang='lat' dir='ltr'><strong>(Caveat,</strong></span> <span class='ocrx_word' id='word_1_707' title='bbox 2840 3385 2860 3412; x_wconf 79' lang='grc' dir='ltr'>ι</span> <span class='ocrx_word' id='word_1_708' title='bbox 2897 3361 3095 3435; x_wconf 89' lang='lat' dir='ltr'><strong>inquit</strong></span> <span class='ocrx_word' id='word_1_709' title='bbox 3133 3375 3276 3433; x_wconf 86' lang='lat' dir='ltr'><strong>reg.,</strong></span> <span class='ocrx_word' id='word_1_710' title='bbox 3315 3375 3438 3433; x_wconf 89' lang='lat' dir='ltr'><strong>cap.</strong></span> <span class='ocrx_word' id='word_1_711' title='bbox 3472 3358 3562 3431; x_wconf 84' lang='lat'><strong>61,</strong></span> <span class='ocrx_word' id='word_1_712' title='bbox 3599 3382 3617 3408; x_wconf 78' lang='grc' dir='ltr'>ι</span> <span class='ocrx_word' id='word_1_713' title='bbox 3651 3356 3833 3416; x_wconf 89' lang='lat' dir='ltr'><strong>abbas</strong></span> 
     </span>
    </p>
   </div>
   <div class='ocr_carea' id='block_1_76' title="bbox 2106 3446 3831 3525">
    <p class='ocr_par' dir='ltr' id='par_1_76' title="bbox 2106 3446 3831 3525">
     <span class='ocr_line' id='line_1_76' title="bbox 2106 3446 3831 3525; baseline -0.003 -16"><span class='ocrx_word' id='word_1_714' title='bbox 2106 3467 2179 3509; x_wconf 91' lang='lat' dir='ltr'><strong>ne</strong></span> <span class='ocrx_word' id='word_1_715' title='bbox 2229 3450 2542 3525; x_wconf 91' lang='lat' dir='ltr'><strong>aliquando</strong></span> <span class='ocrx_word' id='word_1_716' title='bbox 2602 3451 2673 3509; x_wconf 91' lang='lat' dir='ltr'><strong>de</strong></span> <span class='ocrx_word' id='word_1_717' title='bbox 2728 3458 2864 3510; x_wconf 91' lang='lat' dir='ltr'><strong>noto</strong></span> <span class='ocrx_word' id='word_1_718' title='bbox 2915 3449 3263 3509; x_wconf 90' lang='lat' dir='ltr'><strong>monasterio</strong></span> <span class='ocrx_word' id='word_1_719' title='bbox 3346 3448 3697 3507; x_wconf 89' lang='lat' dir='ltr'><strong>monachum</strong></span> <span class='ocrx_word' id='word_1_720' title='bbox 3756 3446 3831 3504; x_wconf 91' lang='lat' dir='ltr'><strong>ad</strong></span> 
     </span>
    </p>
   </div>
   <div class='ocr_carea' id='block_1_77' title="bbox 2106 3535 3823 3615">
    <p class='ocr_par' dir='ltr' id='par_1_77' title="bbox 2106 3535 3823 3615">
     <span class='ocr_line' id='line_1_77' title="bbox 2106 3535 3823 3615; baseline -0.002 -17"><span class='ocrx_word' id='word_1_721' title='bbox 2106 3540 2484 3599; x_wconf 90' lang='lat' dir='ltr'><strong>habitandum</strong></span> <span class='ocrx_word' id='word_1_722' title='bbox 2536 3541 2833 3615; x_wconf 87' lang='lat' dir='ltr'><strong>suscipiat,</strong></span> <span class='ocrx_word' id='word_1_723' title='bbox 2864 3540 2991 3599; x_wconf 92' lang='lat' dir='ltr'><strong>sine</strong></span> <span class='ocrx_word' id='word_1_724' title='bbox 3035 3553 3331 3598; x_wconf 91' lang='lat' dir='ltr'><strong>consensu</strong></span> <span class='ocrx_word' id='word_1_725' title='bbox 3378 3536 3607 3595; x_wconf 89' lang='lat' dir='ltr'><strong>abbatis</strong></span> <span class='ocrx_word' id='word_1_726' title='bbox 3651 3535 3771 3606; x_wconf 90' lang='lat' dir='ltr'><strong>sui)</strong></span> <span class='ocrx_word' id='word_1_727' title='bbox 3812 3556 3823 3595; x_wconf 92' lang='lat'><strong>:</strong></span> 
     </span>
    </p>
   </div>
   <div class='ocr_carea' id='block_1_78' title="bbox 2106 3630 3827 3707">
    <p class='ocr_par' dir='ltr' id='par_1_78' title="bbox 2106 3630 3827 3707">
     <span class='ocr_line' id='line_1_78' title="bbox 2106 3630 3827 3707; baseline 0 -18"><span class='ocrx_word' id='word_1_728' title='bbox 2106 3631 2205 3690; x_wconf 91' lang='lat' dir='ltr'><strong>sed</strong></span> <span class='ocrx_word' id='word_1_729' title='bbox 2280 3633 2499 3706; x_wconf 87' lang='lat' dir='ltr'><strong>priores</strong></span> <span class='ocrx_word' id='word_1_730' title='bbox 2565 3634 3045 3693; x_wconf 85' lang='lat' dir='ltr'><strong>anachoretarum</strong></span> <span class='ocrx_word' id='word_1_731' title='bbox 3111 3647 3187 3690; x_wconf 89' lang='lat' dir='ltr'><strong>ex</strong></span> <span class='ocrx_word' id='word_1_732' title='bbox 3244 3630 3636 3707; x_wconf 82' lang='lat' dir='ltr'><strong>prohibitione</strong></span> <span class='ocrx_word' id='word_1_733' title='bbox 3706 3646 3827 3690; x_wconf 91' lang='lat' dir='ltr'><strong>non</strong></span> 
     </span>
    </p>
   </div>
   <div class='ocr_carea' id='block_1_79' title="bbox 2104 3721 2473 3795">
    <p class='ocr_par' dir='ltr' id='par_1_79' title="bbox 2104 3721 2473 3795">
     <span class='ocr_line' id='line_1_79' title="bbox 2104 3721 2473 3795; baseline -0.003 -15"><span class='ocrx_word' id='word_1_734' title='bbox 2104 3721 2413 3795; x_wconf 88' lang='lat' dir='ltr'><strong>implicari.</strong></span> <span class='ocrx_word' id='word_1_735' title='bbox 2452 3746 2473 3773; x_wconf 69' lang='grc' dir='ltr'><strong>υ</strong></span> 
     </span>
    </p>
   </div>
   <div class='ocr_carea' id='block_1_80' title="bbox 2177 3809 3822 3887">
    <p class='ocr_par' dir='ltr' id='par_1_80' title="bbox 2177 3809 3822 3887">
     <span class='ocr_line' id='line_1_80' title="bbox 2177 3809 3822 3887; baseline 0 -18"><span class='ocrx_word' id='word_1_736' title='bbox 2177 3811 2249 3870; x_wconf 88' lang='grc' dir='ltr'><strong>Χ.</strong></span> <span class='ocrx_word' id='word_1_737' title='bbox 2282 3812 2453 3870; x_wconf 84' lang='lat' dir='ltr'><strong>Porro</strong></span> <span class='ocrx_word' id='word_1_738' title='bbox 2506 3812 2655 3870; x_wconf 92' lang='lat' dir='ltr'><strong>hanc</strong></span> <span class='ocrx_word' id='word_1_739' title='bbox 2706 3813 2892 3887; x_wconf 89' lang='lat' dir='ltr'><strong>ipsam</strong></span> <span class='ocrx_word' id='word_1_740' title='bbox 2946 3810 3279 3870; x_wconf 88' lang='lat' dir='ltr'><strong>communis</strong></span> <span class='ocrx_word' id='word_1_741' title='bbox 3331 3809 3584 3869; x_wconf 89' lang='lat' dir='ltr'><strong>instituti</strong></span> <span class='ocrx_word' id='word_1_742' title='bbox 3640 3811 3822 3869; x_wconf 89' lang='lat' dir='ltr'><strong>socie-</strong></span> 
     </span>
    </p>
   </div>
   <div class='ocr_carea' id='block_1_81' title="bbox 2105 3898 3823 3975">
    <p class='ocr_par' dir='ltr' id='par_1_81' title="bbox 2105 3898 3823 3975">
     <span class='ocr_line' id='line_1_81' title="bbox 2105 3898 3823 3975; baseline 0 -17"><span class='ocrx_word' id='word_1_743' title='bbox 2105 3906 2297 3971; x_wconf 89' lang='lat' dir='ltr'><strong>tatem,</strong></span> <span class='ocrx_word' id='word_1_744' title='bbox 2325 3916 2399 3958; x_wconf 92' lang='lat' dir='ltr'><strong>ne</strong></span> <span class='ocrx_word' id='word_1_745' title='bbox 2443 3900 2564 3974; x_wconf 89' lang='lat' dir='ltr'><strong>ipse</strong></span> <span class='ocrx_word' id='word_1_746' title='bbox 2601 3901 2839 3975; x_wconf 89' lang='lat' dir='ltr'><strong>quidem</strong></span> <span class='ocrx_word' id='word_1_747' title='bbox 2871 3900 3076 3959; x_wconf 88' lang='lat' dir='ltr'><strong>Petrus</strong></span> <span class='ocrx_word' id='word_1_748' title='bbox 3104 3900 3431 3959; x_wconf 73' lang='lat' dir='ltr'><strong>Damianus</strong></span> <span class='ocrx_word' id='word_1_749' title='bbox 3472 3898 3626 3957; x_wconf 89' lang='lat' dir='ltr'><strong>inter</strong></span> <span class='ocrx_word' id='word_1_750' title='bbox 3652 3915 3732 3971; x_wconf 90' lang='lat' dir='ltr'><strong>se,</strong></span> <span class='ocrx_word' id='word_1_751' title='bbox 3766 3906 3823 3959; x_wconf 89' lang='lat' dir='ltr'><strong>et</strong></span> 
     </span>
    </p>
   </div>
   <div class='ocr_carea' id='block_1_82' title="bbox 2107 3986 3819 4064">
    <p class='ocr_par' dir='ltr' id='par_1_82' title="bbox 2107 3986 3819 4064">
     <span class='ocr_line' id='line_1_82' title="bbox 2107 3986 3819 4064; baseline -0.001 -15"><span class='ocrx_word' id='word_1_752' title='bbox 2107 3989 2166 4049; x_wconf 89' lang='lat' dir='ltr'><strong>S.</strong></span> <span class='ocrx_word' id='word_1_753' title='bbox 2200 3989 2510 4049; x_wconf 81' lang='lat' dir='ltr'><strong>Bomualdi</strong></span> <span class='ocrx_word' id='word_1_754' title='bbox 2540 3990 2851 4064; x_wconf 86' lang='lat' dir='ltr'><strong>discipulos</strong></span> <span class='ocrx_word' id='word_1_755' title='bbox 2882 3989 3272 4049; x_wconf 83' lang='lat' dir='ltr'><strong>intercessisse</strong></span> <span class='ocrx_word' id='word_1_756' title='bbox 3287 3987 3595 4059; x_wconf 78' lang='lat' dir='ltr'><strong>ditlitetur;</strong></span> <span class='ocrx_word' id='word_1_757' title='bbox 3628 3986 3819 4048; x_wconf 90' lang='lat' dir='ltr'><strong>enim-</strong></span> 
     </span>
    </p>
   </div>
   <div class='ocr_carea' id='block_1_83' title="bbox 2104 4078 3817 4155">
    <p class='ocr_par' dir='ltr' id='par_1_83' title="bbox 2104 4078 3817 4155">
     <span class='ocr_line' id='line_1_83' title="bbox 2104 4078 3817 4155; baseline 0.002 -19"><span class='ocrx_word' id='word_1_758' title='bbox 2104 4096 2239 4138; x_wconf 85' lang='lat' dir='ltr'><strong>vero</strong></span> <span class='ocrx_word' id='word_1_759' title='bbox 2262 4080 2325 4139; x_wconf 91' lang='lat' dir='ltr'><strong>in</strong></span> <span class='ocrx_word' id='word_1_760' title='bbox 2346 4080 2578 4155; x_wconf 90' lang='lat' dir='ltr'><strong>prologo</strong></span> <span class='ocrx_word' id='word_1_761' title='bbox 2599 4080 2748 4140; x_wconf 87' lang='lat' dir='ltr'><strong>Vita</strong></span> <span class='ocrx_word' id='word_1_762' title='bbox 2779 4080 3040 4154; x_wconf 89' lang='lat' dir='ltr'><strong>ejusdem</strong></span> <span class='ocrx_word' id='word_1_763' title='bbox 3069 4080 3250 4138; x_wconf 91' lang='lat' dir='ltr'><strong>sancti</strong></span> <span class='ocrx_word' id='word_1_764' title='bbox 3276 4079 3462 4138; x_wconf 89' lang='lat' dir='ltr'><strong>Patris</strong></span> <span class='ocrx_word' id='word_1_765' title='bbox 3483 4078 3817 4152; x_wconf 81' lang='lat' dir='ltr'><strong>Romualdi,</strong></span> 
     </span>
    </p>
   </div>
   <div class='ocr_carea' id='block_1_84' title="bbox 2105 4168 3820 4245">
    <p class='ocr_par' dir='ltr' id='par_1_84' title="bbox 2105 4168 3820 4245">
     <span class='ocr_line' id='line_1_84' title="bbox 2105 4168 3820 4245; baseline 0.001 -18"><span class='ocrx_word' id='word_1_766' title='bbox 2105 4175 2169 4227; x_wconf 92' lang='lat' dir='ltr'><strong>ut</strong></span> <span class='ocrx_word' id='word_1_767' title='bbox 2215 4186 2278 4228; x_wconf 91' lang='lat' dir='ltr'><strong>se</strong></span> <span class='ocrx_word' id='word_1_768' title='bbox 2327 4170 2401 4228; x_wconf 89' lang='lat' dir='ltr'><strong>ab</strong></span> <span class='ocrx_word' id='word_1_769' title='bbox 2442 4171 2707 4244; x_wconf 86' lang='lat' dir='ltr'><strong>egregiis,</strong></span> <span class='ocrx_word' id='word_1_770' title='bbox 2735 4171 2840 4245; x_wconf 91' lang='lat' dir='ltr'><strong>qui</strong></span> <span class='ocrx_word' id='word_1_771' title='bbox 2886 4168 3218 4244; x_wconf 89' lang='lat' dir='ltr'><strong>superstites</strong></span> <span class='ocrx_word' id='word_1_772' title='bbox 3255 4175 3436 4241; x_wconf 89' lang='lat' dir='ltr'><strong>erant,</strong></span> <span class='ocrx_word' id='word_1_773' title='bbox 3479 4170 3660 4228; x_wconf 90' lang='lat' dir='ltr'><strong>sancti</strong></span> <span class='ocrx_word' id='word_1_774' title='bbox 3707 4170 3820 4229; x_wconf 90' lang='lat' dir='ltr'><strong>viri</strong></span> 
     </span>
    </p>
   </div>
   <div class='ocr_carea' id='block_1_85' title="bbox 2103 4258 3821 4334">
    <p class='ocr_par' dir='ltr' id='par_1_85' title="bbox 2103 4258 3821 4334">
     <span class='ocr_line' id='line_1_85' title="bbox 2103 4258 3821 4334; baseline 0.001 -19"><span class='ocrx_word' id='word_1_775' title='bbox 2103 4258 2402 4334; x_wconf 91' lang='lat' dir='ltr'><strong>discipulis</strong></span> <span class='ocrx_word' id='word_1_776' title='bbox 2450 4262 2815 4334; x_wconf 90' lang='lat' dir='ltr'><strong>compulsum</strong></span> <span class='ocrx_word' id='word_1_777' title='bbox 2861 4260 2934 4319; x_wconf 91' lang='lat' dir='ltr'><strong>ad</strong></span> <span class='ocrx_word' id='word_1_778' title='bbox 2972 4259 3095 4334; x_wconf 88' lang='lat' dir='ltr'><strong>ejus</strong></span> <span class='ocrx_word' id='word_1_779' title='bbox 3124 4265 3280 4333; x_wconf 88' lang='lat' dir='ltr'><strong>gesta</strong></span> <span class='ocrx_word' id='word_1_780' title='bbox 3317 4258 3821 4317; x_wconf 88' lang='lat' dir='ltr'><strong>commemoranda</strong></span> 
     </span>
    </p>
   </div>
   <div class='ocr_carea' id='block_1_86' title="bbox 2104 4347 3818 4422">
    <p class='ocr_par' dir='ltr' id='par_1_86' title="bbox 2104 4347 3818 4422">
     <span class='ocr_line' id='line_1_86' title="bbox 2104 4347 3818 4422; baseline 0.001 -17"><span class='ocrx_word' id='word_1_781' title='bbox 2104 4347 2405 4421; x_wconf 85' lang='lat' dir='ltr'><strong>signiﬁcet,</strong></span> <span class='ocrx_word' id='word_1_782' title='bbox 2467 4372 2487 4401; x_wconf 79' lang='grc' dir='ltr'>ι</span> <span class='ocrx_word' id='word_1_783' title='bbox 2541 4350 2877 4421; x_wconf 90' lang='lat' dir='ltr'><strong>multorum,</strong></span> <span class='ocrx_word' id='word_1_784' title='bbox 2939 4348 3169 4422; x_wconf 87' lang='lat' dir='ltr'><strong>inquit,</strong></span> <span class='ocrx_word' id='word_1_785' title='bbox 3225 4348 3470 4407; x_wconf 89' lang='lat' dir='ltr'><strong>fratrum</strong></span> <span class='ocrx_word' id='word_1_786' title='bbox 3527 4348 3818 4422; x_wconf 90' lang='lat' dir='ltr'><strong>precibus,</strong></span> 
     </span>
    </p>
   </div>
   <div class='ocr_carea' id='block_1_87' title="bbox 2105 4438 3819 4512">
    <p class='ocr_par' dir='ltr' id='par_1_87' title="bbox 2105 4438 3819 4512">
     <span class='ocr_line' id='line_1_87' title="bbox 2105 4438 3819 4512; baseline 0.001 -17"><span class='ocrx_word' id='word_1_787' title='bbox 2105 4446 2161 4496; x_wconf 92' lang='lat' dir='ltr'><strong>et</strong></span> <span class='ocrx_word' id='word_1_788' title='bbox 2205 4454 2477 4511; x_wconf 88' lang='lat' dir='ltr'><strong>germana</strong></span> <span class='ocrx_word' id='word_1_789' title='bbox 2524 4441 2799 4499; x_wconf 89' lang='lat' dir='ltr'><strong>charitate</strong></span> <span class='ocrx_word' id='word_1_790' title='bbox 2843 4438 3166 4509; x_wconf 87' lang='lat' dir='ltr'><strong>devinctus,</strong></span> <span class='ocrx_word' id='word_1_791' title='bbox 3217 4438 3373 4512; x_wconf 92' lang='lat' dir='ltr'><strong>quod</strong></span> <span class='ocrx_word' id='word_1_792' title='bbox 3424 4438 3494 4496; x_wconf 92' lang='lat' dir='ltr'><strong>de</strong></span> <span class='ocrx_word' id='word_1_793' title='bbox 3545 4438 3819 4512; x_wconf 54' lang='lat' dir='ltr'><strong>pra‘dicto</strong></span> 
     </span>
    </p>
   </div>
   <div class='ocr_carea' id='block_1_88' title="bbox 2108 4525 3821 4603">
    <p class='ocr_par' dir='ltr' id='par_1_88' title="bbox 2108 4525 3821 4603">
     <span class='ocr_line' id='line_1_88' title="bbox 2108 4525 3821 4603; baseline 0 -18"><span class='ocrx_word' id='word_1_794' title='bbox 2108 4526 2361 4586; x_wconf 89' lang='lat' dir='ltr'><strong>mirabili</strong></span> <span class='ocrx_word' id='word_1_795' title='bbox 2395 4528 2519 4587; x_wconf 91' lang='lat' dir='ltr'><strong>viro</strong></span> <span class='ocrx_word' id='word_1_796' title='bbox 2541 4528 2614 4587; x_wconf 92' lang='lat' dir='ltr'><strong>ab</strong></span> <span class='ocrx_word' id='word_1_797' title='bbox 2644 4527 2888 4603; x_wconf 87' lang='lat' dir='ltr'><strong>egregiis</strong></span> <span class='ocrx_word' id='word_1_798' title='bbox 2906 4529 3032 4602; x_wconf 92' lang='lat' dir='ltr'><strong>ejus</strong></span> <span class='ocrx_word' id='word_1_799' title='bbox 3060 4526 3363 4601; x_wconf 71' lang='lat' dir='ltr'><strong>discipulis</strong></span> <span class='ocrx_word' id='word_1_800' title='bbox 3395 4525 3595 4599; x_wconf 90' lang='lat' dir='ltr'><strong>didici,</strong></span> <span class='ocrx_word' id='word_1_801' title='bbox 3624 4542 3821 4601; x_wconf 74' lang='lat' dir='ltr'><strong>aggre~</strong></span> 
     </span>
    </p>
   </div>
   <div class='ocr_carea' id='block_1_89' title="bbox 2107 4617 3820 4692">
    <p class='ocr_par' dir='ltr' id='par_1_89' title="bbox 2107 4617 3820 4692">
     <span class='ocr_line' id='line_1_89' title="bbox 2107 4617 3820 4692; baseline -0.001 -15"><span class='ocrx_word' id='word_1_802' title='bbox 2107 4618 2255 4692; x_wconf 88' lang='lat' dir='ltr'><strong>diar,</strong></span> <span class='ocrx_word' id='word_1_803' title='bbox 2306 4621 2424 4679; x_wconf 90' lang='lat' dir='ltr'><strong>Deo</strong></span> <span class='ocrx_word' id='word_1_804' title='bbox 2480 4628 2728 4692; x_wconf 89' lang='lat' dir='ltr'><strong>auctore,</strong></span> <span class='ocrx_word' id='word_1_805' title='bbox 2783 4620 3141 4689; x_wconf 84' lang='lat' dir='ltr'><strong>describere;</strong></span> <span class='ocrx_word' id='word_1_806' title='bbox 3196 4639 3224 4673; x_wconf 88' lang='lat'>»</span> <span class='ocrx_word' id='word_1_807' title='bbox 3286 4618 3569 4677; x_wconf 90' lang='lat' dir='ltr'><strong>nimirum</strong></span> <span class='ocrx_word' id='word_1_808' title='bbox 3617 4617 3820 4677; x_wconf 89' lang='lat' dir='ltr'><strong>eodem</strong></span> 
     </span>
    </p>
   </div>
   <div class='ocr_carea' id='block_1_90' title="bbox 2108 4708 3818 4786">
    <p class='ocr_par' dir='ltr' id='par_1_90' title="bbox 2108 4708 3818 4786">
     <span class='ocr_line' id='line_1_90' title="bbox 2108 4708 3818 4786; baseline -0.001 -16"><span class='ocrx_word' id='word_1_809' title='bbox 2108 4712 2409 4786; x_wconf 89' lang='lat' dir='ltr'><strong>religionis</strong></span> <span class='ocrx_word' id='word_1_810' title='bbox 2474 4713 2687 4771; x_wconf 84' lang='lat' dir='ltr'><strong>fadere</strong></span> <span class='ocrx_word' id='word_1_811' title='bbox 2736 4729 2795 4771; x_wconf 89' lang='lat' dir='ltr'><strong>se</strong></span> <span class='ocrx_word' id='word_1_812' title='bbox 2840 4712 2957 4770; x_wconf 91' lang='lat' dir='ltr'><strong>illis</strong></span> <span class='ocrx_word' id='word_1_813' title='bbox 3000 4708 3381 4783; x_wconf 89' lang='lat' dir='ltr'><strong>conjunctum</strong></span> <span class='ocrx_word' id='word_1_814' title='bbox 3429 4710 3818 4781; x_wconf 88' lang='lat' dir='ltr'><strong>considerans,</strong></span> 
     </span>
    </p>
   </div>
   <div class='ocr_carea' id='block_1_91' title="bbox 2107 4800 3819 4876">
    <p class='ocr_par' dir='ltr' id='par_1_91' title="bbox 2107 4800 3819 4876">
     <span class='ocr_line' id='line_1_91' title="bbox 2107 4800 3819 4876; baseline 0.001 -17"><span class='ocrx_word' id='word_1_815' title='bbox 2107 4817 2222 4876; x_wconf 92' lang='lat' dir='ltr'><strong>quo</strong></span> <span class='ocrx_word' id='word_1_816' title='bbox 2254 4824 2282 4857; x_wconf 90' lang='lat'>«</span> <span class='ocrx_word' id='word_1_817' title='bbox 2312 4804 2573 4875; x_wconf 90' lang='lat' dir='ltr'><strong>germani</strong></span> <span class='ocrx_word' id='word_1_818' title='bbox 2604 4809 2661 4861; x_wconf 89' lang='lat' dir='ltr'><strong>et</strong></span> <span class='ocrx_word' id='word_1_819' title='bbox 2689 4803 2891 4861; x_wconf 82' lang='lat' dir='ltr'><strong>fratres</strong></span> <span class='ocrx_word' id='word_1_820' title='bbox 2924 4822 2951 4855; x_wconf 87' lang='lat'><strong><em>»</em></strong></span> <span class='ocrx_word' id='word_1_821' title='bbox 2995 4800 3068 4859; x_wconf 92' lang='lat' dir='ltr'><strong>ab</strong></span> <span class='ocrx_word' id='word_1_822' title='bbox 3101 4801 3303 4860; x_wconf 91' lang='lat' dir='ltr'><strong>eodem</strong></span> <span class='ocrx_word' id='word_1_823' title='bbox 3342 4807 3504 4875; x_wconf 90' lang='lat' dir='ltr'><strong>patre</strong></span> <span class='ocrx_word' id='word_1_824' title='bbox 3532 4800 3819 4875; x_wconf 90' lang='lat' dir='ltr'><strong>progeniti</strong></span> 
     </span>
    </p>
   </div>
   <div class='ocr_carea' id='block_1_92' title="bbox 2108 4889 3823 4966">
    <p class='ocr_par' dir='ltr' id='par_1_92' title="bbox 2108 4889 3823 4966">
     <span class='ocr_line' id='line_1_92' title="bbox 2108 4889 3823 4966; baseline 0.001 -18"><span class='ocrx_word' id='word_1_825' title='bbox 2108 4891 2317 4950; x_wconf 88' lang='lat' dir='ltr'><strong>debent</strong></span> <span class='ocrx_word' id='word_1_826' title='bbox 2358 4893 2612 4951; x_wconf 89' lang='lat' dir='ltr'><strong>invicem</strong></span> <span class='ocrx_word' id='word_1_827' title='bbox 2649 4889 3002 4966; x_wconf 89' lang='lat' dir='ltr'><strong>quibusdam</strong></span> <span class='ocrx_word' id='word_1_828' title='bbox 3033 4892 3247 4951; x_wconf 91' lang='lat' dir='ltr'><strong>amoris</strong></span> <span class='ocrx_word' id='word_1_829' title='bbox 3286 4896 3343 4950; x_wconf 93' lang='lat' dir='ltr'><strong>et</strong></span> <span class='ocrx_word' id='word_1_830' title='bbox 3373 4891 3670 4951; x_wconf 82' lang='lat' dir='ltr'><strong>charitatis</strong></span> <span class='ocrx_word' id='word_1_831' title='bbox 3696 4890 3823 4949; x_wconf 84' lang='lat' dir='ltr'><strong>vin-</strong></span> 
     </span>
    </p>
   </div>
   <div class='ocr_carea' id='block_1_93' title="bbox 2108 4983 2737 5058">
    <p class='ocr_par' dir='ltr' id='par_1_93' title="bbox 2108 4983 2737 5058">
     <span class='ocr_line' id='line_1_93' title="bbox 2108 4983 2737 5058; baseline -0.002 -16"><span class='ocrx_word' id='word_1_832' title='bbox 2108 4983 2257 5043; x_wconf 91' lang='lat' dir='ltr'><strong>culis</strong></span> <span class='ocrx_word' id='word_1_833' title='bbox 2281 4984 2529 5058; x_wconf 89' lang='lat' dir='ltr'><strong>alligari.</strong></span> <span class='ocrx_word' id='word_1_834' title='bbox 2730 5048 2737 5055; x_wconf 25' lang='lat' dir='ltr'>O</span> 
     </span>
    </p>
   </div>
   <div class='ocr_carea' id='block_1_94' title="bbox 2178 5066 3819 5146">
    <p class='ocr_par' dir='ltr' id='par_1_94' title="bbox 2178 5066 3819 5146">
     <span class='ocr_line' id='line_1_94' title="bbox 2178 5066 3819 5146; baseline -0.001 -16"><span class='ocrx_word' id='word_1_835' title='bbox 2178 5071 2279 5130; x_wconf 88' lang='grc' dir='ltr'><strong>ΧΙ.</strong></span> <span class='ocrx_word' id='word_1_836' title='bbox 2335 5072 2642 5146; x_wconf 75' lang='lat' dir='ltr'><strong>Reciproce</strong></span> <span class='ocrx_word' id='word_1_837' title='bbox 2711 5087 2848 5129; x_wconf 92' lang='lat' dir='ltr'><strong>vero</strong></span> <span class='ocrx_word' id='word_1_838' title='bbox 2907 5086 2940 5128; x_wconf 89' lang='lat' dir='ltr'><strong>a</strong></span> <span class='ocrx_word' id='word_1_839' title='bbox 2994 5071 3206 5130; x_wconf 89' lang='lat' dir='ltr'><strong>nostris</strong></span> <span class='ocrx_word' id='word_1_840' title='bbox 3270 5066 3819 5128; x_wconf 83' lang='lat' dir='ltr'><strong>Camaldulensibus</strong></span> 
     </span>
    </p>
   </div>
   <div class='ocr_carea' id='block_1_95' title="bbox 2107 5160 3814 5236">
    <p class='ocr_par' dir='ltr' id='par_1_95' title="bbox 2107 5160 3814 5236">
     <span class='ocr_line' id='line_1_95' title="bbox 2107 5160 3814 5236; baseline 0 -16"><span class='ocrx_word' id='word_1_841' title='bbox 2107 5162 2450 5221; x_wconf 85' lang='lat' dir='ltr'><strong>Avellanita</strong></span> <span class='ocrx_word' id='word_1_842' title='bbox 2506 5162 2615 5236; x_wconf 83' lang='lat' dir='ltr'><strong>ipsi</strong></span> <span class='ocrx_word' id='word_1_843' title='bbox 2673 5169 2735 5221; x_wconf 93' lang='lat' dir='ltr'><strong>ut</strong></span> <span class='ocrx_word' id='word_1_844' title='bbox 2791 5185 2811 5213; x_wconf 76' lang='grc' dir='ltr'><strong><em>α</em></strong></span> <span class='ocrx_word' id='word_1_845' title='bbox 2871 5163 3149 5235; x_wconf 62' lang='lat' dir='ltr'><strong>fratres,»</strong></span> <span class='ocrx_word' id='word_1_846' title='bbox 3207 5160 3408 5231; x_wconf 91' lang='lat' dir='ltr'><strong>habiti,</strong></span> <span class='ocrx_word' id='word_1_847' title='bbox 3438 5164 3493 5218; x_wconf 88' lang='lat' dir='ltr'><strong>et</strong></span> <span class='ocrx_word' id='word_1_848' title='bbox 3539 5166 3814 5232; x_wconf 89' lang='lat' dir='ltr'><strong>tanquam</strong></span> 
     </span>
    </p>
   </div>
   <div class='ocr_carea' id='block_1_96' title="bbox 2105 5249 3814 5323">
    <p class='ocr_par' dir='ltr' id='par_1_96' title="bbox 2105 5249 3814 5323">
     <span class='ocr_line' id='line_1_96' title="bbox 2105 5249 3814 5323; baseline 0 -15"><span class='ocrx_word' id='word_1_849' title='bbox 2105 5258 2363 5323; x_wconf 83' lang='lat' dir='ltr'><strong>c0gnata</strong></span> <span class='ocrx_word' id='word_1_850' title='bbox 2438 5251 2633 5323; x_wconf 89' lang='lat' dir='ltr'><strong>stirpis</strong></span> <span class='ocrx_word' id='word_1_851' title='bbox 2686 5267 2719 5309; x_wconf 87' lang='lat' dir='ltr'><strong>a</strong></span> <span class='ocrx_word' id='word_1_852' title='bbox 2774 5251 3141 5321; x_wconf 74' lang='lat' dir='ltr'><strong>Ilomualdo,</strong></span> <span class='ocrx_word' id='word_1_853' title='bbox 3202 5249 3364 5307; x_wconf 85' lang='lat' dir='ltr'><strong>velut</strong></span> <span class='ocrx_word' id='word_1_854' title='bbox 3429 5263 3462 5304; x_wconf 89' lang='lat' dir='ltr'><strong>a</strong></span> <span class='ocrx_word' id='word_1_855' title='bbox 3514 5250 3814 5308; x_wconf 91' lang='lat' dir='ltr'><strong>communi</strong></span> 
     </span>
    </p>
   </div>
   <div class='ocr_carea' id='block_1_97' title="bbox 2106 5337 3811 5414">
    <p class='ocr_par' dir='ltr' id='par_1_97' title="bbox 2106 5337 3811 5414">
     <span class='ocr_line' id='line_1_97' title="bbox 2106 5337 3811 5414; baseline -0.001 -15"><span class='ocrx_word' id='word_1_856' title='bbox 2106 5348 2310 5400; x_wconf 85' lang='lat' dir='ltr'><strong>trunco</strong></span> <span class='ocrx_word' id='word_1_857' title='bbox 2365 5345 2708 5414; x_wconf 84' lang='lat' dir='ltr'><strong>propagata,</strong></span> <span class='ocrx_word' id='word_1_858' title='bbox 2742 5344 3003 5414; x_wconf 86' lang='lat' dir='ltr'><strong>germina</strong></span> <span class='ocrx_word' id='word_1_859' title='bbox 3059 5337 3404 5397; x_wconf 86' lang='lat' dir='ltr'><strong>considerati</strong></span> <span class='ocrx_word' id='word_1_860' title='bbox 3453 5343 3608 5409; x_wconf 90' lang='lat' dir='ltr'><strong>sunt,</strong></span> <span class='ocrx_word' id='word_1_861' title='bbox 3636 5341 3811 5397; x_wconf 83' lang='lat' dir='ltr'><strong>etiam</strong></span> 
     </span>
    </p>
   </div>
   <div class='ocr_carea' id='block_1_98' title="bbox 2103 5426 3808 5507">
    <p class='ocr_par' dir='ltr' id='par_1_98' title="bbox 2103 5426 3808 5507">
     <span class='ocr_line' id='line_1_98' title="bbox 2103 5426 3808 5507; baseline -0.003 -16"><span class='ocrx_word' id='word_1_862' title='bbox 2103 5438 2405 5507; x_wconf 89' lang='lat' dir='ltr'><strong>postquam</strong></span> <span class='ocrx_word' id='word_1_863' title='bbox 2457 5430 2528 5487; x_wconf 92' lang='lat' dir='ltr'><strong>ab</strong></span> <span class='ocrx_word' id='word_1_864' title='bbox 2579 5429 2869 5489; x_wconf 87' lang='lat' dir='ltr'><strong>eremitica</strong></span> <span class='ocrx_word' id='word_1_865' title='bbox 2922 5426 3226 5501; x_wconf 88' lang='lat' dir='ltr'><strong>disciplina</strong></span> <span class='ocrx_word' id='word_1_866' title='bbox 3279 5427 3350 5485; x_wconf 91' lang='lat' dir='ltr'><strong>ad</strong></span> <span class='ocrx_word' id='word_1_867' title='bbox 3411 5426 3808 5486; x_wconf 87' lang='lat' dir='ltr'><strong>canobiticam</strong></span> 
     </span>
    </p>
   </div>
   <div class='ocr_carea' id='block_1_99' title="bbox 2103 5509 3887 5591">
    <p class='ocr_par' dir='ltr' id='par_1_99' title="bbox 2103 5509 3887 5591">
     <span class='ocr_line' id='line_1_99' title="bbox 2103 5509 3887 5591; baseline -0.002 -12"><span class='ocrx_word' id='word_1_868' title='bbox 2103 5520 2598 5579; x_wconf 80' lang='lat' dir='ltr'><strong>conversationem</strong></span> <span class='ocrx_word' id='word_1_869' title='bbox 2652 5519 2911 5578; x_wconf 88' lang='lat' dir='ltr'><strong>translati</strong></span> <span class='ocrx_word' id='word_1_870' title='bbox 2958 5522 3113 5588; x_wconf 90' lang='lat' dir='ltr'><strong>sunt,</strong></span> <span class='ocrx_word' id='word_1_871' title='bbox 3141 5521 3314 5591; x_wconf 87' lang='lat' dir='ltr'><strong>atque</strong></span> <span class='ocrx_word' id='word_1_872' title='bbox 3345 5516 3444 5575; x_wconf 89' lang='lat' dir='ltr'><strong>ubi</strong></span> <span class='ocrx_word' id='word_1_873' title='bbox 3471 5533 3503 5575; x_wconf 94' lang='lat' dir='ltr'><strong>a</strong></span> <span class='ocrx_word' id='word_1_874' title='bbox 3531 5517 3805 5588; x_wconf 88' lang='lat' dir='ltr'><strong>primava</strong></span> <span class='ocrx_word' id='word_1_875' title='bbox 3874 5509 3887 5521; x_wconf 89' lang='grc'><em>’</em></span> 
     </span>
    </p>
   </div>
   <div class='ocr_carea' id='block_1_100' title="bbox 2106 5605 3801 5683">
    <p class='ocr_par' dir='ltr' id='par_1_100' title="bbox 2106 5605 3801 5683">
     <span class='ocr_line' id='line_1_100' title="bbox 2106 5605 3801 5683; baseline -0.004 -14"><span class='ocrx_word' id='word_1_876' title='bbox 2106 5612 2165 5670; x_wconf 91' lang='lat' dir='ltr'><strong>S.</strong></span> <span class='ocrx_word' id='word_1_877' title='bbox 2225 5609 2565 5682; x_wconf 83' lang='lat' dir='ltr'><strong>Romualdi,</strong></span> <span class='ocrx_word' id='word_1_878' title='bbox 2625 5608 2893 5683; x_wconf 85' lang='lat' dir='ltr'><strong>Petrique</strong></span> <span class='ocrx_word' id='word_1_879' title='bbox 2948 5606 3215 5666; x_wconf 90' lang='lat' dir='ltr'><strong>Damiani</strong></span> <span class='ocrx_word' id='word_1_880' title='bbox 3269 5605 3631 5675; x_wconf 89' lang='lat' dir='ltr'><strong>institutione</strong></span> <span class='ocrx_word' id='word_1_881' title='bbox 3678 5605 3801 5680; x_wconf 90' lang='lat' dir='ltr'><strong>jam</strong></span> 
     </span>
    </p>
   </div>
  </div>
