4034 6462
195 312 270 373 49

1100 318 1678 384 PBOLEGOMENA.
1712 350 1779 363 —
1815 318 1913 379 DE
1950 316 2354 380 INSTITUTO
2391 319 2821 380 CAMALDUL.
3637 323 3707 385 50

192 438 587 513 desciverant,
607 447 805 502 contra
834 443 1090 518 ejusdem
1124 447 1275 506 Petri
1304 446 1569 506 Damiani
1607 445 1913 512 monitum,
1934 443 2181 519 Aplacet
2216 444 2390 518 quod,
2426 460 2560 504 cum
2599 445 2833 503 habitus
2868 445 3398 506 Uamaldulensium
3427 463 3461 506 a
3485 449 3709 508 czeteris

190 545 313 602 quo
352 529 488 589 illos
526 535 805 606 opusculo
842 547 967 606 XIV,
1007 537 1115 595 sub
1154 538 1328 596 tinem
1360 536 1698 611 gravissime
1728 535 1916 593 incre-

192 626 486 692 paverat:
532 646 557 670 ιι
593 620 721 681 Non
770 624 964 698 itaque
1009 625 1081 683 ad
1126 625 1590 686 monasterialem
1636 623 1916 683 laxitudi-

195 724 338 767 nem
358 708 437 766 ab
464 712 757 771 eremitica
784 730 885 773 vos
913 715 1086 775 libeat
1107 717 1462 777 districtione
1491 716 1852 787 descendere,
1887 741 1912 765 ι»

196 798 259 857 in
320 801 455 872 hoc,
514 803 779 877 inquam,
834 806 1047 880 pariter
1112 814 1261 867 statu
1321 808 1689 879 Avellanitte,
1751 808 1917 881 quasi

194 903 501 961 germanae
553 893 847 953 charitatis
910 897 1316 956 communione
1378 897 1547 957 nobis
1598 895 1912 977 conjuncti,

197 978 450 1050 perinde
503 996 569 1039 ac
628 984 897 1043 monachi
953 985 1430 1046 Vallisumbrosa:
1485 1003 1517 1045 a
1572 986 1649 1046 S.‘
1696 986 1917 1044 Joanne

198 1066 521 1128 Gualberto
566 1070 634 1131 D.
690 1071 999 1133 Romualdi
1055 1076 1338 1151 discipulo
1392 1076 1660 1148 instituti,
1716 1076 1916 1134 eodem

198 1157 444 1233 hospitii
492 1161 627 1235 jure
676 1163 744 1220 in
802 1164 1014 1223 nostris
1066 1166 1428 1225 monasteriis
1492 1168 1554 1226 in
1618 1166 1917 1227 refectorio

198 1247 446 1321 suscipi,
487 1250 732 1325 ejusque
770 1253 1228 1327 congregationis
1261 1255 1666 1315 defunctorum
1704 1255 1916 1314 animae

200 1336 451 1410 paribus
507 1340 849 1400 Christianas
898 1341 1122 1417 pietatis
1166 1344 1458 1420 suffragiis
1499 1344 1724 1420 expiari
1775 1361 1915 1404 con-

203 1432 555 1499 sueverunt;
614 1444 747 1487 nam
798 1430 859 1488 in
909 1432 1418 1493 constitutionibus
1473 1450 1626 1493 anno
1687 1434 1845 1506 1253,
1882 1450 1917 1492 a

200 1515 267 1576 B.
298 1515 553 1575 Martino
599 1517 684 1577 III
727 1520 979 1592 generali
1028 1522 1219 1593 editis,
1270 1523 1371 1582 lib.
1417 1536 1500 1597 III,
1554 1540 1677 1599 cap.
1717 1523 1804 1593 23,
1836 1524 1919 1582 sic

201 1606 552 1682 praecipitur
594 1623 608 1663 :
653 1633 680 1658 «
723 1608 1062 1683 Statuimus,
1106 1619 1171 1671 ut
1207 1613 1411 1672 fratres
1451 1614 1632 1672 nostri
1673 1612 1915 1683 ordinis,

202 1699 705 1772 Vallumbrosani,
732 1710 787 1762 et
842 1709 1051 1764 sancta:
1100 1705 1288 1763 crucis
1337 1706 1535 1764 Fontis
1594 1705 1914 1777 Avellanae,

2003 534 2450 592 monasticarum
2505 535 3016 607 congregationum
3088 536 3345 595 vestibus
3413 538 3606 607 (etiam
3673 556 3707 597 a

2002 620 2417 678 monachorum
2480 622 2692 679 montis
2753 621 3029 695 Virginis,
3085 630 3140 681 et
3194 625 3408 683 montis
3475 624 3702 697 Oliveti,

2001 707 2133 767 albo
2179 709 2367 767 colore
2412 710 2623 782 pariter
2657 711 2946 769 utentium
2984 712 3221 784 amictu)
3269 713 3378 772 hoc
3416 715 3706 790 przecipuo

1999 799 2337 858 discrimine
2379 800 2791 874 distinguatur,
2843 803 2996 877 quod
3047 818 3159 861 non
3210 805 3486 874 solutum,
3534 813 3707 881 atque

1998 889 2071 948 ab
2110 889 2372 948 humeris
2398 891 2669 966 utrinque
2700 892 2878 950 libere
2909 892 3227 950 demissum
3272 895 3567 968 scapulare
3602 911 3707 954 no-

1999 978 2101 1037 stri
2130 977 2410 1050 deferant,
2441 980 2540 1037 sed
2570 981 2679 1038 sub
2705 988 2929 1053 pectore
2958 982 3124 1041 laneo
3144 983 3383 1057 cingulo
3411 984 3704 1058 colligant,

1999 1070 2175 1145 quod,
2222 1076 2346 1144 post
2387 1071 2878 1144 expeditissimam
2923 1072 3060 1131 nodi
3098 1074 3615 1148 complicationem,
3643 1077 3706 1134 in

1999 1160 2166 1219 binas
2205 1160 2407 1219 uenias
2448 1161 2520 1219 ab
2562 1162 2835 1220 anteriori
2872 1169 3027 1236 parte
3074 1164 3389 1236 pendentes
3414 1156 3707 1236 excurrit,

1997 1250 2342 1310 Avellanitae
2365 1251 2580 1326 pariter
2619 1251 2795 1309 simili
2834 1251 3066 1324 cingulo
3099 1252 3373 1326 praecingi
3409 1254 3706 1328 quondam

1997 1341 2364 1398 consuevisse
2408 1340 2938 1414 deprehenduntur.
2974 1339 3121 1397 Nam
3167 1355 3300 1398 cum
3346 1341 3547 1400 Petrus
3593 1341 3706 1399 Da-

2000 1429 2251 1499 mianus,
2283 1434 2338 1486 et
2366 1428 2566 1487 Albizo
2600 1428 2724 1503 ejus
2752 1444 2964 1491 comes.
2993 1430 3367 1490 Theuzonem
3406 1430 3707 1490 eremitam

1999 1516 2306 1575 Florentiae
2354 1518 2785 1589 convenientes,
2836 1519 2909 1577 ab
2958 1518 3160 1577 eodem
3208 1519 3351 1576 dure
3393 1518 3594 1588 habiti,
3643 1536 3710 1579 ac

2000 1607 2233 1666 tandem
2267 1614 2391 1682 post
2438 1606 2621 1666 multa
2655 1608 2848 1681 jurgia
2887 1608 3051 1683 ejecti
3087 1614 3243 1679 sunt,
3274 1623 3376 1681 per
3404 1608 3710 1683 cingulum

1997 1698 2196 1758 ambos
2235 1699 2623 1773 apprehensos
2670 1698 2869 1771 fuisse,
2901 1703 3141 1758 testatur
3173 1698 3327 1757 idem
3367 1698 3710 1772 Damianus,

204 1789 374 1865 quasi
407 1805 527 1849 uno
555 1790 848 1851 charitalis
875 1794 1082 1866 olIicio,
1122 1794 1552 1853 monachicum
1593 1788 2103 1867 monachis,Blib.
2162 1800 2241 1858 VI,
2296 1804 2385 1862 ep.
2443 1789 2560 1846 30:
2615 1812 2642 1836 ‹‹
2695 1788 2972 1857 Tandem,
3027 1787 3241 1862 inquit,
3292 1804 3394 1862 per
3438 1786 3710 1846 semicin-

203 1880 477 1939 conversi
524 1896 657 1940 cum
698 1885 992 1943 conversis
1039 1884 1320 1957 hilariter,
1352 1891 1407 1944 et
1446 1886 1698 1959 benigne
1735 1883 1914 1943 susci-

202 1969 449 2043 piantur
475 1985 511 2027 a
537 1971 717 2029 nostri
757 1972 977 2032 ordinis
1013 1973 1265 2047 praelatis
1303 1981 1356 2034 et
1396 1974 1642 2033 subditis
1677 1974 1917 2031 univer-

204 2058 304 2117 sis.
343 2084 372 2108 ι»
408 2060 480 2118 Et
510 2076 711 2119 rursus
747 2076 900 2120 anno
943 2063 1097 2135 1372,
1130 2063 1223 2123 die
1266 2064 1333 2123 27
1370 2063 1527 2134 Maii,
1562 2064 1623 2121 in
1668 2063 1918 2136 capitulo

202 2148 490 2221 generali,
520 2151 673 2223 quod
713 2151 1064 2210 celebratum
1099 2162 1183 2211 est
1230 2154 1292 2211 in
1337 2151 1682 2213 monasterio
1724 2152 1780 2212 S.
1809 2152 1917 2210 Mi-

202 2236 423 2296 chaelis
474 2236 540 2295 in
590 2237 785 2312 Burgo
832 2238 1120 2313 Pisarum,
1156 2241 1497 2314 praesidente
1545 2242 1768 2302 Joanne
1814 2241 1915 2312 III,

2003 1876 2111 1935 tias
2148 1878 2415 1952 correpti
2464 1878 2748 1937 violenter
2793 1878 3184 1937 excludimur.
3234 1900 3256 1930 δ
3308 1877 3507 1952 Itaque
3549 1878 3714 1937 nulla

2004 1970 2126 2023 erat
2170 1967 2630 2025 Avellanitarum
2674 1974 2731 2025 et
2781 1967 3314 2025 Camaldulensium
3362 1966 3710 2037 indumenti,

2001 2054 2156 2112 unde
2187 2060 2240 2112 et
2270 2053 2433 2111 nulla
2464 2054 2618 2122 vita),
2653 2053 2816 2112 nulla
2844 2053 3114 2125 instituti,
3145 2052 3308 2112 nulla
3342 2054 3712 2127 professionis

2002 2144 2214 2215 pariter
2238 2142 2568 2200 diﬂ'erentia
2597 2141 2902 2199 censenda.
3472 2152 3495 2160 “

2071 2230 2229 2289 ΧΙΙΙ.
2262 2229 2556 2304 Quidquid
2599 2236 2788 2288 tamen
2827 2231 2899 2287 sit
2937 2229 3009 2287 de
3048 2229 3180 2287 aliis
3220 2229 3418 2288 Fontis
3446 2229 3714 2289 Avellani

200 2325 486 2399 generali,
511 2326 803 2386 decretum
829 2334 932 2398 est,
972 2351 992 2381 α
1029 2336 1093 2388 ut
1121 2331 1391 2389 monachi
1418 2330 1918 2401 Vallisumbrosze,
1999 2321 2276 2393 alumniS,
2313 2327 2465 2379 certe
2492 2322 2554 2379 in
2586 2320 2751 2379 Petro
2782 2320 3062 2379 Damiano
3107 2321 3292 2394 poliOI‘
3323 2320 3491 2394 longe
3536 2337 3714 2393 quam

199 2422 256 2474 et
313 2415 378 2474 S.
431 2418 623 2476 crucis
681 2419 751 2477 de
801 2419 1102 2493 Avellana,
1133 2428 1246 2480 tam
1298 2423 1358 2480 in
1413 2439 1604 2482 eremo
1641 2438 1817 2497 quam
1857 2421 1919 2479 in
2002 2412 2061 2469 in
2107 2409 2351 2480 czeteris,
2392 2410 2536 2467 ratio
2582 2410 2816 2478 relucet,
2850 2426 2952 2468 cur
2984 2409 3054 2467 ad
3086 2407 3587 2468 Camaldulensem
3616 2426 3713 2469 or—

204 2506 578 2565 monasteriis
624 2508 847 2567 ordinis
899 2511 1252 2584 recipiantur
1292 2512 1353 2569 in
1407 2513 1600 2579 choro,
1663 2518 1717 2571 et
1780 2511 1915 2569 refe-

2079 2518 2221 2574 iem,
2270 2501 2393 2560 sive
2439 2500 2510 2559 ad
2561 2500 2627 2561 D.
2681 2501 2990 2560 Romualdi
3042 2500 3378 2559 institutum
3430 2500 3715 2575 pertinere

198 2594 402 2663 ctorio,
439 2610 506 2652 ac
561 2595 611 2652 si
668 2604 859 2655 essent
912 2598 1133 2657 ordinis
1191 2599 1667 2670 Camaldulensis,
1709 2604 1765 2658 et
1820 2615 1920 2658 co-
2001 2591 2325 2649 censendus
2376 2591 2488 2663 Sit;
2530 2591 2623 2649 V91
2668 2592 2853 2665 Primo
2899 2590 3035 2664 (Ιυίδ
3083 2590 3417 2649 immediate
3466 2592 3540 2648 ab
3588 2592 3713 2666 i030

202 2685 477 2744 rumdem
514 2684 790 2743 ordinum
818 2686 1038 2760 brevia,
1075 2713 1101 2737 η
1134 2687 1191 2746 id
1221 2696 1306 2747 ρει
1335 2689 1641 2765 ᾱίριγοὴω,
1674 2690 1919 2747 fratrum
2004 2681 2062 2739 S.
2097 2681 2158 2740 P.
2190 2681 2515 2740 Romualdo
2560 2685 2683 2749 (aut
2729 2688 2881 2739 certe
2922 2680 3315 2739 mediantibus
3361 2681 3489 2754 ejus
3535 2681 3716 2741 disci-

202 2773 615 2832 del‘unctorum
644 2775 880 2834 nomina
904 2775 1247 2848 indicantes,
1280 2804 1304 2826 «
1346 2794 1444 2851 per
1474 2779 1917 2837 breviferarium
2000 2773 2176 2848 pulis)
2208 2774 2518 2832 eremiticze
2548 2774 2683 2832 vitae
2712 2773 3082 2844 rudimentis,
3111 2788 3243 2848 quae
3265 2774 3631 2847 postmodum
3650 2774 3715 2834 in

202 2864 426 2924 ordinis
478 2864 833 2939 deferantur,
870 2889 891 2918 »
949 2873 1053 2925 etc.
1114 2869 1327 2927 Actum
1393 2884 1572 2927 manu
1633 2868 1920 2928 Leonardi
2001 2864 2145 2922 alios
2196 2863 2471 2938 erogavit,
2505 2864 2823 2922 instructus
2877 2862 3065 2921 fuerit.
3122 2862 3284 2921 Unde
3350 2864 3713 2922 reverendis-

203 2954 344 3013 olim
386 2954 681 3014 Francisci
719 2955 790 3013 de
827 2955 1135 3016 Castilione
1172 2958 1412 3016 Aretino
1448 2956 1656 3017 notarii
1690 2964 1746 3015 et
1780 2958 1918 3016 scri-
2002 2956 2188 3014 simus
2213 2955 2391 3013 abbas
2421 2954 2487 3012 D.
2524 2952 2823 3012 Secundus
2870 2950 3239 3009 Lancellotus
3278 2950 3616 3011 Olivetanus
3653 2951 3714 3011 in

202 3046 294 3104 bze
321 3045 609 3120 deputati,
646 3062 719 3103 ex
752 3046 995 3105 archivii
1036 3048 1497 3107 Camaldulensis
1534 3047 1682 3106 libro
1720 3048 1788 3108 R.
1832 3048 1915 3117 18,
2003 3060 2125 3104 sua:
2169 3042 2631 3118 congregationis
2660 3041 2914 3100 Historia
2951 3040 3049 3099 lib.
3086 3053 3146 3111 II,
3175 3057 3299 3114 cap.
3324 3040 3414 3114 22,
3449 3041 3519 3098 de
3552 3041 3713 3100 Petro

203 3134 292 3207 80,
344 3135 589 3229 ejusque
652 3133 843 3229 indice
906 3138 937 3210 §
1005 3138 1248 3202 Statum,
1314 3153 1443 3210 pag.
1514 3137 1568 3209 2,
1628 3153 1793 3196 num.
1862 3135 2282 3229 9.CDamiano
2310 3135 2429 3193 ait:
2465 3133 2823 3229 «Audiitin
2867 3147 2928 3189 re
2974 3130 3712 3229 monasticaBomu‘aldum

203 3223 393 3294 Quare
448 3222 634 3282 multo
685 3222 885 3297 magis,
916 3224 1056 3283 dum
1114 3223 1417 3300 pristinam
1464 3225 1654 3285 adhuc
1704 3228 1916 3286 eremi-

204 3316 334 3374 ticae
366 3314 502 3374 vitae
532 3315 796 3387 formam,
827 3316 897 3375 ad
926 3332 1120 3390 quam,
1154 3333 1227 3375 ex
1260 3316 1569 3377 Romualdi
1592 3318 1911 3392 przeceptis,

203 3421 305 3479 per
342 3404 410 3463 B.
443 3403 681 3463 Petrum
726 3404 1070 3476 Damianum
1112 3404 1460 3465 Avellanitaa
1497 3406 1749 3466 instituti
1786 3408 1914 3467 fue-

205 3502 359 3565 rant,
400 3493 817 3567 sequebantur,
862 3510 961 3567 pro
1018 3495 1229 3554 similis
1272 3494 1595 3569 disciplinae
1633 3496 1913 3556 consorti—

200 3582 310 3641 bus
348 3583 550 3642 haberi
582 3582 735 3657 apud
761 3582 1229 3643 Gamaldulenses
1264 3586 1654 3645 merebantur.

267 3672 402 3732 XII.
440 3671 625 3744 quue
659 3688 727 3731 eo
759 3672 961 3747 magis,
990 3689 1063 3730 ex
1105 3689 1221 3748 quo
1255 3674 1717 3734 Avellanitarum
1760 3683 1915 3737 vete-

201 3779 337 3822 rum
401 3762 658 3829 habitus,
691 3770 745 3821 et
798 3763 1015 3821 colores
1070 3770 1123 3821 et
1179 3764 1387 3835 forma,
1421 3780 1557 3823 cum
1614 3764 1917 3826 Camaldu-

202 3853 459 3912 leusium
512 3851 719 3911 habitu
770 3851 1001 3926 penitus
1053 3853 1405 3912 conveniret.
1458 3854 1793 3928 Enimvero,
1851 3865 1915 3916 ut

200 3944 433 4002 dissert.
483 3954 568 4013 III,
596 3956 719 4014 cap.
747 3941 801 4014 2,
836 3957 998 4001 num.
1030 3942 1064 4001 9
1108 3948 1163 4001 et
1211 3942 1275 4002 10
1318 3944 1697 4016 ostendimus,
1746 3945 1915 4005 albus

198 4032 358 4093 color
408 4032 747 4091 monasticis
795 4048 997 4091 eorum
1032 4034 1288 4093 vestibus
1331 4035 1687 4095 conveniens
1716 4053 1789 4095 ex
1817 4053 1916 4096 an-

197 4120 380 4196 tiquis
422 4120 822 4179 monumentis
858 4121 1106 4196 aliisque
1144 4123 1336 4197 probis
1364 4123 1697 4183 auctoribus
1729 4125 1914 4186 dedu-

196 4211 372 4281 citur,
405 4209 651 4283 ipsomet
698 4208 862 4267 Petro
907 4208 1207 4282 Damiano,
1251 4218 1385 4269 tom.
1421 4211 1466 4281 Ι,
1504 4210 1604 4270 lib.
1632 4224 1712 4283 v1,
1744 4213 1908 4287 epist.

200 4302 288 4373 14,
316 4298 683 4358 Mainardum
734 4299 996 4359 abbatem
1043 4307 1331 4372 monente,
1366 4317 1437 4361 ne
1472 4304 1668 4362 album
1716 4319 1912 4363 mona-

197 4393 446 4451 chorum
477 4390 777 4461 amictum,
808 4396 1002 4465 utpote
1044 4392 1244 4465 vilem,
1278 4393 1613 4468 despiceret,
1644 4396 1912 4470 exemplo

200 4482 439 4551 Christi,
464 4479 570 4557 qui
595 4498 656 4540 se
684 4506 709 4534 α
741 4487 899 4540 veste
937 4482 1066 4541 alba
1099 4510 1124 4534 »
1158 4483 1331 4543 illudi
1357 4486 1429 4544 ab
1456 4486 1683 4546 Herode
1713 4504 1913 4561 passus

198 4579 307 4644 est,
336 4577 403 4631 ut
442 4571 671 4630 dissert.
706 4585 768 4631 ut
814 4573 935 4644 cit.,
966 4588 1090 4648 cap.
1142 4573 1196 4644 2,
1226 4590 1392 4634 num.
1449 4576 1503 4648 7,
1538 4576 1906 4648 notavimus;

200 4676 307 4720 nec
370 4675 490 4719 non
568 4659 734 4718 Petro
806 4660 1130 4733 Ricordato,
1206 4662 1481 4723 Silvestro
1556 4665 1909 4741 Maurolyco,

202 4748 386 4809 Paulo
438 4748 703 4824 Morigia,
751 4750 1127 4810 Constantino
1181 4751 1468 4828 Cajetano,
1516 4760 1572 4813 et
1620 4755 1910 4815 chronista

200 4838 583 4899 Benedictino
611 4840 763 4913 apud
802 4841 1069 4899 eumdem
1105 4842 1167 4899 in
1201 4842 1643 4917 prolegomenis,
1683 4849 1823 4904 tom.
1859 4847 1908 4921 Ι,

200 4944 355 5002 oper.
413 4927 473 4987 B.
510 4928 662 4987 Petri
711 4929 998 5002 Damiani,
1045 4930 1116 4989 de
1167 4931 1634 4990 Avellanitarum
1692 4935 1909 5007 tunica,

202 5016 510 5092 scapulari,
551 5023 609 5075 et
656 5017 882 5076 cuculla
921 5018 1155 5092 penitus
1200 5019 1331 5077 alba
1383 5020 1776 5079 testimonium
1823 5024 1909 5081 fe-

202 5109 495 5178 rentibus;
557 5107 701 5166 adeo
758 5115 826 5167 ut
874 5108 1044 5181 juxta
1103 5108 1340 5167 citatum
1381 5108 1706 5182 Morigiam,
1757 5111 1905 5173 Hist.

201 5202 387 5276 relig.,
420 5216 546 5275 cap.
581 5201 669 5271 58,
704 5217 778 5259 ex
810 5201 997 5259 abusu
1028 5199 1313 5259 duntaxat
1341 5201 1726 5275 posteriorum
1761 5212 1907 5262 tem-

200 5308 400 5366 porum
447 5290 755 5350 inductum
793 5292 965 5350 fuerit
1006 5291 1322 5350 cmruleum
1352 5291 1616 5365 pallium,
1649 5308 1767 5369 quo
1793 5308 1907 5353 nu-

197 5381 443 5455 perrime
497 5381 748 5440 cucullae
797 5381 919 5440 loco
973 5380 1304 5440 utebantur.
1361 5381 1521 5452 Quod
1584 5384 1906 5457 conﬁrmat,

199 5479 444 5528 veterem
472 5470 734 5544 ipsorum
773 5469 1036 5528 habitum
1067 5467 1206 5528 olim
1246 5478 1441 5529 nostro
1480 5470 1908 5532 Camaldulensi

199 5559 452 5634 afﬁnem,
476 5560 717 5635 suisque
761 5560 1034 5621 omnibus
1068 5560 1328 5636 partibus
1365 5567 1478 5621 tam
1513 5561 1699 5622 colore
1729 5579 1905 5637 quam

209 5650 387 5711 forma
434 5650 974 5725 correspoudentem
1012 5663 1249 5726 prorsus
1287 5649 1468 5712 fuisse
1497 5669 1509 5710 :
1541 5651 1660 5711 imo
1699 5650 1908 5712 addere

2002 3223 2537 3283 Camaldulensium
2613 3220 3022 3291 institutorem,
3073 3226 3129 3278 et
3209 3220 3396 3292 primo
3472 3220 3714 3279 Fontem

2001 3318 2343 3377 Avellanam
2383 3315 2684 3385 habitavit,
2728 3313 2828 3372 ubi
2877 3329 3011 3372 cum
3049 3328 3257 3387 magna
3294 3312 3713 3372 monachorum

1999 3408 2094 3467 vel
2148 3406 2519 3465 eremitarum
2566 3403 2891 3478 frequentia
2940 3401 3152 3461 multos
3197 3417 3380 3460 annos
3433 3403 3709 3473 extraxit,

2000 3494 2125 3556 tum
2180 3494 2509 3569 Stephanus
2564 3494 2644 3552 IX
2716 3499 3167 3569 purpuratorum
3229 3490 3468 3564 collegio
3518 3506 3717 3565 aggre-

1997 3589 2186 3661 gavit;
2236 3610 2256 3640 ι
2302 3587 2394 3645 vel
2440 3585 2695 3646 secundo
2747 3586 2884 3660 quia
2939 3585 3126 3659 reipsa
3172 3585 3234 3643 in
3284 3584 3715 3643 Camaldulensi

1998 3695 2192 3739 eremo
2253 3678 2595 3754 aliquandiu
2650 3683 2706 3735 et
2759 3678 2880 3752 ipse
2943 3676 3176 3745 vixerit,
3236 3690 3310 3732 ex
3368 3673 3712 3747 conjecturis

1998 3768 2227 3827 dissert.
2258 3781 2342 3841 III,
2372 3783 2496 3841 cap.
2527 3768 2582 3839 2,
2619 3783 2780 3825 num.
2812 3766 2867 3831 8,
2893 3765 3192 3833 adductis;
3219 3763 3434 3837 quibus
3471 3763 3709 3835 accedit,

1999 3858 2152 3931 quod
2192 3857 2481 3915 Antonius
2521 3856 2701 3913 Maria
2731 3854 3077 3925 Bonuccius,
3108 3852 3412 3927 Ephemer.
3457 3852 3707 3911 Euchar.

2000 3951 2136 4006 tom.
2182 3946 2231 4016 Ι,
2270 3946 2340 4005 ad
2384 3946 2538 4004 diem
2581 3944 2650 4001 22
2690 3943 2992 4003 Februarii
3040 3959 3309 4018 expresse
3353 3944 3557 4002 asserit
3604 3943 3710 4002 Pe-

1998 4043 2152 4095 trum
2210 4035 2560 4094 Damianum
2625 4032 3005 4093 cardinalitize
3087 4031 3355 4106 dignitati
3430 4030 3709 4090 nuntium

1997 4125 2290 4184 remittere
2327 4123 2604 4195 voluisse,
2641 4148 2666 4172 «
2698 4128 2762 4182 ut
2790 4122 2861 4181 ad
2893 4136 3060 4180 suam
3098 4136 3359 4179 eremum
3399 4119 3710 4179 Camaldu-

1997 4215 2219 4275 lensem
2271 4213 2501 4272 rediret.
2557 4235 2577 4265 ι
2622 4212 2788 4272 Unde
2834 4217 2957 4270 tum
3001 4216 3153 4279 ante,
3206 4216 3328 4268 tum
3377 4215 3503 4283 post
3545 4209 3708 4268 abdi-

1994 4311 2180 4363 catam
2240 4318 2578 4378 purpuram,
2641 4300 2940 4377 probabile
3004 4306 3089 4357 est
3152 4298 3320 4357 illum
3390 4299 3453 4357 in
3518 4317 3710 4361 eremo

1995 4393 2420 4453 Gamaldulensi
2479 4397 2775 4451 versatum
2834 4405 2988 4459 esse;
3047 4388 3141 4447 vel
3213 4388 3465 4465 denique
3522 4389 3704 4461 tertio,

1996 4483 2136 4559 quia
2184 4483 2248 4540 in
2299 4480 2429 4540 aliis
2484 4479 2846 4541 monasteriis
2882 4494 2915 4536 a
2952 4477 3009 4538 S.
3052 4477 3114 4536 P.
3157 4477 3478 4537 Romualdo
3518 4478 3707 4536 εηάἱῐὶο

1998 4572 2158 4641 catis,
2219 4571 2312 4630 vel
2368 4571 2438 4630 ad
2493 4570 2818 4643 regularem
2864 4567 3290 4628 observantiam
3354 4567 3705 4640 compositis,

1997 4661 2177 4720 vitam
2218 4675 2383 4720 suam
2426 4660 2745 4719 Damianus
2802 4657 3143 4717 traduxerit.
3182 4655 3362 4726 Quod,
3405 4655 3545 4730 quia
3583 4655 3710 4716 lon-

1999 4749 2146 4823 giori
2195 4748 2527 4808 tractatione
2574 4746 2815 4820 indiget,
2844 4745 2917 4804 ad
2967 4742 3264 4817 sequentis
3296 4742 3498 4817 capitis
3531 4758 3706 4819 argu-

2001 4847 2261 4900 mentum
2292 4837 2698 4898 reservabitur.

2670 4953 2913 5016 CAPUT
2942 4952 3039 5012 VI.

1998 5058 2062 5113 B.
2116 5055 2307 5108 Petrus
2365 5050 2669 5105 Damianus
2720 5050 2863 5102 inter
2912 5047 2971 5103 S.
3030 5046 3324 5103 Romualdi
3386 5042 3703 5111 discipulos,

2073 5130 2238 5195 atque
2265 5125 2325 5178 in
2354 5121 2595 5191 ejusdem
2625 5120 2968 5175 monasteriis
2991 5120 3339 5189 potissimum
3375 5116 3537 5169 rimit.

2002 5220 2401 5289 SYNOPSIS._—
2456 5214 2537 5289 De
2580 5212 2959 5289 Avellanensi
2996 5217 3050 5270 et
3074 5208 3463 5289 _Pomposiauo
3506 5222 3707 5288 mona-

2070 5286 2367 5363 sterio_,_in
2414 5285 2627 5363 quibus
2676 5284 2876 5343 Petrus
2923 5284 3239 5363 Damianus
3278 5284 3466 5363 vixit,“
3503 5284 3706 5363 remis-

2070 5362 2210 5419 sive.
2238 5350 2471 5433 Nungi.
2502 5357 2564 5415 In
2589 5427 2597 5433 ι
2621 5354 3079 5433 _monasterio__S.
3107 5351 3397 5433 _Viu‘cent‘ii
3428 5351 3506 5433 de
3546 5350 3712 5433 Petra

2106 5438 2298 5491 ertusa
2355 5427 2716 5505 Ijomualdus
2777 5443 2921 5505 _cum
2980 5422 3303 5505 discipulis"
3348 5422 3586 5505 habitat.
3635 5422 3708 5505 ,2,

2100 5504 2293 5563 bidem
2364 5501 2566 5560 Petrus
2630 5499 2941 5558 Damianus
3012 5492 3201 5553 Vitam
3269 5492 3327 5553 S.
3401 5493 3712 5552 Bomualdi

2069 5575 2315 5649 scripsit.
2355 5573 2532 5649 3_._Ex
2582 5571 2713 5649 V_ita
2732 5569 2907 5649 _Petri
2947 5565 3499 5649 Qamianimconstat
3539 5564 3710 5649 illum

2067 5646 2138 5707 ad
2184 5635 2543 5707 ‘coenobium
2608 5644 2666 5703 S.
2732 5637 3020 5700 Vincentii
3076 5638 3417 5698 constitisse.
3455 5637 3509 5697 4.
3550 5635 3711 5696 Idem
