4034 6464
326 324 399 383 35
1244 324 1304 386 S.
1347 321 1640 383 PETRUS
1681 322 2074 384 DAMIANUS
2116 323 2177 385 S.
2219 325 2290 385 R.
2332 325 2400 386 E.
2441 325 2923 390 CARDINALIS.

3772 331 3848 390 36

399 445 853 506 commendatus.
884 445 968 505 16.
999 446 1449 528 Perseverantia
1477 447 1741 575 (pretium
1774 444 2256 527 utrisqueAtum
2285 449 2439 523 apud
2478 450 2908 524 Gamaldulum,
2941 455 3065 511 tum
3111 451 3269 526 apud
3310 452 3655 512 Avellanam
3698 468 3843 512 con-

404 517 782 575 inculcatum.
819 518 901 575 17.
945 518 1079 575 Alta
1114 518 1173 575 S.
1223 518 1471 575 Romual
1519 534 1535 574 1
1573 526 1792 575 monita
1836 519 1946 575 his.
1987 525 2043 575 et
2120 546 2466 575 summa“...
2512 556 2704 575 mm...
2740 540 2833 575 ςιιη
2885 541 3167 575 nam..-“
3234 558 3370 575 mm
3415 543 3709 575 ηητηηυηις
3766 544 3843 575 «ιλ

404 517 782 590 inculcatum.
819 518 901 577 17.
945 518 1079 590 Alia
1114 518 1173 578 S.
1223 517 1535 577 Romualdi
1573 519 1792 589 monita
1836 517 1959 590 his,
1987 525 2043 576 et

401 589 522 648 illis
547 589 901 648 communia.
946 588 1028 647 18.

402 707 448 767 Ι.
493 707 771 780 Reliquos
800 714 1061 766 veterum
1101 707 1563 767 Avellanitarum
1599 725 1808 781 mores,
1840 715 1895 770 et
1924 725 2044 769 cor-

329 797 741 871 respondentes
774 796 1145 856 eremitarum
1179 796 1714 856 Camaldulensium
1744 806 2045 859 consuetu-

331 886 499 946 dines
536 888 642 947 hoc
670 887 852 961 capite
888 902 1342 961 prosequemur;
1388 887 1651 962 illudque
1681 897 1815 948 ante
1843 891 2041 948 omnia

329 976 680 1048 notabimus,
723 992 900 1035 usum
930 976 1054 1034 vini
1087 976 1274 1050 primo
1312 977 1542 1050 penitus
1574 978 1832 1053 utrisque
1870 979 2037 1051 igno-

330 1069 475 1138 tum,
525 1082 663 1124 mox
710 1065 899 1124 sobria
949 1080 1214 1123 mensura
1255 1067 1437 1137 (extra
1482 1067 1607 1125 dies
1650 1067 2036 1137 abstinentia,

330 1170 433 1215 seu
463 1157 710 1230 perfecto
732 1156 956 1230 jejunio
977 1155 1211 1225 dicatos,
1237 1157 1308 1214 de
1333 1157 1552 1229 quibus
1577 1165 1768 1232 supra)
1799 1159 2038 1234 permis-

327 1258 480 1301 sum.
516 1243 597 1300 De
634 1242 692 1300 S.
725 1242 1033 1301 Bomualdi
1070 1243 1222 1316 apud
1258 1242 1493 1303 Sitriam
1525 1246 1829 1320 discipulis
1866 1252 2037 1305 testa-

326 1341 422 1392 tur
442 1334 564 1407 ipse
585 1333 903 1392 Damianus
926 1334 985 1392 in
1009 1334 1137 1408 ejus
1155 1334 1288 1393 Vita
1307 1352 1428 1409 cap.
1460 1337 1548 1401 64,
1572 1339 1726 1413 quod
1759 1363 1785 1387 ιι
1817 1338 2036 1397 Vinum

325 1421 409 1479 ibi
462 1438 633 1481 nemo
677 1428 936 1494 noverat,
987 1439 1090 1482 nec
1140 1424 1189 1482 si
1233 1425 1408 1483 etiam
1454 1426 1857 1499 gravissimam
1906 1427 2037 1500 quis

326 1509 735 1584 agritudinem
765 1516 1072 1583 pateretur.
1110 1536 1136 1560 »
1173 1511 1307 1569 Mox
1336 1528 1370 1569 a
1404 1512 1462 1571 Β.
1486 1512 1794 1587 Rodulpho
1816 1513 2037 1572 Gamal-

326 1599 556 1658 dulensi
582 1600 770 1673 priore
788 1601 850 1659 in
870 1601 1096 1660 constit.
1127 1603 1271 1660 anni
1307 1603 1460 1675 1080,
1493 1620 1613 1678 cap.
1648 1604 1716 1661 23
1747 1604 2032 1663 sancitum

324 1688 578 1762 legitur:
617 1716 643 1738 «
675 1689 895 1749 Vinum
927 1692 1166 1765 quidem
1202 1692 1275 1750 ab
1318 1693 1572 1751 eremitis
1607 1694 1867 1752 alienum
1911 1710 2034 1753 esse

2120 546 2468 611 sueverant;
2512 556 2705 615 neque
2739 540 2840 599 illa
2885 541 3189 613 duntaxat,
3224 558 3371 616 .qua
3415 543 3714 603 communi
3765 544 3845 602 ab

2121 629 2394 689 omnibus
2439 628 2665 705 jejunio
2715 632 3106 706 excipiuntur,
3157 630 3258 689 sed
3299 630 3401 690 illa
3445 633 3640 702 etiam,
3698 648 3839 705 qua

2122 718 2413 791 geminam
2448 736 2524 778 ex
2560 721 2832 780 Ecclesia
2860 727 3142 795 pracepto
3170 721 3539 779 refectionem
3567 736 3683 779 non
3710 737 3844 795 pro-

2122 808 2340 875 bibent,
2395 816 2459 869 ut
2511 827 2572 869 se
2626 812 2799 870 habet
2868 811 3069 885 vigilia
3132 811 3496 886 Epiphania,
3554 828 3659 869 nec
3717 826 3841 870 non

2110 896 2227 957 ‘SS.
2261 898 2515 972 Philippi
2555 906 2609 959 et
2644 899 2842 959 Jacobi
2870 900 3279 974 apostolorum.
3319 900 3486 959 Unde
3516 901 3581 959 B.
3611 901 3841 959 Rodat-

2121 989 2272 1061 phus
2308 988 2466 1062 prior
2491 988 2551 1046 in
2580 989 2806 1048 constit.
2838 990 2930 1048 cit.
2967 1005 3089 1063 cap.
3138 990 3222 1061 17,
3267 990 3461 1063 inquit
3493 1013 3506 1046 :
3545 1012 3570 1038 α
3605 988 3841 1063 Vigitia

2122 1082 2473 1146 sanctorum,
2507 1092 2641 1151 qua
2677 1078 2738 1135 in
2768 1076 3023 1136 Ecclesia
3055 1084 3283 1137 statutae
3312 1085 3470 1147 sunt,
3498 1082 3554 1135 et
3578 1076 3838 1150 Epipha-

2121 1167 2355 1225 niorum
2381 1183 2633 1241 quoque,
2665 1172 2837 1243 atque
2865 1173 3194 1226 sanctorum
3226 1167 3500 1241 Philippi,
3527 1172 3582 1224 et
3611 1166 3835 1235 Jacobi,

2120 1257 2254 1316 licet
2278 1256 2340 1314 in
2366 1273 2480 1316 usu
2504 1257 2875 1316 sacularium
2904 1273 3018 1316 non
3048 1257 3392 1327 habeantur,
3420 1256 3482 1313 in
3507 1257 3615 1314 hac
3640 1270 3837 1313 eremo

2120 1345 2599 1417 (Gamaldulensi)
2657 1346 3024 1405 abstinentia
3073 1344 3418 1420 deputanda
3468 1350 3622 1402 sunt.
3674 1364 3704 1396 ι)
3763 1343 3837 1400 Et

2120 1436 2328 1496 Petrus
2384 1437 2649 1496 Damiani
2708 1443 2845 1495 tom.
2902 1436 2951 1507 Ι,
3009 1435 3113 1495 lib.
3174 1448 3255 1505 VI,
3314 1450 3403 1509 ep.
3468 1435 3534 1492 35
3587 1433 3658 1491 ad
3717 1448 3843 1491 sua

2119 1526 2579 1599 congregationis
2619 1527 2885 1585 eremitas
2931 1527 3004 1584 de
3052 1531 3176 1585 octo
3227 1524 3565 1598 vigiliarum
3611 1521 3843 1595 jejunio

2120 1614 2395 1687 scribens,
2435 1631 2571 1674 cum
2608 1615 2751 1675 alias
2787 1613 3218 1683 commendans,
3256 1619 3378 1672 tum
3408 1611 3539 1669 illas
3576 1609 3840 1685 Epipha-

2120 1704 2256 1776 nia,
2296 1711 2353 1761 et
2391 1702 2496 1763 SS.
2540 1704 2814 1779 Philippi,
2861 1712 2919 1763 et
2953 1703 3151 1765 Jacobi
3196 1702 3504 1779 specialius
3557 1700 3840 1771 inculcat,

325 1778 843 1874 COSDOSCifu_F3_§ed
866 1780 1005 1874 931i?!
1033 1779 1298 1874 dQTBCtiOa
1339 1788 1395 1841 εἴ
1430 1782 1615 1874 ηοειτί
1644 1784 1936 1874 ῑθωβοιζὶξ,
1969 1799 2102 1874 3οΒ
2121 1794 2358 1854 dicens:
2392 1817 2420 1850 ‹‹
2453 1795 2914 1871 Epiphaniarum
2951 1811 3184 1870 quoque
3212 1793 3463 1867 vigilias,
3498 1792 3574 1851 ob
3606 1791 3841 1865 magni-

322 1872 550 1924 natura
578 1864 844 1924 debilitas
863 1866 921 1923 id
947 1868 1188 1925 omnino
1218 1883 1333 1927 non
1362 1868 1595 1943 patitur,
1620 1884 1749 1928 raro
1771 1868 2033 1944 quidem,

326 1961 382 2013 et
431 1954 619 2014 sobrie
656 1955 994 2028 bujusmodi
1047 1964 1249 2030 potum
1276 1958 1566 2034 percipere
1601 1958 1804 2031 solent,
1837 1964 1906 2020 ut
1934 1961 2037 2035 qui

323 2053 624 2121 nequeunt
658 2063 796 2105 cum
821 2047 1063 2106 Joanne
1103 2049 1446 2107 abstemiam
1489 2050 1881 2123 frugalitatem
1912 2069 2033 2113 ser-

320 2149 478 2206 vare,
499 2133 595 2193 vel
616 2149 751 2194 cum
775 2134 1078 2194 Timotheo
1103 2136 1293 2195 sobria
1314 2138 1586 2211 parcitate
1608 2145 1867 2198 utantur.
1901 2164 1929 2189 »
1966 2141 2037 2199 Et

324 2222 528 2282 Petrus
556 2222 877 2282 Damianus
904 2225 1365 2298 congregationis
1395 2241 1519 2285 sua
1546 2227 1812 2286 instituta
1834 2244 2034 2287 recen-

325 2331 478 2387 sens,
513 2322 639 2374 tum
663 2332 863 2389 opusc.
890 2328 1019 2387 XIV,
1052 2332 1219 2376 num.
1252 2317 1336 2389 15,
1368 2333 1490 2392 cap.
1523 2319 1556 2375 6
1585 2318 1670 2376 sic
1693 2321 1908 2393 pariter
1939 2320 2038 2378 ha-

324 2405 462 2463 bet:
499 2430 526 2454 ‹‹
565 2406 618 2463 Α
657 2405 797 2464 vino
828 2414 1044 2477 autem,
1083 2412 1148 2464 ut
1193 2406 1395 2479 nostis,
1435 2406 1738 2482 aliquanto
1785 2414 2035 2483 tempore

2123 1884 2387 1943 tudinem
2425 1884 2828 1956 solemnitatis,
2866 1885 2931 1943 in
2969 1899 3085 1959 qua
3119 1883 3388 1942 videlicet
3422 1888 3503 1941 tot
3540 1882 3602 1939 in
3643 1896 3841 1940 unum

2121 1979 2477 2031 sacramenta
2531 1978 2903 2044 concurrunt,
2961 1972 3206 2046 dignum
3256 1977 3341 2029 est
3372 1970 3672 2044 jejunare;
3713 1994 3740 2018 »
3785 1975 3846 2028 et

2119 2061 2304 2121 infra:
2333 2088 2360 2112 α
2391 2062 2557 2122 Unde
2577 2069 2634 2121 et
2657 2061 2807 2121 illud
2831 2061 3085 2136 graviter
3112 2060 3376 2133 ferimus,
3408 2059 3548 2134 quia
3574 2057 3846 2133 plerique

2119 2148 2345 2221 fratres,
2403 2150 2547 2209 dum
2598 2151 2865 2225 jejunare
2941 2152 3007 2210 in
3076 2151 3372 2209 beatorum
3449 2144 3842 2222 apostolorum

2121 2236 2395 2312 Philippi,
2453 2245 2509 2297 et
2549 2239 2745 2298 Jacobi
2786 2239 3006 2314 vigiliis
3050 2239 3518 2313 perhorrescunt,
3567 2235 3848 2293 solemni-

2123 2329 2297 2382 tatem
2328 2324 2688 2384 Pentecostes
2716 2326 2774 2383 in
2807 2326 3243 2384 excusationem
3285 2339 3408 2383 sua
3438 2322 3846 2381 dissolutionis

2119 2421 2440 2488 opponunt,
2514 2414 2814 2474 dicentes:
2847 2429 2965 2473 non
3040 2413 3250 2473 debere
3314 2428 3667 2487 quemquam
3728 2413 3844 2471 sub

326 2494 744 2564 continuimus,
782 2495 861 2552 ita
899 2500 967 2553 ut
1023 2509 1213 2569 neque
1260 2496 1408 2568 laici,
1450 2512 1639 2571 neque
1672 2499 2036 2557 extrinsecus
2114 2502 2477 2578 jejuniorum
2530 2508 2674 2562 tunc
2724 2519 2970 2562 censura
3018 2500 3360 2575 constringi,
3418 2517 3555 2560 cum
3606 2508 3844 2574 tempus

324 2583 640 2655 venientes,
674 2583 767 2641 vel
799 2584 972 2641 etiam
1022 2585 1084 2643 in
1126 2584 1343 2644 Pascha
1385 2586 1642 2657 Domini,
1678 2587 1901 2660 aliquid
1941 2587 2036 2646 hic
2119 2591 2293 2651 dictet
2348 2593 2717 2667 paschalibus
2772 2592 2964 2667 potius
3010 2590 3242 2667 gaudiis
3298 2590 3545 2665 epulari.
3585 2615 3612 2639 »
3667 2588 3841 2659 Quod

322 2682 530 2750 prater
557 2693 768 2751 aquam
807 2677 1073 2736 biberent
1104 2698 1115 2736 :
1145 2694 1339 2752 neque
1382 2678 1589 2736 vinum
1624 2679 1736 2750 hic,
1775 2680 1889 2738 nisi
1931 2693 2034 2752 pro
2122 2683 2299 2743 variis
2328 2684 2696 2757 postmodum
2734 2683 3076 2755 rationibus,
3121 2690 3177 2741 et
3213 2679 3497 2756 exemplis
3534 2678 3592 2738 S.
3638 2679 3841 2737 doctor

325 2767 606 2826 sacriﬁcio
656 2768 984 2826 haberetur.
1037 2767 1146 2826 Sed
1181 2767 1459 2841 quoniam
1508 2774 1563 2825 et
1607 2768 1702 2826 hic
1735 2774 2034 2829 manentes
2119 2772 2397 2831 confutat.

324 2864 623 2930 caperunt
650 2865 993 2931 agrotantes
1023 2858 1283 2927 deﬁcere,
1311 2864 1369 2915 et
1396 2857 1639 2931 quidam
1668 2859 1739 2916 ad
1770 2874 2032 2916 eremum
2193 2863 2292 2921 1V.
2340 2864 2415 2921 At
2454 2862 2501 2921 si
2550 2861 2771 2933 vigilia
2818 2862 3066 2935 perfecto
3108 2860 3275 2934 panis
3323 2863 3378 2918 et
3416 2873 3584 2932 aqua
3609 2854 3839 2931 jejunio

326 2946 570 3004 transire
603 2947 922 3020 cupientes,
958 2945 1134 3019 hujus
1161 2946 1366 3019 rigoris
1396 2946 1825 3005 observantiam
1868 2948 2032 3021 peni-
2121 2951 2623 3021 consecrabantur,
2678 2951 2935 3009 vicissim
2993 2949 3123 3008 festi
3179 2950 3300 3007 dies
3348 2949 3421 3006 ab
3474 2946 3637 3005 omni
3709 2950 3839 3003 tum

322 3041 414 3093 tus
439 3036 749 3095 abhorrere
775 3059 787 3093 :
816 3037 1107 3106 fraterna,
1142 3035 1284 3106 sive,
1317 3043 1382 3095 ut
1412 3037 1606 3095 verius
1631 3036 1844 3108 dicam,
1870 3052 2032 3095 com-
2122 3041 2488 3112 abstinentia,
2536 3049 2659 3100 tum
2703 3040 2952 3115 simplici
2986 3040 3208 3116 jejunio
3235 3038 3560 3098 refectionis
3589 3036 3770 3095 unius
3799 3051 3836 3093 a

535 3125 940 3228 imbecillitati
1011 3126 1428 3228 dispensatorie
1509 3126 2395 3231 condescendentesCPaschate
2435 3143 2621 3202 usque
2665 3128 2737 3185 ad
2784 3127 2944 3231 Idus.
2978 3126 3329 3231 Septembris
3377 3124 3830 3231 exi'mebantur;

325 3214 708 3288 indulsimus,
737 3224 805 3275 ut
830 3217 1035 3276 vinum
1070 3217 1185 3288 hic,
1219 3223 1444 3277 servato
1475 3218 1802 3277 sobrietatis
1832 3220 2032 3277 mode-
2055 3214 2097 3231 υ
2117 3219 2190 3277 ab
2223 3218 2427 3278 Idibus
2455 3234 2593 3277 vero
2626 3218 2979 3293 Septembris
3027 3219 3099 3277 ad
3140 3219 3377 3288 Pascha,
3416 3218 3538 3276 sola
3579 3216 3745 3291 panis
3777 3223 3836 3275 et

326 3306 571 3376 ramine,
610 3306 911 3365 biberetur
937 3330 949 3364 :
977 3313 1043 3365 ut
1074 3307 1229 3381 quod
1260 3323 1394 3365 cum
1422 3307 1647 3367 Joanne
1676 3323 1793 3367 non
1824 3324 2030 3383 possu-
2117 3326 2285 3386 aqua
2323 3307 2674 3368 abstinentia
2718 3308 3020 3380 vacabant,
3069 3308 3168 3367 sed
3216 3307 3406 3366 unica
3451 3313 3637 3364 tamen
3677 3307 3833 3365 refe-

326 3410 460 3453 mus
502 3412 576 3454 ex
614 3400 730 3455 toto
758 3397 1107 3472 relinquere,
1142 3397 1345 3457 saltem
1368 3414 1503 3456 cum
1531 3399 1836 3458 Timotheo
1865 3399 2032 3459 Pauli
2115 3402 2312 3473 ctioni,
2342 3400 2654 3476 pracipuis
2677 3399 3031 3473 quibusdam
3060 3398 3523 3457 solemnitatibus
3550 3395 3829 3470 exceptis,

322 3483 610 3558 discipulo
635 3485 971 3545 studeamus
998 3487 1234 3546 inﬁrmo
1264 3488 1558 3546 stomacho
1583 3487 1794 3560 sobrie,
1829 3496 1885 3547 et
1916 3490 2030 3548 hu-
2115 3495 2582 3571 deputabuntur;
2655 3494 2735 3553 ait
2804 3493 2964 3553 enim
3022 3492 3086 3551 B.
3143 3491 3494 3565 Rodulphus
3550 3489 3710 3563 prior
3765 3489 3833 3546 in

321 3572 542 3631 militer
570 3574 904 3634 ministrare
929 3593 945 3646 ;
984 3582 1040 3634 et
1068 3576 1172 3651 qui
1205 3591 1441 3650 prorsus
1465 3576 1730 3637 abstemii
1758 3594 1885 3637 esse
1912 3593 2031 3638 non
2114 3585 2343 3644 constit.
2376 3584 2517 3644 anni
2563 3584 2699 3644 1080
2741 3599 2865 3657 cap.
2917 3582 2981 3642 13
3014 3606 3028 3640 ς
3066 3605 3093 3633 ιι
3129 3580 3197 3639 In
3227 3579 3637 3640 festivitatibus
3667 3593 3831 3650 vero,

320 3674 657 3734 Possumus;
693 3676 817 3721 esse
841 3662 1041 3721 881th
1072 3663 1251 3722 SObPii
1280 3663 1635 3725 “01183111118.
1669 3690 1698 3715 ³ο
2114 3691 2250 3750 qua
2279 3691 2314 3732 a
2341 3674 2559 3733 Pascha
2587 3689 2772 3747 usque
2796 3672 2870 3731 ad
2910 3672 3071 3730 hunc
3099 3670 3411 3730 terminum
3441 3669 3676 3740 (Iduum
3722 3666 3827 3728 Se-

390 3750 467 3811 ῙῙο
500 3751 584 3811 ΝΘ
609 3752 742 3827 (Illis
769 3769 908 3812 Vero
939 3754 1204 3826 miretur,
1229 3753 1375 3814 Olim
1401 3761 1457 3814 εἴ
1485 3755 1658 3815 lai008
1688 3757 1846 3830 iDSOS
1875 3758 2033 3832 apud
2115 3762 2409 3837 ptembris)
2460 3765 2796 3831 occurrunt,
2847 3764 2904 3819 et
2946 3758 3297 3818 abstinentia
3324 3756 3562 3828 remitti,
3592 3762 3648 3814 et
3668 3755 3833 3831 jeju-

317 3840 661 3899 Avellanam
698 3858 733 3901 a
774 3843 917 3901 vino
953 3843 1327 3918 abstinuisse,
1359 3844 1832 3919 quandoquidem
1872 3853 1928 3905 et
1959 3846 2032 3905 ad
2116 3852 2285 3911 nium
2320 3851 2463 3910 solet
2489 3848 2732 3915 absolvi.
2781 3848 2914 3907 Post
2952 3846 3091 3908 Idus
3144 3845 3496 3921 Septembris
3528 3860 3715 3918 usque
3756 3845 3835 3903 ad

319 3929 475 4003 ipsos
500 3930 767 4003 famulos,
798 3939 925 3990 tum
949 3932 1053 4005 ibi,
1089 3941 1214 3993 tum
1237 3934 1391 4008 apud
1421 3934 1861 4010 Romualdinos,
1884 3936 2032 4010 jeju—
2116 3938 2647 4014 Quadragesimam,
2702 3954 2834 4011 qua
2892 3936 3045 3995 infra
3101 3937 3209 3994 hoc
3250 3936 3497 4009 spatium
3559 3932 3836 3992 accidunt

323 4018 410 4076 nii
456 4034 699 4078 censura
746 4021 1263 4094 exporrigebatur;
1320 4040 1457 4082 nam
1503 4024 1567 4082 in
1623 4023 1753 4083 Vita
1811 4022 1870 4085 S.
1921 4024 2031 4085 Bo-
2116 4028 2473 4101 festivitates,
2504 4028 2918 4088 abstinentiam
2947 4026 3185 4101 quidam
3218 4026 3484 4083 relaxant
3527 4022 3836 4097 jejunium

321 4106 542 4165 mualdi
594 4122 716 4179 cap.
770 4106 860 4180 64,
911 4114 1216 4182 postquam
1250 4109 1569 4169 districtam
1610 4112 2030 4186 discipulorum
2113 4136 2252 4179 vero
2275 4119 2519 4178 minime
2543 4118 2796 4177 solvunt.
2826 4144 2853 4169 »
2882 4115 2954 4173 Et
2973 4115 3180 4174 Petrus
3203 4113 3472 4175 Damiani
3496 4128 3690 4187 opusc.
3717 4122 3832 4183 XV,

323 4195 517 4254 Sitria
546 4196 780 4255 vivendi
811 4196 1097 4258 rationem
1117 4199 1510 4274 descripsisset
1536 4200 1878 4273 Damianus,
1905 4202 2031 4259 hac
2114 4223 2236 4278 cap.
2297 4205 2377 4264 6:
2417 4231 2444 4256 α
2506 4205 2578 4265 In
2636 4205 3045 4266 festivitatibus
3120 4203 3429 4263 duodecim
3483 4200 3830 4269 lectionum.

327 4283 523 4342 subdit
554 4307 566 4342 :
602 4310 628 4334 «
664 4285 775 4344 Sed
823 4303 927 4346 cur
967 4304 1072 4362 ego
1109 4288 1182 4347 de
1222 4290 1525 4347 monachis
1556 4289 1781 4364 loquor,
1809 4306 1945 4348 cum
1975 4296 2031 4349 et
2113 4310 2483 4372 quacunque
2506 4296 2753 4356 veniunt
2788 4296 2862 4355 ab
2889 4295 3092 4354 Idibus
3124 4293 3478 4367 Septembris
3517 4305 3706 4364 usque
3752 4291 3831 4348 ad

318 4373 430 4448 ipsi
457 4376 877 4434 monachorum
908 4377 1136 4449 famuli,
1168 4378 1280 4452 ipsi
1310 4394 1541 4454 quoque
1571 4378 1838 4438 custodes
1861 4396 2028 4454 peco-

317 4480 451 4522 rum
500 4465 875 4539 jejunarent?
909 4492 936 4517 »
976 4475 1081 4527 etc.
1135 4469 1334 4543 Deque
1384 4469 1794 4529 Avellanensis
1843 4474 2023 4531 eremi

319 4536 515 4614 servis
542 4536 736 4631 opusc.
771 4569 878 4628 XV,
922 4574 1043 4632 cap.
1079 4559 1133 4629 7,
1167 4536 1255 4617 sic
1276 4559 1489 4634 pariter
1517 4560 1820 4635 loquitur:
1860 4588 1887 4612 ιι
1917 4536 2092 4620 Fa-D

318 4644 469 4702 muli
516 4662 768 4721 quoque,
798 4649 902 4722 qui
933 4647 1073 4706 huic
1100 4648 1222 4707 loco
1248 4649 1607 4722 deserviunt,
1641 4651 1713 4709 ab
1740 4651 2029 4726 assignato

318 4731 428 4789 sibi
474 4733 710 4793 vivendi
739 4735 944 4795 ordine
973 4752 1091 4795 non
1117 4736 1394 4795 recedunt
1424 4761 1436 4795 :
1473 4738 1576 4810 qui
1618 4738 1901 4799 nimirum
1928 4756 2031 4814 per
2062 4794 2067 4797 Α

315 4820 494 4879 totius
521 4823 748 4882 annalis
782 4826 954 4898 spatii
988 4841 1226 4885 cursum
1263 4824 1447 4885 tribus
1472 4842 1573 4901 per
1604 4827 2028 4887 hebdomadam

316 4911 523 4971 diebus
580 4918 779 4971 tenent
828 4931 898 4973 ex
959 4932 1120 4976 more
1169 4915 1486 4991 jejunium.
1543 4916 1613 4974 In
1660 4917 1779 4976 illis
1833 4923 2029 4978 autem

318 5003 550 5062 duabus
605 5002 1071 5078 Quadragesimis
1124 5014 1376 5082 quatuor
1423 5007 1547 5066 dies
1592 5008 1817 5083 jejunio
1864 5010 2029 5069 dedi-

317 5105 468 5171 cant,
517 5121 545 5147 »
580 5105 687 5156 etc.
751 5096 1071 5171 Superﬂuit
1126 5108 1321 5161 autem
1375 5101 1588 5162 iterum
1638 5119 2024 5178 commonere,

307 5186 537 5261 jejunia
577 5189 641 5247 in
685 5203 835 5263 pane
871 5195 926 5246 et
955 5206 1105 5264 aqua
1139 5190 1235 5249 hic
1265 5207 1493 5266 semper
1524 5193 1865 5268 signiﬁcari,
1910 5211 2030 5255 non

315 5292 453 5336 vero
481 5278 552 5337 de
575 5279 752 5339 unica
779 5278 1067 5339 duntaxat
1084 5278 1298 5340 diurna
1319 5282 1670 5344 comestione
1699 5301 2029 5347 sermonem

315 5383 460 5427 8888.

310 5520 321 5525 -
386 5458 492 5520 ΙΙΙ.
538 5462 617 5520 At
656 5468 866 5538 prater
908 5461 1063 5538 illos,
1092 5465 1197 5542 qui
1220 5481 1323 5540 per
1348 5465 1610 5543 singulas
1636 5467 2029 5529 hebdomadas

312 5550 632 5626 prascripti
659 5553 909 5629 fuerant,
936 5556 1226 5630 ejusmodi
1251 5556 1620 5618 abstinentia
1643 5559 1787 5633 dies,
1813 5565 2034 5620 sancto-

314 5655 446 5700 rum
495 5641 669 5700 etiam
709 5644 1013 5718 pervigilia
1067 5647 1267 5707 eadem
1318 5647 1675 5710 districtione
1726 5650 2025 5722 celebrari,

2106 4385 2615 4445 'Resurrectionem
2645 4385 2897 4456 Domini,
2934 4384 3113 4443 semel
3146 4389 3376 4440 tantum
3413 4380 3677 4439 reﬁciant
3703 4379 3827 4437 fra-

2114 4483 2249 4546 tres,
2294 4476 2548 4547 exceptis
2583 4475 2852 4534 videlicet
2889 4469 3502 4540 his’solemnitatibus,
3554 4467 3828 4528 omnium

2115 4566 2481 4636 Sanctorum,
2510 4564 2569 4625 S.
2604 4564 2860 4636 Martini,
2894 4588 2921 4613 η
2951 4569 3057 4621 etc.

2184 4654 2251 4714 V.
2300 4655 2418 4715 Nec
2455 4662 2648 4715 tamen
2692 4655 2833 4713 adeo
2880 4654 3208 4727 frequentes
3256 4647 3633 4708 occurrebant
3688 4653 3831 4706 tunc

2111 4746 2387 4820 temporis
2422 4746 2766 4805 festivitates
2803 4742 3110 4803 duodecim
3148 4739 3465 4799 lectionum
3503 4736 3690 4796 ofﬁcio
3741 4751 3829 4795 ee-

2112 4834 2429 4908 lebranda,
2468 4853 2536 4895 ac
2575 4851 2732 4894 nunc
2766 4832 2982 4909 passim
3023 4831 3327 4902 habemus,
3365 4829 3465 4887 sed
3503 4826 3688 4885 multo
3730 4841 3826 4883 ra-

2113 4928 2314 4999 riores,
2343 4934 2515 5002 atque
2545 4929 2638 4986 ha
2666 4926 2809 5001 ipsa
2840 4941 2958 4984 non
2990 4939 3217 4999 semper
3242 4923 3308 4982 in
3335 4936 3551 4986 eremo,
3583 4918 3732 4978 sicut
3760 4919 3825 4976 in

2112 5019 2459 5079 monasterio
2505 5018 2811 5078 observare
2848 5019 3290 5086 consueverant,
3340 5013 3440 5072 sed
3496 5010 3570 5067 ad
3606 5008 3826 5083 jejunii

2111 5108 2558 5177 observantiam,
2609 5104 2714 5164 ubi
2746 5105 2807 5162 in
2841 5104 3049 5164 feriam
3085 5100 3455 5162 abstinentia
3491 5098 3823 5171 deputatam

2111 5197 2463 5268 incidebant,
2497 5195 2559 5254 in
2590 5193 3061 5268 opportuniorem
3087 5192 3245 5251 diem
3282 5186 3821 5258 transferebantur;

2111 5288 2194 5347 ait
2242 5288 2401 5347 enim
2453 5286 2575 5345 loco
2628 5284 2725 5343 cit.
2787 5283 2990 5345 Petrus
3042 5281 3315 5343 Damiani
3349 5299 3362 5339 :
3399 5301 3423 5331 ι
3485 5276 3821 5337 Notandum

2112 5384 2330 5450 autem,
2369 5376 2508 5451 quia
2544 5389 2663 5433 non
2700 5389 2923 5448 omnes,
2964 5389 3100 5448 qua
3131 5371 3196 5430 in
3230 5367 3601 5438 monasterio,
3643 5367 3820 5427 etiam

2112 5469 2177 5528 in
2203 5484 2396 5529 eremo
2424 5465 2792 5526 celebrantur
2828 5463 3207 5524 festivitates:
3237 5466 3293 5519 et
3330 5461 3446 5533 ha,
3486 5476 3619 5534 qua
3651 5458 3821 5517 illinc

2112 5558 2283 5632 ﬁunt,
2332 5558 2681 5633 plerumque
2726 5557 3204 5624 transmutantur,
3258 5552 3325 5609 ut
3369 5555 3471 5609 aut
3515 5547 3579 5608 in
3631 5548 3816 5617 tertia,

2116 5654 2217 5709 aut
2257 5648 2316 5708 in
2362 5646 2567 5725 quinta
2610 5647 2757 5707 feria
2799 5639 3480 5715 celebrenturzexceptis
3530 5638 3819 5699 nimirum
