4034 6488
160 339 223 398 37
1045 331 1625 396 PROLEGOMENA.
1666 364 1735 376 -—
1773 332 1870 392 DE
1908 329 2313 394 INSTITUTO
2350 333 2785 396 CAMALDUL.
3601 339 3672 398 38

157 465 471 543 pracipuis
505 462 934 531 festivitatibus,
961 476 1096 537 qua
1143 461 1217 520 ob
1256 459 1639 521 reverentiam
1675 457 2177 533 digni-Apubliee
2225 460 2286 518 in
2340 461 2592 534 capitulo
2642 463 3045 537 suscipiendis,
3100 469 3227 522 tum
3277 462 3550 537 privatim
3598 463 3663 521 in

158 554 302 627 tatis,
362 553 582 613 mutari
628 566 747 611 non
799 556 1061 625 possunt.
1095 575 1122 599 ι»
1169 548 1280 608 Cui
1324 552 1599 607 consonat
1646 546 1715 606 B.
1770 546 1880 605 Ro-
1960 548 2169 608 cellula
2219 548 2452 609 sibimet
2497 551 2833 623 inferendis,
2866 554 3169 626 utriusque
3216 552 3394 613 eremi
3426 569 3674 613 consen-

156 644 413 719 dulphus
440 643 598 717 prior
627 640 881 700 Camald.
910 640 973 698 in
1004 640 1232 698 constit.
1260 638 1404 696 anni
1432 638 1591 711 1085,
1627 638 1875 696 dicens:
1961 639 2047 697 sio
2100 638 2377 710 explicari
2433 641 2537 699 vix
2586 646 2787 716 potest.
2866 641 3036 700 Enim
3093 657 3226 701 vero
3280 658 3355 700 ex
3409 642 3673 717 ejusdem

165 757 185 785 σ
222 734 285 792 Si
326 748 487 804 vero,
538 736 605 790 ut
656 731 882 802 assolet,
940 729 1243 801 festivitas,
1294 728 1365 787 de
1409 742 1523 803 qua
1572 725 1879 787 duodecim
1964 731 2116 790 Petri
2154 731 2420 789 Damiani
2450 730 2726 803 epistolis,
2756 738 2811 790 et
2848 731 3143 806 opusculis
3181 731 3332 789 nihil
3374 730 3557 807 magis
3582 748 3673 789 re-

161 824 435 882 lectiones
476 837 645 896 agere
691 826 928 894 oportet,
972 819 1030 877 in
1080 819 1171 877 his
1224 819 1381 877 feriis
1430 818 1671 893 (jejunio
1722 816 1880 875 scili-

161 922 243 973 cet
302 913 612 987 deputatis)
669 909 909 981 venerit,
969 925 1127 968 more
1191 910 1358 968 solito
1413 909 1494 967 sic
1555 908 1739 965 facere
1796 911 1883 965 est

163 1002 523 1063 consuetudo
556 1022 569 1060 :
600 1002 649 1059 si
704 999 877 1060 fuerit
924 1000 985 1057 in
1043 998 1292 1057 secunda
1348 998 1508 1067 toria,
1564 996 1881 1071 perducere

163 1108 284 1151 eam
330 1091 394 1149 in
453 1090 678 1149 tertiam
726 1088 968 1147 feriam:
1000 1086 1047 1146 si
1091 1088 1316 1145 venerit
1363 1085 1422 1144 in
1475 1091 1678 1160 quarta
1713 1085 1878 1144 feria,

163 1183 479 1257 perducere
531 1181 593 1239 in
648 1179 912 1253 quintam
950 1184 1045 1238 :et
1094 1179 1140 1237 si
1189 1176 1363 1236 fuerit
1407 1176 1468 1233 in
1523 1182 1685 1234 sexta
1714 1176 1878 1249 feria,

164 1272 447 1332 deducere
496 1271 560 1329 in
619 1269 955 1341 Sabbatum,
1009 1275 1065 1327 et
1121 1268 1423 1343 pulmento
1478 1269 1585 1338 uti,
1629 1272 1683 1325 et
1720 1266 1876 1325 vino.

166 1361 282 1419 Hoc
306 1368 507 1419 autem
542 1359 757 1418 factum
786 1363 869 1418 est
888 1365 1119 1432 propter
1144 1356 1436 1431 jejunium
1469 1354 1881 1414 celebrandum

164 1451 221 1509 in
266 1450 547 1518 secunda,
579 1457 635 1507 et
662 1456 886 1523 quarta,
916 1453 972 1505 et
1000 1454 1164 1505 sexta
1201 1447 1363 1504 feria.
1404 1445 1523 1503 Has
1554 1451 1751 1503 autem
1796 1444 1881 1500 fe-

164 1540 466 1609 stivitates,
497 1537 555 1595 id
600 1543 685 1596 est
729 1536 909 1595 sancti
958 1533 1289 1606 Salvatoris,
1332 1542 1581 1611 quatuor
1623 1532 1881 1608 ejusdem

164 1628 495 1698 Genitricis,
523 1632 653 1697 etc.,
678 1641 981 1700 nunquam
1013 1631 1258 1684 mutare.
1296 1644 1324 1677 »

232 1715 332 1774 VI.
366 1716 446 1775 At
476 1714 549 1773 de
575 1713 942 1773 abstinentia
965 1714 1184 1773 ratione
1209 1713 1364 1772 satis.
1396 1713 1478 1772 De
1505 1713 1745 1788 reliquis
1773 1713 1879 1772 Ca—

1960 823 2135 893 lucet,
2166 838 2342 898 quam
2383 822 2707 895 disciplina
2749 825 2839 892 (ut
2874 826 3102 890 vocant)
3138 822 3515 892 consuetudo,
3556 821 3674 879 fer-

1962 913 2114 972 vidis
2169 914 2295 987 ejus
2350 912 2863 985 admonitionibus,
2916 917 3363 986 sanctorumque
3417 911 3674 986 discipu-

1964 1006 2155 1065 lorum
2193 1019 2452 1075 suorum,
2483 1002 2545 1059 in
2580 1002 2783 1075 primis
2824 1018 2955 1061 vero
2992 1001 3282 1061 Dominici
3323 1000 3589 1072 Loricati,
3618 1006 3677 1059 et

1963 1092 2263 1168 Rodulphi
2302 1090 2598 1165 Eugubini
2629 1091 2880 1166 episcopi
2916 1091 3005 1165 (de
3041 1090 3257 1165 quibus
3287 1089 3391 1148 lib.
3431 1101 3472 1161 Ι,
3506 1089 3670 1162 epist.

1962 1182 2035 1241 ad
2082 1181 2485 1241 Alexandrum
2533 1178 2587 1238 II
2634 1180 2821 1239 fusius
2865 1179 3004 1253 agit)
3057 1178 3344 1252 exemplis
3396 1178 3670 1250 stabilita,

1964 1272 2198 1331 dilatata
2230 1276 2286 1329 et
2309 1270 2586 1329 adversus
2615 1268 3016 1327 obtrectatores
3046 1265 3332 1341 quoslibet
3361 1267 3676 1340 vindicata,

1966 1359 2506 1421 Camaldulensibus
2534 1373 2670 1416 vero
2705 1357 2858 1415 hanc
2886 1356 3099 1431 pariter
3135 1357 3196 1415 in
3226 1372 3338 1415 usu
3370 1357 3549 1416 fuisse
3577 1373 3679 1431 pa-

1966 1460 2063 1526 tet,
2094 1458 2218 1511 tum
2249 1467 2324 1510 ex
2356 1451 2487 1508 Vita
2519 1449 2579 1510 S.
2610 1448 2920 1508 Romualdi
2960 1465 3081 1523 cap.
3116 1450 3203 1519 38,
3239 1449 3341 1508 ubi
3381 1450 3445 1508 B.
3489 1448 3681 1508 Guido

1970 1542 2221 1616 «jussus
2276 1541 2465 1601 fuerat
2520 1556 2555 1598 a
2608 1539 2799 1615 priore
2842 1538 3035 1598 nescio
3084 1546 3224 1613 quot
3277 1556 3473 1614 scopas
3527 1538 3675 1596 acci-

1966 1649 2128 1708 pere;
2164 1654 2192 1688 »
2217 1638 2272 1691 et
2296 1648 2418 1705 cap.
2454 1629 2521 1689 64
2562 1630 2665 1689 ubi
2692 1629 2785 1689 vel
2818 1630 2983 1705 «ipsi
3021 1630 3442 1690 monachorum
3467 1628 3681 1687 famuli

1968 1723 2304 1797 disciplinas
2370 1721 2522 1779 inter
2577 1735 2637 1777 se
2700 1718 2954 1778 invicem
3019 1718 3333 1790 faciebant;
3389 1724 3550 1776 ntum
3604 1732 3681 1774 ex

166 1804 648 1873 maldulensium,
720 1800 1300 1882 Avellanitarumque
1366 1802 1657 1861 exercitiis
1731 1808 2473 1880 non-Bconstitutionibus
2545 1808 2685 1867 anni
2766 1807 2904 1867 1080
2971 1809 3035 1867 B.
3108 1807 3404 1882 Rodulphi
3470 1805 3685 1882 prioris

164 1898 330 1958 1111113
380 1897 601 1971 Pariter
647 1894 1009 1954 θάΠΟίθῐΠιιεο
1070 1879 1291 1952 Ρθδυω
1336 1893 1661 1952 Πυάίῒᾶῑθω
1710 1907 1743 1949 ἃ
1796 1879 1929 1980 di:
1964 1921 2087 1980 cap.
2133 1902 2218 1972 19,
2268 1899 2369 1959 ubi
2409 1901 2677 1971 habetur,
2723 1899 2880 1975 quod
2919 1900 3174 1959 eremita
3211 1879 3687 1959 Camaldulenses

165 1986 404 2062 scipulis
445 1985 503 2045 S.
538 1983 849 2044 Romualdi
877 1984 1260 2054 observatam,
1291 1986 1451 2040 notat
1480 1980 1797 2040 Damianus
1819 1978 1883 2037 in

165 2078 289 2152 ejus
343 2074 516 2146 Vita;
563 2089 704 2132 nam
758 2079 813 2131 et
860 2073 918 2130 in
978 2071 1155 2131 Pereo
1209 2069 1344 2129 illos
1396 2070 1564 2128 nobis
1612 2067 1885 2127 describit

163 2181 284 2239 cap.
318 2161 401 2221 26
432 2183 446 2221 :
481 2184 508 2215 υ
541 2161 820 2232 Inclusos,
854 2161 1241 2232 discalceatos,
1274 2158 1558 2229 incultos;
1593 2177 1620 2211 ν
1653 2163 1707 2216 et
1731 2156 1884 2231 apud

167 2254 404 2315 Siti-iam
454 2256 694 2311 testatur
736 2266 857 2325 cap.
911 2250 979 2308 64
1034 2269 1046 2309 :
1096 2272 1123 2300 ι
1171 2249 1386 2309 Omnes
1430 2248 1605 2306 nudis
1645 2245 1886 2318 pedibus

165 2344 521 2413 incedentes,
554 2347 728 2415 atque
762 2339 1015 2400 incultos
1044 2360 1073 2394 »
1109 2339 1412 2397 mansisse.
1450 2338 1637 2412 quue
1674 2335 1886 2393 reclusi

164 2433 370 2492 saltem
429 2432 687 2490 eremita
728 2430 799 2488 ad
854 2429 981 2488 hac
1029 2444 1217 2503 usque
1274 2434 1531 2502 tempora
1581 2427 1886 2485 observare

158 2523 446 2597 jubentur
486 2520 549 2578 in
580 2518 804 2593 Regula
843 2516 993 2576 Vita
1026 2515 1337 2575 eremitica
1371 2515 1538 2574 Pauli
1568 2513 1885 2574 Justiniani

162 2628 284 2688 cap.
329 2612 424 2682 54,
454 2609 585 2668 ibi:
628 2630 655 2661 «
694 2607 879 2667 Nudis
929 2606 1174 2681 pedibus
1221 2621 1447 2679 semper
1487 2608 1885 2679 permaneant,

166 2716 356 2775 usque
396 2705 590 2757 tamen
617 2696 702 2755 .ad
741 2695 884 2755 talos
929 2695 1141 2769 caligas
1184 2694 1334 2754 ferre
1371 2697 1659 2767 poterunt,
1692 2691 1741 2748 si
1780 2690 1889 2749 hoc

167 2791 348 2852 fuerit
402 2789 516 2848 sibi
566 2805 602 2847 a
657 2786 872 2860 majore
917 2802 1022 2861 pro
1070 2784 1270 2861 aliqua
1316 2800 1489 2842 causa
1526 2797 1885 2852 concessum,

166 2879 486 2940 dummodo
543 2877 912 2936 discalceatos
970 2891 1195 2948 semper
1254 2873 1497 2932 omnino
1551 2872 1725 2947 pedes
1782 2870 1887 2928 ba-

164 2968 359 3028 beant.
393 2990 424 3023 n
465 2966 682 3027 Omnes
736 2981 893 3037 vero,
945 2965 1119 3023 etiam
1167 2968 1394 3038 apertos
1442 2962 1729 3031 eremitas,
1762 2959 1887 3018 die-

167 3060 276 3119 bus
338 3055 712 3117 abstinentia
775 3054 1078 3128 deputatis,
1151 3052 1522 3111 refectionem
1598 3049 1888 3123 suscipere

1967 2016 1997 2050 ‹‹
2022 1993 2183 2053 omni
2221 1991 2523 2050 Dominieo
2561 1990 2655 2048 die
2685 1991 2749 2047 in
2788 1990 3039 2063 capitulo
3070 1990 3499 2061 convenientes,
3539 2005 3688 2062 pra-

1964 2083 2142 2142 missa
2167 2078 2575 2138 exhortatione
2620 2077 2892 2149 fraterna,
2934 2095 2994 2137 se
3037 2078 3293 2137 invicem
3328 2077 3541 2138 debent
3585 2093 3682 2137 ac-

1966 2186 2167 2231 cusare
2210 2167 2549 2227 charitative
2584 2186 2598 2224 :
2636 2171 2921 2241 postremo
2977 2168 3277 2227 communi
3321 2168 3685 2227 confessione

1964 2260 2285 2335 pramissa,
2314 2256 2621 2317 verberum
2667 2257 2816 2316 ictus
2853 2273 3026 2331 super
3064 2256 3223 2316 nuda
3249 2257 3511 2317 membra
3555 2273 3683 2317 sus-

1966 2349 2212 2424 cipiunt,
2243 2363 2360 2406 non
2403 2353 2518 2405 tam
2554 2361 2729 2406 causa
2757 2345 3056 2404 cruciandi
3100 2362 3355 2421 corpora,
3406 2363 3540 2406 cum
3571 2345 3683 2405 sibi

1966 2435 2232 2511 graviora
2266 2435 2328 2492 in
2363 2433 2592 2492 cellulis
2631 2431 2917 2507 supplicia
2962 2433 3247 2507 inﬂigant,
3276 2449 3455 2508 quam
3492 2433 3684 2493 studio

1967 2524 2187 2584 divina
2228 2522 2535 2598 passionis,
2583 2529 2639 2579 et
2686 2523 3037 2581 humilitatis
3085 2524 3353 2597 exempla
3403 2522 3680 2594 sectandi,

1968 2613 2042 2672 ad
2069 2613 2475 2672 confusionem
2511 2612 2694 2684 illius,
2732 2613 2837 2686 qui
2867 2620 2951 2671 est
2980 2629 3084 2672 rex
3111 2613 3434 2688 superbia;
3469 2633 3499 2666 »
3529 2618 3585 2671 et
3616 2614 3686 2671 de

1969 2706 2160 2780 priore
2196 2703 2652 2763 Camaldulensis
2687 2704 2865 2762 eremi
2898 2703 2979 2762 sic
3021 2705 3219 2763 statuit
3256 2721 3380 2779 cap.
3415 2703 3482 2762 53
3513 2728 3526 2763 :
3563 2728 3588 2755 ιι
3619 2702 3687 2761 In

1971 2794 2223 2867 capitulo
2256 2809 2389 2852 cum
2427 2794 2703 2853 fratribus
2732 2810 2881 2868 sape
2923 2796 3247 2865 conveniat,
3277 2801 3334 2853 et
3371 2794 3689 2868 pramissis

1973 2884 2290 2955 metanais,
2338 2899 2475 2942 suos
2515 2883 2853 2943 conﬁteatur
2889 2900 3184 2955 excessus,
3217 2891 3281 2943 ut
3309 2884 3434 2958 ipse
3470 2900 3505 2942 a
3529 2883 3688 2942 vitiis

1973 2973 2073 3031 ﬁat
2111 2973 2465 3039 emendatus,
2502 2979 2556 3031 et
2585 2972 2714 3031 aliis
2752 2973 3173 3033 emendationis
3210 2974 3458 3032 formam
3496 2979 3689 3033 osten-

1973 3061 2090 3121 dat.
2125 3083 2153 3116 »
2186 3062 2290 3120 Cui
2318 3078 2436 3121 non
2464 3061 2747 3121 dissimile
2790 3069 2876 3122 est
2913 3061 3065 3121 Petri
3094 3061 3361 3121 Damiani
3397 3062 3688 3121 monitum

167 3148 545 3241 consuevisse
587 3148 643 3241 ip
688 3143 1396 3241 propriiscelliyyuglis
1432 3141 1676 3241 pedibus
1714 3151 2044 3241 supercad
2077 3150 2381 3210 Avellana
2418 3152 2669 3226 priorem
2698 3168 2896 3227 opusc.
2946 3164 3054 3223 xv,
3099 3156 3222 3227 cap.
3262 3152 3348 3223 31,
3395 3152 3500 3210 ubi
3551 3151 3632 3209 ait
3675 3176 3691 3212 ς

165 3239 503 3316 pavimento
532 3237 814 3308 sedentes,
850 3256 879 3290 »
913 3234 1077 3293 docet
1110 3233 1174 3293 B.
1209 3232 1557 3307 Rodulphus
1583 3230 1643 3289 in
1674 3230 1888 3289 consti-
1919 3230 2005 3295 “«
2031 3241 2154 3301 Aut
2196 3257 2521 3317 numquam,
2567 3247 2670 3301 aut
2712 3259 2841 3301 raro
2884 3241 3205 3318 capitulum
3243 3256 3379 3301 cum
3412 3240 3691 3300 fratribus

165 3336 273 3389 tut.
301 3328 446 3387 anni
489 3325 646 3397 1080,
674 3342 801 3399 cap.
837 3324 927 3398 20,
954 3325 1224 3397 ideque
1254 3320 1618 3381 Justinianus
1652 3321 1757 3380 loc.
1787 3320 1886 3378 cit.

164 3435 289 3492 cap.
320 3418 395 3477 32
424 3421 478 3474 et
516 3416 586 3475 38
625 3415 946 3474 conﬁrmat.
990 3413 1072 3471 De
1113 3410 1463 3471 Avellanitis
1508 3415 1701 3468 autem
1728 3424 1886 3468 eam-

166 3510 300 3569 dem
344 3506 711 3582 disciplinam
754 3504 923 3564 tradit
959 3504 1162 3563 Petrus
1201 3501 1520 3561 Damianus
1554 3515 1749 3574 opusc.
1782 3511 1891 3558 XIV

167 3606 223 3659 et
270 3610 382 3671 xv,
415 3612 537 3670 cap.
583 3597 668 3668 il,
709 3593 953 3653 dicens:
998 3614 1025 3648 ε
1058 3591 1214 3651 Illud
1260 3590 1435 3650 etiam
1479 3598 1600 3649 non
1644 3589 1893 3647 minima

167 3704 302 3763 pars
331 3686 696 3763 panitentia
722 3690 827 3757 est,
847 3682 997 3759 quod
1030 3682 1191 3742 omni
1220 3686 1496 3755 tempore,
1525 3677 1647 3739 sive
1674 3685 1891 3751 astate,

170 3781 294 3839 sive
346 3777 565 3849 hieme,
614 3791 732 3836 non
794 3775 1019 3846 calceis,
1079 3789 1196 3833 non
1272 3771 1454 3831 ocreis
1522 3777 1772 3832 utuntur
1829 3772 1892 3830 in

169 3869 426 3941 cellulis,
493 3868 593 3927 sed
659 3865 834 3927 nudis
899 3881 1126 3939 semper
1192 3864 1460 3923 cruribus
1530 3869 1586 3921 et
1647 3862 1896 3938 pedibus

170 3957 540 4019 consuetudo
582 3961 668 4014 est
707 3970 1066 4029 permanere,
1113 3952 1368 4027 exceptis
1413 3953 1527 4024 his,
1584 3952 1689 4026 qui
1730 3950 1899 4026 gravi

171 4052 443 4111 molestia
470 4047 826 4107 inﬁrmitatis
858 4051 1164 4120 urgentur.
1194 4067 1223 4102 »

244 4139 376 4199 VII.
434 4140 505 4198 In
568 4136 871 4197 metanais
923 4142 1136 4205 autem,
1194 4135 1483 4211 palmatis,
1555 4130 1896 4205 disciplinis,

1972 3331 2311 3403 celebretur,
2343 3347 2460 3406 quo
2487 3331 2665 3391 missa
2699 3339 3001 3405 metanaa,
3033 3338 3087 3390 te
3114 3347 3234 3391 non
3271 3347 3521 3391 accuses.
3553 3356 3580 3381 »

2045 3420 2203 3479 VIII.
2266 3422 2565 3496 Ejusmodi
2615 3439 2784 3498 porro
2831 3423 3107 3483 exercitia
3155 3422 3419 3497 utrisque
3457 3438 3578 3481 non
3619 3436 3696 3480 ex

1973 3510 2220 3586 imperio
2267 3511 2690 3581 indicebantur,
2723 3512 2823 3570 sed
2869 3512 3129 3587 cujusvis
3163 3511 3401 3571 arbitrio
3439 3509 3694 3585 relinqui

1975 3608 2414 3660 consueverant.
2441 3599 2588 3659 Nam
2626 3599 2698 3658 de
2725 3599 2847 3659 suis
2872 3599 3221 3659 Avellanitis
3258 3599 3339 3658 ait
3375 3598 3698 3658 Damianus

1976 3706 2174 3766 opusc.
2207 3702 2314 3762 XV,
2347 3706 2471 3764 cap.
2529 3690 2595 3749 18
2636 3709 2649 3749 :
2686 3710 2715 3746 «
2759 3688 2948 3764 Super
2982 3689 3284 3749 metanais
3320 3705 3479 3760 vero,
3518 3688 3698 3747 disci-

1974 3777 2177 3854 plinis,
2226 3784 2401 3853 atque
2445 3778 2733 3853 palmatis,
2787 3780 2910 3838 sive
2963 3779 3139 3838 etiam
3188 3778 3444 3837 brachiis
3491 3781 3699 3836 exten-

1977 3868 2185 3928 dendis
2246 3867 2310 3927 in
2368 3868 2742 3939 orationibus,
2803 3866 3140 3941 caterisque
3209 3867 3393 3926 sancti
3453 3866 3696 3926 fervoris

1977 3956 2292 4028 exercitiis,
2345 3957 2509 4016 nulla
2559 3957 2793 4015 fratrem
2840 3956 2965 4031 lege
3011 3956 3488 4030 constringimus,
3548 3957 3695 4031 quin

1979 4048 2169 4122 potius
2219 4064 2342 4107 sua
2389 4048 2801 4107 committenda
2848 4048 3199 4123 provisionis
3252 4048 3491 4108 arbitrio
3534 4047 3693 4122 judi-

1978 4154 2201 4197 camus.
2232 4135 2382 4197 Sunt
2408 4137 2586 4211 enim,
2614 4136 2827 4211 quibus
2849 4138 3062 4197 horum
3088 4138 3301 4214 aliqua
3331 4154 3451 4197 non
3478 4152 3694 4214 conve-

173 4229 426 4305 aliisque
456 4227 572 4302 piis
610 4224 945 4302 hujusmodi
981 4224 1273 4284 exercitiis
1303 4230 1560 4300 quantus
1590 4220 1900 4296 utrobique
1981 4228 2188 4298 nium;
2227 4231 2402 4301 atque
2433 4226 2560 4284 ideo
2608 4232 2800 4286 tutum
2841 4226 3089 4299 videtur,
3120 4212 3296 4301 atque
3336 4223 3597 4296 liberius,
3630 4212 3695 4283 ut

174 4322 371 4380 fervor
423 4323 594 4383 esset.
647 4316 1032 4391 intelligimus
1085 4332 1160 4375 ex
1212 4315 1519 4389 Rodulpho
1585 4312 1778 4387 priore
1837 4311 1901 4369 in
1981 4319 2045 4377 in
2080 4315 2294 4375 talibus
2336 4310 2519 4390 magis
2563 4316 2716 4389 Optio
2760 4322 3131 4390 proponatur,
3174 4332 3351 4390 quam
3392 4314 3698 4373 deﬁnitiva

177 4407 697 4471 constitutionibus
737 4407 877 4465 anni
930 4405 1064 4465 1085
1094 4406 1165 4464 de
1208 4406 1330 4464 suis
1358 4400 1903 4463 Camaldulensibus
1985 4408 2203 4483 regula;
2230 4406 2511 4465 sententia
2529 4405 2954 4480 prascribatur.
2990 4427 3017 4460 ››
3048 4406 3131 4465 De
3157 4405 3699 4465 Camaldulensibus

178 4503 263 4560 sic
292 4500 569 4600 loquente
601 4517 615 4555 :
649 4518 676 4549 ‹‹
704 4496 851 4601 Nam
894 4496 1028 4571 quis
1074 4496 1249 4569 digne
1292 4510 1533 4553 narrare
1576 4492 2120 4601 valeat‘ea,Dvero
2168 4497 2325 4555 idem
2370 4496 2715 4569 Rodulphus
2749 4496 2871 4555 loco
2906 4496 3001 4554 cit.
3051 4513 3173 4571 cap.
3224 4496 3312 4567 35,
3344 4496 3426 4555 sic
3451 4495 3694 4554 scribit:

174 4607 315 4667 qua
366 4590 547 4665 hujus
600 4588 779 4647 eremi
829 4589 1028 4645 fratres
1080 4602 1182 4660 per
1236 4601 1407 4645 omne
1446 4591 1673 4657 tempus
1712 4580 1967 4639 solent”
1992 4613 2015 4642 ι
2048 4589 2118 4648 In
2148 4588 2447 4647 metanais
2488 4603 2645 4660 vero,
2677 4593 2733 4646 et
2769 4587 3054 4661 palmatis,
3082 4588 3173 4646 vel
3217 4602 3523 4661 scoparum
3572 4586 3699 4645 icti-

174 4699 372 4757 agere,
422 4680 709 4739 bonorum
755 4677 971 4736 scilicet
1012 4694 1287 4752 operum;
1337 4677 1397 4735 id
1444 4683 1529 4735 est
1570 4675 1721 4733 ictus
1772 4687 1899 4731 sco-

176 4787 411 4847 parum,
452 4769 839 4829 discurrentes
875 4768 1179 4843 lacrymas,
1219 4764 1679 4827 innumerabiles
1720 4767 1900 4820 meta-

175 4877 361 4932 naas,
429 4860 697 4919 cordium
769 4859 1040 4932 suspiria,
1100 4859 1437 4917 continuam
1500 4853 1899 4931 psalmodiam,

173 4953 515 5014 orationum
562 4948 918 5023 instantiam,
975 4966 1164 5008 sacras
1209 4946 1492 5022 vigilias?
1527 4968 1555 5001 »
1586 4951 1692 5004 etc.
1726 4945 1797 5003 Et
1830 4959 1905 5003 ex

179 5042 349 5104 Petro
400 5039 672 5100 Damiani
722 5055 920 5114 opusc.
974 5052 1078 5098 xxv
1124 5039 1195 5097 de
1242 5037 1589 5099 Avellanitis
1640 5036 1721 5096 sic
1763 5035 1904 5093 scri-

177 5134 357 5193 bente
397 5154 411 5188 :
455 5150 486 5184 α
533 5129 603 5187 In
641 5128 864 5187 cateris
893 5135 1091 5187 autem
1127 5127 1448 5203 spiritualis
1477 5125 1740 5187 exercitii
1782 5130 1905 5184 stu-

181 5224 319 5295 diis,
345 5236 483 5297 qua
534 5218 607 5278 sit
650 5220 914 5279 continui
954 5218 1196 5278 fervoris
1236 5218 1530 5289 instantia,
1566 5234 1700 5293 qua
1745 5215 1910 5275 solli-

182 5312 407 5383 citudo,
470 5325 648 5385 quam
716 5308 858 5383 vigil
923 5314 978 5368 et
1034 5324 1272 5382 operosa
1331 5308 1676 5385 frequentia,
1736 5307 1911 5367 timeo

187 5402 504 5462 dicere.....
549 5400 659 5457 hoc
698 5405 893 5457 tamen
932 5396 1078 5456 mihi
1121 5396 1308 5470 liceat,
1340 5398 1480 5473 quia
1509 5403 1667 5456 tanta
1706 5401 1792 5454 est
1830 5395 1913 5454 di-

192 5489 437 5566 ligentia
464 5488 527 5545 in
565 5485 919 5546 ﬂexionibus
951 5501 1234 5561 genuum,
1267 5486 1331 5544 in
1362 5484 1685 5561 disciplinis
1712 5500 1927 5561 scepa-.

196 5565 349 5651 rum,
401 5584 460 5638 et
506 5577 731 5636 cateris
777 5570 1141 5650 hujusmodi,
1182 5595 1214 5633 »
1264 5582 1371 5635 etc.
1425 5576 1735 5652 Speciatim
1775 5565 1916 5637 vero

199 5673 419 5743 quanta
474 5665 652 5727 fuerit
706 5666 769 5725 in
822 5665 1167 5726 voluntariis
1216 5664 1740 5740 verberationibus,
1790 5671 1917 5725 tum

1988 4680 2121 4752 bus,
2146 4679 2393 4752 aliisque
2434 4676 2726 4736 similibus
2770 4677 3085 4753 obsequiis,
3118 4677 3209 4735 vel
3255 4675 3545 4750 operibus,
3597 4690 3703 4734 seu

1990 4767 2266 4840 artiﬁciis,
2298 4766 2545 4842 quisque
2585 4765 2753 4824 debet
2797 4766 3075 4839 exerceri,
3105 4772 3275 4839 prout
3322 4764 3564 4824 facultas
3613 4770 3705 4823 tu-

1990 4858 2144 4932 lerit,
2168 4859 2261 4917 vel
2284 4858 2505 4917 utilitas
2528 4856 2791 4927 suaserit,
2819 4872 2925 4916 seu
2952 4856 3155 4916 divina
3179 4842 3548 4931 inspiraverit
3570 4871 3705 4930 gra-

1992 4948 2072 5005 tia
2102 4972 2115 5005 :
2146 4947 2209 5004 in
2241 4946 2452 5005 talibus
2486 4945 2646 5003 enim
2672 4944 2999 5004 voluntaria
3022 4946 3297 5005 suadetur
3323 4945 3557 5015 oblatio,
3586 4959 3704 5002 non

1993 5035 2208 5096 coactio
2227 5035 2547 5110 imponitur
2568 5052 2584 5106 ;
2613 5034 3021 5110 unusquisque
3040 5033 3104 5093 in
3123 5035 3231 5093 hac
3248 5041 3406 5110 parte
3426 5049 3559 5092 suas
3582 5047 3703 5089 me-

1995 5125 2172 5185 tiatur
2194 5127 2364 5198 vires,
2395 5130 2684 5198 computet
2712 5130 3001 5199 sumptus,
3029 5124 3357 5183 moderetur
3385 5123 3640 5181 affectus.
3675 5140 3702 5174 »

2065 5215 2168 5275 IX.
2225 5214 2367 5285 Qua
2427 5230 2564 5273 vero
2604 5214 2859 5273 eremitis
2895 5214 3208 5287 utriusque
3247 5208 3704 5285 congregationis

1996 5305 2296 5365 communi
2320 5305 2445 5379 lege
2478 5303 2811 5378 prascripta
2851 5308 3035 5375 erant,
3064 5302 3263 5361 eadem
3293 5297 3703 5372 nihilominus,

1998 5392 2348 5453 debiliorum
2394 5397 2675 5466 respectu,
2705 5391 2951 5451 discreta
2986 5390 3409 5465 dispensatione
3451 5402 3553 5461 pro
3603 5404 3708 5447 su-

1997 5483 2242 5560 perioris
2281 5480 2519 5543 arbitrio
2563 5482 3029 5557 temperabantur
3074 5500 3087 5539 :
3134 5478 3359 5539 occulte
3406 5476 3709 5538 nihilomi-

1997 5588 2134 5645 nus,
2164 5572 2393 5633 etclam
2430 5572 2670 5645 cateris,
2697 5587 2771 5632 ne
2808 5575 3093 5643 receptam
3122 5567 3413 5645 plerisque
3438 5566 3712 5627 solitariis

2000 5663 2368 5740 disciplinam
2401 5678 2720 5740 paucorum
2758 5660 3043 5736 exemplis
3076 5660 3408 5722 labefactari
3436 5665 3493 5720 et
3516 5659 3582 5721 in
3607 5657 3710 5718 de-
