4034 6472
399 309 468 371 39
1307 309 1365 368 S.
1409 309 1703 370 PETRUS
1747 308 2139 370 DAMIANUS
2179 308 2240 369 S.
2282 308 2352 370 R.
2396 309 2460 370 E.
2506 309 2990 369 CARDINALIS.

399 435 767 494 suetudinem
843 435 1119 508 paulatim
1180 434 1340 492 abire
1393 435 1766 508 contingeret.
1826 434 2452 507 AudiaturApsalmis,
2535 442 2670 493 tunc
2737 433 3004 492 dicitur:

399 527 719 586 Damianus
750 542 947 601 opusc.
996 537 1102 596 XV,
1142 541 1265 599 cap.
1323 524 1424 582 16:
1459 545 1486 577 ‹‹
1518 524 1581 583 Si
1621 539 1795 594 unus,
1842 532 1945 583 aut
1995 525 2110 582 for-

401 625 550 674 tasse
600 616 796 690 plures
845 616 1128 686 indigent,
1161 616 1314 689 quod
1357 616 1420 683 ii,
1451 616 1552 688 qui
1584 614 1906 673 incolumes
1956 619 2110 681 sunt,

402 721 635 763 necesse
675 722 790 764 non
832 705 1067 775 habent,
1120 705 1268 762 clam
1321 703 1601 768 videlicet,
1659 711 1713 760 et
1764 703 1981 761 occulte
2032 703 2115 759 sic

400 795 652 852 inﬁrmis
692 796 785 868 pia
813 795 1159 853 exhibeatur
1192 793 1543 863 humanitas,
1579 803 1642 851 ut
1681 793 1956 863 valentes,
1989 793 2115 849 sine

401 883 641 942 invidim
693 885 950 953 stimulo,
1002 884 1065 940 in
1110 882 1200 941 sui
1253 881 1460 954 rigoris
1519 889 1891 954 permaneant
1941 881 2114 939 disci-

397 972 602 1046 plina:
636 989 825 1047 neque
875 973 1032 1030 enim
1065 987 1296 1029 necesse
1337 979 1440 1040 est,
1477 971 1631 1044 quod
1684 971 1788 1028 uni
1833 986 2000 1028 casus
2043 971 2117 1027 ir-

399 1073 580 1137 rogat,
613 1065 766 1122 illico
809 1063 1076 1136 regulare
1119 1063 1390 1121 omnibus
1432 1063 1548 1121 ﬁat.
1580 1085 1606 1116 »
1635 1061 1741 1120 Cui
1786 1063 1852 1121 B.
1904 1063 2120 1122 Rodul-

401 1155 556 1227 phus
607 1155 687 1212 sic
731 1160 1006 1211 consonat
1060 1153 1123 1210 in
1173 1159 1355 1211 const.
1407 1153 1550 1210 anni
1604 1152 1760 1223 1080,
1808 1170 1930 1226 cap.
1990 1153 2058 1213 30
2100 1177 2112 1214 :

407 1267 434 1290 «
467 1242 767 1300 Debilibus
820 1248 1034 1312 autem,
1083 1248 1136 1299 et
1186 1241 1570 1300 tenerioribus
1627 1242 1676 1300 si
1724 1259 1840 1316 qua
1894 1241 2119 1316 dispen-

403 1330 545 1388 satio
619 1330 684 1387 in
757 1330 1071 1402 alimentis,
1149 1337 1250 1388 aut
1311 1330 1569 1388 vestibus
1640 1334 1958 1389 necessaria
2021 1333 2114 1398 sit,

405 1420 694 1493 sapienter
742 1425 797 1477 et
849 1427 1013 1477 caute
1062 1419 1192 1477 fieri
1247 1419 1432 1491 debet,
1487 1428 1549 1478 ut
1595 1420 1674 1477 ita
1720 1420 2120 1494 indigentibus

403 1509 751 1568 exhibentur
795 1509 889 1584 pia
936 1509 1222 1578 discretio,
1273 1525 1347 1567 ne
1387 1510 1524 1567 inde
1570 1509 1905 1568 fortioribus
1941 1511 2120 1568 noxia

403 1606 709 1670 generetur
753 1599 1056 1658 dissolutio
1091 1624 1102 1656 :
1144 1615 1282 1656 nam
1327 1598 1610 1672 specialis,
1667 1598 1755 1656 vel
1807 1599 2120 1673 singularis

406 1689 699 1748 concessio
745 1705 864 1748 non
893 1688 1060 1746 debet
1089 1688 1238 1746 trahi
1268 1687 1341 1745 ad
1369 1686 1842 1760 consequentiam
1882 1694 2120 1746 caetero-

3847 312 3936 371 40

3083 436 3154 488 Te
3205 436 3374 489 Deum
3423 437 3640 490 Patrem
3693 437 3932 504 ingeni—

2200 532 2334 592 tum,
2375 531 2444 583 Te
2483 530 2687 584 Filium
2730 528 3092 595 unigenitum,
3130 528 3201 580 Te
3229 527 3504 596 Spiritum
3531 530 3782 581 sanctum
3805 545 3936 598 pa-

2197 619 2479 681 racletum,
2510 623 2756 672 sanctam
2791 621 2841 670 et
2869 615 3218 671 individuam
3246 617 3588 680 Trinitatem,
3617 621 3726 672 toto
3758 618 3939 672 corde

2199 711 2249 760 et
2300 723 2387 761 ore
2436 711 2764 776 conﬁtemur,
2821 709 3110 762 laudamus
3163 710 3327 774 atque
3380 706 3764 770 benedicimus,
3815 707 3940 760 tibi

2199 800 2377 864 gloria
2426 801 2484 852 in
2533 801 2750 854 saecula.
2793 799 2986 854 Amen.
3027 799 3270 858 Domine,
3302 798 3443 850 Deus
3484 798 3543 850 in
3573 795 3938 864 adjutorium

2199 902 2374 940 meum
2425 888 2661 950 intende,
2712 890 2936 941 Domine
2986 886 3060 940 ad
3108 884 3486 953 adjuvandum
3532 900 3616 938 me
3663 885 3875 951 festina
3913 903 3934 949 ;

2203 975 2621 1042 Con/‘undantur
2677 981 2728 1031 et
2781 981 3128 1030 revereantur
3164 976 3378 1028 inimici
3429 975 3554 1035 mei,
3597 975 3695 1041 qui
3769 988 3941 1042 quae-

2201 1067 2331 1117 runt
2377 1067 2618 1118 animam
2654 1081 2846 1120 meam.
2899 1063 3144 1133 Adjutor
3188 1079 3356 1126 meus,
3389 1066 3440 1116 et
3483 1060 3744 1116 liberator
3771 1076 3944 1114 meus

2202 1158 2330 1216 esto,
2371 1156 2613 1218 Domine,
2656 1171 2722 1208 ne
2766 1155 3096 1210 tardaveris.
3146 1153 3336 1208 Gloria
3378 1153 3555 1212 Patri,
3589 1153 3638 1204 et
3673 1151 3840 1212 Filio,
3876 1155 3946 1203 et

2201 1241 2442 1310 Spiritui
2494 1246 2700 1298 sancto.
2764 1239 2888 1309 Quo
2946 1239 3132 1308 ﬁnito,
3191 1253 3397 1298 rursus
3451 1234 3663 1294 dicitur
3726 1259 3740 1292 :
3797 1235 3947 1291 Ad-

2195 1328 2467 1397 jutorium
2532 1332 2777 1383 nostrum
2840 1332 2902 1384 in
2975 1331 3189 1384 nomine
3242 1329 3484 1382 Domini.
3544 1324 3685 1382 Haec
3744 1323 3950 1397 igitur

2201 1432 2303 1489 per
2344 1417 2711 1492 quinquenos
2751 1417 3002 1490 psalmos
3047 1413 3375 1473 alternatim
3419 1428 3644 1486 semper
3693 1412 3949 1471 addun-

2204 1512 2322 1574 tur,
2377 1505 2560 1563 donec
2600 1505 2960 1578 psalterium,
3010 1520 3145 1563 cum
3200 1503 3386 1562 tribus
3436 1501 3947 1571 Dominicalibus,

2203 1609 2310 1652 nec
2357 1609 2474 1652 non
2523 1588 2597 1653 et
2634 1595 2807 1654 totius
2859 1593 3237 1653 hebdomadas
3286 1592 3548 1663 canticis,
3597 1592 3945 1665 expleatur.

2204 1681 2312 1740 His
2338 1683 2513 1740 etiam
2547 1699 2667 1742 non
2700 1683 2995 1757 neglectis,
3030 1698 3164 1757 quaa
3190 1683 3254 1741 in
3282 1681 3400 1740 ﬁne
3431 1679 3688 1754 psalterii
3717 1679 3950 1739 viden-

407 1793 562 1851 rum,
594 1796 667 1838 ne
690 1780 762 1838 de
787 1780 966 1838 unius
993 1778 1087 1836 vel
1118 1793 1438 1854 paucorum
1461 1777 1822 1851 indulgentia
1851 1779 2305 1854 nascaturBtur
2357 1773 2595 1847 adjecta,
2643 1773 2910 1832 videlicet
2961 1792 2974 1832 :
3032 1777 3103 1829 Te
3151 1777 3320 1830 Deum
3374 1773 3710 1840 laudamus;
3769 1775 3950 1832 Nunc

405 1868 794 1941 plurimorum
816 1868 1149 1927 enormitas.
1188 1892 1210 1918 ιι

488 1957 560 2015 Χ.
618 1959 747 2016 Non
805 1957 998 2016 minor
1046 1955 1109 2014 in
1157 1956 1464 2031 disciplina
1501 1959 1785 2032 psallendi
1823 1959 2124 2018 consensio

407 2053 715 2122 utriusque
743 2045 983 2104 familiae
1014 2045 1309 2104 observari
1337 2054 1538 2120 potest.
1570 2047 1801 2121 Duplex
1831 2047 1951 2106 illis
1976 2046 2126 2120 psal-

409 2139 602 2200 modia
652 2137 716 2194 in
749 2151 862 2194 usu
903 2141 1043 2205 erat,
1073 2134 1317 2206 privata,
1345 2140 1400 2191 et
1447 2134 1699 2207 publica.
1747 2134 1854 2192 Illa
1899 2135 2126 2194 duobus

407 2224 699 2303 psalteriis
719 2223 1142 2291 continebatur,
1165 2237 1415 2295 quorum
1431 2222 1676 2280 alterum
1697 2239 1801 2296 pro
1829 2223 1979 2280 vivis
1993 2239 2126 2281 cum

409 2310 831 2387 adjectionibus
879 2308 1203 2378 nonnullis,
1236 2325 1381 2381 quas
1428 2308 1486 2368 S.
1521 2309 1882 2369 Romualdus
1916 2311 2128 2385 apponi

409 2407 679 2480 jusserat,
714 2397 972 2472 quotidie
1012 2397 1348 2469 recitabant,
1377 2398 1624 2458 alterum
1671 2415 1773 2472 pro
1819 2399 2124 2470 defunctis,

414 2489 762 2566 quandoque
783 2493 986 2556 totum,
1000 2486 1350 2560 quandoque
1373 2504 1448 2545 ex
1467 2495 1646 2561 parte,
1660 2487 1907 2558 singulis
1927 2487 2130 2546 diebus

413 2579 628 2651 singuli
656 2579 719 2634 in
750 2575 871 2634 suis
895 2574 1120 2633 cellulis
1148 2575 1570 2648 persolvebant;
1603 2577 1683 2634 ait
1724 2576 1882 2633 enim
1912 2576 1975 2634 B.
2011 2576 2128 2635 Ro-

409 2669 666 2741 dulphus
705 2665 766 2722 in
795 2663 1018 2720 constit.
1067 2665 1207 2721 anni
1271 2664 1422 2732 1080,
1470 2681 1593 2738 cap.
1643 2664 1758 2722 35:
1805 2686 1825 2715 α
1857 2665 1984 2723 Duo
2031 2665 2133 2723 ita-

415 2773 529 2832 que
575 2753 842 2829 psalteria
884 2768 1018 2810 cum
1056 2752 1476 2824 adjectionibus
1530 2755 1655 2812 suis
1705 2754 1811 2823 (hee
1861 2752 2002 2826 quid
2051 2769 2133 2811 es-

415 2854 541 2903 sent
589 2860 664 2902 ex
711 2842 991 2900 Damiano
1031 2842 1183 2898 infra
1222 2842 1635 2915 intelligemus)
1681 2858 1779 2915 per
1827 2848 2133 2915 utramque

418 2934 922 3006 Quadragesimam
955 2931 1204 3003 quisque
1234 2932 1404 2988 frater
1434 2947 1536 3003 per
1562 2931 1822 3002 singulos
1851 2931 1973 2989 dies
2002 2947 2131 3004 per-

419 3023 605 3081 solvat
644 3046 656 3078 :
705 3021 767 3078 in
797 3018 930 3076 aliis
978 3034 1115 3076 vero
1166 3018 1540 3089 temporibus,
1595 3035 1782 3076 unum
1828 3035 1931 3092 pro
1982 3020 2134 3077 vivis

2212 1863 2451 1919 dimittis
2497 1881 2712 1919 servum
2775 1869 2967 1931 tuum;
3023 1864 3232 1919 duobus
3277 1863 3591 1932 Symbolis;
3634 1862 3826 1918 Gloria
3877 1863 3952 1914 in

2214 1956 2440 2009 emcelsis
2510 1958 2661 2022 Deo;
2730 1956 2893 2009 Pater
2963 1957 3162 2018 noster,
3238 1969 3358 2008 cum
3437 1953 3544 2022 ﬁde
3619 1940 3948 2017 catholica;

2213 2049 2502 2114 postremo
2545 2045 2779 2098 Litaniar:
2820 2056 2956 2100 cum
3005 2043 3343 2097 orationibus
3390 2041 3516 2099 haec
3557 2039 3754 2098 omnia
3787 2052 3949 2097 con-

2215 2136 2378 2188 sueto
2403 2132 2520 2188 ﬁne
2548 2129 2924 2189 concludunt.
2962 2152 2984 2180 ιι

2289 2217 2390 2274 ΧΙ.
2442 2217 2723 2275 Praeterea
2771 2232 2847 2274 ex
2890 2215 3256 2275 institutione
3298 2215 3562 2288 ejusdem
3615 2214 3770 2274 Petri
3819 2215 3955 2274 Da-

2217 2307 2421 2376 miani,
2481 2307 2550 2367 Β.
2600 2307 2798 2366 Mariae
2854 2307 3102 2381 virginis
3160 2305 3450 2378 Oﬂicium,
3503 2305 3598 2364 vel
3647 2306 3709 2363 in
3761 2307 3954 2365 choro

2218 2399 2630 2470 communiter,
2663 2399 2758 2456 vel
2790 2398 3200 2472 unusquisque
3237 2398 3509 2471 privatim
3544 2398 3607 2454 in
3636 2413 3741 2456 sua
3766 2397 3951 2468 cella,

2220 2489 2479 2560 quotidie
2542 2488 2858 2546 recitabant
2921 2489 3229 2561 utriusque
3305 2488 3413 2546 loci
3485 2495 3806 2560 sectatores,
3877 2494 3956 2547 ut

2188 2577 2510 2650 ~colligitur
2565 2593 2639 2634 ex
2688 2577 2948 2650 ejusdem
2987 2577 3255 2635 Damiani
3295 2577 3423 2635 Vita
3465 2593 3588 2650 cap.
3635 2578 3719 2645 15,
3753 2585 3808 2635 et
3866 2595 3954 2636 ex

2221 2665 2384 2737 epist.
2415 2666 2484 2722 32
2511 2665 2644 2722 libri
2677 2678 2755 2735 VI,
2785 2665 2888 2724 ubi
2910 2672 2965 2722 et
2986 2665 3403 2724 monasterium
3428 2664 3485 2723 S.
3519 2665 3812 2723 Vincentii
3846 2666 3953 2723 di—

2220 2755 2446 2814 vinitus
2486 2756 2763 2814 amictum
2815 2761 3030 2827 narrat,
3061 2757 3136 2814 ob
3187 2757 3582 2816 intermissum
3622 2757 3688 2815 B.
3738 2757 3954 2816 Mariae

2222 2843 2466 2917 virginis
2488 2845 2891 2918 quotidianum
2916 2844 3184 2903 Oﬂicium
3209 2845 3279 2902 ab
3302 2847 3423 2919 ipso
3445 2846 3803 2914 institutum,
3834 2862 3956 2904 nec

2221 2931 2337 2988 nisi
2375 2938 2500 3004 post
2528 2939 2813 3005 peractam
2846 2932 3090 3004 neglecti
3119 2933 3294 3004 hujus
3320 2933 3483 3005 pensi
3511 2933 3951 3006 pmnitentiam,

2223 3027 2278 3079 et
2315 3022 2524 3079 seriam
2571 3021 3008 3080 consuetudinis
3046 3021 3224 3095 hujus
3275 3023 3544 3095 deinceps
3588 3022 3956 3080 inviolabili-

417 3115 586 3172 debet
613 3111 906 3170 celebrare
951 3108 1310 3210 psalterium,
1340 3125 1440 3182 pro
1475 3109 1796 3182 defunctis:
1817 3116 2014 3168 autem
2051 3118 2132 3168 to-
2158 3149 2202 3210 Ο
2227 3116 2309 3166 ter
2335 3110 2711 3168 observandas
2732 3109 3199 3182 promissionem,
3232 3110 3495 3182 pristinae
3532 3109 3955 3183 tranquillitati

418 3209 561 3270 tum,
595 3208 696 3258 aut
724 3196 1058 3265 dimidium,
1095 3195 1188 3254 vel
1221 3196 1292 3254 ad
1340 3197 1538 3254 minus
1579 3199 1802 3255 tertiam
1834 3205 2070 3271 partem.
2107 3223 2133 3246 ››

422 3290 626 3348 Petrus
654 3293 846 3345 autem
886 3283 1207 3342 Damianus
1238 3301 1436 3358 opusc.
1479 3297 1613 3357 XIV,
1645 3285 1725 3342 sic
1754 3287 1926 3344 habet
1954 3310 1966 3344 :
2002 3306 2030 3340 «
2059 3286 2140 3344 De

418 3376 736 3452 psalmodia
790 3389 921 3432 vero
960 3373 1318 3432 consuetudo
1355 3380 1457 3442 est,
1489 3380 1554 3432 ut
1602 3389 1737 3433 cum
1782 3375 1897 3433 duo
1934 3376 2140 3433 fratres

423 3467 600 3527 simul
639 3471 1070 3524 commorantur
1120 3464 1182 3520 in
1226 3463 1391 3533 cella,
1419 3463 1534 3521 duo
1575 3463 1904 3536 persolvant
1943 3466 2007 3522 in
2046 3464 2140 3522 die

420 3556 712 3634 psalteria,
750 3571 941 3614 unum
982 3571 1082 3628 pro
1112 3553 1283 3625 vivis,
1315 3554 1563 3613 alterum
1595 3572 1697 3629 pro
1725 3555 2034 3614 defunctis.
2069 3556 2141 3613 Et

421 3647 570 3707 illud
601 3645 838 3720 quidem
870 3644 1024 3716 quod
1062 3649 1146 3701 est
1174 3643 1442 3702 vivorum
1471 3660 1606 3703 cum
1644 3643 1763 3703 illis
1792 3644 2008 3703 dicitur
2036 3645 2140 3702 ad-

425 3733 776 3802 ditamentis,
807 3747 940 3805 quae
979 3729 1042 3787 B.
1088 3729 1448 3789 Romualdus
1480 3731 1744 3805 apposuit
1779 3751 1791 3789 :
1823 3733 1977 3805 quod
2005 3747 2140 3790 vero

424 3840 528 3898 pro
569 3821 855 3880 defunctis
896 3836 1033 3878 cum
1062 3833 1272 3877 novem
1311 3819 1654 3879 lectionibus
1691 3821 1924 3892 dicitur,
1959 3821 2141 3879 tribus

419 3914 705 3970 nimirum
734 3926 834 3982 per
873 3909 1316 3982 quinquagenos
1363 3910 1638 3984 psalmos.
1681 3910 1793 3979 Qui
1821 3917 2019 3969 autem
2049 3927 2141 3970 so-

425 4001 519 4059 lus
555 4006 831 4068 moratur,
862 3998 1200 4069 psalterium
1232 3997 1468 4071 quidem
1507 3999 1779 4058 vivorum
1821 4006 2004 4058 totum
2043 4015 2143 4072 per

423 4087 685 4162 singulos
717 4088 840 4144 dies
865 4085 1174 4159 adimplet;
1210 4086 1615 4145 defunctorum
1645 4096 1843 4146 autem
1871 4090 1994 4146 sive
2017 4105 2140 4146 me-

425 4179 610 4248 dium,
645 4176 767 4236 sive
797 4183 1002 4247 totum,
1030 4174 1200 4247 juxta
1227 4174 1381 4247 quod
1417 4175 1636 4232 virium
1665 4176 2016 4248 possibilitas
2049 4178 2144 4234 ad-

422 4269 728 4327 ministrat.
773 4286 801 4319 »
851 4263 991 4333 Quae
1040 4262 1236 4322 omnia
1288 4263 1490 4336 repetit
1536 4279 1730 4337 opusc.
1784 4277 1895 4338 xv,
1939 4282 2060 4340 cap.
2109 4267 2141 4325 9

424 4357 708 4415 duntaxat
748 4353 988 4412 uberius
1024 4352 1323 4425 explicans
1363 4352 1754 4411 additamenta
1793 4352 1896 4412 illa
1922 4355 1988 4413 B.
2025 4357 2143 4415 Ro-

423 4444 668 4515 mualdi,
734 4442 856 4500 sive
926 4441 1290 4513 adjectiones,
1349 4447 1414 4498 ut
1475 4441 1819 4515 Rodulphus
1873 4446 2136 4520 appellat,

2194 3196 2553 3255 ’coenobinm
2609 3196 2901 3254 redditum
2967 3196 3148 3254 fuisse
3211 3204 3542 3267 asseverat;
3604 3203 3780 3272 atque
3839 3197 3957 3255 hoc

2225 3285 2420 3358 ipsum
2445 3284 2724 3343 diurnum
2752 3285 3029 3343 horarum
3055 3283 3120 3342 B.
3153 3283 3409 3358 Virginis
3434 3301 3704 3358 pensum,
3734 3285 3807 3343 ad
3836 3301 3955 3344 nos

2226 3375 2579 3433 haereditatis
2658 3374 2894 3433 nomine
2964 3375 3390 3446 transmissum,
3454 3375 3771 3434 hodiedum
3841 3376 3954 3434 ob-

2227 3463 2390 3535 tinet,
2433 3464 2502 3522 de
2541 3480 2656 3538 quo
2693 3465 3131 3523 constitutiones
3166 3467 3584 3524 monachorum
3633 3464 3953 3523 Camaldu-

2227 3556 2480 3614 lensium
2528 3557 2637 3614 sub
2687 3556 2788 3613 Pio
2844 3556 2913 3628 V,
2962 3572 3086 3630 cap.
3144 3557 3229 3629 18,
3273 3557 3356 3616 sic
3412 3556 3668 3616 habent:
3728 3555 3955 3614 «Illud

2228 3653 2361 3705 ante
2415 3647 2610 3705 oculos
2658 3653 2883 3704 nostros
2936 3663 3150 3722 ponere
3204 3647 3398 3706 Patres
3449 3650 3794 3716 statuerunt,
3851 3645 3954 3702 ni-

2230 3740 2449 3796 mirum
2492 3753 2588 3797 eos
2632 3754 2836 3797 omnes
2871 3740 3158 3813 professos
3194 3739 3515 3798 mortaliter
3549 3753 3800 3811 peccare,
3842 3737 3955 3811 qui

2229 3843 2347 3885 non
2388 3827 2645 3900 legitime
2692 3828 2956 3902 impediti
3008 3829 3267 3889 ofﬁcium
3314 3837 3432 3887 tam
3474 3828 3657 3902 ipsius
3685 3827 3952 3898 Domini,

2232 3932 2408 3990 quam
2436 3919 2636 3976 matris
2663 3918 2809 3992 ejus,
2847 3918 2938 3976 vel
2968 3919 3030 3977 in
3061 3926 3266 3990 totum,
3297 3918 3388 3975 vel
3418 3917 3479 3974 in
3508 3923 3727 3990 partem
3755 3916 3954 3974 scien-

2233 4012 2318 4063 ter
2361 4005 2550 4064 dicere
2598 4007 2917 4066 omittunt:
2964 4009 3072 4066 hoc
3119 4014 3203 4066 est
3246 4006 3405 4065 enim
3446 4013 3645 4064 contra
3692 4012 3954 4064 veterem

2231 4101 2288 4154 et
2355 4094 2708 4153 laudabilem
2778 4094 3280 4166 consuetudinem,
3360 4103 3478 4152 tam
3544 4093 3951 4164 eremitarum,

2232 4200 2407 4257 quam
2442 4184 2860 4242 monachorum
2903 4191 3117 4242 nostrze
3156 4184 3636 4258 congregationis,
3669 4183 3772 4258 qui
3802 4199 3960 4241 sem-

2232 4289 2334 4346 per
2381 4279 2694 4347 utrumque
2742 4273 2999 4332 ofﬁcium
3052 4273 3399 4346 persolvere,
3448 4278 3502 4329 et
3560 4271 3762 4330 devote
3805 4271 3956 4331 cele-

2231 4362 2399 4420 brare
2433 4363 2621 4420 conati
2651 4370 2802 4421 sunt.
2838 4383 2865 4415 »
2907 4359 3048 4418 Haec
3079 4361 3272 4418 Patres
3315 4359 3520 4431 nostri,
3551 4375 3670 4418 non
3708 4361 3955 4433 quidem

2233 4466 2445 4508 novam
2499 4452 2677 4525 hujus
2731 4451 2924 4509 oneris
2977 4448 3386 4522 obligationem
3427 4449 3810 4523 imponentes,
3853 4450 3955 4509 sed

423 4532 693 4610 psalterio
731 4529 1005 4586 vivorum
1043 4527 1477 4601 conjungendas
1509 4553 1522 4586 :
1563 4531 1642 4587 ait
1679 4531 1838 4588 enim
1872 4549 1884 4589 :
1929 4554 1956 4586 «
1989 4533 2144 4591 Illud
2170 4508 2504 4611 Dveterem,
2539 4508 2673 4615 quae
2712 4541 2770 4598 vi
2803 4541 3060 4613 antiquae
3110 4539 3565 4609 consuetudinis,
3597 4539 3765 4614 cujus
3799 4542 3958 4599 locu-

424 4623 663 4700 quidem
690 4617 1072 4692 (psalterium)
1101 4617 1254 4690 quod
1293 4626 1377 4676 est
1405 4619 1698 4690 vivorum,
1727 4635 1863 4678 cum
1906 4620 2024 4678 illis
2053 4621 2142 4679 di-

424 4713 574 4771 citur
608 4705 1033 4776 additamentis,
1063 4721 1198 4778 quae
1232 4706 1297 4764 B.
1332 4707 1694 4766 Bomualdus
1723 4710 1976 4782 apponit,
2009 4727 2141 4784 quae

427 4801 600 4860 etiam
655 4815 760 4857 nos
803 4814 922 4857 non
963 4811 1274 4870 gravemur
1313 4798 1586 4867 inserere,
1619 4813 1692 4855 ne
1735 4815 1841 4858 nos
1887 4815 2143 4874 conque-

426 4895 587 4946 ratur
631 4887 778 4944 forte
820 4884 1095 4956 novitius,
1127 4900 1260 4958 quae
1307 4885 1418 4943 sibi
1458 4902 1804 4961 magnopere
1853 4891 2144 4948 noscenda

429 4984 586 5048 sunt,
645 4974 984 5049 praeterisse.
1034 4973 1303 5032 Decursis
1352 4975 1524 5047 plane
1567 4976 1827 5050 quinque
1877 4979 2141 5053 psalmis,

427 5066 695 5138 protinus
751 5062 1114 5122 subinfertur
1143 5087 1155 5120 :
1187 5065 1377 5120 Gloria
1440 5067 1561 5130 tibi,
1630 5071 1892 5134 Trinitas,
1956 5088 2142 5142 aequa-

433 5158 504 5211 lis
555 5173 668 5211 una
700 5156 896 5220 deitas,
952 5161 1002 5210 et
1042 5161 1168 5213 ante
1211 5174 1364 5213 omne
1409 5162 1682 5226 saeculum,
1715 5168 1766 5218 et
1812 5180 1975 5233 nunc,
2006 5169 2057 5218 et
2086 5167 2144 5220 in

422 5253 783 5332 perpetuum;
839 5245 1000 5300 Orate
1049 5264 1152 5318 pro
1211 5249 1385 5314 nobis,
1443 5265 1620 5307 omnes
1674 5255 1855 5308 sancti
1904 5256 2022 5318 Dei,
2083 5260 2146 5310 ut

429 5335 588 5404 digni
643 5339 949 5406 efﬁciamur
1014 5341 1465 5408 promissionibus
1539 5347 1760 5400 Domini
1815 5348 1915 5400 Dei
1971 5350 2150 5402 nostri

428 5429 556 5482 Iesu
612 5429 852 5497 Christi;
881 5431 1046 5484 Pater
1095 5436 1296 5490 noster.
1345 5431 1452 5491 His
1502 5435 1766 5509 expletis,
1831 5448 1972 5491 mox
2019 5437 2149 5494 sub-

431 5511 636 5570 ditur:
687 5512 1045 5584 Adjutorium
1100 5525 1342 5576 nostrum
1394 5523 1454 5576 in
1499 5527 1713 5578 nomine
1766 5523 2004 5588 Domini,
2048 5527 2146 5594 qui

427 5605 559 5686 fecit
616 5604 825 5687 caelum,
887 5610 938 5665 et
992 5611 1214 5667 terram.
1271 5607 1342 5669 Et
1391 5607 1643 5670 evolutis
1695 5608 1828 5670 aliis
1883 5609 2146 5686 quinque

2227 4629 2532 4703 pletissimi
2580 4635 2748 4686 testes
2791 4636 2944 4697 sunt,
2993 4627 3340 4699 invaluerat,
3394 4629 3726 4688 authentica
3767 4629 3961 4688 decla-

2227 4719 2448 4776 ratione
2489 4723 2866 4791 exponentes,
2925 4731 3198 4789 responso
3241 4732 3416 4774 sacrae
3454 4717 3572 4777 Rit.
3620 4733 3816 4790 congr.
3864 4718 3958 4776 die

2233 4807 2298 4865 12
2347 4804 2539 4863 Martii
2595 4805 2728 4863 1616
2783 4803 3099 4862 novissime
3145 4807 3499 4876 confirmata,
3534 4805 3637 4864 ubi
3687 4807 3813 4863 hanc
3838 4807 3958 4865 duo

2229 4895 2625 4953 decernuntur
2653 4913 2666 4950 ε
2693 4892 2900 4967 primo,
2947 4913 2974 4946 «
3002 4893 3092 4950 Ex
3123 4894 3638 4953 constitutionibus
3682 4910 3806 4952 suae
3863 4911 3958 4953 re-

2229 4984 2404 5058 gulae,
2451 4983 2560 5042 sub
2612 4998 2784 5055 poena
2834 4982 3048 5056 peccati
3101 4983 3363 5041 mortalis
3419 4984 3599 5041 teneri
3639 4987 3958 5042 monachos

2230 5073 2703 5133 Camaldulenses
2735 5069 2806 5128 ad
2845 5071 3206 5130 recitandum
3235 5071 3496 5146 quotidie
3525 5071 3786 5131 officium
3821 5091 3954 5148 par-

2231 5178 2373 5221 vum
2420 5161 2485 5219 B.
2545 5159 2744 5218 Mariae
2805 5158 3128 5234 virginis.»
3178 5161 3466 5232 Secundo,
3524 5159 3596 5220 ad
3652 5161 3713 5218 id
3773 5161 3958 5221 teneri

2237 5276 2259 5305 ι
2319 5254 2492 5312 etiam
2548 5257 2674 5325 post
2725 5252 3174 5324 acceptationem
3225 5252 3512 5312 Breviarii
3560 5251 3953 5326 Benedictini,

2232 5350 2400 5418 prout
2447 5348 2613 5400 antea
2653 5339 3014 5400 tenebantur.
3051 5365 3077 5392 ιι
3129 5340 3246 5400 Nec
3294 5349 3445 5401 certe
3483 5340 3697 5400 minori
3745 5343 3957 5403 sollici-

2234 5435 2435 5493 tudine
2502 5431 2830 5491 Marianum
2904 5431 3159 5490 ofﬁcium
3232 5433 3401 5492 nobis
3478 5433 3737 5507 quotidie
3804 5435 3956 5493 reci-

2237 5523 2476 5582 tandum
2533 5525 2888 5599 incumbere,
2953 5538 3333 5602 supposuerat
3384 5537 3552 5592 antea
3609 5532 3726 5592 Leo
3778 5533 3829 5590 X
3887 5548 3954 5590 ac

2235 5611 2547 5686 ipsummet
2581 5613 2855 5703 divinum
2882 5613 3176 5700 Ofﬁcium,
3205 5617 3350 5680 dum
3386 5620 3460 5681 ab
3486 5621 3596 5682 hoc
3623 5621 3952 5695 dispensari
