4034 6506
148 346 198 412 ii
1035 346 1612 409 PROLEGOMENA.
1652 377 1719 389 —
1759 342 1854 404 DE
1894 340 2297 403 INSTITUTO
2335 344 2766 410 CAMALDUL.

3583 360 3655 419 42

146 493 306 553 posse
352 492 458 551 per
503 478 685 537 nostri
717 475 938 537 ordinis
968 476 1235 551 praelatos
1271 475 1586 548 constituit,
1636 472 1709 531 ab
1747 471 1855 530 illo
1874 470 2078 538 Anox,
2112 470 2204 527 vel
2235 471 2490 560 quolibet
2520 476 2690 535 modo
2714 492 2919 551 graves
2949 478 3225 541 videntur
3254 499 3378 543 esse
3412 485 3647 560 vigilite,

150 583 261 626 non
288 566 439 625 item
475 585 489 624 :
524 567 607 625 sic
644 566 803 627 enim
849 566 1019 626 habet
1046 567 1109 623 in
1149 566 1298 624 bull.
1337 585 1349 624 :
1381 570 1454 623 Et
1483 568 1596 621 sia
1623 579 1853 627 summo,

1938 560 2193 630 repetere
2212 559 2544 621 accubitum
2568 563 2729 637 licet;
2748 572 2874 640 post
2900 574 3248 630 nocturnum
3268 575 3511 632 omnino
3532 559 3651 635 non
3748 616 3751 621 ς

150 654 492 731 ξ’ῖοεαΑΟ
514 657 670 730 quod
700 656 789 715 illi
818 671 890 715 ex
924 654 1183 730 praefatis
1222 656 1545 725 monachis,
1582 654 1687 728 qui
1716 653 1859 712 adeo
1940 645 2091 705 licet.
2152 668 2181 703 »
2240 647 2426 720 Unde,
2478 656 2534 709 et
2590 657 2725 714 tom.
2805 655 2855 727 Ι,
2910 656 3011 716 lib.
3065 670 3148 730 vr,
3206 676 3294 736 ep.
3366 663 3449 734 17,
3501 665 3582 722 ait
3638 685 3650 724 :

153 747 639 807 monasteriorum
683 763 921 807 suorum
974 746 1178 806 oiﬁciis
1209 746 1487 820 occupati,
1516 751 1645 816 em,
1686 744 1860 802 dum-
1944 755 1973 790 «
2004 736 2130 795 Non
2158 753 2439 798 canonem
2469 739 2639 799 solvit
2664 743 2767 816 qui
2804 745 3065 819 psallens
3093 755 3257 808 nocte
3283 752 3581 811 redormit.
3614 773 3642 807 ››

153 838 321 897 modo
364 838 431 896 in
479 837 657 897 sacris
702 837 982 907 non,sint
1025 835 1332 896 ordinibus
1379 834 1699 905 constituti,
1732 833 1864 891 licet

2012 825 2164 885 XIV.
2198 827 2280 886 De
2307 828 2525 889 silentii
2556 846 2823 905 censura,
2857 843 3054 910 utpote
3101 841 3473 901 eremitarum
3526 858 3652 916 pro-

152 927 570 1005 professionem
625 927 967 1001 emiserint;
1022 933 1213 987 tamen
1278 929 1351 987 ad
1403 925 1861 1002 persolvendum
1939 916 2083 991 pria,
2115 932 2234 975 non
2275 924 2359 976 est
2402 920 2555 994 quod
2607 921 2857 981 addam:
2918 930 3148 986 tantum
3209 930 3480 991 audiatur
3532 932 3650 992 Ro-

154 1023 336 1077 totum
380 1017 677 1091 integrum
715 1014 980 1077 Ofﬁcium
1017 1017 1286 1077 divinum
1333 1016 1578 1075 minime
1624 1021 1861 1074 tenean-
1942 1006 2199 1081 dulphus
2245 1008 2702 1069 Gamaldulensis
2732 1012 2892 1087 prior
2938 1014 3001 1072 in
3047 1010 3275 1076 constit.
3308 1020 3449 1079 anni
3491 1021 3651 1091 1080,

154 1113 263 1179 tur,
293 1107 401 1166 sed
430 1122 631 1165 eorum
659 1106 900 1181 praelati,
935 1107 1130 1166 habita
1168 1107 1598 1182 suppositorum
1625 1121 1865 1166 suorum
1945 1112 2067 1171 cap.
2115 1096 2204 1170 21,
2237 1097 2319 1156 sic
2363 1099 2751 1173 praecipientis
2780 1122 2794 1160 :
2849 1123 2878 1157 «
2907 1103 3207 1165 Exeuntes
3251 1108 3321 1166 de
3385 1109 3567 1182 cellis,
3601 1118 3658 1170 et

156 1198 616 1259 consideratione
662 1198 837 1269 (ultra
870 1196 1139 1258 Ofﬁcium
1166 1197 1233 1258 B.
1274 1197 1473 1255 Marim
1502 1196 1766 1271 virginis,
1794 1195 1868 1254 ad

156 1288 307 1363 quod
355 1287 599 1361 obligati
652 1292 1010 1355 remaneant)
1034 1286 1204 1360 juxta
1256 1285 1741 1360 dispensationem
1783 1283 1869 1343 eis

158 1376 449 1446 traditam,
497 1376 548 1434 si
602 1390 803 1434 eorum
861 1375 1172 1435 animabus
1226 1375 1500 1449 expedire
1546 1372 1867 1446 videbitur,

156 1466 378 1542 aliquid
405 1465 723 1525 dicendum
746 1464 1052 1539 injungant
1083 1465 1237 1540 quod
1277 1481 1413 1525 cum
1439 1462 1625 1523 animi
1656 1463 1867 1523 alacri-

157 1561 263 1614 tate
292 1555 530 1614 valeant
553 1554 878 1629 adimpleri.
916 1575 945 1607 η

217 1645 353 1705 XII.
413 1645 661 1720 Insuper
696 1643 886 1703 debita
934 1660 1067 1719 erga
1108 1644 1355 1719 propriae
1408 1642 1868 1719 congregationis

158 1734 463 1794 defunctos
517 1735 718 1809 pietas,
777 1742 890 1794 tam
945 1733 1101 1809 apud
1134 1732 1631 1805 Camaldulenses,
1692 1747 1871 1807 quam

1949 1189 2017 1249 ad
2044 1187 2197 1265 ipsas
2221 1189 2559 1264 redeuntes,
2591 1192 2802 1252 silendi
2831 1210 3077 1254 censura
3107 1197 3320 1257 debent
3351 1202 3607 1262 cohiberi
3638 1224 3649 1264 :

1946 1277 2012 1337 in
2062 1278 2330 1352 oratorio,
2369 1287 2425 1339 et
2474 1280 2557 1338 in.
2586 1282 2887 1342 refectorio
2947 1284 3146 1359 regula
3222 1289 3436 1349 silentii
3492 1294 3655 1352 omni

1950 1371 2205 1441 tempore
2237 1368 2579 1428 intemerata
2609 1377 2890 1430 servetur.
2930 1393 2957 1426 »
2989 1372 3096 1432 Cui
3135 1386 3410 1439 consonat
3442 1380 3506 1439 Β.
3545 1381 3653 1440 Pe-

1952 1459 2076 1515 trus
2131 1456 2416 1527 Damiani,
2460 1465 2581 1516 tum
2624 1474 2820 1533 opusc.
2870 1474 2998 1535 XIV,
3031 1468 3156 1523 tum
3195 1478 3301 1538 xv,
3335 1483 3457 1541 cap.
3495 1469 3551 1528 11
3605 1477 3659 1529 ct

1957 1546 2024 1606 18
2060 1571 2072 1606 :
2107 1568 2135 1601 «
2161 1547 2230 1607 In
2277 1549 2546 1622 capitulo,
2580 1550 2643 1608 in
2693 1552 2959 1624 oratorio,
2988 1553 3049 1611 in
3074 1555 3391 1625 refectorio
3422 1560 3652 1633 regula-

1953 1653 2076 1696 rem
2105 1637 2583 1697 consuetudinem
2620 1654 2739 1697 nou
2769 1647 3134 1716 postponant,
3167 1650 3232 1703 ut
3273 1660 3409 1705 cum
3456 1649 3652 1724 hospi-

1955 1726 2111 1785 tibus
2132 1742 2248 1785 non
2279 1726 2628 1800 loquantur;
2659 1734 2835 1803 atque
2863 1729 2993 1789 ideo
3039 1747 3072 1789 a
3104 1732 3336 1793 cellulis
3366 1751 3555 1810 usque
3582 1740 3656 1798 ad

160 1824 521 1885 Avellanitas
573 1825 810 1900 paribus
865 1825 1157 1885 exercitus
1211 1826 1513 1896 enitebat;
1576 1825 1655 1884 ait
1712 1815 2255 1902 enimBecclesiam
2286 1814 2408 1873 sive
2450 1816 2767 1890 venientes,
2811 1814 2935 1878 sive
2982 1818 3290 1880 redeuntes
3342 1839 3375 1881 a
3415 1839 3661 1886 censura

160 1914 503 1986 Damianus,
542 1933 737 1992 opusc.
768 1928 879 1976 XIV
903 1921 959 1974 et
987 1928 1093 1989 xv,
1131 1932 1255 1990 cap.
1292 1915 1357 1974 12
1387 1936 1398 1974 :
1440 1939 1459 1966 ι
1496 1916 1642 1974 Cum
1698 1914 1872 1972 frater
1957 1904 2323 1964 Silentiiﬂon
2347 1907 2636 1965 recedant.
2667 1928 2695 1962 »

161 2004 456 2079 quispiam
499 2020 574 2062 ex
602 2004 813 2064 nostris
845 2004 1070 2076 obierit,
1106 2004 1207 2079 qui
1251 2003 1518 2062 videlicet
1566 2001 1872 2061 nobiscum

163 2091 403 2164 degunt,
454 2106 558 2164 pro
604 2108 671 2151 eo
728 2091 1132 2165 unusquisque
1187 2096 1402 2164 septem
1429 2088 1573 2147 vdies
1625 2087 1871 2162 jejunat,

165 2188 386 2255 septem
443 2181 780 2257 disciplinas
829 2199 963 2242 cum
1005 2183 1261 2242 millenis
1305 2197 1609 2256 scoparum
1663 2180 1876 2237 ictibus

164 2270 391 2345 accipit,
453 2272 839 2347 septingentas
908 2279 1224 2331 metanceas
1295 2272 1449 2343 facit,
1503 2270 1736 2344 triginta
1791 2267 1880 2325 in-

165 2376 341 2435 super
382 2360 655 2435 psalteria
700 2377 775 2419 ex
825 2378 984 2421 more
1039 2363 1319 2432 decantat,
1363 2368 1427 2439 et
1469 2358 1877 2433 unusquisque

167 2449 435 2509 sacerdos
480 2456 699 2524 septem
748 2452 955 2510 missas
1005 2451 1097 2510 illi
1150 2468 1251 2525 pro
1297 2467 1402 2510 sua
1451 2464 1696 2523 persona
1748 2461 1880 2519 per-

167 2536 359 2601 solvit,
422 2536 583 2596 salvo
652 2553 738 2609 eo,
795 2539 948 2614 quod
1000 2538 1292 2597 continuis
1349 2554 1581 2613 quoque
1648 2536 1883 2609 triginta

168 2627 376 2686 diebus
404 2643 508 2702 pro
536 2645 605 2687 eo
649 2629 959 2690 missarum
988 2631 1271 2689 solemnia
1310 2629 1373 2687 in
1402 2634 1692 2688 conventu
1721 2639 1881 2684 com-

170 2719 433 2778 muniter
453 2719 837 2781 celebrantur.
868 2742 896 2776 »
930 2722 1274 2794 Bodulphus
1319 2727 1513 2780 autem
1541 2720 1603 2777 in
1652 2715 1881 2777 constit.

168 2809 312 2868 anni
354 2808 509 2878 1080,
546 2826 670 2883 cap.
703 2810 789 2881 35,
820 2826 936 2868 non
968 2810 1280 2868 admodum
1320 2808 1548 2867 diversa
1575 2806 1882 2877 decernit,

169 2897 311 2955 dum
343 2896 624 2972 praecipit,
655 2898 812 2973 quod
855 2919 866 2957 :
901 2920 930 2953 «
962 2899 1072 2957 Pro
1108 2899 1451 2973 migratione
1479 2897 1882 2971 cujuscunque

169 2987 364 3046 fratris
416 2989 480 3046 in
514 3004 730 3059 eremo,
759 2988 854 3047 vel
892 2989 956 3047 in
999 2989 1181 3047 Fonte
1236 2988 1386 3046 bono
1443 2987 1726 3056 defuncti,
1781 2985 1886 3043 tri-

169 3076 334 3149 ginta
376 3075 667 3149 psalteria,
716 3076 809 3135 vel
850 3076 1052 3135 missas
1086 3076 1254 3135 debet
1294 3075 1700 3151 unusquisque
1743 3090 1878 3148 per-

2028 1994 2153 2054 XV.
2188 1995 2299 2054 Sed
2323 2001 2379 2053 et
2403 1996 2569 2069 quies
2596 1997 2901 2072 omnisque
2928 2002 3249 2075 vagationis
3267 2005 3405 2078 fuga
3437 2007 3658 2067 utrius‘

1959 2093 2074 2170 que
2123 2081 2302 2170 eremi
2354 2083 2729 2141 sectatoribus
2773 2085 2896 2159 pari
2952 2086 3253 2148 sedulitate
3309 2090 3658 2170 injungitur,

1962 2182 1996 2226 a
2041 2169 2348 2243 Bodulpho
2396 2170 2634 2244 quidem
2676 2171 2781 2229 loc.
2831 2173 2951 2245 cit.,
2979 2191 3103 2249 cap.
3138 2177 3228 2247 32,
3263 2178 3384 2238 illis
3423 2169 3660 2245 verbis:

1967 2285 1994 2309 «
2022 2260 2244 2319 Vitium
2293 2276 2528 2337 quoque
2574 2262 2917 2335 vagationis,
2949 2273 3004 2324 et
3047 2265 3442 2329 instabilitatis
3474 2272 3662 2333 taliter
3762 2289 3767 2293 ‘

1964 2349 2165 2423 fugiat,
2197 2355 2263 2408 ut
2288 2367 2400 2409 non
2430 2352 2618 2409 solum
2650 2353 2928 2424 exterius,
2953 2370 3088 2413 cum
3116 2356 3284 2428 Dina,
3312 2358 3431 2419 ﬁlia
3459 2362 3662 2439 Jacob,

1964 2454 2083 2496 non
2117 2438 2281 2497 facile
2319 2441 2638 2511 discurrat;
2669 2442 2768 2499 sed
2813 2442 2986 2501 etiam
3018 2444 3080 2502 in
3110 2445 3235 2518 ipsa
3259 2446 3403 2506 cella
3445 2453 3665 2513 stabilis

1965 2529 2237 2604 ﬁxusque
2287 2538 2618 2604 permaneat
2668 2551 2681 2589 :
2738 2541 2927 2606 posset
2980 2535 3137 2594 enim
3190 2537 3344 2598 intra
3407 2545 3667 2605 eamdem

1968 2620 2195 2691 cellam,
2223 2627 2499 2696 tanquam
2551 2622 2852 2695 cujusdam
2900 2623 3158 2697 impulsu
3211 2627 3536 2705 Vertumni,
3568 2653 3673 2693 va-

1967 2710 2332 2785 gationisque
2374 2711 2579 2785 spiritu
2630 2719 2741 2771 tota
2771 2713 2865 2771 die
2892 2715 3154 2775 circuire.
3196 2739 3219 2771 ιι
3253 2720 3300 2777 Α
3347 2721 3512 2783 Petro
3558 2726 3670 2784 Da-

1969 2800 2165 2858 miano
2202 2808 2416 2872 autem,
2446 2818 2640 2876 opusc.
2678 2816 2785 2875 XII,
2816 2820 2938 2878 cap.
2971 2806 3039 2864 24
3075 2832 3087 2866 :
3129 2828 3157 2861 «
3185 2807 3341 2868 Illud
3389 2828 3504 2872 non
3550 2832 3672 2875 me-

1969 2889 2239 2949 diocriter
2292 2890 2575 2964 displicet,
2635 2893 2789 2965 quod
2853 2895 3026 2954 etiam
3104 2899 3245 2972 ipsis
3299 2904 3678 2967 sanctissimis

1969 2980 2225 3038 eremitis
2252 2981 2489 3054 quidam
2521 2981 2792 3042 videntur
2827 2985 3082 3058 admisti,
3123 3005 3268 3062 quos
3299 2990 3453 3050 idem
3494 2997 3673 3068 pesti-

1970 3072 2107 3130 feras
2138 3071 2458 3143 vagationis
2495 3073 2733 3131 morbus
2765 3076 3036 3149 exagitat,
3070 3086 3123 3135 et
3156 3079 3220 3148 (si
3268 3079 3459 3141 dicere
3495 3083 3678 3160 liceat)

174 3165 441 3235 solvere;
483 3180 587 3238 pro
638 3164 731 3223 his
778 3180 931 3235 vero,
973 3163 1074 3241 qui
1113 3182 1215 3240 per
1252 3165 1364 3224 alia
1404 3165 1527 3224 loca
1567 3179 1881 3237 congrega-
1913 3163 2136 3261 Cquasi
2203 3162 2577 3235 Vertumnus,
2638 3165 2926 3239 quoddam
2985 3167 3201 3229 scilicet
3258 3172 3681 3235 daemoniorum

179 3254 351 3313 tionis
373 3255 645 3327 obierint,
677 3255 783 3313 tria
812 3257 1077 3330 psalteria
1105 3256 1194 3315 vel
1222 3257 1414 3315 missae
1437 3256 1509 3314 ab
1536 3270 1889 3329 unoquoque

176 3341 423 3403 dicenda
474 3355 650 3415 sunt;
706 3345 768 3404 in
824 3347 1125 3405 metanmis
1219 3361 1377 3415 vero,
1437 3345 1726 3418 palmatis,
1791 3345 1885 3402 vel

175 3448 482 3507 scoparum
514 3434 724 3493 ictibus
758 3434 1005 3508 aliisque
1046 3433 1336 3493 similibus
1364 3434 1680 3508 obsequiis,
1713 3433 1881 3508 quis-

176 3539 289 3597 que
317 3523 510 3593 debet,
540 3531 712 3597 prout
739 3523 978 3584 facultas
1006 3524 1223 3595 tulerit,
1257 3523 1534 3582 exerceri.
1568 3544 1596 3577 »

245 3613 413 3672 XIII.
472 3613 817 3673 Psalmodiee
865 3630 1001 3674 vero
1050 3614 1303 3689 publicae
1356 3628 1498 3672 usus
1553 3612 1711 3672 idem
1764 3629 1892 3687 pro-

177 3703 345 3774 fecto,
398 3704 518 3761 non
574 3704 745 3763 modo
798 3705 953 3779 apud
1008 3711 1317 3778 utramque
1372 3704 1526 3762 hanc
1578 3703 1892 3762 Romualdi

177 3795 487 3865 familiam,
522 3795 621 3853 sed
670 3794 822 3869 apud
867 3811 1089 3859 omnes,
1120 3796 1430 3854 monachos
1475 3796 1607 3867 fuit,
1641 3803 1707 3854 ut
1760 3796 1897 3853 hinc

181 3884 349 3944 nulla
395 3884 662 3959 specialis
710 3886 1012 3946 consensio
1049 3887 1323 3944 reluceat.
1356 3884 1752 3944 Nihilominus
1792 3885 1900 3943 hoc

183 3978 390 4036 saltem
447 3976 754 4035 observare
809 3977 962 4051 licet,
1022 3978 1177 4053 quod
1224 3983 1288 4036 ut
1342 3976 1720 4047 Romualdus,
1749 3976 1897 4033 refe-

184 4074 347 4126 rente
373 4067 659 4126 Damiano
686 4067 751 4125 iu
788 4068 913 4143 ejus
958 4065 1089 4126 Vita
1116 4084 1239 4142 cap.
1276 4067 1309 4125 9
1343 4086 1355 4126 :
1410 4088 1438 4121 «
1465 4065 1708 4141 Vigilias
1747 4072 1897 4124 tem-

185 4165 403 4233 perate,
434 4164 653 4217 etcum
695 4174 899 4232 magna
930 4159 1275 4219 discretione
1319 4159 1608 4218 faciendas
1645 4158 1902 4217 maxime

188 4248 488 4319 suadebat,
549 4263 622 4306 ne
680 4248 776 4306 cui
836 4248 1070 4308 fortasse
1125 4249 1502 4321 contingeret,
1565 4253 1632 4306 ut
1686 4245 1901 4320 sopori,

188 4337 438 4411 peractis
474 4337 773 4395 nocturnis
816 4336 1039 4409 oﬂiciis,
1071 4337 1420 4397 consentiret
1454 4362 1465 4397 :
1501 4357 1529 4391 »
1563 4335 1702 4412 quia
1738 4333 1900 4393 vide-

191 4424 335 4484 licet
374 4446 404 4479 «
434 4425 720 4499 ejusmodi
753 4440 1022 4486 somnum
1054 4427 1145 4487 vir
1174 4434 1406 4486 sanctus
1434 4425 1496 4484 in
1544 4433 1769 4483 tantum
1800 4424 1904 4481 ha-

192 4513 365 4573 bebat
393 4530 662 4584 exosum,
696 4513 828 4573 utsi
862 4516 994 4591 quis
1020 4516 1074 4574 ei
1103 4516 1493 4587 confiteretur,
1525 4520 1651 4588 post
1685 4512 1905 4571 duode-

193 4606 311 4664 cim
342 4605 701 4679 psalmorum
738 4606 971 4681 vigilias
997 4612 1052 4665 et
1089 4608 1345 4665 maxime
1371 4607 1521 4665 circa
1550 4603 1907 4673 diluculum,

196 4711 574 4768 nequaquam
630 4702 816 4770 posset
862 4713 928 4756 eo
971 4697 1086 4766 die,
1129 4713 1261 4757 cum
1310 4698 1436 4772 ejus
1474 4693 1727 4766 licentia,
1757 4709 1916 4752 sacra

197 4785 518 4844 missarum
547 4786 827 4845 solemnia
854 4786 1158 4846 celebrare.
1198 4808 1226 4841 »
1284 4785 1449 4855 Quod
1493 4786 1607 4843 hoc
1645 4783 1769 4857 ipso
1797 4782 1916 4841 Ro-

197 4877 426 4939 mualdi
479 4877 786 4949 exemplo,
842 4874 1097 4935 eremitis
1154 4876 1409 4934 inculcat
1458 4875 1676 4934 Paulus
1732 4873 1917 4932 Justi-

197 4970 417 5028 nianus
469 4967 531 5025 in
582 4965 784 5038 regula
837 4965 1127 5024 ercmitica
1184 4981 1306 5038 cap.
1357 4964 1447 5025 40.
1510 4965 1594 5023 Ita
1666 4962 1918 5022 similem

196 5057 390 5117 somni
420 5053 844 5127 discretionem,
874 5054 1113 5128 ejusque
1160 5061 1286 5127 post
1334 5053 1653 5112 matutinas
1685 5050 1916 5125 vigilias

194 5147 399 5219 fugam
454 5143 799 5202 Avellanitis
851 5143 973 5202 suis
1020 5142 1223 5201 indicit
1278 5143 1481 5202 Petrus
1534 5141 1850 5200 Damianus
1900 5158 1914 5210 ;

196 5234 401 5293 scribit
422 5233 583 5291 enim
609 5248 804 5306 opusc.
838 5245 944 5303 xv,
975 5248 1096 5307 cap.
1136 5233 1199 5291 16
1231 5251 1242 5290 :
1283 5252 1309 5286 ί(
1338 5231 1421 5290 De
1452 5247 1652 5289 somno
1682 5244 1917 5304 quoque

198 5338 317 5382 non
367 5330 484 5383 tam
526 5322 671 5379 dura
713 5321 1065 5394 quibusdam
1116 5319 1395 5379 districtio
1448 5318 1769 5377 necessaria
1810 5324 1914 5387 est,

200 5412 417 5471 melius
456 5411 673 5486 quippe
711 5419 796 5469 est
832 5428 1105 5471 somnum
1136 5411 1296 5470 carni
1328 5416 1636 5484 temperata
1664 5410 1915 5486 quadam

202 5501 637 5574 dispensatione
673 5502 983 5560 concedere
1021 5508 1078 5559 et
1115 5502 1399 5559 ferventer
1441 5500 1806 5574 postmodum
1856 5499 1917 5557 in

201 5591 308 5650 Dei
351 5590 625 5649 laudibus
678 5591 983 5651 excubare.
1017 5590 1350 5651 Notandum
1390 5596 1583 5649 autem
1615 5589 1752 5665 quia
1786 5596 1921 5649 ante

204 5687 511 5741 nocturnae
548 5679 790 5752 synaxis
822 5680 1100 5754 cilicium,
1130 5681 1181 5742 si
1208 5679 1302 5741 vel
1345 5677 1686 5753 profundior
1721 5678 1919 5740 adhuc

494 5796 754 5856 PATROL.
786 5794 1033 5857 CXLIV.

1923 4564 1973 4623 D

1975 3272 2181 3330 genus,
2240 3262 2431 3315 vexat.
2500 3255 2804 3333 Vertumni
2860 3258 3146 3334 siquidem
3202 3265 3354 3336 apud
3410 3268 3683 3342 antiquos

1977 3346 2314 3405 dicebantur
2386 3345 2698 3416 daemones,
2748 3363 2999 3421 quorum
3071 3351 3349 3412 instinctu
3422 3355 3688 3417 homines

1979 3436 2042 3496 in
2109 3435 2393 3507 vertigine
2467 3437 2637 3510 positi
2707 3437 3096 3497 reddebantur
3146 3440 3461 3503 instabiles.
3518 3468 3545 3501 »
3621 3447 3691 3506 Et

1981 3542 2177 3602 opusc.
2200 3538 2307 3597 xv,
2338 3541 2460 3599 cap.
2506 3524 2571 3582 18
2599 3549 2610 3583 :
2647 3549 2668 3576 ι
2707 3525 2885 3585 Ponat
2911 3534 3103 3586 autem
3136 3531 3408 3604 (eremita)
3430 3535 3598 3608 juxta
3630 3548 3691 3595 se

1982 3629 2235 3690 quasque
2282 3612 2393 3670 sibi
2451 3619 2589 3671 sunt
2642 3613 2986 3673 familiarius
3034 3619 3373 3690 necessaria,
3431 3637 3505 3679 ne
3557 3638 3691 3682 cum

1985 3719 2164 3762 usum
2188 3702 2399 3760 horum
2422 3702 2729 3762 necessitas
2750 3703 3017 3776 postulat,
3044 3705 3165 3778 ipse
3192 3707 3263 3764 ad
3289 3708 3690 3771 exhibendum
3714 3727 3719 3732 ’

1987 3793 2099 3852 sibi
2149 3793 2506 3866 frequentius
2552 3801 2769 3866 surgat.
2831 3793 3147 3865 Tantopere
3204 3796 3416 3871 quippe
3468 3801 3695 3873 vagatio

1987 3891 2073 3940 est
2099 3881 2354 3949 vitanda,
2384 3886 2448 3938 ut
2494 3896 2599 3939 nec
2642 3897 2744 3955 per
2774 3881 2963 3955 ipsam
2993 3882 3266 3943 cellulam
3311 3887 3547 3959 spatiari
3578 3889 3699 3948 ina-

1989 3975 2141 4032 niter
2165 3972 2350 4030 liceat.
2386 3993 2434 4026 ».

2060 4062 2212 4123 XVI.
2246 4062 2319 4121 Ut
2346 4077 2482 4120 vero
2512 4062 2738 4123 facilius
2768 4064 2831 4122 in
2860 4064 3006 4123 cella
3046 4066 3346 4140 quiescere
3372 4080 3703 4132 assuescant

1990 4153 2252 4225 solitarii,
2283 4154 2390 4211 hoc
2425 4169 2600 4212 aureo
2637 4153 2859 4213 monito
2888 4154 3019 4214 illos
3059 4156 3403 4232 Rodulphus
3430 4161 3535 4221 loc.
3583 4163 3702 4235 cit.,

1993 4262 2118 4320 cap.
2174 4246 2261 4317 36,
2323 4246 2665 4304 conﬁrmare
2716 4252 2959 4305 conatur
3005 4270 3017 4305 :
3079 4269 3103 4301 ε(
3135 4249 3435 4321 Praeterea,
3484 4252 3709 4312 studeat

1995 4337 2290 4399 solitarius
2328 4337 2389 4396 in
2426 4337 2571 4395 cella
2598 4337 2822 4411 jugem,
2866 4344 2921 4396 et
2960 4339 3299 4399 continuam
3345 4340 3707 4401 sedulitatem

1997 4427 2228 4499 habere,
2284 4434 2348 4486 ut
2390 4442 2488 4499 per
2542 4428 2786 4501 gratiam
2847 4426 2963 4499 Dei,
3024 4434 3079 4487 et
3131 4428 3530 4490 assiduitatem
3584 4447 3708 4489 ma-

1999 4514 2199 4585 nendi,
2248 4512 2426 4586 possit
2487 4513 2539 4572 ci
2600 4513 2876 4572 habitatio
2935 4514 3095 4575 cella:
3160 4516 3507 4577 dulcescere.
3562 4517 3709 4575 Nam

1999 4605 2151 4664 sicut
2198 4604 2459 4678 inquieto
2505 4610 2560 4661 et
2600 4603 2859 4662 instabili
2906 4607 3206 4678 monacho,
3237 4606 3419 4666 instar
3445 4607 3708 4679 carceris,

2000 4710 2171 4769 pmna
2223 4693 2497 4767 ergastuli
2557 4692 2885 4753 atl'lictionis
2952 4697 3251 4756 materiam
3305 4704 3575 4772 praestat;
3632 4700 3711 4758 ita

2003 4785 2198 4859 quieto
2253 4791 2306 4842 et
2358 4786 2772 4857 perseveranti,
2840 4786 3144 4845 suavitatis
3193 4788 3581 4863 refrigerium,
3629 4792 3710 4849 si-

2004 4874 2251 4932 lentium
2271 4872 2665 4945 beatitudinis,
2699 4879 2974 4949 tanquam
3000 4877 3322 4950 portionem
3348 4879 3586 4940 exhibet
3618 4896 3712 4954 pas

2004 4962 2202 5022 radisi.
2235 4986 2262 5016 »
2290 4961 2451 5032 Quod
2484 4965 2638 5022 idem
2659 4969 2978 5024 asseruerat
3008 4964 3346 5040 Damianus,
3377 4985 3572 5044 opusc.
3601 4981 3707 5033 XII,

2005 5068 2129 5126 cap.
2188 5051 2299 5111 25:
2361 5052 2544 5111 «Huc
2586 5052 2825 5123 accedit,
2858 5055 3011 5127 quod
3054 5054 3146 5127 iis,
3178 5057 3277 5129 qui
3328 5058 3505 5115 vitam
3546 5072 3710 5114 suam

2007 5141 2116 5200 sub
2171 5142 2279 5199 hac
2332 5140 2715 5200 inconstantia
2790 5143 3125 5201 mutationis
3174 5145 3480 5216 alternant,
3536 5160 3601 5201 eo
3648 5144 3716 5200 lit

2010 5231 2129 5289 vita
2178 5231 2513 5289 remotionis
2556 5230 2856 5301 austerior,
2898 5248 3013 5306 quo
3056 5232 3263 5292 inolita
3293 5231 3537 5304 vagandi
3573 5248 3712 5290 con-

2009 5319 2316 5380 suetudine
2366 5320 2762 5391 retrahuntur,
2822 5322 2901 5379 ila
2960 5329 3023 5380 ut
3085 5322 3375 5380 ercmitica
3433 5320 3717 5380 districtio

2007 5412 2368 5486 gravissimae
2416 5409 2764 5481 difficultati,
2803 5410 2951 5469 cella
2984 5412 3104 5484 ipsa
3142 5410 3260 5468 illis
3289 5409 3553 5469 videatur
3581 5413 3719 5471 hor-

2011 5502 2146 5559 rori.
2180 5500 2546 5559 Consuetudo
2576 5499 2733 5558 enim
2778 5501 2913 5559 facit
2951 5499 3238 5558 monacho
3273 5499 3549 5559 cellulam
3586 5501 3718 5560 dul-

2008 5605 2154 5660 cem,
2208 5591 2435 5664 vagatio
2490 5589 2676 5648 videri
2731 5589 2869 5647 facit
2938 5587 3298 5647 horribilem.
3364 5589 3720 5663 Vagantibus

2010 5676 2220 5738 cellula
2249 5693 2440 5738 carcer
2460 5684 2563 5750 est,
2589 5675 3067 5751 permanentibus
3094 5691 3276 5737 suave
3305 5675 3661 5738 cubiculum.
3690 5698 3718 5731 »

3410 5793 3446 5850 2
