4034 6492
358 376 429 445 43

1277 384 1338 443 s.
1381 370 1671 444 PETRUS
1712 366 2099 442 DAMIANUS
2139 381 2198 442 s.
2244 383 2310 441 a.
2353 382 2421 440 E.
2463 372 2939 441 CARDINALIS.

3789 378 3862 443 44

424 508 607 568 XVII.
664 507 909 575 Rursus,
965 508 1458 582 quemadmodum
1534 506 1913 579 Romualdus,
1991 506 2456 581 exAutriusque
2505 509 2757 568 instituti
2810 509 3277 569 convenientiam
3331 510 3643 570 ostendunt
3685 517 3862 586 atque

353 600 480 673 ejus
515 597 664 663 Vita,
698 613 821 670 cap.
854 596 888 655 9
922 612 933 650 :
971 617 998 650 ‹‹
1031 596 1510 671 Parvipendebat,
1549 597 1597 656 si
1656 597 1789 671 quis
1816 597 1887 654 ad
1921 604 2062 655 tem-

350 703 463 761 pus
521 703 799 760 magnum
854 683 998 759 quid
1044 682 1346 758 inciperet,
1375 685 1425 742 si
1477 699 1592 742 non
1643 685 1818 743 etiam
1879 686 1939 743 in
2000 702 2065 743 eo

350 774 760 850 longanimiter
788 781 1179 848 perseveraret
1212 797 1224 830 :
1262 794 1289 825 »
1333 773 1411 830 ita
1435 773 1698 831 eamdem
1725 774 2068 832 Avellanitis

347 865 833 940 perseverantiam
887 862 1213 922 incnlcabat
1290 863 1632 932 Damianus,
1693 879 1888 937 opusc.
1956 875 2064 934 xv,

351 970 474 1028 cap.
518 955 607 1024 27,
639 953 835 1011 dicens
868 971 880 1010 :
916 973 945 1005 ‹‹
980 951 1130 1009 Vitae
1176 952 1435 1021 modum,
1483 967 1660 1024 quem
1707 951 1883 1009 semel
1918 950 2065 1008 arri-

348 1046 567 1120 pueris,
598 1050 1028 1119 perseveranter
1059 1049 1206 1110 tene,
1238 1049 1565 1100 constanter
1611 1056 1948 1114 exsequere,
1996 1056 2069 1098 ne

350 1137 594 1203 scenica,
643 1132 798 1206 quod
833 1131 1001 1200 absit,
1051 1146 1085 1187 a
1129 1130 1427 1203 temetipso
1482 1128 1733 1187 videaris
1780 1129 2067 1202 vertigine

348 1221 688 1295 discrepare.
715 1221 1022 1279 Persevera
1046 1219 1242 1293 itaque
1266 1220 1327 1277 in
1353 1234 1419 1276 eo
1443 1218 1601 1292 quod
1629 1219 1890 1291 cmperis,
1908 1225 1964 1276 et
1986 1235 2069 1276 re-

347 1318 495 1369 ctam
518 1315 811 1369 consuetae
833 1307 967 1367 vitae
993 1306 1207 1365 lineam
1234 1315 1381 1376 tene,
1416 1322 1487 1364 ne
1516 1312 1569 1363 te
1597 1321 1813 1365 novum
1841 1322 2068 1380 semper

349 1400 587 1458 variatze
602 1397 734 1457 vitm
750 1396 1053 1455 diversitas
1067 1396 1282 1466 reddat,
1298 1396 1403 1453 sed-
1416 1393 1479 1452 in
1502 1401 1712 1452 sanctae
1731 1396 2067 1453 constantiae

347 1485 726 1544 fundamento
751 1480 1014 1556 przeﬁxze
1048 1481 1262 1554 regula;
1293 1480 1650 1539 consuetudo
1692 1481 1958 1540 stabiliat.
1998 1501 2026 1534 »

419 1573 632 1632 XVIII.
671 1572 934 1646 Denique
971 1569 1257 1645 quidquid
1309 1569 1676 1628 beatissimus
1706 1569 2066 1629 Romualdus

350 1662 619 1721 eremitas
649 1677 785 1720 suos
825 1661 897 1718 ad
924 1662 1049 1733 ejus
1078 1659 1282 1717 ceilam
1316 1659 1379 1717 in
1418 1674 1610 1717 eremo
1638 1658 2066 1718 Camaldulensi

347 1753 756 1811 convenientes
787 1749 1050 1808 docuisse
1077 1749 1288 1807 dicitur
1309 1748 1381 1806 ab
1406 1746 1767 1821 Hieronymo
1791 1748 2065 1821 Pragensi

2145 596 2448 672 utriusque
2498 597 2735 656 familiae
2782 598 3245 664 constitutiones.
3293 606 3491 675 utpote
3541 600 3860 671 similibus,

2146 694 2246 744 aut
2298 701 2506 760 parum
2565 686 2811 745 diversis
2872 688 3172 761 praeceptis
3221 689 3705 762 circumscriptus,
3739 689 3863 747 imo

2150 774 2383 833 totidem
2413 774 2756 850 plerumque
2787 774 2997 847 verbis,
3028 784 3082 833 et
3110 776 3317 834 iisdem
3349 777 3616 836 formulis
3648 793 3864 835 exara-

2146 869 2251 933 tas,
2312 863 2512 921 eodem
2567 864 2816 922 dictante
2883 864 3089 938 spiritu
3165 874 3488 939 conceptas,
3545 874 3720 941 atque
3783 864 3859 923 ab

2147 951 2347 1010 eodem
2415 951 2727 1010 Romualdi
2788 954 2942 1010 fonte
2989 953 3273 1012 derivatas
3322 954 3503 1012 fuisse
3557 968 3858 1012 common-

2145 1045 2345 1096 strant.
2390 1038 2544 1097 Hinc
2578 1055 2693 1097 nou
2724 1039 3016 1098 immerito
3045 1056 3242 1115 parem
3268 1041 3662 1100 auctoritatem
3694 1048 3860 1099 utra-

2145 1143 2259 1200 que
2300 1128 2498 1200 regula
2550 1129 2704 1201 apud
2757 1134 3032 1204 utrosque
3075 1130 3346 1201 obtinuit,
3399 1137 3453 1189 et
3501 1129 3664 1189 nullo
3708 1145 3861 1203 pene

2144 1214 2479 1274 discrimine
2511 1217 2633 1275 sive
2667 1233 2700 1274 a
2738 1217 3084 1290 Romuatdo,
3117 1217 3238 1276 sive
3284 1234 3319 1276 a
3364 1218 3532 1277 Petro
3572 1218 3858 1276 Damiano

2144 1311 2373 1375 statuta,
2413 1305 2723 1364 eremiticae
2757 1307 2894 1364 vitze
2938 1308 3219 1365 rationem
3266 1307 3686 1377 concernentia,
3719 1322 3855 1380 per-

2144 1393 2280 1452 inde
2328 1394 2772 1469 recipiebantur,
2802 1404 2867 1454 ut
2902 1395 3118 1454 mirum
3158 1412 3276 1456 non
3311 1397 3384 1455 sit
3420 1396 3856 1470 Hieronymum

2146 1479 2493 1555 Pragensem
2532 1483 2674 1552 loco,
2708 1500 2883 1558 quem
2933 1485 3216 1559 superiori
3257 1486 3463 1560 capite,
3498 1501 3665 1545 num.
3717 1484 3855 1555 ult.,

2143 1570 2546 1645 allegavimus,
2612 1571 2935 1631 Romualdo
2980 1573 3322 1649 paraenesim
3371 1575 3722 1647 ascripsisse,
3780 1591 3857 1633 ex

2145 1660 2604 1720 Avellauitarum
2648 1661 2846 1735 regula
2877 1661 2948 1720 ad
2994 1663 3239 1722 verbum
3284 1678 3430 1737 pene
3466 1665 3854 1739 desumptam.

2214 1752 2289 1810 II.
2335 1751 2488 1811 Sane
2530 1751 2683 1810 haud
2743 1753 3100 1828 frequentior
3145 1759 3231 1811 est
3277 1753 3431 1826 apud
3469 1753 3857 1827 Rodulphum

346 1842 499 1916 apud
545 1839 895 1900 Bollandum
950 1837 1023 1895 ad
1077 1838 1233 1895 diem
1287 1839 1320 1896 7
1379 1836 1706 1907 Februarii,
1764 1838 1946 1926 multa
1997 1837 2641 1926 inBCamaldulensem
2690 1840 2941 1914 priorem
2979 1857 3155 1916 quam
3191 1842 3344 1916 apud
3388 1841 3581 1916 ipsum
3618 1841 3857 1899 Damia-

348 1945 615 1990 sermone
659 1928 731 1986 de
781 1926 840 1986 S.
876 1927 1221 1995 Bomualdo,
1268 1942 1392 2000 cap.
1447 1926 1505 1982 11
1546 1925 2059 1999 (quemadmodum

345 2026 401 2079 et
427 2018 560 2088 alia,
593 2033 715 2091 cap.
750 2015 783 2074 6
816 2024 873 2075 et
912 2016 946 2074 9
984 2016 1237 2087 inserta),
1269 2021 1455 2073 totum
1488 2014 1694 2086 ferme,
1723 2030 1789 2072 ac
1826 2014 2057 2087 iisdem,

344 2112 436 2170 vel
483 2106 777 2167 similibus
807 2104 1074 2165 formulis
1120 2120 1462 2179 expressum
1500 2105 1561 2162 in
1610 2105 1890 2165 Damiano
1922 2122 2060 2165 suos

344 2198 702 2258 Avellanitas
750 2195 1073 2253 instruente
1119 2194 1423 2267 reperitur,
1464 2209 1673 2268 nempe
1719 2196 1876 2269 quod
1931 2211 2055 2268 cap.

343 2290 464 2353 cit.,
505 2302 670 2346 num.
713 2286 803 2355 69,
860 2285 1072 2344 dicitur
1124 2284 1204 2343 De
1240 2284 1455 2358 quiete,
1510 2284 1759 2356 silentio,
1811 2293 1866 2343 et
1903 2286 2057 2359 jeju-

344 2379 446 2439 nio
527 2376 782 2435 eremitis
866 2375 1235 2447 necessario;
1292 2375 1531 2433 totidem
1610 2376 1803 2435 verbis
1888 2377 2061 2435 habet

339 2468 678 2535 Damianus,
715 2480 911 2538 opusc.
964 2476 1073 2535 XV,
1112 2479 1233 2537 cap.
1285 2464 1338 2521 5.
1391 2463 1553 2534 Quod
1585 2464 1806 2523 ibidem
1862 2466 2059 2525 subdit

342 2556 737 2629 Hieronymus
774 2558 869 2624 (ex
918 2569 1019 2612 ore
1070 2552 1407 2625 Romualdi)
1462 2552 1547 2611 De
1606 2555 1856 2612 vestium
1909 2568 2056 2627 pau-

340 2651 575 2720 pertate,
627 2650 683 2703 et
735 2642 955 2702 vilitate
1017 2642 1289 2714 amanda,
1343 2659 1547 2702 rursus
1602 2644 1813 2703 iisdem
1864 2644 2058 2704 verbis

336 2734 658 2794 Damianus
701 2734 954 2793 inculcat
997 2733 1105 2791 loc.
1159 2735 1281 2804 cit.,
1333 2750 1457 2806 cap.
1506 2734 1594 2793 21.
1648 2735 1813 2804 Quod
1861 2736 2060 2795 subdit

337 2823 437 2882 ille
490 2838 653 2881 num.
707 2822 796 2893 70,
853 2822 936 2880 De
990 2822 1366 2880 venientibus
1421 2838 1495 2880 ex
1542 2823 1758 2881 saeculo
1808 2823 1880 2882 ad
1931 2841 2056 2883 ere-

336 2930 500 2972 mum
530 2957 544 2984 ,
607 2913 769 2971 idem
835 2912 1156 2987 eodemque
1216 2913 1526 2972 verborum
1592 2923 1811 2986 tenore,
1860 2924 2056 2974 monet

333 3003 433 3061 hic
491 3000 716 3076 praefati
791 2999 1061 3074 opusculi
1114 3016 1237 3073 cap.
1297 3000 1387 3059 29.
1445 3001 1605 3071 Quod
1665 3002 1903 3062 demum
1954 3004 2056 3063 ille

332 3107 500 3150 num.
544 3092 632 3161 71,
662 3089 940 3161 decernit,
977 3089 1058 3146 De
1104 3088 1219 3158 his,
1264 3088 1367 3163 qui
1415 3105 1488 3147 ex
1528 3091 1867 3150 ccenobitica
1915 3108 2054 3152 con-

333 3178 657 3238 versatione
714 3178 781 3234 ad
839 3192 1104 3235 eremum
1153 3176 1453 3249 accedunt,
1510 3178 1618 3237 iste
1672 3181 1905 3253 pariter,
1949 3182 2052 3240 ubi

331 3281 505 3340 supra
535 3282 656 3339 cap.
706 3264 797 3336 30,
844 3264 1154 3337 ipsissimis
1199 3265 1440 3323 vocibus
1486 3266 1874 3343 formulisque
1918 3286 2051 3345 pro-

329 3358 513 3432 ponit,
546 3362 612 3416 ut
634 3356 870 3431 perinde
901 3357 996 3427 sit,
1019 3356 1142 3414 sive
1170 3356 1328 3428 hinc,
1358 3356 1481 3414 sive
1508 3358 1645 3416 inde
1674 3361 2048 3435 transcribas,

326 3463 460 3506 cum
494 3462 611 3506 non
654 3445 826 3505 modo
859 3461 1085 3516 sensus,
1120 3444 1217 3503 sed
1259 3445 1433 3504 verba
1473 3454 1529 3504 et
1579 3448 1721 3507 ordo
1754 3447 1879 3523 ipse
1921 3466 2053 3508 ver-

326 3536 535 3597 borum
562 3536 869 3609 utrobique
899 3534 1244 3593 immutatus
1268 3543 1548 3594 occurrat.

1010 3647 1254 3709 CAPUT
1300 3647 1373 3706 V.

1049 3750 1341 3797 SYNOPSIS.

435 3831 933 3892 Camaldulensz‘um
964 3835 1016 3885 et
1042 3829 1493 3885 Auellanitarum
1528 3830 1786 3899 afﬁnitas
1814 3832 1946 3886 aliis

852 3903 1136 3958 momentis
1187 3902 1534 3958 illustratur.

336 3990 636 4063 SYNOPsIs.
666 4021 731 4032 -—
779 3990 1095 4063 Uti-iusque
1121 3988 1230 4063 loci
1258 3988 1463 4063 regula
1497 3988 1758 4063 utrisqye
1787 4004 2054 4063 commu-

409 4063 517 4119 nis.
546 4061 722 4119 Num.
758 4063 804 4133 1.
832 4059 1215 4133 Frequentior
1239 4059 1390 4133 apud
1421 4059 2052 4133 Petrum'Dainianum,

406 4148 581 4198 quam
632 4131 783 4204 apud
831 4130 1205 4204 Rodulphum
1252 4130 2055 4204 prioremgtlamaldulepsem

409 4199 783 4262 S.Romualdi
804 4199 1434 4259 mentio.‘2.Auctoritas
1449 4199 1873 4258 S.Romualdia
1890 4202 2057 4260 Petro

408 4273 675 4351 Damiani
703 4280 1177 4351 saepeusurpata.
1213 4270 1407 4351 3.Vire
1427 4286 1593 4351 versa
1609 4271 1767 4351 Petri
1786 4272 2058 4351 Damiani

411 4346 720 4422 a_uctor_it_as
750 4343 813 4402 in
845 4343 1401 4422 Gamald-ulens'i‘um
1428 4343 1654 4422 statutis
1690 4343 1954 4422 adducta.
2001 4345 2054 4422 1g.

420 4416 729 4476 Eremitica
754 4415 950 4485 regula
980 4414 1038 4474 S.
1069 4413 1218 4485 Petri
1241 4412 1504 4485 Damiapi
1533 4412 1592 4485 in
1624 4428 1816 4485 eremo
1843 4413 2060 4472 Gamal-

413 4486 648 4548 dulensi
679 4487 794 4543 vim
819 4483 967 4556 legis
991 4484 1240 4542 obtinuit
1262 4500 1330 4541 ex
1359 4483 1420 4540 Β.
1446 4483 1751 4557 Βοᾱυιριιο
1777 4485 1986 4557 priore.
2004 4486 2055 4543 5.

442 4558 603 4629 Quod
648 4554 988 4632 ostenditur.
1031 4558 1065 4615 6
1102 4564 1156 4632 et
1206 4557 1261 4632 Ζ.
1298 4558 1342 4611 Α
1369 4554 2123 4632 vellanitaruni'congre-D

413 4626 588 4706 gratio,
636 4648 711 4687 ex
748 4628 1044 4706 Ludovico
1084 4627 1331 4706 dlLPlIl,
1373 4626 1590 4706 species
1630 4626 2048 4706 eratejusdem

416 4697 787 4760 eremitarum
817 4699 1048 4768 generis
1084 4717 1117 4756 a
1162 4697 1488 4756 Romualdo
1520 4697 1793 4755 instituti.
1816 4697 1879 4756 ’8.
1938 4699 2050 4756 Ea-

419 4774 549 4831 dem
587 4771 916 4838 Romualdi,
960 4786 1095 4843 qua:
1142 4768 1596 4843 I‘etri_Dami_ani
1640 4768 1946 4843 institutio,
1976 4787 2054 4828 ex

424 4843 716 4902 Ludovico
759 4838 1159 4899 'Ftiomassino.
1202 4840 1255 4896 9.
1298 4839 1425 4911 Ipse
1475 4838 1677 4911 Petrus
1739 4838 2055 4900 Damianus

422 4914 704 4987 ejusmodi
753 4913 1091 4987 affinitatem
1127 4910 1382 4987 testatur.
1417 4910 1501 4987 10,
1526 4910 1806 4987 Hospitii,
1855 4919 1909 4970 et
1940 4916 2057 4987 suf-

424 4982 738 5053 fragiorum
772 4984 1105 5041 communio
1130 4984 1281 5040 inter
1307 4982 1777 5053 Gamaldulenses
1809 4996 1864 5041 et
1893 4984 2059 5041 Avel-

428 5052 636 5116 lanitas
665 5054 1067 5113 vetustissimis
1100 5052 1453 5126 temporibus
1496 5052 1656 5126 inita.
1699 5054 2057 5126 $11.,Avella-

426 5132 682 5205 ullarum
730 5126 957 5205 habitus
990 5129 1186 5205 colore
1207 5124 2059 5205 etmf‘orma_Uamaldulensium

429 5200 685 5258 vestibus
724 5196 1079 5255 simillimus.
1131 5195 1225 5268 1⁵2ἒ
1254 5195 1720 5268 Iidem‘cingulo,
1755 5203 1819 5254 ut
1856 5196 2058 5260 nostri,

429 5273 758 5330 utebantur.
790 5268 907 5326 ibid
964 5268 1164 5341 Petrus
1197 5265 1457 5341 Damiani
1488 5265 1913 5341 potioriadhue
1930 5269 2063 5341 jure

470 5359 604 5419 nam
658 5341 851 5400 caeteri
896 5340 1259 5419 Avellanitaa,
1298 5339 1374 5419 ad
1418 5337 2061 5397 Cainaldulensem'or-

476 5418 627 5471 inem
660 5420 913 5486 spectare
936 5410 1276 5470 ostenditur.
1315 5408 1399 5467 13.

431 5511 479 5569 Ι.
536 5510 677 5579 Quae
731 5510 963 5567 duobus
1022 5505 1474 5580 prascedeutibus
1520 5506 1806 5580 capitibus
1848 5506 2065 5564 cursim

360 5599 607 5660 delibata
637 5603 775 5656 sunt
803 5599 952 5654 circa
976 5604 1299 5653 nostrorum
1333 5594 1867 5652 Camalduiensium
1897 5590 2067 5668 atque

364 5689 824 5751 Avellanitarum
897 5697 1157 5745 veterum
1229 5686 1460 5744 vivendi
1531 5702 1771 5753 morem,
1835 5686 2069 5745 abunde

2144 1946 2290 1989 num
2319 1930 2631 1989 Romualdi
2669 1930 2908 2000 mentio,
2939 1931 3011 1988 ad
3042 1931 3492 1989 consuetudines
3529 1929 3857 1989 eremiticas

2144 2022 2269 2094 ejus
2315 2020 2648 2079 auctoritate
2684 2019 3001 2078 iirmandas
3045 2040 3057 2079 :
3096 2021 3364 2095 inprimis
3403 2021 3560 2079 enim
3611 2021 3856 2093 privatae

2142 2107 2479 2181 psalmodite
2510 2123 2709 2177 usum,
2736 2117 2801 2165 ut
2829 2123 2954 2181 cap.
2982 2108 3223 2181 przeced.
3251 2124 3418 2168 num.
3451 2107 3537 2177 10,
3572 2106 3852 2179 vidimus,

2144 2212 2219 2253 ex
2285 2195 2345 2256 S.
2403 2196 2715 2255 Romualdi
2804 2197 3169 2256 institutione
3224 2196 3446 2255 derivat
3532 2195 3857 2254 Damianus

2142 2301 2339 2360 opusc.
2357 2298 2500 2344 XIV:
2538 2310 2558 2337 «ι
2581 2286 2941 2357 Psalterium,
2959 2287 3113 2360 quod
3136 2291 3219 2345 est
3247 2285 3540 2355 vivorum,
3569 2300 3707 2343 cum
3729 2284 3854 2343 illis

2141 2373 2353 2431 dicitur
2381 2373 2786 2433 additamentis
2823 2390 2955 2449 quae
2998 2373 3063 2432 B.
3092 2372 3454 2433 Romualdus
3477 2373 3787 2447 apposuit;
3822 2394 3851 2427 »

2142 2467 2196 2519 et
2233 2461 2446 2519 iterum
2476 2477 2671 2536 opusc.
2706 2476 2812 2534 xv,
2855 2480 2977 2537 cap.
3010 2464 3043 2522 9
3077 2483 3089 2522 :
3129 2490 3149 2514 ι
3189 2462 3557 2534 Psalterium,
3586 2463 3740 2536 quod
3769 2471 3857 2520 est

2141 2552 2411 2612 vivorum
2450 2569 2586 2613 cum
2634 2553 2754 2612 illis
2783 2554 2997 2613 dicitur
3021 2554 3450 2625 additamentis,
3492 2552 3705 2628 quaeB.
3735 2552 3855 2611 Ro-

2141 2640 2414 2700 mualdus
2459 2642 2771 2716 apponit,»
2822 2658 2958 2717 quae
3009 2649 3162 2700 tanta
3212 2641 3611 2700 sollicitudine
3649 2639 3855 2699 obser-

2141 2730 2330 2789 vanda
2358 2746 2480 2789 esse
2508 2737 2667 2789 notat
2694 2737 2759 2790 ut
2798 2731 2951 2790 inter
2985 2748 3101 2802 eas,
3134 2746 3266 2805 quas
3292 2731 3551 2790 maxime
3581 2730 3857 2789 omnium

2140 2819 2415 2885 intererit,
2450 2826 2516 2879 ut
2545 2820 2840 2879 addiscunt
2869 2820 3096 2889 novitii,
3121 2826 3524 2892 connumeret,
3549 2820 3625 2879 iis
3656 2820 3855 2879 verbis

2139 2907 2333 2968 statim
2365 2907 2853 2983 subsequentibus
2887 2930 2898 2969 :
2958 2934 2983 2960 α
3014 2909 3156 2979 Qum
3186 2910 3361 2969 etiam
3407 2926 3512 2969 nos
3544 2926 3661 2968 non
3713 2926 3855 2983 gra-

2140 3014 2347 3057 vemur
2393 2998 2667 3069 inserere,
2706 3014 2779 3056 ne
2810 3014 2917 3056 nos
2962 3006 3351 3072 conqueratur
3380 2999 3524 3057 forte
3562 2999 3854 3071 novitius,

2139 3101 2272 3159 qua}
2327 3086 2437 3144 sibi
2479 3101 2825 3161 magnopere
2864 3087 3155 3145 noscenda
3195 3093 3354 3158 sunt,
3411 3086 3782 3161 praeteriisse.
3822 3108 3852 3141 »

2139 3174 2256 3233 Nec
2293 3175 2537 3234 minoris
2579 3176 2857 3236 momenti
2906 3191 3047 3241 esse,
3083 3174 3155 3232 ad
3192 3176 3564 3234 eremitarum
3604 3190 3855 3235 suorum

2136 3262 2596 3335 instructionem,
2628 3263 2905 3339 quaelibet
2942 3263 3253 3323 Romualdi
3285 3266 3527 3334 monita,
3555 3264 3852 3337 exempla,

2132 3352 2395 3425 consilia,
2425 3355 2564 3412 satis
2588 3354 2823 3424 indicat,
2852 3353 2993 3411 dum
3022 3354 3284 3427 ejusdem
3304 3353 3572 3426 opusculi
3603 3369 3727 3426 cap.
3756 3352 3851 3425 16,

2133 3442 2204 3499 ad
2233 3442 2639 3500 discretionem
2671 3445 2733 3499 in
2762 3441 3114 3500 moderanda
3146 3442 3511 3501 subditorum
3540 3442 3662 3500 vita
3692 3457 3855 3515 prte-

2133 3530 2265 3588 latis
2314 3530 2751 3605 injungendam,
2783 3530 2848 3589 Β.
2890 3530 3205 3589 Bomualdi
3251 3530 3566 3590 sententias
3608 3532 3673 3589 in
3722 3546 3853 3589 me-

2133 3619 2299 3680 dium
2338 3619 2624 3693 producit,
2652 3635 2827 3694 seque
2871 3619 2991 3678 illis
3027 3619 3325 3680 adhaerere
3358 3622 3587 3680 fatetur.
3630 3644 3653 3671 ι
3698 3620 3851 3680 Nos-

2134 3709 2538 3789 approbamus,
2590 3709 2688 3779 ait,
2733 3709 2888 3782 quod
2929 3710 3051 3769 suis
3092 3726 3242 3785 saepe
3294 3710 3595 3785 discipulis
3631 3708 3700 3768 B.
3739 3709 3861 3769 Ro-

2134 3801 2406 3860 mualdus
2447 3801 2665 3860 dixisse
2717 3801 3062 3875 perhibetur
3106 3825 3119 3859 :
3177 3801 3576 3872 «Dummodo,
3631 3800 3853 3874 inquit,

2134 3893 2311 3951 frater
2365 3892 2611 3965 quilibet
2649 3888 2872 3950 cellam
2930 3907 3050 3950 nou
3107 3891 3358 3964 deserat,
3419 3891 3593 3949 etiam
3643 3905 3857 3949 carnes

2133 3983 2501 4058 permittatur
2548 3998 2624 4041 ex
2664 3982 3008 4041 discretione
3049 3985 3371 4054 comedere,
3401 3983 3449 4039 si
3493 3989 3608 4039 tam
3655 3981 3851 4039 inevi-

2134 4072 2330 4131 tabilis
2366 4072 2631 4130 videatur
2674 4072 2984 4130 necessitas
3020 4071 3346 4130 imminere.
3383 4091 3409 4124 »
3444 4069 3707 4128 Addebat
3751 4070 3851 4128 in-

2136 4176 2308 4234 super
2339 4184 2351 4218 :
2409 4182 2437 4213 ‹‹
2469 4159 2607 4218 Tale
2650 4160 2808 4217 enim
2867 4158 3283 4232 propemodum
3314 4164 3400 4216 est
3437 4157 3508 4215 de
3550 4171 3744 4215 eremo
3772 4157 3851 4215 ad

2138 4247 2554 4306 monasterium
2601 4247 2828 4317 reverti,
2874 4246 3045 4321 quale
3086 4247 3156 4305 de
3202 4244 3599 4305 monasteriali
3642 4245 3854 4304 ordine

2136 4340 2208 4397 ad
2240 4338 2521 4396 smculum
2549 4338 2846 4412 asportari.
2880 4360 2900 4388 ι
2930 4337 2999 4395 Et
3023 4337 3194 4411 paulo
3218 4344 3344 4410 post
3375 4335 3571 4395 subdit
3600 4356 3663 4393 :«
3697 4335 3853 4394 Nam

2136 4435 2203 4486 ut
2229 4426 2383 4485 idem
2423 4427 2487 4485 B.
2523 4426 2906 4498 Romualdus,
2938 4434 3002 4483 ut
3029 4426 3123 4484 sui
3161 4431 3590 4485 consueverunt
3636 4424 3857 4483 referre

2140 4514 2430 4588 discipuli,
2456 4515 2539 4573 sic
2565 4513 2754 4572 testivi
2785 4514 3055 4586 temporis
3085 4513 3475 4573 hebdomadas
3505 4513 3853 4585 alternabat,

2140 4611 2196 4663 et
2239 4620 2415 4662 unam
2444 4604 2681 4678 quidem
2715 4620 2750 4661 a
2781 4603 3084 4662 Dominica
3118 4603 3179 4661 in
3213 4602 3574 4662 Dominicam
3606 4602 3667 4660 in
3699 4618 3858 4677 pane

2138 4703 2203 4753 ut
2249 4709 2399 4767 aqua
2432 4692 2753 4766 jejunando
2800 4693 3153 4765 transigeret,
3188 4693 3426 4751 alterius
3455 4708 3593 4752 vero
3620 4692 3852 4751 hebdo-

2140 4784 2326 4842 madae
2357 4784 2725 4857 pulmentum
2752 4783 2954 4857 quinta
2984 4782 3127 4841 feria
3161 4780 3548 4841 manducaret.
3585 4804 3606 4834 υ

2211 4883 2316 4941 III.
2375 4882 2659 4942 Similiter
2718 4883 2874 4941 idem
2927 4881 3245 4940 Damianus
3296 4888 3435 4941 tom.
3498 4880 3545 4952 Ι,
3603 4879 3703 4937 lib.
3760 4891 3854 4953 VI,

2142 4974 2309 5047 epist.
2363 4973 2454 5043 26,
2506 4981 2573 5032 ut
2620 4970 2964 5031 modestiam
3015 4972 3079 5030 in
3136 4972 3487 5030 feminarum
3543 4969 3861 5044 colloquiis

2144 5063 2368 5122 Marino
2399 5066 2676 5122 monacho
2706 5061 2951 5136 patrueli
2977 5078 3082 5122 suo
3108 5063 3489 5132 commendet,
3509 5062 3860 5134 exemplum

2143 5152 2206 5210 B.
2234 5152 2567 5223 Bomualdi,
2598 5152 2700 5227 qui
2716 5151 3065 5225 discipulum
3099 5153 3298 5210 nimia:
3327 5150 3676 5210 curiositatis
3708 5166 3863 5223 pru-

2146 5240 2345 5299 denter
2372 5240 2686 5314 redarguit,
2726 5240 2814 5298 illi
2843 5243 2917 5299 ob
2952 5242 3149 5300 oculos
3181 5240 3362 5314 ponit,
3397 5256 3463 5298 ac
3500 5240 3672 5312 paulo
3704 5248 3862 5312 post,

2148 5339 2213 5389 ut
2264 5331 2336 5388 ad
2399 5329 2767 5389 sobrietatem
2820 5330 3185 5396 servandam,
3248 5336 3304 5385 et
3357 5326 3707 5402 hypocrisim
3762 5327 3863 5386 fu-

2147 5419 2419 5492 giendam
2463 5419 2734 5477 eumdem
2780 5418 3010 5485 excitet,
3077 5416 3276 5474 subdit
3328 5440 3340 5473 :
3401 5436 3429 5469 «
3460 5415 3576 5473 Nec
3627 5415 3868 5489 ineptus

2149 5508 2398 5581 applices
2428 5530 2448 5558 ι
2500 5509 2605 5566 hoc
2646 5516 2731 5565 est
2785 5524 2901 5566 non
2930 5506 3109 5564 otiose
3150 5505 3375 5573 audias,
3408 5504 3507 5561 sed
3547 5503 3728 5561 serior
3773 5505 3871 5563 in-

2154 5599 2353 5656 tendas
2404 5620 2430 5651 «
2462 5600 2615 5673 quod
2661 5616 2814 5673 saepe
2860 5597 2983 5655 suis
3015 5594 3315 5667 discipulis
3344 5595 3436 5652 vir
3463 5593 3697 5653 Domini
3737 5593 3867 5653 Ro-

2155 5680 2422 5746 mualdus
2466 5686 2655 5746 aiebat
2708 5707 2721 5746 :
2765 5685 3015 5757 Fratres,
3054 5682 3267 5757 inquit,
3305 5696 3443 5742 cum
3482 5682 3545 5740 in
3581 5697 3869 5754 quorum-
