4034 6458
184 286 257 349 45

1076 279 1652 349 PROLEGOMENA.
1694 319 1762 331 —
1800 278 1901 346 DE
1937 280 2340 349 INSTlTUTO
2377 286 2812 349 GAMALDUL.

3630 295 3701 356 46

185 418 326 477 libet
379 423 672 476 conventu
724 414 979 488 reﬁcitis,
1014 415 1253 474 intentis
1295 415 1368 473 ad
1416 415 1615 475 cibum
1661 414 1902 485 caeteris,
1929 414 2206 478 Aducare
2249 412 2321 471 ad
2365 429 2648 486 mensam,
2677 404 2834 488 'quia
2880 426 3182 488 nunquam
3240 430 3363 474 mos
3418 418 3513 475 hic
3563 420 3694 491 fuit,

185 508 247 566 in
281 508 411 582 ipso
441 507 768 566 refectionis
795 507 965 565 initio
995 506 1205 579 parcite
1235 524 1249 578 ;
1284 514 1497 585 etcum
1520 508 1644 580 jam
1683 507 1801 564 illis
1835 524 1909 565 ex

184 604 350 670 parte
394 597 754 654 satisfactum
810 594 1006 667 fuerit,
1048 611 1150 654 vos
1199 595 1485 667 iuchoate,
1522 602 1809 671 quatenus
1857 602 1913 654 et

186 686 519 761 hypocrisis
554 693 752 745 notam
791 685 1019 760 possitis
1054 686 1317 751 evadere,
1357 692 1412 743 et
1457 685 1777 744 sobrietatis
1818 704 1909 745 re-

187 778 393 849 gulam
442 777 570 834 siue
616 775 934 834 offensione
985 790 1233 833 servare.
1269 795 1296 827 ι)
1330 774 1400 833 Et
1431 775 1634 833 eodem
1690 775 1792 833 lib.
1825 788 1909 848 VI,

191 869 360 942 epist.
393 867 484 938 30,
517 867 590 925 ad
618 868 991 926 Theuzouem
1021 864 1338 936 ercmitam,
1369 874 1562 924 narrat
1591 865 1913 925 rationibus

191 957 463 1031 sepositis
493 957 567 1015 ad
596 957 995 1016 auctoritatem
1026 954 1085 1013 S.
1119 953 1430 1013 Romualdi
1468 970 1530 1012 se
1564 953 1909 1026 confugisse,

192 1054 254 1106 ut
308 1047 610 1104 intentum
664 1046 954 1104 evinceret
988 1064 999 1103 :
1049 1069 1077 1094 α
1108 1043 1389 1115 Tandem,
1422 1044 1631 1117 inquit,
1659 1060 1797 1102 cum
1847 1043 1911 1101 in

194 1141 350 1193 arcto
407 1135 611 1209 positi,
662 1132 1075 1207 multiplicium
1125 1134 1515 1209 objectiouum
1565 1133 1914 1193 vallaremur

194 1223 502 1297 angustiis,
530 1223 635 1283 ubi
682 1222 1058 1282 ratiocinandi
1097 1223 1257 1296 copia
1286 1228 1587 1296 suppetere
1619 1222 1807 1292 desiit,
1841 1220 1912 1279 ad

197 1319 534 1371 sanctorum
572 1328 714 1371 mox
754 1312 1022 1386 exempla
1048 1311 1439 1384 confugimus,
1470 1318 1533 1368 ut
1562 1309 1681 1367 illis
1708 1309 1908 1368 saltem

195 1401 338 1459 ﬁdes
385 1402 703 1472 habeatur,
734 1416 984 1474 quorum
1034 1400 1341 1459 auctoritas
1390 1401 1462 1459 ad
1514 1398 1912 1473 probationem

196 1493 601 1566 cujuscunque
630 1492 840 1567 negotii
863 1492 1264 1551 incunctanter
1281 1491 1624 1550 admittitur.
1649 1489 1913 1563 Cumque

196 1592 372 1650 super
424 1578 678 1652 quodam
726 1577 1150 1652 disceptationis
1186 1577 1429 1637 articulo
1460 1576 1520 1636 S.
1550 1577 1911 1638 Romualdus

199 1665 258 1723 in
291 1666 696 1724 testimonium
722 1665 1046 1737 duceretur,
1084 1689 1104 1718 ι
1138 1673 1247 1725 etc.

1991 503 2085 562 vel
2114 510 2335 576 caetera,
2364 520 2497 579 quae
2524 506 2697 578 hujus
2730 503 2909 563 eremi
2939 504 3142 563 usibus
3178 504 3449 563 videntur
3472 515 3699 567 contra-

1992 591 2098 663 ria,
2126 607 2305 667 eaque
2340 592 2590 650 breviter
2620 592 3031 664 descripsimus
3060 592 3120 649 in
3153 593 3257 651 hac
3290 594 3521 668 pagina,
3553 612 3704 670 prte-

1993 680 2401 751 termittantur,
2425 680 2721 754 quoniam,
2753 688 2819 739 ut
2845 681 2955 754 ipsi
2982 680 3211 753 videtis,
3244 685 3535 756 praecipua
3561 691 3702 743 sunt

1992 770 2137 842 haec,
2176 760 2229 828 et
2279 771 2520 829 arctiora
2541 791 2557 842 ;
2591 779 2766 845 atque
2802 770 2863 829 in
2904 772 3009 828 hac
3055 786 3247 830 eremo
3283 774 3555 847 primitus
3592 778 3697 835 ob-

1993 867 2215 918 servata
2254 874 2425 932 quam
2459 858 2581 933 ipsa
2608 858 2831 933 Regula
2869 860 3048 917 fuisse
3080 859 3379 935 descripta.
3416 862 3527 921 Sed
3558 864 3698 921 reli—

1992 964 2107 1023 qua
2154 948 2373 1019 omnia,
2404 964 2536 1023 quae
2582 948 2762 1021 hujus
2810 947 2985 1006 eremi
3030 949 3233 1008 usibus
3270 952 3693 1025 convenientia,

1992 1043 2049 1095 et
2075 1037 2312 1109 similia,
2337 1042 2393 1095 et
2426 1034 2672 1111 qualiter
2716 1036 2878 1095 docet
2906 1051 3011 1095 nos
3040 1038 3103 1095 in
3142 1038 3370 1110 cellula,
3401 1048 3456 1098 et
3484 1041 3698 1101 deforis

1991 1142 2349 1201 permanere,
2376 1142 2481 1185 uec
2508 1142 2624 1185 nou
2654 1127 2815 1184 intus
2847 1127 3128 1196 resistere,
3154 1134 3211 1185 et
3237 1130 3480 1188 virtutes
3507 1132 3701 1204 acqui-

1992 1231 2136 1287 rcre,
2165 1221 2221 1273 et
2275 1214 2678 1273 discretionem
2722 1214 2785 1272 in
2836 1213 3108 1273 omnibus
3154 1232 3383 1290 semper
3427 1218 3694 1292 retinere,

1993 1303 2269 1362 debemus
2317 1303 2550 1377 jugiter,
2604 1301 2828 1361 Christo
2878 1302 3208 1376 adjuvante,
3258 1305 3582 1377 observare,
3641 1315 3697 1366 et

1992 1408 2296 1467 nunquam
2363 1392 2421 1451 S.
2479 1391 2789 1452 Romualdi
2848 1397 2905 1449 et
2960 1398 3300 1451 caaterorum
3366 1402 3697 1456 nostrorum

1991 1491 2415 1542 antecessorum
2446 1483 2606 1555 pium
2633 1497 2809 1539 usum
2838 1480 3259 1556 derelinquere.
3294 1509 3320 1533 ››

2063 1569 2161 1629 VI.
2197 1571 2509 1628 Enimvero
2555 1570 2706 1627 hanc
2758 1589 2785 1623 α
2840 1570 3195 1629 eremiticam
3236 1572 3579 1646 regulam,»
3624 1575 3697 1634 de

1992 1675 2109 1735 qua
2133 1658 2478 1732 Rodulphus
2518 1658 2796 1732 loquitur,
2824 1657 3000 1716 aliam
3038 1674 3162 1718 esse
3192 1675 3309 1718 non
3333 1676 3517 1734 posse,
3543 1679 3693 1737 prae-

266 1753 369 1812 IV.
408 1753 679 1813 Vicissim
736 1769 870 1813 vero
913 1754 1180 1814 Damiani
1223 1756 1532 1815 auctoritas
1567 1757 1630 1815 in
1677 1754 1969 1835 Camal—B
1996 1755 2080 1809 ter
2130 1749 2291 1808 illam
2324 1749 2478 1808 Petri
2515 1748 2802 1819 Damiani,
2835 1764 3011 1823 quam
3052 1749 3268 1809 Paulus
3327 1751 3698 1815 Justinianus

198 1843 540 1902 duleusium
584 1843 813 1902 statutis
855 1845 1070 1917 saepius
1106 1843 1429 1904 invocatur.
1464 1844 1559 1904 Sic
1594 1845 1659 1903 in
1697 1843 1911 1903 consti-

199 1933 447 2002 tutione,
479 1949 659 2006 quam
701 1933 968 1993 Placidus
1020 1935 1199 1992 eremi
1240 1934 1698 1994 Gamaldulensis
1735 1934 1910 2008 prior,

200 2029 261 2080 et
310 2022 601 2081 Martinus
657 2023 918 2097 ejusdem
979 2025 1159 2082 eremi
1213 2025 1495 2098 provisor,
1548 2024 1723 2082 unico
1787 2029 1913 2096 post

200 2111 267 2169 B.
300 2110 683 2185 Bodulphum
722 2114 954 2182 saeculo,
985 2113 1451 2187 promulgarunt,
1490 2112 1706 2171 silentii
1734 2111 1914 2170 disci-

199 2200 386 2275 plina,
418 2201 660 2274 ejusque
689 2202 992 2261 necessitas
1023 2204 1362 2260 confirmata
1383 2201 1615 2277 legitur,
1641 2201 1802 2276 quia,
1829 2200 1917 2259 in-

200 2289 440 2361 quiunt,
472 2311 493 2338 ι
527 2286 731 2347 Petrus
758 2289 1075 2348 Damianus
1097 2289 1178 2347 ait
1207 2314 1220 2346 :
1251 2289 1523 2349 Ercmit'ce
1553 2288 1809 2348 oﬂicium
1832 2294 1918 2346 est

199 2375 426 2447 jejunio
474 2375 822 2451 silentioque
872 2377 1188 2452 quiescere.
1224 2399 1253 2432 »
1285 2379 1355 2436 Et
1398 2378 1461 2436 iu
1499 2377 1792 2437 eremitica
1824 2392 1916 2435 re-

204 2464 360 2537 gula,
387 2479 566 2538 quam
605 2465 819 2525 Paulus
852 2466 1220 2526 Justinianus
1257 2466 1455 2538 edidit,
1501 2473 1620 2525 tum
1657 2482 1780 2541 cap.
1825 2467 1915 2536 47,

207 2549 398 2609 verbis
421 2551 544 2625 jam
568 2551 798 2611 dissert.
826 2554 874 2624 l,
899 2570 1021 2628 cap.
1048 2554 1102 2626 4,
1132 2570 1296 2613 num.
1330 2553 1414 2625 14,
1439 2553 1724 2624 adductis,
1757 2575 1778 2603 ε
1810 2552 1916 2611 Pe-

209 2641 279 2699 tri
306 2640 636 2700 Damiani»
663 2642 970 2706 auctoritas
1006 2645 1157 2701 circa
1196 2643 1565 2716 disciplinam
1606 2642 1922 2716 suscipien-

1995 1844 2121 1913 post
2164 1838 2601 1896 constitutiones
2642 1853 2778 1896 suas
2815 1838 3099 1897 edendam
3136 1840 3379 1912 censuit,
3411 1842 3702 1915 colligitur

1995 1928 2204 2001 primo,
2238 1927 2379 2000 quia
2416 1926 2517 1984 illa
2554 1926 2676 2000 ipsa
2707 1933 2811 1999 est,
2841 1942 2974 2000 quae
3017 1949 3042 1981 α
3084 1928 3155 1985 de
3192 1928 3455 1989 lancibus
3491 1932 3705 1992 haben-

1997 2018 2087 2077 dis
2115 2019 2178 2076 in
2208 2018 2348 2077 cella
2377 2018 2449 2076 ad
2486 2018 2652 2091 panis
2690 2033 3026 2075 mensuram
3059 2018 3509 2093 ponderandam,
3549 2045 3572 2074 ι
3616 2025 3699 2085 Ιο-

1997 2109 2199 2183 quitur
2255 2122 2452 2181 opusc.
2510 2119 2617 2178 xv,
2675 2122 2796 2180 cap.
2844 2104 2900 2177 8,
2941 2108 3110 2181 cujus
3155 2113 3381 2167 textum
3434 2114 3704 2187 superius

1997 2197 2353 2256 adduximus
2379 2213 2501 2270 cap.
2532 2197 2584 2267 3,
2613 2211 2780 2255 num.
2809 2193 2892 2253 14.
2924 2195 3087 2255 Idem
3109 2195 3402 2270 colligitur
3428 2203 3700 2275 secundo,

2002 2302 2075 2345 ex
2102 2302 2217 2360 quo
2243 2285 2344 2344 illa
2372 2285 2495 2360 ipsa
2525 2286 2619 2359 sit,
2646 2300 2779 2359 quae
2810 2306 2838 2338 (ι
2871 2281 3102 2343 Sabbati
3128 2286 3443 2360 jejunium,
3479 2312 3501 2341 ιι
3537 2300 3705 2352 extra

2002 2376 2502 2448 Quadragesimas,
2548 2391 2774 2449 semper
2826 2381 2943 2433 tam
2993 2381 3212 2448 aestate,
3267 2394 3444 2452 quam
3491 2381 3701 2450 hieme,

2001 2471 2233 2539 propter
2266 2464 2587 2524 imbecilles
2623 2464 3005 2523 relaxandum
3043 2464 3326 2539 indulget,
3354 2484 3421 2525 ac
3460 2469 3709 2544 simplici

2003 2554 2301 2613 refectioni
2330 2569 2466 2613 cum
2496 2553 2818 2628 pulmento,
2850 2560 2907 2612 et
2936 2555 3072 2613 vino
3101 2556 3521 2632 deputandum,
3552 2563 3707 2635 quod

2002 2641 2191 2714 ipsum
2234 2638 2480 2713 intelligi
2511 2640 2695 2698 voluit
2722 2640 3065 2713 Rodulphus
3098 2657 3163 2699 ea
3207 2643 3497 2703 formula:
3546 2670 3573 2697 α
3628 2648 3711 2707 De

214 2729 424 2789 dorum
449 2731 821 2790 saecularium
849 2731 907 2789 in
939 2748 1133 2791 eremo
1186 2731 1563 2806 proponitur;
1606 2739 1728 2790 tum
1780 2730 1922 2789 alibi
2005 2730 2099 2788 die
2135 2728 2368 2789 Sabbati
2404 2728 2752 2787 manducare
2791 2729 2863 2786 ad
2897 2744 3200 2800 mensam;
3236 2751 3264 2783 »
3303 2732 3383 2790 ait
3438 2734 3594 2793 enim
3649 2737 3711 2794 in

214 2822 447 2895 passim,
508 2827 571 2880 ut
626 2821 779 2879 circa
831 2820 1042 2895 prioris
1102 2821 1282 2880 eremi
1338 2821 1642 2895 qualitates
1694 2821 1923 2895 aliaque
2005 2822 2232 2880 constit.
2260 2820 2401 2878 anni
2445 2819 2598 2891 1080,
2630 2836 2753 2894 cap.
2784 2819 2854 2878 ‘20
2886 2832 2907 2878 τ
2938 2841 2964 2874 ‹‹
2996 2821 3085 2879 Ad
3117 2836 3372 2881 mensam
3408 2841 3543 2885 vero
3581 2843 3711 2886 om-

216 2909 421 2978 multa,
449 2908 525 2967 ad
550 2909 804 2982 ejusdem
837 2932 863 2963 ‹‹
893 2909 1047 2968 Petri
1070 2910 1340 2969 Damiani
1376 2933 1397 2962 ι
1433 2910 1756 2969 sanctiones
1790 2926 1923 2982 pro-
2006 2909 2181 2967 uibus
2228 2909 2433 2968 diebus
2486 2909 2739 2983 gemina:
2785 2909 3137 2982 refectionis,
3187 2918 3289 2969 aut
3342 2914 3646 2987 simplicis,
3682 2938 3710 2970 »

219 3006 474 3067 vocatur,
506 3013 642 3057 cum
698 2999 934 3072 insuper
984 3022 1011 3054 α
1051 2999 1405 3058 eremiticam
1458 2998 1718 3072 regulam
1773 2998 1924 3057 Petri
2008 2998 2294 3057 nimirum
2349 3014 2464 3056 non
2514 2998 2748 3073 perfecti
2808 3024 2834 3050 «ι
2883 2998 3095 3072 jejunii
3155 3003 3543 3061 communiter
3577 3006 3715 3063 reﬁ-

219 3087 486 3146 Damiaui
539 3108 566 3140 »
623 3103 697 3147 ex
740 3089 963 3163 integro
1019 3089 1207 3161 edere,
1241 3096 1295 3148 et
1346 3090 1562 3161 regulae
1614 3087 2172 3187 eremiticaacciuut
2225 3087 2475 3158 fratres;
2515 3110 2537 3137 ι
2590 3102 2725 3144 nam
2777 3086 2982 3145 diebus
3030 3087 3397 3149 abstinentim
3452 3094 3618 3165 panis
3663 3103 3720 3155 et

222 3174 277 3235 S.
310 3175 625 3236 Romualdi
661 3175 838 3235 simul
869 3176 1238 3251 conjungere,
1269 3177 1587 3250 eodemque
1624 3177 1925 3252 complecti
1951 3174 2178 3252 “aqua;
2236 3176 2455 3251 singuli
2494 3176 2555 3234 iu
2594 3176 2756 3234 cellis
2808 3177 2951 3247 suis,
2988 3197 3015 3229 ‹‹
3049 3177 3224 3237 nudis
3261 3181 3506 3253 pedibus
3544 3199 3717 3258 super

217 3266 541 3337 volumine,
574 3266 725 3324 idem
754 3265 1121 3325 Justinianus
1154 3282 1272 3325 uon
1305 3265 1674 3337 dubitaverit,
1702 3267 1925 3326 caeteris
2010 3264 2361 3339 pavimemto
2409 3264 2672 3321 sedentes
2717 3263 3051 3338 librumque
3097 3282 3275 3325 sacrae
3314 3269 3575 3329 lectionis
3623 3274 3720 3330 in-

218 3353 348 3412 licet
414 3352 963 3412 Camalduleusibus
1024 3351 1533 3413 constitutionibus
1606 3353 1922 3427 Rodulphi,
2011 3358 2255 3423 tuentes,
2290 3374 2318 3406 »
2354 3351 2779 3421 reﬁciebantur,
2815 3359 2879 3410 ut
2930 3352 3147 3412 ibidem
3202 3354 3544 3431 llodulphus
3601 3362 3720 3432 ait;

214 3440 453 3512 Placidi,
488 3440 793 3513 Gherardi,
824 3440 1056 3514 Martini
1108 3442 1347 3500 omnino
1382 3441 1730 3515 postpositis,
1759 3444 1927 3515 quasi
2008 3442 2088 3501 ait
2139 3441 2298 3499 enim
2355 3441 2672 3500 Damianus
2721 3440 2871 3498 dicto
2919 3444 3199 3516 opusculo
3257 3458 3364 3516 xv,
3420 3462 3545 3520 cap.
3608 3450 3718 3510 15:

211 3529 502 3589 nimirum
519 3528 886 3603 intelligeret,
911 3530 974 3588 in
993 3530 1130 3588 solis
1146 3529 1298 3589 Petri
1322 3528 1590 3589 Damiani
1617 3529 1923 3601 institutis,
2013 3553 2041 3586 (ι
2075 3530 2375 3589 Credimus
2413 3545 2897 3604 unumquemque
2936 3532 3167 3591 fratrem
3207 3532 3269 3590 in
3302 3534 3515 3594 cellula
3565 3553 3725 3596 com-

208 3620 505 3696 quidquid
550 3619 611 3677 iu
662 3619 926 3679 omnium
971 3619 1079 3678 PP.
1128 3628 1455 3679 nostrorum
1529 3620 1925 3680 sanctionibus
2010 3627 2351 3692 morantem,
2380 3620 2495 3679 nisi
2525 3623 2766 3679 omnino
2812 3629 3063 3695 aegrotus
3109 3622 3203 3695 sit,
3249 3625 3327 3681 ita
3377 3632 3442 3683 ut
3492 3627 3727 3687 decum-

208 3710 561 3778 continetur,
592 3708 957 3784 tanquamin
983 3724 1090 3767 suo
1121 3708 1297 3781 fonte,
1336 3709 1572 3781 melius,
1603 3716 1659 3768 et
1687 3710 1925 3768 uberius
2009 3709 2107 3767 bat
2158 3709 2395 3784 quidem
2461 3708 2523 3766 in
2583 3707 2821 3779 lectulo,
2883 3715 2999 3767 toto
3059 3710 3201 3768 anui
3253 3717 3544 3786 tempore,
3600 3717 3724 3777 sive

207 3797 453 3873 reperiri
482 3820 497 3869 ;
548 3814 654 3856 nec
683 3798 818 3857 satis
846 3801 1156 3874 perfectam
1194 3809 1354 3859 ratus
1382 3817 1573 3872 suam,
1608 3817 1680 3859 ex
1714 3799 1771 3859 S.
1806 3801 1923 3860 Ro-
2013 3802 2209 3855 testate
2247 3794 2534 3864 videlicet,
2569 3794 2691 3852 sive
2720 3795 2927 3866 hieme,
2961 3794 3145 3852 tribus
3170 3811 3272 3868 per
3299 3799 3719 3864 hebdomadam

206 3888 433 3949 mualdi
522 3888 959 3960 traditionibus,
1017 3898 1072 3949 et
1147 3896 1574 3949 autecessorum
1659 3893 1922 3950 omnium
2012 3885 2224 3943 diebus
2255 3883 2523 3957 jejunare
2564 3883 2623 3940 in
2668 3897 2811 3955 pane
2846 3890 2900 3939 et
2932 3898 3080 3956 aqua
3114 3900 3250 3942 cum
3300 3887 3404 3946 Dei
3439 3891 3724 3965 adjutorio

208 3978 486 4050 scriptis;
536 3976 629 4036 vel
682 3993 783 4050 per
824 3994 1032 4037 manus
1077 3978 1350 4037 traductis
1402 3978 1927 4036 consuetudinibus
2014 3973 2290 4032 facillime
2328 3988 2510 4047 posse,
2548 3979 2604 4031 et
2633 3973 2908 4047 quoniam
2963 3973 3207 4033 Sabbato
3252 3979 3513 4053 jejunare
3560 3999 3730 4044 cano-

208 4066 533 4135 collectam,
564 4066 825 4139 regulam
881 4067 1255 4137 eremiticam,
1285 4067 1400 4126 nisi
1450 4066 1605 4125 Petri
1657 4066 1925 4125 Damiani
2012 4065 2161 4123 uicae
2206 4063 2531 4122 traditionis
2577 4064 2978 4123 authenticum
3019 4071 3122 4135 est,
3159 4082 3275 4126 non
3314 4084 3491 4143 grave
3528 4074 3726 4133 videa-

208 4162 454 4227 coguato
485 4153 682 4213 libello
718 4176 739 4206 α
787 4153 863 4213 De
909 4171 1031 4214 suae
1079 4153 1539 4229 congregationis
1581 4153 1864 4213 institutis
1901 4177 1922 4207 ι
2014 4159 2107 4212 tur
2160 4154 2321 4213 fratri
2375 4153 2548 4211 etiam
2630 4153 2877 4213 Sabbato
2941 4156 3309 4216 refectionem
3372 4168 3442 4219 ad
3511 4178 3726 4223 nouam

214 4243 485 4302 tractanti
532 4243 917 4318 copularetur,
951 4262 984 4303 a
1028 4262 1141 4320 quo
1189 4246 1494 4320 majorem,
1526 4249 1583 4303 et
1632 4245 1842 4318 lucem,
1873 4252 1927 4306 et
2013 4243 2216 4302 horam
2268 4259 2454 4319 usque
2506 4242 2759 4313 differre,
2815 4249 2879 4301 ut
2931 4243 3109 4302 semel
3164 4247 3402 4321 quidem
3458 4250 3582 4324 ipso
3634 4254 3729 4311 die

209 4334 552 4393 firmitatem
573 4334 874 4409 acciperet.
2015 4334 2326 4405 reﬁciatur,
2383 4333 2481 4392 sed
2558 4341 2768 4391 tamen.
2827 4334 3036 4394 vinum
3113 4343 3283 4411 atque
3353 4341 3723 4414 pulmentum

290 4424 359 4484 V.
390 4423 515 4484 Imo
569 4425 812 4498 ipsamet
855 4449 877 4475 ι
912 4423 1067 4482 Petri
1101 4423 1374 4483 Damiani
1423 4426 1718 4484 eremitica
1751 4425 2307 4505 regu-“percipere
2360 4440 2437 4483 ex
2492 4425 2669 4498 hujus
2722 4431 2934 4483 nostra;
2986 4425 3368 4486 institutionis
3420 4429 3727 4505 indulgeu-

210 4513 269 4572 la
302 4533 331 4566 ι)
372 4513 436 4570 in
481 4484 673 4570 eremo
718 4510 1152 4578 Camaldulensi
1201 4513 1322 4571 sola
1370 4514 1443 4571 ad
1493 4484 2093 4574 observanduthia
2145 4484 2262 4575 non
2322 4484 2591 4574 vetetur:
2620 4516 2690 4573 Et
2748 4516 2853 4575 hoc
2906 4517 3141 4591 quidem
3204 4484 3723 4591 msiéiefﬁéﬁi‘rzib

207 4600 556 4676 aliquandiu
606 4601 895 4674 proposita
931 4601 1192 4673 'exstitit,
1226 4602 1491 4661 videlicet
1546 4619 1730 4677 usque
1781 4602 1924 4660 dum
2008 4604 2207 4665 Idibus
2284 4604 2624 4680 septembris
2679 4620 2864 4679 usque
2916 4606 2988 4664 ad
3054 4607 3325 4666 Paschale
3393 4611 3673 4683 gaudium
3707 4660 3721 4684 ,

207 4691 279 4751 B.
309 4690 659 4765 Rodulphus
690 4692 846 4765 prior
894 4708 1027 4751 suas
1065 4692 1258 4751 ederet
1287 4695 1748 4754 constitutiones.
1781 4692 1920 4763 Qui-
2009 4701 2258 4768 quatuor
2304 4710 2406 4769 per
2458 4693 2879 4752 hebdomadam
2930 4694 3134 4753 diebus
3182 4696 3406 4756 noverit
3445 4698 3718 4774 jejunan-

209 4779 326 4839 bus
366 4785 554 4838 tamen
602 4795 717 4838 non
755 4786 1053 4855 propterea
1085 4782 1213 4856 ejus
1250 4784 1340 4840 vis
1379 4783 1611 4855 penitus
1652 4781 1924 4855 abrogata
2009 4782 2193 4853 dum;
2228 4782 2327 4841 sed
2380 4789 2433 4840 et
2482 4783 2532 4841 si
2579 4781 2893 4856 aliquando
2935 4789 3087 4841 tanta
3127 4782 3394 4843 debilitas
3425 4787 3717 4858 acciderit,

207 4875 316 4939 est,
345 4868 447 4926 sed
494 4884 631 4938 uno,
667 4867 754 4927 vel
804 4869 983 4929 altero
1032 4870 1318 4929 duntaxat
1368 4871 1613 4930 articulo
1661 4877 1919 4944 excepto,
2009 4869 2253 4927 hiberno
2300 4869 2473 4926 etiam
2536 4875 2789 4942 tempore
2841 4868 2936 4927 die
2990 4868 3258 4941 Sabbati,
3312 4881 3413 4932 aut
3466 4874 3721 4949 legumi-

210 4956 277 5014 iu
317 4956 561 5029 reliquis
592 4956 785 5017 adhuc
818 4974 1088 5033 expresse
1123 4960 1431 5034 approbata
1471 4961 1682 5019 mansit
1704 4961 1777 5019 ab
1825 4976 1921 5019 eo-
2008 4956 2183 5015 nibus
2234 4957 2464 5027 infusis,
2494 4962 2594 5015 aut
2645 4957 2956 5015 herbarum
3014 4958 3323 5031 radicibus,
3374 4962 3496 5020 sive
3543 4965 3717 5022 etiam

211 5043 347 5100 dem
392 5042 720 5118 Rodulpho,
758 5045 860 5119 qui
911 5045 973 5103 iu
1017 5047 1530 5106 constitutionibus
1569 5048 1710 5106 anni
1762 5046 1921 5121 1083,
2009 5048 2217 5122 pomis,
2252 5049 2488 5109 solitum
2546 5049 2760 5107 licebit'
2793 5047 3215 5125 aliquantisper
3271 5060 3585 5124 temperare
3626 5055 3717 5128 je-

213 5134 300 5192 sic
325 5134 444 5193 ait:
480 5158 501 5188 «
541 5135 963 5210 Unusquisque
1000 5138 1176 5195 frater
1213 5137 1407 5196 lances
1446 5138 1507 5196 in
1547 5137 1692 5196 cella
1730 5138 1921 5209 habet,
2004 5137 2241 5211 juuium
2276 5157 2287 5195 :
2322 5137 2402 5196 ita
2457 5146 2669 5207 tamen,
2701 5143 2764 5195 ut
2820 5136 2867 5194 si
2920 5152 3108 5196 unum
3157 5139 3449 5213 quodlibet
3506 5140 3714 5203 horum

213 5240 349 5282 cum
392 5224 608 5298 quibus
662 5233 862 5300 pensat
908 5235 1018 5286 tres
1056 5244 1254 5301 panes,
1291 5245 1436 5304 quos
1474 5229 1682 5304 accipit
1722 5246 1923 5289 omnes
2010 5234 2221 5298 sumat,
2255 5228 2435 5301 aliud,
2475 5227 2589 5286 nisi
2618 5243 2771 5285 verae
2813 5228 3163 5287 necessitatis
3197 5244 3366 5286 causa
3395 5228 3714 5309 dictaverit,

214 5313 341 5405 dies
367 5312 723 5405 iDomiuicos
765 5322 822 5373 et
874 5315 1081 5390 quinta
1125 5316 1286 5373 feria.
1323 5317 1393 5374 Et
1434 5318 1549 5376 alia
1598 5317 1781 5377 multa
1830 5319 1923 5377 his
2013 5338 2128 5381 uou
2165 5322 2412 5398 adjiciat.
2457 5323 2750 5381 Postremo
2789 5329 3000 5395 tamen,
3034 5332 3261 5398 propter
3290 5327 3713 5405 pusillanimes,

216 5403 494 5495 fratribus
526 5405 867 5495 necessaria,
898 5422 1031 5481 quaa
1056 5407 1252 5466 omnia
1286 5407 1558 5495 prudenti
1584 5409 1781 5469 lectori
1809 5427 1927 5469 ere—
2011 5412 2060 5472 si
2096 5412 2205 5472 hoc
2239 5412 2550 5471 necessitas
2589 5414 2829 5472 omnino
2870 5415 3204 5488 poposcerit,
3241 5429 3378 5490 qua:
3412 5418 3537 5478 ﬁeri
3586 5403 3716 5495 per;

217 5492 414 5551 mitica
463 5493 668 5567 regula
708 5494 845 5553 satis
893 5496 1265 5554 demonstrat.
1310 5494 1420 5555 Sed
1472 5499 1927 5571 prmcavendum
2014 5504 2188 5561 missa
2239 5509 2325 5561 est
2374 5503 2433 5560 in
2498 5508 2714 5572 testate,
2765 5503 2961 5561 eadtm
3011 5503 3393 5565 Sabbatorum
3451 5492 3718 5571 discretio

220 5586 305 5639 est
340 5596 410 5639 ne
456 5596 558 5655 per
591 5582 702 5640 hoc
736 5583 892 5656 quod
922 5584 1025 5643 illa
1060 5584 1219 5657 dicit,
1246 5584 1318 5643 de
1354 5585 1448 5644 die
1488 5586 1721 5647 Sabbati
1760 5603 1928 5647 man-
2012 5594 2274 5649 servetur
2290 5590 2355 5648 iu
2387 5592 2648 5650 hieme.»
2678 5590 2842 5649 Hauc
2861 5604 2994 5664 ergo
3017 5590 3303 5653 duntaxat
3329 5595 3716 5661 Sabbatorum
