4034 6466
342 297 413 356 47

1268 291 1327 351 S.
1364 287 1653 348 PETRUS
1692 283 2083 345 DAMIANUS
2126 284 2183 344 S.
2226 284 2294 343 Β.
2338 283 2403 341 Ε.
2447 281 2925 342 GABDINALIS.

3783 284 3861 343 48

342 426 461 480 tam
510 417 837 493 generalem
896 416 1298 474 remissionem
1349 415 1411 473 in
1468 429 1626 472 sacra
1683 427 1874 470 eremo
1930 425 2045 469 non
2067 408 2366 483 Aquaient
2392 408 2462 466 de
2490 407 2737 482 grandes
2762 407 3085 480 austérités,
3116 412 3173 465 et
3204 408 3471 466 faisaient
3501 407 3608 466 des
3639 408 3857 479 choses

344 505 733 582 recipiendam
766 505 1114 579 Rodulphus
1154 504 1374 575 statuit,
1412 508 1606 576 utpote
1642 502 1767 576 ejus
1806 515 2054 557 consue-

345 598 536 657 tudini
608 595 952 655 contrariam
988 642 1002 664 ,
1062 593 1274 668 quippe
1346 592 1631 651 duntaxat
1703 610 1731 642 «
1791 586 2052 647 Paschali
2122 624 2133 633 .

350 693 636 758 tempore,
694 704 722 739 »
782 690 847 743 ut
900 689 1119 741 constat
1173 699 1247 740 ex
1301 681 1427 755 ejus
1476 678 1704 739 constit.
1760 678 2053 752 prioribus

346 790 469 847 cap.
510 773 594 845 12,
630 789 775 848 quas
812 788 984 846 supra
1025 772 1332 831 retulimus
1361 787 1485 844 cap.
1530 770 1580 837 3,
1625 783 1787 827 num.
1826 765 1877 837 9,
1936 788 1957 817 ι
1999 771 2053 822 et

348 865 413 923 in
449 863 667 922 octavis
699 870 1045 932 sanctorum,
1087 868 1143 918 et
1181 860 1386 917 diebus
1422 857 1849 932 phlebotomia,
1889 878 1909 906 ι
1954 860 2051 913 aut

357 981 383 1005 ‹‹
409 956 481 1016 01)
507 971 800 1014 accessum
830 954 1078 1028 alicujus
1108 952 1348 1011 celebris
1376 966 1657 1025 persona,
1692 974 1712 1002 ι»
1738 949 1861 1007 sive
1892 970 1912 1000 ι
1944 964 2051 1005 ex-

349 1043 715 1103 traordinarii
746 1042 956 1101 laboris
992 1041 1227 1105 intuitu.
1263 1046 1318 1097 et
1348 1039 1409 1097 in
1446 1037 1709 1098 Sabbatis
1746 1043 2052 1110 utramque

349 1130 858 1205 Quadragesimam
889 1127 1361 1202 praecedentibus,
1391 1131 1661 1201 {poterat
1690 1124 1922 1186 Sabhati
1947 1124 2051 1182 ab-

345 1223 617 1282 stinentia
648 1220 916 1293 relaxari,
954 1236 1030 1278 ex
1056 1221 1181 1294 ejus
1210 1218 1504 1278 constitut.
1539 1218 1715 1288 citat.,
1749 1232 1871 1290 cap.
1908 1216 1990 1274 16.

417 1314 545 1372 VII.
579 1313 740 1372 Idem
780 1313 953 1372 etiam
998 1312 1164 1370 tertio
1205 1310 1544 1381 ostenditur,
1578 1326 1649 1368 ex
1684 1325 1798 1383 quo
1846 1308 2051 1366 eremi-

2135 500 2246 557 fort
2272 499 2780 559 extraordinaires.
2816 520 2842 552 »

2205 588 2303 646 IX.
2340 588 2451 647 Sed
2499 595 2555 647 et
2598 589 2965 649 doctissimus
3014 588 3350 649 Ludovicus
3404 590 3861 652 Tbomassimus

2133 677 2197 736 in
2241 678 2418 736 veteri
2465 685 2520 736 et
2567 695 2717 739 nova
2751 680 3021 739 Ecclesia
3064 679 3372 754 disciplina
3422 680 3502 739 De
3550 681 3860 741 beneﬁciis

2132 774 2275 840 part.
2324 781 2363 837 Ι,
2419 768 2519 827 lib.
2566 782 2648 841 III,
2688 786 2811 844 cap.
2846 770 2934 841 25,
2964 786 3128 832 num.
3175 770 3230 839 7,
3278 770 3433 829 idem
3481 772 3671 831 fuisse
3728 772 3856 831 Bo-

2134 858 2377 929 mualdi,
2409 874 2475 916 ac
2523 858 2673 918 Petri
2720 860 2986 918 Damiani
3032 860 3364 919 institutum
3403 860 3626 920 indicat
3651 881 3666 933 ;
3709 877 3854 920 nam

2131 958 2259 1022 post
2289 957 2572 1008 narratam
2609 951 2920 1010 eremitica
2970 950 3104 1010 vita
3151 950 3599 1025 restitutionem,
3626 958 3854 1011 etcum

2132 1038 2503 1099 Benedictina
2525 1042 2719 1116 regula
2746 1042 3209 1117 conjunctionem
3236 1058 3269 1100 a
3298 1041 3625 1101 Romualdo
3650 1041 3709 1100 in
3739 1041 3855 1100 Ita-

2132 1126 2212 1185 lia
2244 1129 2532 1203 pracipue
2564 1131 2790 1202 factam,
2822 1131 2903 1189 ait
2949 1137 3146 1190 contra
3175 1132 3283 1190 hoc
3314 1130 3651 1190 institutum
3683 1130 3851 1188 obla-

2132 1222 2346 1276 trantes
2377 1234 2409 1276 a
2441 1218 2605 1278 Petro
2653 1220 2933 1278 Damiano
2986 1236 3340 1296 compressos
3380 1237 3469 1295 ep.
3507 1220 3591 1291 12,
3624 1219 3727 1277 lib.
3759 1230 3850 1291 VI,

2134 1306 2233 1363 ubi
2264 1308 2512 1380 profecto
2546 1325 2605 1367 se
2645 1315 2701 1367 et
2739 1325 2874 1369 suos
2903 1310 3224 1383 prasertim
3259 1314 3452 1368 tuetur
3475 1326 3509 1368 a
3538 1308 3843 1382 cujusdam

346 1401 456 1461 lica
499 1402 737 1476 regula,
797 1401 868 1459 de
915 1417 1030 1474 qua
1078 1399 1334 1474 loquitur
1379 1398 1744 1471 Bodulphus,
1800 1403 2053 1469 tempore
2129 1393 2351 1454 abbatis
2411 1398 2867 1472 impugnatione,
2919 1400 3021 1474 qui
3073 1406 3420 1473 conquestus
3482 1404 3618 1469 erat,
3684 1397 3849 1472 quod

345 1493 470 1564 ipso
532 1490 683 1547 inter
750 1487 1207 1547 Camaldulensis
1281 1488 1461 1546 eremi
1527 1486 1922 1545 fundationem
1996 1491 2052 1542 et
2130 1486 2482 1544 monachum
2538 1503 2611 1545 ex
2666 1504 2774 1547 suo
2830 1489 3176 1551 monasterio
3247 1504 3538 1561 egressum
3572 1534 3588 1559 ,
3645 1491 3849 1545 contra

342 1577 637 1652 Bodulphi
679 1584 910 1637 atatem
950 1576 1141 1636 medio
1195 1577 1507 1651 composita
1551 1582 1693 1646 erat,
1734 1574 1815 1632 ibi
1852 1595 1863 1632 :
1914 1597 1935 1624 ι
1977 1574 2047 1631 In
2134 1573 2495 1635 S.Benedicti
2518 1578 2775 1653 regulam
2802 1579 3143 1653 recepisset:
3174 1603 3200 1631 α
3227 1576 3593 1637 Succensetis
3610 1576 3843 1646 enim,»

338 1667 447 1726 hac
484 1682 674 1726 eremo
711 1667 983 1741 primitus
1019 1683 1052 1725 a
1089 1667 1301 1724 sanctis
1334 1665 1474 1724 viris
1509 1666 1744 1723 fuerunt
1781 1665 1905 1722 hac
1941 1662 2046 1723 oh-
2128 1662 2339 1737 inquit,
2380 1689 2400 1717 ι
2436 1682 2501 1724 ac
2536 1682 2642 1725 nos
2675 1675 3093 1742 conquerentes
3134 1666 3379 1740 arguitis
3417 1666 3553 1741 quia
3584 1680 3702 1723 non
3734 1663 3842 1721 de-

338 1764 584 1828 servata,
611 1772 787 1830 quam
812 1756 935 1830 ipsa
979 1755 1181 1829 regula
1226 1755 1431 1814 fuisset
1467 1754 1771 1828 descripta.
1807 1776 1828 1805 ι
1872 1751 2365 1835 Νυιιθιὺυίωυε
2421 1763 2639 1814 vestros
2693 1759 3004 1816 monachos
3054 1755 3116 1813 in
3175 1771 3367 1815 eremo
3416 1763 3613 1813 contra
3668 1752 3733 1812 B.
3770 1753 3840 1812 P.

334 1854 549 1916 autem,
584 1845 698 1903 nisi
749 1844 901 1904 Petri
943 1844 1208 1903 Damiani
1251 1843 1624 1903 eremitarum
1658 1843 1859 1918 regula
1894 1842 2043 1902 dicto
2126 1845 2303 1903 nostri
2349 1846 2642 1905 Benedicti
2678 1856 2961 1922 pracepta
3005 1846 3313 1921 suscipere.
3352 1869 3374 1897 »
3426 1843 3686 1905 Ostendit
3726 1859 3839 1903 au-

333 1940 587 2010 tempore
630 1942 862 1995 exarata
890 1942 990 2006 est,
1021 1936 1190 2009 cujus
1237 1935 1474 2007 quidem
1516 1934 1781 1992 notitiam
1827 1933 2042 1992 habea-
2127 1939 2239 1991 tem
2288 1936 2717 1995 sanctissimum
2776 1937 3160 2010 legislatorem
3218 1942 3482 1994 nostrum
3544 1934 3841 2008 vagationi

327 2043 479 2097 mus,
511 2027 704 2100 itaque
738 2026 862 2084 hac
903 2026 1026 2098 ipsa
1067 2030 1171 2096 est,
1205 2040 1337 2098 qua
1383 2022 1854 2082 Gamaldulenses
1882 2024 2037 2099 apud
2120 2021 2404 2082 duntaxat
2443 2042 2515 2085 ex
2549 2042 2667 2085 uno
2696 2026 2759 2085 in
2787 2026 2950 2085 aliud
2995 2024 3328 2084 canobium
3378 2039 3678 2083 occurrere
3731 2039 3840 2082 vo-

326 2106 593 2173 eremifas
639 2113 700 2171 in
742 2129 856 2172 usu
887 2118 1124 2172 eatenus
1180 2113 1387 2186 fuerat,
1416 2118 1471 2171 et
1506 2112 1794 2186 deinceps,
1832 2114 1893 2171 in
1922 2113 2035 2187 his,
2118 2111 2299 2170 luisse
2330 2133 2344 2186 ;
2384 2130 2497 2172 non
2551 2114 2854 2188 prohibere
2883 2122 3094 2183 autem,
3128 2113 3246 2171 imo
3274 2129 3476 2172 omnes
3504 2112 3745 2184 hortari,
3773 2117 3839 2170 ut

324 2220 457 2279 qua
493 2203 905 2263 vetustioribus
950 2203 1131 2262 eremi
1176 2204 1340 2262 illius
1386 2203 1592 2261 usibus
1634 2217 1747 2259 non
1789 2204 2035 2261 contrai-
2117 2217 2192 2259 ex
2223 2203 2561 2262 canobitica
2589 2205 2658 2263 ad
2688 2205 3083 2278 perfectiorem
3129 2203 3503 2262 eremitarum
3553 2202 3733 2261 vitam
3775 2216 3837 2259 se

319 2301 490 2366 rent,
556 2294 915 2353 observanda
969 2293 1161 2352 adhuc
1211 2308 1244 2350 a
1292 2292 1606 2367 Bodulpho
1670 2291 2030 2365 pr0ponitur.
2119 2294 2478 2352 transferant.
2515 2294 2702 2365 Quare
2751 2295 2893 2354 adeo
2931 2294 3202 2354 coincidit
3256 2292 3571 2353 Romualdi
3616 2298 3671 2350 et
3715 2292 3837 2350 Da-

319 2380 531 2452 Quarto
558 2381 810 2457 denique
852 2381 1125 2441 doctrina
1174 2380 1315 2454 ipsa
1345 2404 1365 2431 ι
1399 2379 1472 2437 de
1503 2379 1669 2437 cella
1712 2386 2033 2453 sequestra-
2115 2380 2295 2440 miani
2326 2382 2678 2455 institutum,
2717 2391 2783 2443 ut
2816 2384 2995 2443 unius
3043 2381 3301 2442 defensio
3345 2382 3584 2441 alterius
3614 2381 3838 2455 pariter

318 2473 493 2544 tione,
538 2475 609 2533 de
647 2474 1080 2533 conversatione
1132 2480 1296 2531 extra
1346 2471 1577 2544 cellam,
1616 2471 1687 2530 de
1745 2473 2029 2529 virtutum
2111 2472 2373 2547 apologia
2434 2481 2753 2533 censeatur.
2824 2473 2967 2532 Ecce
3034 2473 3405 2532 Thomassini
3460 2472 3637 2531 verba
3713 2472 3838 2531 loco

315 2562 726 2637 acquisitione,
774 2563 846 2621 de
892 2560 1234 2622 discretione
1290 2560 1553 2635 pralati,
1586 2583 1613 2612 ιι
1675 2575 1811 2635 qua
1881 2560 2029 2618 inibi
2110 2562 2253 2621 cit.:
2310 2585 2331 2613 α
2371 2562 2611 2637 Scripsit
2656 2562 2966 2622 Bomualdi
3012 2563 3189 2622 vitam
3239 2563 3444 2621 Petrus
3484 2561 3832 2633 Damianus,

313 2654 607 2712 continere
647 2658 1008 2724 asseruntur,
1061 2652 1248 2726 reipsa
1293 2651 1357 2709 in
1404 2650 1688 2724 opusculo
1726 2650 1879 2709 Petri
1923 2650 2030 2708 Da-
2108 2651 2335 2725 scripsit
2365 2660 2420 2711 et
2449 2653 2796 2727 apologiam,
2826 2652 3128 2713 confestim
3150 2653 3308 2712 enim
3334 2652 3427 2710 his
3456 2652 3838 2712 anachoretis

307 2744 489 2803 miani
517 2751 849 2815 occurrunt,
881 2751 945 2802 ut
976 2741 1303 2816 legentibus
1346 2746 1513 2814 patet.
1548 2739 1738 2809 Quare
1781 2740 2025 2799 omnino
2108 2756 2354 2800 summa
2386 2742 2455 2800 ad
2487 2743 2852 2816 perfectionis
2880 2742 3147 2802 columen
3183 2741 3570 2801 eluctantibus
3602 2741 3834 2800 obtrec-

305 2834 610 2894 conticitur
652 2831 949 2905 Rodulpbi
1009 2838 1265 2902 tempore
1313 2829 1499 2901 ipsam
1544 2828 1695 2886 Petri
1754 2828 2024 2887 Damiani
2106 2830 2213 2888 tari
2241 2836 2492 2904 captum
2519 2838 2622 2903 est,
2659 2832 2813 2906 quod
2869 2832 3135 2891 semitam
3180 2835 3464 2900 tenerent,
3506 2846 3682 2905 quam
3710 2846 3835 2889 non

305 2923 565 2997 regulam
594 2923 657 2980 in
694 2936 852 2981 sacra
886 2917 1310 2979 Gamaldulensi
1344 2933 1558 2990 eremo,
1586 2917 1825 2991 perinde
1863 2934 1929 2976 ac
1956 2917 2019 2975 in
2104 2925 2619 2993 pramonstrasset,
2650 2937 2767 2979 non
2812 2923 3088 2981 tenuisset
3129 2921 3194 2980 Β.
3241 2920 3608 2991 Benedictus,
3642 2918 3832 2995 quod-

305 3012 606 3071 Avellana
636 3009 967 3080 solitudine,
998 3017 1281 3084 receptam
1311 3007 1491 3066 fuisse
1542 3013 1715 3081 atque
1754 3022 1827 3065 ex
1863 3007 2015 3064 inte-

304 3118 408 3175 gro
431 3117 577 3175 pene
605 3101 988 3160 observatam.

374 3200 531 3260 VIII.
558 3200 587 3259 ,Ι
598 3214 698 3258 ure
722 3198 902 3272 igitur
943 3196 1265 3270 meritoque
1292 3194 1447 3253 idem
1477 3191 2015 3252 Camaldulensium

302 3300 357 3352 et
395 3290 856 3351 Avellanitarum
892 3287 1228 3346 institutum
1262 3303 1295 3345 a
1336 3285 1394 3344 S.
1431 3284 1491 3342 Ρ.
1525 3284 1849 3343 Romualdo
1883 3299 2016 3357 pro-

306 3386 523 3442 fectum
575 3381 775 3439 haberi
823 3379 1008 3450 debet,
1041 3378 1200 3436 unde
1238 3377 1327 3435 vir
1362 3375 1788 3435 eruditissimus
1830 3374 2017 3433 Ludo-

300 3471 469 3531 vicus
520 3470 698 3527 Ellies
741 3470 833 3527 Du
879 3467 1006 3538 Pin,
1036 3467 1097 3524 in
1128 3467 1288 3525 Nova
1326 3464 1683 3524 Bibliotheca
1709 3470 2017 3523 auctorum

299 3559 813 3619 ecclesiasticorum
865 3563 1003 3615 tom.
1058 3554 1385 3627 VllI,part.
1428 3566 1490 3624 II,
1541 3553 1743 3612 saculi
1793 3563 1858 3610 x1
1907 3551 2016 3610 Ec-

297 3648 510 3721 clesia,
554 3662 677 3721 cap.
741 3647 828 3715 14,
874 3649 907 3719 §
958 3645 1039 3715 10,
1088 3649 1388 3719 postquam
1438 3641 1659 3701 ordinis
1710 3639 2015 3699 Camaldu-

298 3739 477 3799 lensis
529 3737 931 3796 fundationem
981 3752 1014 3793 a
1072 3734 1397 3794 Romualdo
1451 3733 1658 3791 factam
1693 3731 2014 3805 descripsit,

300 3830 381 3887 ait
454 3829 629 3888 aliam
701 3827 1010 3901 specialem
1069 3825 1572 3898 congregationem
1646 3822 2017 3880 eremitarum

305 3921 620 3994 «ejusdem
674 3919 904 3992 generis
964 3940 985 3970 ι
1037 3934 1070 3976 a
1121 3917 1287 3975 Petro
1334 3914 1617 3973 Damiano
1666 3912 2012 3971 institutam.

303 4011 393 4069 En
435 4011 658 4083 integra
689 4009 941 4067 auctoris
986 4008 1202 4066 verba:
1239 4027 1266 4059 «
1296 4006 1343 4063 Il
1384 4022 1444 4063 se
1478 4005 1583 4063 mit
1611 4003 2012 4075 (Romualdus)

304 4117 439 4160 sous
474 4101 529 4159 la
562 4099 830 4159 conduite
879 4099 1021 4156 d’un
1069 4097 1220 4154 saint
1270 4098 1492 4166 ermite,
1526 4098 1758 4153 nomme
1805 4094 2010 4165 Marin,

306 4190 412 4263 qui
444 4187 763 4247 demeurait
806 4186 950 4244 dans
993 4183 1046 4242 le
1094 4200 1236 4258 pays
1280 4183 1351 4240 de
1382 4182 1613 4252 Venise,
1644 4189 1698 4239 et
1724 4182 2016 4239 embrassa

306 4279 364 4337 la
410 4279 505 4338 vie
550 4277 913 4350 eremitique,
951 4274 1093 4349 qu’il
1148 4273 1375 4332 rétablit
1414 4287 1487 4329 en
1539 4270 1831 4331 Occident.
1864 4270 2018 4329 Leur

306 4367 534 4427 institut
563 4366 759 4425 n’etait
787 4382 887 4439 pas
915 4365 984 4422 de
1015 4364 1176 4421 vivre
1210 4362 1364 4421 seuls
1406 4362 1549 4419 dans
1585 4360 1685 4418 des
1713 4360 2012 4432 solitudes,

308 4472 533 4516 comma
576 4455 659 4514 les
693 4454 930 4513 anciens
980 4452 1233 4523 ermites,
1266 4449 1519 4508 maiS’de
1559 4449 1864 4507 demeurer
1888 4448 2015 4523 plu-

310 4547 495 4605 sicurs
525 4544 823 4604 ensemble
867 4542 1012 4600 dans
1036 4557 1119 4600 un
1147 4544 1336 4599 meme
1366 4538 1615 4607 endroit,
1645 4540 1872 4613 separes
1914 4538 2015 4597 des

310 4644 503 4695 autres
548 4637 830 4705 hommes,
865 4640 921 4690 et
963 4632 1108 4690 dans
1152 4631 1253 4689 des
1304 4628 1544 4690 cellules
1594 4627 2012 4701 particulieres,

308 4739 445 4782 sous
474 4724 527 4780 la
548 4722 816 4781 conduite
841 4720 980 4778 d’un
1011 4724 1199 4777 meme
1232 4718 1553 4793 supérieur,
1587 4735 1657 4778 en
1686 4718 2018 4793 pratiquant

312 4813 369 4871 la
414 4816 601 4870 meme
649 4811 822 4884 regle.
870 4812 975 4868 Ges
1025 4815 1205 4867 sortes
1259 4809 1329 4866 de
1387 4811 1737 4867 monasteres
1793 4809 2016 4882 s’appe-

312 4902 491 4959 laient
537 4899 980 4958 anciennement
1030 4898 1238 4956 laures.
1271 4896 1435 4957 Saint
1476 4896 1761 4956 ltomuald
1791 4913 1861 4955 en
1893 4902 2016 4955 eta—

311 4992 418 5052 blit
452 5007 535 5051 un
563 4990 881 5064 tres-grand
919 4989 1159 5049 nomhre
1190 5005 1260 5047 cn
1291 4987 1473 5046 Italie.
1511 4988 1601 5047 Un
1636 4988 1735 5047 des
1762 4987 1892 5062 plus
1926 4987 2015 5044 fa-

311 5100 490 5144 meux
539 5084 627 5141 fut
670 5082 821 5141 celui
866 5081 965 5155 qui
1009 5082 1100 5139 fut
1135 5077 1246 5139 bati
1297 5096 1397 5137 sur
1443 5078 1774 5153 l’Apennin,
1810 5077 2017 5151 proche

308 5173 596 5243 d’Arezzo,
627 5171 771 5230 dans
818 5187 897 5229 un
964 5172 1079 5228 lieu
1130 5169 1230 5244 qui
1278 5168 1406 5227 leur
1456 5170 1541 5227 fut
1578 5169 1769 5225 donné
1801 5182 1902 5239 par
1932 5181 2015 5223 un

312 5262 545 5321 homme
593 5262 794 5337 appelé
848 5259 1101 5330 Mandol,
1134 5259 1266 5316 d’oii
1321 5258 1525 5317 l’ordre
1562 5275 1591 5315 a
1634 5258 1750 5330 pris
1795 5256 1845 5313 le
1878 5269 2012 5313 nom

311 5354 381 5411 de
420 5354 760 5412 Camaldole.
825 5353 985 5413 Saint
1033 5350 1319 5410 Ilomuald
1354 5353 1524 5408 vécut
1557 5355 1686 5407 cent
1715 5363 1818 5405 ans
1852 5348 2016 5419 apres

312 5457 373 5500 sa
408 5442 723 5514 profession
771 5442 1099 5514 religiense,
1131 5447 1185 5497 et
1221 5439 1297 5497 vit
1348 5453 1449 5496 son
1496 5435 1663 5495 ordre
1705 5435 2010 5495 florissant.

311 5530 507 5591 Pierre
551 5529 789 5587 Damien
828 5529 1067 5589 institua
1096 5528 1253 5587 aussi
1285 5542 1402 5586 une
1435 5525 1633 5597 espece
1662 5524 1733 5581 de
1771 5526 2015 5598 congre-

306 5625 499 5699 gation
529 5622 817 5682 d’ermites
845 5623 916 5682 de
944 5627 1130 5682 meme
1165 5637 1353 5695 genre.
1397 5617 1503 5675 Cos
1549 5616 1781 5676 ermites
1832 5617 2003 5690 prati-

2035 4500 2085 4560 D

2103 3023 2216 3081 que
2244 3024 2348 3067 suo
2386 3010 2560 3068 coetui
2605 3017 2979 3085 aggregarent
3024 3010 3509 3068 monasteriorum
3540 3008 3606 3067 B.
3638 3008 3831 3067 Bene-

2041 3096 2238 3196 Gdicti
2280 3098 2752 3196 desertores.‘_His
2792 3114 2893 3196 ora
2923 3099 3473 3196 obturabatfetrus
3503 3098 3828 3196 Damianus

2107 3190 2215 3248 hoc
2257 3205 2575 3262 responso:
2613 3189 2812 3249 Caveri
2872 3207 2905 3248 a
2953 3189 3018 3248 B.
3071 3188 3420 3275 Benedictoh
3466 3205 3539 3248 ne
3589 3188 3830 3248 abbates

2102 3279 2202 3338 alii
2234 3282 2481 3338 aliorum
2512 3280 2823 3339 monachos
2859 3279 3248 3350 admitterent,
3279 3278 3426 3338 dum
3469 3277 3683 3352 cogniti
3713 3277 3829 3336 sibi
3866 3351 3875 3359 .

2103 3374 2308 3427 mutuo
2328 3374 2520 3427 essent
2545 3364 2797 3440 (Caveat,
2835 3390 2855 3417 ι
2893 3366 3091 3441 inquit
3128 3381 3271 3439 reg,
3310 3381 3433 3439 cap.
3467 3364 3557 3437 6t,
3594 3389 3613 3414 ο
3646 3362 3829 3423 abbas

2103 3474 2175 3516 ne
2226 3456 2537 3531 aliquando
2598 3457 2668 3515 de
2724 3464 2859 3516 noto
2911 3456 3259 3515 monasterio
3341 3455 3694 3513 monachum
3752 3453 3826 3511 ad

2101 3546 2479 3606 habitandum
2532 3547 2828 3621 suscipiat,
2860 3546 2987 3605 sine
3031 3559 3326 3604 consensu
3373 3543 3603 3602 abbatis
3647 3542 3767 3613 sui)
3807 3563 3820 3602 :

2102 3638 2201 3696 sed
2276 3639 2495 3713 priores
2561 3640 3041 3699 anachoretarum
3107 3653 3183 3696 ex
3239 3636 3631 3713 prohibitione
3702 3653 3821 3697 non

2101 3727 2409 3801 implicari.
2448 3752 2469 3779 η

2173 3817 2244 3877 Χ.
2277 3818 2449 3875 Porro
2502 3818 2650 3876 hanc
2702 3818 2888 3893 ipsam
2941 3816 3274 3876 communis
3327 3816 3579 3875 instituti
3635 3817 3817 3876 socie-

2102 3912 2293 3978 tatem,
2320 3922 2394 3965 ne
2438 3907 2559 3981 ipse
2596 3907 2834 3982 quidem
2867 3907 3071 3965 Petrus
3098 3906 3427 3965 Damianus
3468 3904 3621 3963 inter
3647 3922 3728 3978 se,
3762 3913 3819 3966 et

2103 3995 2161 4056 S.
2196 3995 2505 4055 Bomualdi
2535 3996 2847 4070 discipulos
2878 3995 3267 4055 intercessisse
3283 3993 3591 4066 ditﬁtetur;
3623 3993 3814 4055 enim-

2098 4102 2235 4145 vero
2258 4087 2321 4145 in
2342 4087 2574 4161 prologo
2594 4086 2744 4146 Vita
2775 4087 3036 4160 ejusdem
3064 4086 3245 4145 sancti
3272 4086 3458 4144 Patris
3479 4085 3812 4159 Bomualdi,

2100 4181 2164 4233 ut
2211 4192 2273 4234 se
2322 4176 2396 4234 ab
2437 4177 2702 4250 egregiis,
2731 4177 2835 4251 qui
2881 4175 3214 4250 superstites
3251 4181 3431 4247 erant,
3474 4176 3655 4235 sancti
3702 4176 3815 4236 viri

2097 4264 2397 4340 discipulis
2445 4268 2810 4340 compulsum
2857 4266 2928 4325 ad
2967 4265 3091 4339 ejus
3120 4271 3276 4340 gesta
3313 4265 3816 4324 commemoranda

2098 4353 2402 4427 signiticet,
2462 4378 2483 4407 α
2537 4357 2873 4425 multorum,
2934 4355 3164 4428 inquit,
3221 4354 3465 4414 fratrum
3522 4356 3813 4429 precibus,

2100 4451 2156 4502 et
2200 4460 2474 4519 germana
2520 4447 2794 4505 charitate
2839 4444 3163 4515 devinctus,
3213 4445 3369 4519 quod
3419 4444 3490 4502 de
3540 4445 3813 4518 pra'dicto

2104 4533 2357 4593 mirabili
2391 4535 2514 4594 viro
2536 4535 2609 4594 ab
2639 4534 2883 4609 egregiis
2902 4536 3028 4609 ejus
3056 4532 3359 4608 discipulis
3391 4532 3591 4605 didici,
3619 4549 3815 4607 aggre-

2102 4625 2250 4699 diar,
2301 4627 2419 4686 Deo
2475 4634 2723 4698 auctore,
2778 4626 3137 4696 describere;
3192 4646 3221 4681 »
3281 4624 3566 4683 nimirum
3613 4624 3814 4684 eodem

2104 4718 2404 4793 religionis
2469 4719 2683 4778 fadere
2731 4735 2790 4778 se
2836 4719 2953 4777 illis
2996 4715 3377 4790 conjunctum
3425 4716 3811 4786 considerans,

2102 4824 2217 4883 quo
2250 4831 2277 4864 «
2307 4809 2568 4882 germani
2599 4816 2655 4867 et
2684 4810 2886 4868 fratres
2921 4829 2947 4863 »
2991 4807 3064 4866 ab
3097 4807 3299 4867 eodem
3338 4812 3499 4881 patre
3528 4807 3812 4881 progeniti

2103 4898 2312 4957 debent
2353 4899 2606 4957 invicem
2644 4896 2998 4973 quibusdam
3029 4898 3243 4957 amoris
3281 4901 3339 4956 et
3368 4896 3665 4957 charitatis
3692 4896 3816 4955 vin-

2103 4990 2252 5050 culis
2275 4990 2524 5063 alligari.
2726 5054 2733 5062 ο

2173 5078 2272 5137 ΧΙ.
2329 5079 2637 5153 Reciproce
2706 5094 2843 5136 vero
2902 5093 2937 5135 a
2991 5078 3203 5137 nostris
3265 5072 3811 5135 Camaldulensibus

2101 5168 2444 5227 Avellanita
2500 5167 2611 5243 ipsi
2668 5175 2731 5228 ut
2787 5192 2807 5220 ι
2868 5169 3090 5241 fratres,
3122 5192 3144 5219 ι
3203 5168 3404 5240 habiti,
3435 5173 3489 5225 et
3537 5173 3806 5239 tanquam

2100 5264 2357 5329 cngnata
2432 5257 2628 5329 stirpis
2682 5273 2714 5315 a
2768 5258 3137 5328 Romualdo,
3198 5256 3360 5314 velut
3425 5271 3458 5312 a
3511 5256 3806 5314 communi

2102 5354 2304 5407 trunco
2360 5353 2704 5421 propagata,
2738 5351 2999 5421 germina
3055 5345 3400 5403 considerati
3449 5351 3604 5416 sunt,
3632 5348 3803 5403 etiam

2098 5443 2399 5513 postquam
2451 5437 2523 5494 ab
2574 5436 2864 5495 eremitica
2918 5433 3222 5507 disciplina
3274 5434 3346 5491 ad
3407 5433 3802 5493 canobiticam

2098 5526 2593 5585 conversationem
2647 5525 2906 5585 translati
2954 5530 3109 5593 sunt,
3138 5528 3309 5596 atque
3340 5521 3440 5581 ubi
3467 5539 3500 5580 a
3526 5523 3798 5594 primava
3861 5512 3872 5524 ’

2100 5618 2160 5676 S.
2220 5615 2561 5688 Romualdi,
2620 5615 2888 5689 Petrique
2944 5612 3213 5672 Damiani
3265 5610 3627 5672 institutione
3674 5612 3795 5686 jam
