4034 6460
202 300 297 360 49'
1101 307 1680 372 PROLEGOMENA.
1713 337 1781 351 -
1817 306 1914 366 DE
1952 304 2355 367 INSTITUTO
2392 306 2823 367 CAMALDUL.
3638 311 3709 372 50

199 426 588 500 desciverant,
609 434 807 489 contra
836 430 1092 505 ejusdem
1125 435 1276 493 Petri
1304 433 1570 494 Damiani
1609 432 1914 500 monitum,
1936 431 2183 506 Aplacet
2216 431 2392 505 quod,
2427 447 2562 491 cum
2600 432 2834 491 habitus
2869 432 3399 493 Gamaldulensium
3428 451 3462 494 a
3486 436 3711 496 caeteris

196 531 313 589 quo
352 517 491 576 illos
527 522 807 593 opuscqu
844 534 969 593 XIV,
1008 525 1117 582 sub
1156 525 1329 584 tinem
1361 523 1701 599 gravissime
1729 522 1918 580 incre-

198 610 488 680 paverat:
533 633 558 657 ‹‹
595 608 722 668 Non
772 611 1082 685 itaque'ad
1128 613 1591 673 monasterialem
1638 610 1918 670 laxitudi-

202 711 337 754 nem
359 695 436 753 ab
465 700 759 759 eremitica
786 719 886 761 vos
914 703 1088 763 libeat
1108 704 1463 765 districtione
1493 703 1853 774 descendere,
1888 728 1914 752 »

203 785 261 844 in
318 788 456 859 hoc,
515 790 780 865 inquam,
837 794 1049 867 pariter
1114 801 1262 855 statu
1322 796 1691 867 Avellanitas,
1752 795 1919 869 quasi

201 890 503 949 germanae
555 880 849 940 charitatis
911 885 1318 944 communione
1380 885 1548 945 nobis
1599 883 1913 959 conjuncti,

203 965 450 1037 perinde
504 984 571 1026 ac
629 972 898 1031 monachi
955 973 1432 1034 Vallisumbrosze
1487 991 1518 1033 a
1573 974 1650 1034 S.‘
1697 974 1918 1032 Joanne

203 1053 522 1115 Gualberto
568 1058 636 1118 D.
692 1059 1000 1121 Romualdi
1056 1064 1340 1139 discipulo
1394 1064 1662 1136 instituti,
1717 1064 1918 1121 eodem

203 1145 443 1220 hospitii
494 1149 629 1222 jure
679 1150 745 1208 in
804 1151 1015 1211 nostris
1067 1154 1429 1213 monasteriis
1494 1155 1555 1214 in
1620 1153 1919 1214 refectorio

203 1235 446 1309 suscipi,
489 1237 734 1313 ejusque
772 1242 1230 1315 congregationis
1263 1243 1667 1303 defunctorum
1705 1243 1918 1301 animm

206 1323 452 1397 paribus
508 1327 851 1387 Christiana)
900 1329 1124 1405 pietatis
1168 1332 1460 1408 suifragiis
1500 1332 1725 1408 expiari
1777 1348 1917 1392 con-

207 1420 557 1487 sueverunt;
616 1432 749 1475 nam
800 1418 861 1476 in
910 1420 1420 1481 constitutionibus
1474 1438 1627 1481 anno
1688 1422 1846 1494 i253,
1884 1438 1918 1480 a

204 1503 266 1564 B.
298 1503 555 1563 Martino
601 1505 686 1565 III
729 1508 981 1579 generali
1029 1510 1220 1580 editis,
1270 1511 1373 1570 lib.
1418 1524 1502 1585 tu,
1556 1529 1679 1587 cap.
1718 1511 1806 1581 23,
1838 1512 1920 1569 sic

205 1593 554 1670 praecipitur
596 1612 610 1652 :
656 1621 682 1646 α
726 1596 1064 1671 Statuimus,
1108 1606 1172 1659 ut
1210 1601 1413 1660 fratres
1452 1602 1634 1660 nostri
1675 1600 1917 1671 ordinis,

206 1688 707 1760 Vallumbrosani,
734 1697 789 1749 et
844 1697 1051 1752 sancta}
1102 1693 1290 1751 crucis
1339 1693 1537 1752 Fontis
1595 1693 1915 1765 Avellanae,

2003 521 2452 579 monasticarum
2506 522 3017 595 congregationum
3089 523 3347 583 vestibus
3414 525 3608 595 (etiam
3674 544 3709 584 a

2003 608 2419 665 monachorum
2481 609 2694 667 montis
2755 608 3030 683 Virginis,
3087 617 3141 668 et
3195 612 3409 671 montis
3476 612 3704 685 Oliveti,

2002 694 2134 754 albo
2180 697 2369 754 colore
2414 697 2625 769 pariter
2659 698 2948 757 utentium
2986 699 3222 771 amictu)
3270 701 3379 760 hoc
3418 703 3707 777 praecipuo

2000 786 2339 845 discrimine
2381 788 2792 862 distinguatur,
2845 790 2997 864 quod
3048 805 3160 848 non
3212 793 3487 862 solutum,
3535 801 3708 868 atque

1999 877 2073 936 ab
2111 876 2374 936 humeris
2399 878 2671 953 utrinque
2701 879 2880 937 libere
2910 880 3228 938 demissum
3273 882 3568 955 scapulare
3603 897 3708 941 no-

2001 966 2103 1024 stri
2131 965 2412 1037 deferant,
2443 967 2542 1025 sed
2572 968 2680 1026 sub
2706 975 2931 1041 pectore
2960 970 3125 1029 laneo
3146 971 3384 1044 cingulo
3412 971 3705 1045 colligant,

2000 1058 2177 1132 quod,
2224 1063 2347 1131 post
2388 1059 2879 1131 expeditissimam
2925 1060 3061 1119 nodi
3099 1061 3616 1134 complicationem,
3642 1065 3707 1121 in

2000 1147 2167 1206 binas
2207 1147 2408 1207 taenias
2449 1149 2522 1207 ab
2564 1149 2836 1208 anteriori
2874 1156 3029 1223 parte
3075 1151 3390 1223 pendentes
3414 1142 3708 1223 excurrit,

1998 1238 2344 1298 Avellanitze
2367 1238 2581 1313 pariter
2621 1239 2797 1297 simili
2836 1239 3067 1312 cingulo
3100 1240 3374 1313 praeeingi
3410 1241 3707 1315 quondam

1998 1328 2366 1386 consuevisse
2409 1328 2940 1401 deprehenduntur.
2975 1327 3123 1385 Nam
3168 1342 3302 1386 cum
3346 1328 3548 1387 Petrus
3594 1328 3707 1386 Da-

2001 1416 2252 1487 mianus,
2285 1421 2340 1474 et
2367 1416 2569 1475 Albizo
2601 1416 2725 1490 ejus
2753 1432 2965 1479 comes.
2995 1417 3367 1477 Theuzonem
3407 1418 3708 1478 eremitam

2000 1504 2308 1563 Florentiae
2355 1506 2787 1576 convenientes,
2838 1507 2910 1565 ab
2960 1506 3162 1564 eodem
3208 1506 3353 1564 dure
3394 1506 3595 1576 habiti,
3645 1523 3711 1566 ac

2002 1595 2234 1654 tandem
2269 1601 2393 1670 post
2440 1594 2623 1654 multa
2657 1596 2849 1669 jurgia
2889 1595 3051 1671 ejecti
3089 1602 3245 1667 sunt,
3274 1611 3377 1669 per
3405 1596 3711 1670 cingulum

1999 1686 2198 1745 ambos
2236 1687 2625 1761 apprehensos
2672 1685 2870 1759 fuisse,
2903 1690 3142 1745 testatur
3174 1686 3328 1745 idem
3368 1686 3711 1760 Damianus,

205 1777 375 1853 quasi
407 1793 529 1837 uno
558 1778 850 1839 charitatis
877 1782 1083 1855 cilicio,
1123 1782 1553 1841 monachicum
1595 1775 2105 1855 monachis,Blib.
2164 1788 2243 1846 Vl,
2298 1792 2388 1850 ep.
2445 1777 2562 1834 30:
2617 1800 2643 1824 «
2696 1776 2974 1845 Tandem,
3029 1774 3242 1850 inquit,
3293 1791 3395 1849 per
3439 1774 3711 1833 semicin-

206 1869 480 1927 conversi
526 1884 659 1928 cum
700 1873 993 1931 conversis
1041 1871 1321 1945 hilariter,
1354 1880 1409 1932 et
1448 1874 1699 1946 benigne
1736 1872 1914 1931 susci-

206 1957 453 2031 piantur
478 1974 511 2016 a
540 1959 720 2017 nostri
759 1959 978 2020 ordinis
1013 1961 1266 2035 prmlalis
1304 1970 1358 2021 et
1397 1963 1644 2022 subditis
1680 1962 1918 2020 univer-

210 2046 306 2105 sis.
347 2072 373 2096 ιι
409 2048 482 2106 Et
510 2064 713 2107 rursus
749 2064 901 2108 anno
945 2051 1098 2123 1372,
1131 2051 1225 2111 die
1267 2052 1334 2110 27
1372 2051 1528 2123 Maii,
1564 2052 1624 2109 in
1669 2051 1919 2124 capitulo

209 2136 491 2209 generali,
522 2138 675 2210 quod
716 2139 1065 2198 celebratum
1100 2149 1185 2199 est
1232 2142 1294 2199 in
1338 2140 1683 2201 monasterio
1726 2140 1781 2200 S.
1810 2140 1917 2199 Mi-

210 2224 427 2284 chaelis
477 2224 542 2283 in
590 2225 787 2299 Burgo
833 2226 1121 2300 Pisarum,
1159 2229 1499 2302 praesidente
1547 2230 1769 2289 Joanne
1815 2229 1917 2300 III,

208 2313 487 2386 generali,
513 2314 804 2373 decretum
831 2323 933 2387 est,
973 2339 993 2369 ε
1030 2324 1095 2376 ut
1123 2319 1393 2377 monachi
1420 2318 1920 2389 Vallisumbrosm,

209 2409 263 2461 et
318 2403 379 2463 S.
435 2406 624 2465 crucis
683 2406 753 2465 de
802 2407 1103 2481 Avellana,
1134 2416 1247 2468 tam
1300 2411 1360 2469 in
1414 2427 1606 2470 eremo
1643 2427 1819 2485 quam
1858 2409 1920 2467 in

2005 1864 2113 1923 tias
2150 1866 2416 1939 correpti
2465 1866 2749 1925 violenter
2795 1866 3185 1924 excludimur.
3236 1888 3257 1917 π
3310 1864 3509 1940 Itaque
3551 1865 3715 1924 nulla

2006 1959 2127 2011 erat
2172 1955 2633 2013 Avellanitarum
2676 1962 2732 2012 et
2783 1954 3315 2013 Camaldulensium
3362 1953 3711 2025 indumenti,

2002 2042 2157 2101 unde
2188 2047 2242 2100 et
2270 2042 2433 2099 nulla
2466 2043 2620 2111 vitae,
2654 2041 2818 2100 nulla
2845 2040 3115 2113 instituti,
3146 2040 3309 2099 nulla
3343 2041 3713 2114 professionis

2002 2133 2216 2203 pariter
2240 2129 2569 2188 diiierentia
2599 2128 2903 2187 censenda.
3472 2140 3495 2147 ‘

2073 2218 2230 2277 XIII.
2264 2218 2558 2292 Quidquid
2600 2225 2788 2276 tamen
2828 2219 2901 2276 sit
2939 2217 3011 2274 de
3050 2217 3181 2275 aliis
3221 2216 3419 2275 Fontis
3448 2216 3716 2276 Avellani

2001 2308 2278 2381 alumnis,
2315 2314 2467 2367 certe
2494 2310 2556 2366 in
2588 2308 2752 2367 Petro
2782 2308 3064 2367 Damiano
3109 2308 3293 2380 potior
3325 2308 3493 2381 longe
3538 2324 3715 2381 quam

2004 2399 2065 2457 in
2109 2398 2352 2468 caeteris,
2392 2398 2538 2455 ratio
2583 2398 2817 2466 relucet,
2851 2414 2953 2456 cur
2986 2397 3055 2455 ad
3087 2394 3589 2456 Camaldulensem
3617 2414 3714 2456 or-

214 2494 578 2553 monasteriis
626 2496 848 2556 ordinis
902 2498 1253 2572 recipiantur
1294 2500 1354 2557 in
1408 2501 1601 2569 choro,
1664 2505 1719 2559 et
1782 2499 1916 2558 refe-

2081 2506 2223 2562 iem,
2272 2489 2394 2548 sive
2440 2489 2511 2547 ad
2563 2488 2628 2549 D.
2682 2488 2991 2548 Romualdi
3043 2488 3379 2546 institutum
3430 2487 3717 2562 pertinere

208 2582 405 2651 ctorio,
443 2598 508 2639 ac
563 2583 613 2641 si
668 2590 860 2642 essent
914 2586 1135 2645 ordinis
1192 2587 1669 2659 Camaldulensis,
1711 2592 1767 2646 et
1821 2603 1922 2646 eo-

2002 2578 2327 2637 censendus
2378 2578 2489 2651 sit;
2532 2579 2624 2638 vel
2668 2579 2854 2652 primo
2899 2577 3037 2651 quia
3086 2578 3419 2636 immediate
3467 2579 3541 2636 ab
3590 2580 3714 2653 ipso

212 2673 479 2731 rumdem
516 2672 791 2731 ordinum
820 2674 1039 2749 brevia,
1077 2701 1102 2725 η
1135 2676 1193 2734 id
1222 2684 1307 2735 est
1336 2677 1643 2753 diptychag,
1676 2678 1920 2735 fratrum
2006 2668 2064 2728 S.
2099 2669 2160 2727 P.
2191 2668 2516 2728 Romualdo
2561 2673 2684 2737 (aut
2731 2676 2881 2727 certe
2924 2668 3316 2726 mediantibus
3363 2669 3490 2742 ejus
3537 2668 3717 2728 disci-

213 2760 616 2820 defunctorum
646 2763 881 2822 nomina
905 2763 1249 2836 indicantes,
1282 2791 1306 2814 ‹‹
1347 2782 1445 2839 per
1476 2767 1919 2825 breviferarium
2002 2760 2177 2836 pulis)
2209 2762 2519 2820 eremiticze
2550 2761 2685 2819 vitas
2713 2760 3083 2831 rudimentis,
3112 2775 3244 2835 quae
3266 2761 3632 2835 postmodum
3652 2762 3716 2821 in

213 2852 430 2911 ordinis
479 2853 893 2928 deferantur,»
951 2863 1055 2914 etc.
1116 2858 1329 2915 Actum
1395 2872 1574 2915 manu
1635 2857 1922 2916 Leonardi
2003 2852 2146 2910 alios
2197 2851 2472 2925 erogavit,
2506 2851 2825 2909 instructus
2878 2850 3066 2910 fuerit.
3124 2850 3286 2909 Unde
3351 2851 3714 2909 reverendis-

213 2942 347 3000 olim
389 2942 681 3002 Fraucisci
721 2942 791 3001 de
829 2943 1136 3004 Castilione
1173 2946 1414 3004 Aretino
1450 2945 1659 3005 notarii
1693 2951 1749 3004 et
1782 2947 1920 3005 scri-
2004 2944 2189 3002 simus
2214 2942 2392 3000 abbas
2423 2941 2488 2999 D.
2524 2939 2825 2999 Secundus
2872 2938 3240 2997 Lancellotus
3278 2937 3617 2999 Olivetanus
3654 2938 3715 2998 in

211 3033 299 3092 bas
326 3033 610 3107 deputati,
647 3050 722 3092 ex
753 3035 998 3094 arehivii
1037 3035 1499 3095 Camaldulensis
1536 3035 1684 3095 libro
1722 3036 1790 3096 Β.
1834 3036 1917 3106 l8,
2005 3047 2127 3091 sua)
2171 3030 2632 3105 congregationis
2662 3029 2915 3088 Historia
2952 3028 3051 3087 lib.
3088 3040 3147 3099 II,
3177 3044 3300 3102 cap.
3325 3027 3415 3100 22,
3450 3028 3520 3086 de
3552 3029 3714 3087 Petro

210 3122 297 3195 80,
346 3123 590 3197 ejusque
653 3122 844 3183 indice
908 3126 938 3198 §
1007 3126 1249 3190 Statum,
1316 3141 1444 3199 pag.
1516 3126 1570 3197 2,
1630 3141 1796 3184 num.
1864 3122 2283 3216 9.0Damiano
2311 3122 2430 3180 ait:
2467 3120 2825 3216 «Audiit-in
2870 3134 2929 3176 re
2976 3118 3714 3216 monasticaBomu‘aldum

208 3211 395 3282 Quare
449 3211 638 3269 multo
687 3211 887 3285 magis,
918 3212 1058 3271 dum
1116 3211 1419 3287 pristinam
1467 3213 1656 3273 adhuc
1707 3207 2539 3274 eremi-“Camaldulensium
2614 3208 3023 3279 institutorem,
3074 3214 3130 3265 et
3210 3208 3398 3280 primo
3473 3207 3715 3266 Fontem

208 3304 337 3362 ticas
367 3302 504 3361 vitae
532 3303 797 3375 formam,
828 3304 1122 3378 adquam,
1156 3320 1229 3363 ex
1262 3304 1571 3365 Romualdi
1594 3307 1913 3380 praeceptis,
2003 3306 2345 3365 Avellanam
2384 3303 2686 3373 habitavit,
2730 3301 2829 3359 ubi
2878 3316 3013 3359 cum
3050 3315 3259 3374 magna
3296 3300 3714 3359 monachorum

204 3409 308 3467 per
343 3392 413 3451 B.
444 3391 683 3451 Petrum
728 3392 1072 3464 Damianum
1114 3392 1462 3454 Avellanita:
1499 3394 1751 3454 instituti
1788 3396 1916 3455 fue-

206 3489 359 3553 rant,
404 3481 818 3555 sequebantur,
862 3498 963 3555 pro
1020 3483 1231 3542 similis
1274 3482 1597 3558 disciplinae
1634 3484 1915 3544 consorti-

201 3570 313 3629 bus
347 3571 552 3629 haberi
584 3570 736 3645 apud
763 3570 1231 3631 Gamaldulenses
1267 3574 1655 3633 merebantur.

270 3660 403 3719 XII.
441 3659 627 3731 quue
661 3676 728 3718 eo
760 3659 963 3736 magis,
991 3677 1066 3718 ex
1107 3677 1223 3736 quo
1257 3662 1719 3722 Avellanitarum
1761 3670 1916 3725 vete-

202 3766 338 3809 rum
404 3750 659 3818 habitus,
693 3757 747 3808 et
799 3750 1018 3809 colores
1071 3758 1125 3809 et
1181 3751 1389 3824 forma,
1423 3768 1560 3811 cum
1616 3751 1919 3814 Camaldu—

201 3841 459 3899 lensium
516 3839 721 3899 habitu
771 3838 1002 3914 penitus
1055 3841 1407 3900 conveniret.
1461 3842 1795 3915 Enimvero,
1852 3852 1917 3903 ut

2001 3396 2095 3454 vel
2150 3394 2520 3454 eremitarum
2568 3390 2891 3466 frequentia
2940 3389 3154 3449 multos
3199 3405 3381 3448 annos
3434 3389 3710 3461 extraxit,

2001 3482 2127 3545 tum
2182 3482 2509 3557 Stephanus
2566 3481 2645 3540 IX
2717 3487 3170 3557 purpuratorum
3231 3478 3470 3552 collegio
3520 3493 3718 3553 aggre-

1999 3576 2188 3650 gavit;
2238 3599 2258 3629 »
2304 3575 2395 3633 vel
2442 3573 2696 3634 secundo
2748 3574 2885 3648 quia
2941 3573 3127 3647 reipsa
3173 3572 3235 3631 in
3286 3571 3716 3630 Camaldulensi

2000 3683 2194 3727 eremo
2255 3665 2597 3742 aliquandiu
2652 3670 2707 3723 et
2760 3666 2882 3739 ipse
2945 3664 3177 3733 vixerit,
3237 3678 3311 3720 ex
3370 3660 3713 3734 conjecturis

2000 3756 2229 3815 dissert.
2259 3768 2344 3828 III,
2374 3771 2497 3828 cap.
2528 3756 2584 3825 2,
2620 3770 2782 3813 num.
2813 3754 2869 3819 8,
2895 3752 3194 3821 adductis;
3221 3750 3436 3824 quibus
3473 3750 3710 3822 accedit,

2001 3846 2155 3919 quod
2195 3845 2482 3903 Antonius
2522 3843 2702 3901 Maria
2733 3842 3079 3913 Bonuecius,
3110 3840 3415 3914 Ephemer.
3458 3839 3708 3899 Euchar.

202 3931 435 3989 dissert.
486 3942 571 4001 III,
598 3944 720 4002 cap.
748 3929 803 4002 2,
837 3946 1000 3989 num.
1032 3930 1066 3989 9
1110 3935 1165 3989 et
1212 3930 1276 3990 10
1320 3932 1698 4003 ostendimus,
1748 3933 1917 3992 albus
2001 3939 2138 3994 tom.
2185 3935 2233 4005 Ι,
2271 3933 2342 3992 ad
2386 3933 2540 3991 diem
2583 3931 2651 3988 22
2691 3931 2994 3990 Februarii
3042 3946 3311 4006 expresse
3354 3931 3558 3989 asserit
3606 3930 3712 3990 Pe-

201 4019 360 4079 eolor
411 4020 748 4079 monasticis
796 4036 999 4080 eorum
1034 4022 1290 4080 vestibus
1333 4022 1689 4083 conveniens
1717 4041 1791 4083 ex
1819 4041 1917 4083 an-
2000 4031 2153 4083 trum
2212 4022 2561 4081 Damianum
2627 4019 3007 4081 cardinalitiee
3089 4019 3357 4093 dignitati
3432 4018 3711 4078 nuntium

201 4108 383 4183 tiquis
426 4109 823 4167 monumentis
859 4110 1108 4183 aliisque
1147 4110 1338 4184 probis
1366 4112 1699 4171 auctoribus
1731 4113 1916 4174 dedu-
2000 4113 2291 4172 remittere
2329 4111 2606 4184 voluisse,
2643 4136 2669 4160 ‹‹
2699 4116 2764 4169 ut
2792 4110 2861 4168 ad
2895 4124 3062 4168 suam
3100 4124 3361 4167 eremum
3400 4106 3711 4166 Gamaldu-

199 4199 375 4268 citur,
408 4196 654 4271 ipsomet
700 4196 864 4255 Petro
910 4196 1209 4270 Damiano,
1253 4206 1387 4257 tom.
1423 4199 1468 4269 Ι,
1505 4198 1606 4258 lib.
1634 4212 1714 4271 VI,
1746 4201 1910 4275 epist.
1999 4203 2220 4262 lensem
2272 4200 2503 4260 rediret.
2559 4222 2578 4253 ι
2624 4200 2790 4259 Unde
2835 4206 2959 4258 tum
3003 4203 3155 4267 ante,
3208 4204 3330 4256 tum
3378 4204 3504 4271 post
3546 4196 3709 4255 abdi-

203 4285 685 4360 1-i,Mainardum
736 4287 999 4347 abbatem
1044 4296 1439 4360 monente,ne
1474 4292 1670 4350 album
1718 4307 1913 4351 mona-
1996 4298 2181 4351 catam
2242 4306 2580 4366 purpuram,
2643 4288 2942 4364 probabile
3006 4294 3092 4345 est
3154 4285 3322 4345 illum
3392 4286 3454 4344 in
3520 4304 3711 4348 eremo

199 4380 448 4438 chorum
480 4378 779 4449 amictum,
809 4385 1004 4453 utpote
1046 4379 1246 4452 vilem,
1280 4380 1615 4455 despiceret,
1646 4384 1914 4459 exemplo
1996 4380 2422 4441 Camaldulensi
2481 4385 2776 4439 versatum
2835 4393 2989 4447 esse;
3048 4376 3143 4435 vel
3214 4375 3466 4452 denique
3524 4377 3705 4448 tertio,

202 4469 441 4538 Christi,
467 4467 571 4544 qui
598 4485 659 4528 se
686 4494 710 4522 α
744 4475 900 4528 veste
938 4471 1068 4529 alba
1100 4497 1126 4522 ››
1161 4470 1333 4531 illudi
1359 4473 1431 4532 ab
1458 4474 1685 4533 Herode
1714 4492 1915 4549 passus

201 4565 310 4631 est,
339 4566 406 4618 ut
444 4558 673 4617 dissert.
708 4572 770 4618 ιιι
817 4560 936 4631 cit.,
969 4576 1091 4635 cap.
1144 4561 1198 4631 2,
1229 4577 1395 4621 num.
1451 4564 1504 4635 7,
1540 4564 1908 4636 notavimus;

201 4663 310 4707 nec
376 4663 494 4706 non
571 4646 736 4706 Petro
808 4647 1131 4721 Ricordato,
1208 4649 1483 4710 Silvestre
1559 4652 1911 4728 Maurolyco,

207 4735 390 4796 Paulo
441 4734 705 4811 Morigia,
754 4737 1129 4798 Constantino
1182 4738 1470 4815 Cajetano,
1518 4748 1573 4800 et
1622 4743 1910 4803 chronista

199 4825 585 4886 Beuedictino
613 4828 764 4901 apud
804 4828 1071 4887 eumdem
1107 4829 1169 4887 in
1202 4829 1645 4905 prolegomenis,
1684 4837 1824 4891 tom.
1862 4834 1910 4909 I,

200 4929 359 4989 oper.
414 4914 477 4973 B.
513 4914 663 4974 Petri
713 4916 1000 4989 Daiuiani,
1047 4917 1118 4976 de
1169 4919 1636 4978 Avellanitarum
1694 4923 1911 4995 tunica,

201 5003 513 5079 scapulari,
555 5010 611 5062 et
658 5004 883 5064 cuculla
923 5005 1157 5080 penitus
1202 5006 1333 5065 alba
1385 5006 1778 5067 testimonium
1825 5011 1910 5069 fe-

200 5095 499 5165 rentibus;
561 5094 703 5154 adeo
761 5102 829 5153 ut
876 5096 1045 5168 juxta
1104 5095 1342 5155 citatum
1383 5096 1708 5169 Morigiam,
1758 5098 1907 5161 Hist.

198 5188 392 5263 relig.,
425 5202 550 5262 cap.
584 5188 671 5258 58,
706 5204 781 5247 ex
812 5188 1000 5247 abusu
1031 5187 1315 5248 duntaxat
1343 5188 1728 5264 posteriorum
1762 5199 1909 5250 tem-

198 5294 405 5353 porum
452 5277 757 5337 inductum
795 5279 968 5337 fuerit
1008 5278 1324 5338 caeruleum
1354 5279 1619 5354 pallium,
1651 5295 1769 5356 quo
1796 5297 1909 5340 nu-

196 5367 449 5442 perrime
501 5368 749 5427 cucullze
799 5369 921 5428 loco
975 5368 1306 5428 utebantur.
1363 5369 1524 5440 Quod
1586 5371 1908 5444 conﬁrmat,

197 5465 450 5515 veterem
477 5457 736 5531 ipsorum
775 5457 1039 5516 habitum
1069 5455 1208 5516 olim
1249 5466 1443 5517 nostro
1482 5458 1911 5519 Camaldulensi

199 5546 458 5620 afﬁnem,
481 5548 720 5623 suisque
764 5548 1036 5609 omnibus
1070 5548 1330 5624 partibus
1367 5555 1479 5608 tam
1515 5549 1701 5609 colore
1731 5566 1908 5624 quam

210 5638 394 5697 forma
441 5637 977 5713 correspondentem
1014 5651 1251 5714 prorsus
1289 5637 1470 5699 fuisse
1499 5655 1512 5697 :
1544 5638 1662 5697 imo
1701 5637 1910 5699 addere

1998 4471 2137 4546 quia
2187 4470 2250 4528 in
2301 4468 2431 4527 aliis
2486 4467 2848 4529 monasteriis
2884 4482 2918 4524 a
2954 4464 3011 4526 S.
3054 4465 3117 4524 P.
3158 4464 3480 4525 Romualdo
3520 4466 3708 4524 aedifi-

2000 4560 2160 4629 catis,
2221 4558 2314 4617 vel
2370 4559 2441 4618 ad
2495 4557 2819 4630 regularem
2867 4554 3293 4616 observantiam
3355 4553 3707 4627 compositis,

1999 4648 2179 4707 vitam
2220 4663 2385 4707 suam
2428 4648 2747 4706 Damianus
2803 4643 3144 4704 traduxerit.
3184 4641 3364 4713 Quod,
3406 4641 3547 4717 quia
3585 4642 3711 4703 lon-

2002 4736 2148 4811 giori
2195 4736 2529 4795 tractatione
2576 4734 2817 4807 indiget,
2846 4733 2919 4791 ad
2969 4729 3265 4804 sequentis
3298 4728 3499 4803 capitis
3533 4745 3707 4805 argu-

2002 4834 2263 4888 mentum
2294 4824 2700 4886 reservabitur.

2672 4940 2915 5003 CAPUT
2944 4940 3041 4999 VI.

1999 5045 2064 5100 B.
2118 5042 2308 5096 Petrus
2367 5038 2671 5093 Damianus
2722 5036 2865 5089 inter
2914 5034 2973 5089 S.
3032 5033 3325 5089 Romualdi
3388 5029 3704 5098 discipulos,

2075 5117 2240 5182 atque
2268 5113 2327 5165 in
2356 5109 2597 5178 ejusdem
2627 5107 2970 5162 monasteriis
2993 5108 3341 5177 potissimum
3377 5103 3539 5155 vixit.

2004 5207 2403 5280 SYNOBSIS._—
2457 5201 2539 5280 De
2582 5199 2964 5280 Avellanensi
2997 5204 3052 5257 et
3075 5195 3465 5280 .Pomposiano
3508 5208 3709 5274 mona-

2072 5278 2265 5343 sterio,
2305 5274 2369 5332 in
2416 5273 2628 5347 quibus
2678 5271 2878 5329 Petrus
2924 5270 3241 5347 Damianus
3281 5270 3467 5347 vixit,_
3504 5270 3708 5347 regnis-

2072 5350 2212 5407 sive.
2240 5336 2473 5418 Num.{.
2503 5345 2566 5402 In
2591 5414 2598 5418 _
2622 5340 3081 5418 _monasterio_$.
3109 5338 3399 5418 Vincent‘ii
3431 5337 3508 5418 de
3548 5336 3713 5418 Petra

2107 5426 2300 5479 ertusa
2357 5414 2717 5491 Bomualdus
2778 5429 2923 5491 cum
2981 5409 3305 5491 discipulis"
3349 5408 3587 5491 habitat.

2103 5492 2295 5551 bidem
2366 5479 3212 5561 Pet_rus__Dam_ianusﬁVitam_
3271 5479 3329 5540 S.
3402 5479 3713 5561 Bo‘muualdi

2071 5551 2317 5637 scripsit.
2357 5559 2534 5637 3_.‘Ex
2584 5557 2715 5637 Vita
2733 5556 2909 5637 _Betri
2949 5552 3500 5637 Damianimconstat
3541 5551 3712 5637 illum

2069 5621 2545 5694 adr‘coeuobium
2610 5630 2668 5689 S.
2733 5624 3022 5687 Vincentii
3078 5624 3419 5685 constitisse.
3457 5624 3511 5683 4.
3551 5621 3713 5683 Idem
