  <div class='ocr_page' id='page_1' title='image "/cluster/home/n/w/nwhite01/storage/ocr_20150623/144/umn.31951002477437p/043.png"; bbox 0 0 4034 6506; ppageno 0'>
   <div class='ocr_carea' id='block_1_1' title="bbox 339 348 404 409">
    <p class='ocr_par' dir='ltr' id='par_1_1' title="bbox 339 348 404 409">
     <span class='ocr_line' id='line_1_1' title="bbox 339 348 404 409; baseline 0.015 -1"><span class='ocrx_word' id='word_1_1' title='bbox 339 348 404 409; x_wconf 72' lang='grc'><strong>51</strong></span> 
     </span>
    </p>
   </div>
   <div class='ocr_carea' id='block_1_2' title="bbox 1256 338 2931 406">
    <p class='ocr_par' dir='ltr' id='par_1_2' title="bbox 1256 338 2931 406">
     <span class='ocr_line' id='line_1_2' title="bbox 1256 338 2931 406; baseline -0.005 0"><span class='ocrx_word' id='word_1_2' title='bbox 1256 346 1315 406; x_wconf 95' lang='grc'>8.</span> <span class='ocrx_word' id='word_1_3' title='bbox 1362 344 1654 404; x_wconf 82' lang='lat' dir='ltr'>PETBUS</span> <span class='ocrx_word' id='word_1_4' title='bbox 1693 341 2085 404; x_wconf 86' lang='lat' dir='ltr'>DAMIANUS</span> <span class='ocrx_word' id='word_1_5' title='bbox 2125 341 2185 403; x_wconf 91' lang='lat' dir='ltr'>S.</span> <span class='ocrx_word' id='word_1_6' title='bbox 2227 342 2298 401; x_wconf 78' lang='grc' dir='ltr'>Β.</span> <span class='ocrx_word' id='word_1_7' title='bbox 2341 343 2407 400; x_wconf 87' lang='grc' dir='ltr'><strong>Ε.</strong></span> <span class='ocrx_word' id='word_1_8' title='bbox 2449 338 2931 401; x_wconf 78' lang='lat' dir='ltr'>CABDINALIS.</span> 
     </span>
    </p>
   </div>
   <div class='ocr_carea' id='block_1_3' title="bbox 3778 345 3846 404">
    <p class='ocr_par' dir='ltr' id='par_1_3' title="bbox 3778 345 3846 404">
     <span class='ocr_line' id='line_1_3' title="bbox 3778 345 3846 404; baseline -0.029 0"><span class='ocrx_word' id='word_1_9' title='bbox 3778 345 3846 404; x_wconf 72' lang='lat'>5‘2.</span> 
     </span>
    </p>
   </div>
   <div class='ocr_carea' id='block_1_4' title="bbox 421 466 3843 546">
    <p class='ocr_par' dir='ltr' id='par_1_4' title="bbox 421 466 3843 546">
     <span class='ocr_line' id='line_1_4' title="bbox 421 466 3843 546; baseline -0.001 -12"><span class='ocrx_word' id='word_1_10' title='bbox 421 473 653 534; x_wconf 88' lang='lat' dir='ltr'>habitus</span> <span class='ocrx_word' id='word_1_11' title='bbox 698 475 758 533; x_wconf 91' lang='lat' dir='ltr'>in</span> <span class='ocrx_word' id='word_1_12' title='bbox 808 471 1173 546; x_wconf 87' lang='lat' dir='ltr'>monasterio,</span> <span class='ocrx_word' id='word_1_13' title='bbox 1201 477 1375 546; x_wconf 88' lang='lat' dir='ltr'>atque</span> <span class='ocrx_word' id='word_1_14' title='bbox 1420 473 1484 531; x_wconf 92' lang='lat' dir='ltr'>in</span> <span class='ocrx_word' id='word_1_15' title='bbox 1517 470 1909 546; x_wconf 22' lang='lat' dir='ltr'>,Avellanensi</span> <span class='ocrx_word' id='word_1_16' title='bbox 1957 469 2059 546; x_wconf 83' lang='lat' dir='ltr'>de—</span> <span class='ocrx_word' id='word_1_17' title='bbox 2082 470 2252 528; x_wconf 84' lang='lat' dir='ltr'>Aetc.</span> <span class='ocrx_word' id='word_1_18' title='bbox 2296 475 2372 540; x_wconf 90' lang='lat' dir='ltr'>et,</span> <span class='ocrx_word' id='word_1_19' title='bbox 2405 483 2528 543; x_wconf 88' lang='lat' dir='ltr'>cap.</span> <span class='ocrx_word' id='word_1_20' title='bbox 2558 468 2649 537; x_wconf 86' lang='lat'>57,</span> <span class='ocrx_word' id='word_1_21' title='bbox 2680 466 2951 526; x_wconf 85' lang='lat' dir='ltr'>meminit</span> <span class='ocrx_word' id='word_1_22' title='bbox 2994 467 3107 527; x_wconf 91' lang='lat' dir='ltr'>BB.</span> <span class='ocrx_word' id='word_1_23' title='bbox 3144 469 3453 529; x_wconf 90' lang='lat' dir='ltr'>Gaudentii</span> <span class='ocrx_word' id='word_1_24' title='bbox 3496 474 3553 528; x_wconf 93' lang='lat' dir='ltr'>et</span> <span class='ocrx_word' id='word_1_25' title='bbox 3593 469 3843 543; x_wconf 88' lang='lat' dir='ltr'>Berardi,</span> 
     </span>
    </p>
   </div>
   <div class='ocr_carea' id='block_1_5' title="bbox 413 541 2046 617">
    <p class='ocr_par' dir='ltr' id='par_1_5' title="bbox 413 541 2046 617">
     <span class='ocr_line' id='line_1_5' title="bbox 413 541 2046 617; baseline -0.004 -12"><span class='ocrx_word' id='word_1_26' title='bbox 413 547 702 617; x_wconf 74' lang='lat' dir='ltr'>gentibus.</span> <span class='ocrx_word' id='word_1_27' title='bbox 762 546 813 604; x_wconf 90' lang='grc'>5.</span> <span class='ocrx_word' id='word_1_28' title='bbox 872 544 1131 615; x_wconf 84' lang='lat' dir='ltr'>Candidi,</span> <span class='ocrx_word' id='word_1_29' title='bbox 1161 541 1220 601; x_wconf 87' lang='lat' dir='ltr'>et</span> <span class='ocrx_word' id='word_1_30' title='bbox 1274 541 1391 603; x_wconf 84' lang='lat' dir='ltr'>albi</span> <span class='ocrx_word' id='word_1_31' title='bbox 1426 544 1653 617; x_wconf 73' lang='lat' dir='ltr'>coloris</span> <span class='ocrx_word' id='word_1_32' title='bbox 1704 541 2046 617; x_wconf 67' lang='lat' dir='ltr'>differentia.</span> 
     </span>
    </p>
   </div>
   <div class='ocr_carea' id='block_1_6' title="bbox 410 614 2051 678">
    <p class='ocr_par' dir='ltr' id='par_1_6' title="bbox 410 614 2051 678">
     <span class='ocr_line' id='line_1_6' title="bbox 410 614 2051 678; baseline -0.005 -1"><span class='ocrx_word' id='word_1_33' title='bbox 410 614 555 677; x_wconf 76' lang='lat' dir='ltr'>Ibid.</span> <span class='ocrx_word' id='word_1_34' title='bbox 585 619 810 678; x_wconf 80' lang='lat' dir='ltr'>Rursus</span> <span class='ocrx_word' id='word_1_35' title='bbox 839 618 911 675; x_wconf 90' lang='lat' dir='ltr'>ad</span> <span class='ocrx_word' id='word_1_36' title='bbox 937 617 1089 674; x_wconf 90' lang='lat' dir='ltr'>idem</span> <span class='ocrx_word' id='word_1_37' title='bbox 1119 614 1541 674; x_wconf 83' lang='lat' dir='ltr'>monasterium</span> <span class='ocrx_word' id='word_1_38' title='bbox 1586 614 1786 672; x_wconf 83' lang='lat' dir='ltr'>Petrus</span> <span class='ocrx_word' id='word_1_39' title='bbox 1817 614 2051 671; x_wconf 89' lang='lat' dir='ltr'>Damia-</span> 
     </span>
    </p>
   </div>
   <div class='ocr_carea' id='block_1_7' title="bbox 415 685 2047 751">
    <p class='ocr_par' dir='ltr' id='par_1_7' title="bbox 415 685 2047 751">
     <span class='ocr_line' id='line_1_7' title="bbox 415 685 2047 751; baseline -0.004 -4"><span class='ocrx_word' id='word_1_40' title='bbox 415 706 533 747; x_wconf 88' lang='lat' dir='ltr'>nus</span> <span class='ocrx_word' id='word_1_41' title='bbox 604 690 873 748; x_wconf 78' lang='lat' dir='ltr'>mittitur.</span> <span class='ocrx_word' id='word_1_42' title='bbox 931 689 983 746; x_wconf 89' lang='lat'>6.</span> <span class='ocrx_word' id='word_1_43' title='bbox 1040 687 1191 745; x_wconf 89' lang='lat' dir='ltr'>Aliis</span> <span class='ocrx_word' id='word_1_44' title='bbox 1250 687 1475 744; x_wconf 85' lang='lat' dir='ltr'>vicibus</span> <span class='ocrx_word' id='word_1_45' title='bbox 1530 685 1748 743; x_wconf 90' lang='lat' dir='ltr'>ibidem</span> <span class='ocrx_word' id='word_1_46' title='bbox 1814 685 2047 751; x_wconf 82' lang='lat' dir='ltr'>habitat,</span> 
     </span>
    </p>
   </div>
   <div class='ocr_carea' id='block_1_8' title="bbox 417 756 2052 837">
    <p class='ocr_par' dir='ltr' id='par_1_8' title="bbox 417 756 2052 837">
     <span class='ocr_line' id='line_1_8' title="bbox 417 756 2052 837; baseline -0.004 -18"><span class='ocrx_word' id='word_1_47' title='bbox 417 761 659 837; x_wconf 73' lang='lat' dir='ltr'>ejusque</span> <span class='ocrx_word' id='word_1_48' title='bbox 685 768 893 837; x_wconf 81' lang='lat' dir='ltr'>statuta</span> <span class='ocrx_word' id='word_1_49' title='bbox 918 759 1133 837; x_wconf 73' lang='lat' dir='ltr'>ibidem</span> <span class='ocrx_word' id='word_1_50' title='bbox 1168 758 1543 837; x_wconf 75' lang='lat' dir='ltr'>recipiuntur.</span> <span class='ocrx_word' id='word_1_51' title='bbox 1587 758 1639 814; x_wconf 94' lang='lat'>7.</span> <span class='ocrx_word' id='word_1_52' title='bbox 1673 756 2052 837; x_wconf 72' lang='lat' dir='ltr'>severissime</span> 
     </span>
    </p>
   </div>
   <div class='ocr_carea' id='block_1_9' title="bbox 416 827 2051 907">
    <p class='ocr_par' dir='ltr' id='par_1_9' title="bbox 416 827 2051 907">
     <span class='ocr_line' id='line_1_9' title="bbox 416 827 2051 907; baseline -0.004 -18"><span class='ocrx_word' id='word_1_53' title='bbox 416 827 699 907; x_wconf 71' lang='lat' dir='ltr'>divinitus</span> <span class='ocrx_word' id='word_1_54' title='bbox 748 831 989 907; x_wconf 81' lang='lat' dir='ltr'>punitur</span> <span class='ocrx_word' id='word_1_55' title='bbox 1042 829 1216 907; x_wconf 91' lang='lat' dir='ltr'>illud_</span> <span class='ocrx_word' id='word_1_56' title='bbox 1250 827 1603 907; x_wconf 63' lang='lat' dir='ltr'>ctenobium,</span> <span class='ocrx_word' id='word_1_57' title='bbox 1659 828 1733 907; x_wconf 76' lang='lat' dir='ltr'>o_b</span> <span class='ocrx_word' id='word_1_58' title='bbox 1771 827 2051 907; x_wconf 60' lang='lat' dir='ltr'>violatam</span> 
     </span>
    </p>
   </div>
   <div class='ocr_carea' id='block_1_10' title="bbox 415 898 2053 977">
    <p class='ocr_par' dir='ltr' id='par_1_10' title="bbox 415 898 2053 977">
     <span class='ocr_line' id='line_1_10' title="bbox 415 898 2053 977; baseline -0.004 -15"><span class='ocrx_word' id='word_1_59' title='bbox 415 903 685 977; x_wconf 83' lang='lat' dir='ltr'>Damiani</span> <span class='ocrx_word' id='word_1_60' title='bbox 747 898 1104 961; x_wconf 78' lang='lat' dir='ltr'>decretorum</span> <span class='ocrx_word' id='word_1_61' title='bbox 1135 900 1625 977; x_wconf 79' lang='lat' dir='ltr'>_observantiam.</span> <span class='ocrx_word' id='word_1_62' title='bbox 1674 900 1727 958; x_wconf 93' lang='lat'>8.</span> <span class='ocrx_word' id='word_1_63' title='bbox 1764 898 2053 977; x_wconf 59' lang='lat' dir='ltr'>Damiani</span> 
     </span>
    </p>
   </div>
   <div class='ocr_carea' id='block_1_11' title="bbox 412 968 2045 1046">
    <p class='ocr_par' dir='ltr' id='par_1_11' title="bbox 412 968 2045 1046">
     <span class='ocr_line' id='line_1_11' title="bbox 412 968 2045 1046; baseline -0.002 -15"><span class='ocrx_word' id='word_1_64' title='bbox 412 990 548 1046; x_wconf 83' lang='lat' dir='ltr'>erga</span> <span class='ocrx_word' id='word_1_65' title='bbox 617 975 770 1032; x_wconf 90' lang='lat' dir='ltr'>idem</span> <span class='ocrx_word' id='word_1_66' title='bbox 843 973 1257 1033; x_wconf 79' lang='lat' dir='ltr'>monasterium</span> <span class='ocrx_word' id='word_1_67' title='bbox 1321 987 1509 1040; x_wconf 88' lang='lat' dir='ltr'>amor,</span> <span class='ocrx_word' id='word_1_68' title='bbox 1578 976 1652 1046; x_wconf 68' lang='lat' dir='ltr'>et</span> <span class='ocrx_word' id='word_1_69' title='bbox 1699 968 2045 1046; x_wconf 73' lang='lat' dir='ltr'>sgllicitudo.</span> 
     </span>
    </p>
   </div>
   <div class='ocr_carea' id='block_1_12' title="bbox 412 1039 2046 1104">
    <p class='ocr_par' dir='ltr' id='par_1_12' title="bbox 412 1039 2046 1104">
     <span class='ocr_line' id='line_1_12' title="bbox 412 1039 2046 1104; baseline -0.005 0"><span class='ocrx_word' id='word_1_70' title='bbox 412 1039 831 1104; x_wconf 51' lang='lat' dir='ltr'>9fDiutissime</span> <span class='ocrx_word' id='word_1_71' title='bbox 879 1045 1089 1102; x_wconf 82' lang='lat' dir='ltr'>ibidem</span> <span class='ocrx_word' id='word_1_72' title='bbox 1147 1039 1536 1100; x_wconf 80' lang='lat' dir='ltr'>conversatur.</span> <span class='ocrx_word' id='word_1_73' title='bbox 1594 1043 1677 1099; x_wconf 86' lang='grc'>10.</span> <span class='ocrx_word' id='word_1_74' title='bbox 1730 1040 1788 1100; x_wconf 90' lang='grc'>8.</span> <span class='ocrx_word' id='word_1_75' title='bbox 1846 1039 2046 1100; x_wconf 84' lang='lat' dir='ltr'>Salva-</span> 
     </span>
    </p>
   </div>
   <div class='ocr_carea' id='block_1_13' title="bbox 415 1111 2045 1175">
    <p class='ocr_par' dir='ltr' id='par_1_13' title="bbox 415 1111 2045 1175">
     <span class='ocr_line' id='line_1_13' title="bbox 415 1111 2045 1175; baseline -0.003 -2"><span class='ocrx_word' id='word_1_76' title='bbox 415 1117 556 1174; x_wconf 91' lang='lat' dir='ltr'>toris</span> <span class='ocrx_word' id='word_1_77' title='bbox 623 1118 951 1175; x_wconf 74' lang='lat' dir='ltr'>coenobium</span> <span class='ocrx_word' id='word_1_78' title='bbox 1003 1117 1063 1172; x_wconf 89' lang='lat' dir='ltr'>in</span> <span class='ocrx_word' id='word_1_79' title='bbox 1113 1114 1395 1171; x_wconf 91' lang='lat' dir='ltr'>Perusino</span> <span class='ocrx_word' id='word_1_80' title='bbox 1450 1112 1735 1171; x_wconf 90' lang='lat' dir='ltr'>territorio</span> <span class='ocrx_word' id='word_1_81' title='bbox 1764 1128 1797 1169; x_wconf 94' lang='lat' dir='ltr'>a</span> <span class='ocrx_word' id='word_1_82' title='bbox 1832 1111 1892 1171; x_wconf 93' lang='grc'>8.</span> <span class='ocrx_word' id='word_1_83' title='bbox 1929 1111 2045 1169; x_wconf 81' lang='lat' dir='ltr'>Ro-</span> 
     </span>
    </p>
   </div>
   <div class='ocr_carea' id='block_1_14' title="bbox 414 1183 2046 1255">
    <p class='ocr_par' dir='ltr' id='par_1_14' title="bbox 414 1183 2046 1255">
     <span class='ocr_line' id='line_1_14' title="bbox 414 1183 2046 1255; baseline -0.003 -11"><span class='ocrx_word' id='word_1_84' title='bbox 414 1186 651 1246; x_wconf 90' lang='lat' dir='ltr'>mualdo</span> <span class='ocrx_word' id='word_1_85' title='bbox 697 1195 1113 1255; x_wconf 89' lang='lat' dir='ltr'>constructum,</span> <span class='ocrx_word' id='word_1_86' title='bbox 1156 1185 1251 1243; x_wconf 91' lang='lat' dir='ltr'>cui</span> <span class='ocrx_word' id='word_1_87' title='bbox 1286 1185 1523 1255; x_wconf 73' lang='lat' dir='ltr'>praefuit</span> <span class='ocrx_word' id='word_1_88' title='bbox 1569 1185 1772 1243; x_wconf 84' lang='lat' dir='ltr'>Petrus</span> <span class='ocrx_word' id='word_1_89' title='bbox 1817 1183 2046 1241; x_wconf 90' lang='lat' dir='ltr'>Damia-</span> 
     </span>
    </p>
   </div>
   <div class='ocr_carea' id='block_1_15' title="bbox 409 1255 2047 1329">
    <p class='ocr_par' dir='ltr' id='par_1_15' title="bbox 409 1255 2047 1329">
     <span class='ocr_line' id='line_1_15' title="bbox 409 1255 2047 1329; baseline -0.002 -14"><span class='ocrx_word' id='word_1_90' title='bbox 409 1273 543 1316; x_wconf 90' lang='lat' dir='ltr'>nus.</span> <span class='ocrx_word' id='word_1_91' title='bbox 592 1260 674 1315; x_wconf 86' lang='lat' dir='ltr'>ll.</span> <span class='ocrx_word' id='word_1_92' title='bbox 707 1259 955 1316; x_wconf 89' lang='lat' dir='ltr'>Eremus</span> <span class='ocrx_word' id='word_1_93' title='bbox 1004 1256 1219 1329; x_wconf 77' lang='lat' dir='ltr'>mpntis</span> <span class='ocrx_word' id='word_1_94' title='bbox 1272 1255 1481 1329; x_wconf 18' lang='lat' dir='ltr'>Pregii,</span> <span class='ocrx_word' id='word_1_95' title='bbox 1511 1274 1560 1329; x_wconf 89' lang='lat' dir='ltr'>a_</span> <span class='ocrx_word' id='word_1_96' title='bbox 1607 1255 1665 1314; x_wconf 94' lang='lat' dir='ltr'>S.</span> <span class='ocrx_word' id='word_1_97' title='bbox 1721 1255 2047 1329; x_wconf 74' lang='lat' dir='ltr'>Romualdo</span> 
     </span>
    </p>
   </div>
   <div class='ocr_carea' id='block_1_16' title="bbox 409 1325 2047 1402">
    <p class='ocr_par' dir='ltr' id='par_1_16' title="bbox 409 1325 2047 1402">
     <span class='ocr_line' id='line_1_16' title="bbox 409 1325 2047 1402; baseline -0.004 -15"><span class='ocrx_word' id='word_1_98' title='bbox 409 1328 948 1402; x_wconf 34' lang='lat' dir='ltr'>p_r_imu_m,_deinde‘</span> <span class='ocrx_word' id='word_1_99' title='bbox 978 1345 1012 1386; x_wconf 88' lang='lat' dir='ltr'>a</span> <span class='ocrx_word' id='word_1_100' title='bbox 1058 1327 1340 1402; x_wconf 76' lang='lat' dir='ltr'>Damiano</span> <span class='ocrx_word' id='word_1_101' title='bbox 1384 1325 1779 1402; x_wconf 67' lang='lat' dir='ltr'>&#39;inhabitatur.</span> <span class='ocrx_word' id='word_1_102' title='bbox 1835 1326 1948 1402; x_wconf 76' lang='lat' dir='ltr'>l2.__</span> <span class='ocrx_word' id='word_1_103' title='bbox 1969 1325 2047 1383; x_wconf 93' lang='lat' dir='ltr'>De</span> 
     </span>
    </p>
   </div>
   <div class='ocr_carea' id='block_1_17' title="bbox 410 1396 2046 1468">
    <p class='ocr_par' dir='ltr' id='par_1_17' title="bbox 410 1396 2046 1468">
     <span class='ocr_line' id='line_1_17' title="bbox 410 1396 2046 1468; baseline -0.002 -12"><span class='ocrx_word' id='word_1_104' title='bbox 410 1396 543 1457; x_wconf 78' lang='lat' dir='ltr'>aliis</span> <span class='ocrx_word' id='word_1_105' title='bbox 597 1396 738 1458; x_wconf 87' lang='lat' dir='ltr'>locis</span> <span class='ocrx_word' id='word_1_106' title='bbox 794 1400 867 1457; x_wconf 89' lang='lat' dir='ltr'>ab</span> <span class='ocrx_word' id='word_1_107' title='bbox 918 1398 1241 1457; x_wconf 81' lang='lat' dir='ltr'>Romualdo</span> <span class='ocrx_word' id='word_1_108' title='bbox 1297 1400 1656 1468; x_wconf 82' lang='lat' dir='ltr'>constructis,</span> <span class='ocrx_word' id='word_1_109' title='bbox 1715 1398 1779 1455; x_wconf 90' lang='lat' dir='ltr'>in</span> <span class='ocrx_word' id='word_1_110' title='bbox 1829 1396 2046 1468; x_wconf 86' lang='lat' dir='ltr'>quibus</span> 
     </span>
    </p>
   </div>
   <div class='ocr_carea' id='block_1_18' title="bbox 407 1468 2045 1543">
    <p class='ocr_par' dir='ltr' id='par_1_18' title="bbox 407 1468 2045 1543">
     <span class='ocr_line' id='line_1_18' title="bbox 407 1468 2045 1543; baseline -0.002 -14"><span class='ocrx_word' id='word_1_111' title='bbox 407 1470 727 1543; x_wconf 83' lang='lat' dir='ltr'>Damianus</span> <span class='ocrx_word' id='word_1_112' title='bbox 767 1476 822 1529; x_wconf 88' lang='lat' dir='ltr'>et</span> <span class='ocrx_word' id='word_1_113' title='bbox 867 1472 995 1543; x_wconf 89' lang='lat' dir='ltr'>ejus</span> <span class='ocrx_word' id='word_1_114' title='bbox 1036 1469 1306 1543; x_wconf 75' lang='lat' dir='ltr'>discipuli</span> <span class='ocrx_word' id='word_1_115' title='bbox 1356 1471 1651 1543; x_wconf 88' lang='lat' dir='ltr'>vixerunt.</span> <span class='ocrx_word' id='word_1_116' title='bbox 1701 1470 1784 1543; x_wconf 77' lang='lat' dir='ltr'>&#39;l_3.</span> <span class='ocrx_word' id='word_1_117' title='bbox 1820 1468 1885 1543; x_wconf 61' lang='grc' dir='ltr'>Β,</span> <span class='ocrx_word' id='word_1_118' title='bbox 1929 1468 2045 1526; x_wconf 92' lang='lat' dir='ltr'>Do-</span> 
     </span>
    </p>
   </div>
   <div class='ocr_carea' id='block_1_19' title="bbox 406 1540 2042 1621">
    <p class='ocr_par' dir='ltr' id='par_1_19' title="bbox 406 1540 2042 1621">
     <span class='ocr_line' id='line_1_19' title="bbox 406 1540 2042 1621; baseline -0.001 -22"><span class='ocrx_word' id='word_1_119' title='bbox 406 1541 662 1621; x_wconf 88' lang='lat' dir='ltr'>minicus</span> <span class='ocrx_word' id='word_1_120' title='bbox 690 1540 987 1621; x_wconf 68' lang='lat' dir='ltr'>Loricams</span> <span class='ocrx_word' id='word_1_121' title='bbox 1016 1540 1781 1621; x_wconf 38' lang='lat' dir='ltr'>subD’amiani‘magisterio</span> <span class='ocrx_word' id='word_1_122' title='bbox 1819 1540 2042 1621; x_wconf 74' lang='lat' dir='ltr'>vivens,</span> 
     </span>
    </p>
   </div>
   <div class='ocr_carea' id='block_1_20' title="bbox 400 1611 2037 1686">
    <p class='ocr_par' dir='ltr' id='par_1_20' title="bbox 400 1611 2037 1686">
     <span class='ocr_line' id='line_1_20' title="bbox 400 1611 2037 1686; baseline -0.001 -16"><span class='ocrx_word' id='word_1_123' title='bbox 400 1612 557 1686; x_wconf 89' lang='lat' dir='ltr'>prior</span> <span class='ocrx_word' id='word_1_124' title='bbox 594 1613 773 1686; x_wconf 89' lang='lat' dir='ltr'>eremi</span> <span class='ocrx_word' id='word_1_125' title='bbox 809 1612 1000 1686; x_wconf 70' lang='lat' dir='ltr'>Sitriae</span> <span class='ocrx_word' id='word_1_126' title='bbox 1031 1630 1063 1670; x_wconf 89' lang='lat' dir='ltr'>a</span> <span class='ocrx_word' id='word_1_127' title='bbox 1089 1611 1156 1686; x_wconf 86' lang='grc'>8.</span> <span class='ocrx_word' id='word_1_128' title='bbox 1194 1612 1519 1671; x_wconf 74' lang='lat' dir='ltr'>Romualdo</span> <span class='ocrx_word' id='word_1_129' title='bbox 1554 1611 1913 1686; x_wconf 70' lang='lat' dir='ltr'>eonsti‘uctae</span> <span class='ocrx_word' id='word_1_130' title='bbox 1941 1612 2037 1686; x_wconf 88' lang='lat' dir='ltr'>_fa_-</span> 
     </span>
    </p>
   </div>
   <div class='ocr_carea' id='block_1_21' title="bbox 405 1681 2042 1752">
    <p class='ocr_par' dir='ltr' id='par_1_21' title="bbox 405 1681 2042 1752">
     <span class='ocr_line' id='line_1_21' title="bbox 405 1681 2042 1752; baseline -0.001 -11"><span class='ocrx_word' id='word_1_131' title='bbox 405 1681 530 1742; x_wconf 76' lang='lat' dir='ltr'>ctus</span> <span class='ocrx_word' id='word_1_132' title='bbox 575 1693 677 1742; x_wconf 90' lang='lat' dir='ltr'>est.</span> <span class='ocrx_word' id='word_1_133' title='bbox 720 1685 798 1743; x_wconf 87' lang='grc'>14.</span> <span class='ocrx_word' id='word_1_134' title='bbox 831 1684 991 1743; x_wconf 88' lang='lat' dir='ltr'>Idem</span> <span class='ocrx_word' id='word_1_135' title='bbox 1037 1684 1107 1741; x_wconf 87' lang='lat' dir='ltr'>ad</span> <span class='ocrx_word' id='word_1_136' title='bbox 1157 1699 1416 1741; x_wconf 83' lang='lat' dir='ltr'>eremum</span> <span class='ocrx_word' id='word_1_137' title='bbox 1471 1683 1683 1741; x_wconf 90' lang='lat' dir='ltr'>montis</span> <span class='ocrx_word' id='word_1_138' title='bbox 1723 1681 2042 1752; x_wconf 89' lang='lat' dir='ltr'>Suavicini,</span> 
     </span>
    </p>
   </div>
   <div class='ocr_carea' id='block_1_22' title="bbox 406 1752 2047 1829">
    <p class='ocr_par' dir='ltr' id='par_1_22' title="bbox 406 1752 2047 1829">
     <span class='ocr_line' id='line_1_22' title="bbox 406 1752 2047 1829; baseline -0.001 -17"><span class='ocrx_word' id='word_1_139' title='bbox 406 1770 582 1829; x_wconf 91' lang='lat' dir='ltr'>quam</span> <span class='ocrx_word' id='word_1_140' title='bbox 626 1756 833 1815; x_wconf 86' lang='lat' dir='ltr'>Petrus</span> <span class='ocrx_word' id='word_1_141' title='bbox 865 1755 1209 1829; x_wconf 66' lang='lat' dir='ltr'>Damianus</span> <span class='ocrx_word' id='word_1_142' title='bbox 1249 1756 1606 1829; x_wconf 69' lang='lat' dir='ltr'>fundaverat,</span> <span class='ocrx_word' id='word_1_143' title='bbox 1638 1754 1808 1829; x_wconf 66' lang='lat' dir='ltr'>morti</span> <span class='ocrx_word' id='word_1_144' title='bbox 1854 1752 2047 1829; x_wconf 82' lang='lat' dir='ltr'>proxi-</span> 
     </span>
    </p>
   </div>
   <div class='ocr_carea' id='block_1_23' title="bbox 2136 556 3843 630">
    <p class='ocr_par' dir='ltr' id='par_1_23' title="bbox 2136 556 3843 630">
     <span class='ocr_line' id='line_1_23' title="bbox 2136 556 3843 630; baseline 0.003 -16"><span class='ocrx_word' id='word_1_145' title='bbox 2136 557 2240 630; x_wconf 89' lang='lat' dir='ltr'>qui</span> <span class='ocrx_word' id='word_1_146' title='bbox 2270 557 2332 615; x_wconf 92' lang='lat' dir='ltr'>in</span> <span class='ocrx_word' id='word_1_147' title='bbox 2362 558 2566 615; x_wconf 89' lang='lat' dir='ltr'>eodem</span> <span class='ocrx_word' id='word_1_148' title='bbox 2595 556 2654 617; x_wconf 94' lang='grc'>8.</span> <span class='ocrx_word' id='word_1_149' title='bbox 2687 556 2975 616; x_wconf 90' lang='lat' dir='ltr'>Vincentii</span> <span class='ocrx_word' id='word_1_150' title='bbox 3003 559 3264 619; x_wconf 79' lang='lat' dir='ltr'>ccenobio</span> <span class='ocrx_word' id='word_1_151' title='bbox 3292 559 3402 619; x_wconf 89' lang='lat' dir='ltr'>sub</span> <span class='ocrx_word' id='word_1_152' title='bbox 3431 559 3498 618; x_wconf 95' lang='lat' dir='ltr'>D.</span> <span class='ocrx_word' id='word_1_153' title='bbox 3540 559 3843 619; x_wconf 83' lang='lat' dir='ltr'>Romualdi</span> 
     </span>
    </p>
   </div>
   <div class='ocr_carea' id='block_1_24' title="bbox 2136 646 3841 725">
    <p class='ocr_par' dir='ltr' id='par_1_24' title="bbox 2136 646 3841 725">
     <span class='ocr_line' id='line_1_24' title="bbox 2136 646 3841 725; baseline 0.001 -22"><span class='ocrx_word' id='word_1_154' title='bbox 2136 646 2468 721; x_wconf 87' lang='lat' dir='ltr'>magisterio</span> <span class='ocrx_word' id='word_1_155' title='bbox 2521 646 2812 717; x_wconf 80' lang='lat' dir='ltr'>vixerant,</span> <span class='ocrx_word' id='word_1_156' title='bbox 2871 649 3159 725; x_wconf 78' lang='lat' dir='ltr'>atquein</span> <span class='ocrx_word' id='word_1_157' title='bbox 3210 647 3467 721; x_wconf 90' lang='lat' dir='ltr'>ejusdem</span> <span class='ocrx_word' id='word_1_158' title='bbox 3512 646 3841 707; x_wconf 85' lang='lat' dir='ltr'>monasterii</span> 
     </span>
    </p>
   </div>
   <div class='ocr_carea' id='block_1_25' title="bbox 2135 735 3843 809">
    <p class='ocr_par' dir='ltr' id='par_1_25' title="bbox 2135 735 3843 809">
     <span class='ocr_line' id='line_1_25' title="bbox 2135 735 3843 809; baseline 0.001 -16"><span class='ocrx_word' id='word_1_159' title='bbox 2135 735 2473 797; x_wconf 76' lang='lat' dir='ltr'>coemeterio,</span> <span class='ocrx_word' id='word_1_160' title='bbox 2517 735 2732 805; x_wconf 87' lang='lat' dir='ltr'>pariter</span> <span class='ocrx_word' id='word_1_161' title='bbox 2783 741 2921 793; x_wconf 91' lang='lat' dir='ltr'>sunt</span> <span class='ocrx_word' id='word_1_162' title='bbox 2973 736 3288 806; x_wconf 85' lang='lat' dir='ltr'>tumulati;</span> <span class='ocrx_word' id='word_1_163' title='bbox 3340 751 3593 809; x_wconf 88' lang='lat' dir='ltr'>cumque</span> <span class='ocrx_word' id='word_1_164' title='bbox 3645 751 3843 794; x_wconf 92' lang='lat' dir='ltr'>eorum</span> 
     </span>
    </p>
   </div>
   <div class='ocr_carea' id='block_1_26' title="bbox 2132 822 3841 896">
    <p class='ocr_par' dir='ltr' id='par_1_26' title="bbox 2132 822 3841 896">
     <span class='ocr_line' id='line_1_26' title="bbox 2132 822 3841 896; baseline -0.001 -13"><span class='ocrx_word' id='word_1_165' title='bbox 2132 826 2297 894; x_wconf 90' lang='lat' dir='ltr'>alter,</span> <span class='ocrx_word' id='word_1_166' title='bbox 2327 838 2538 896; x_wconf 85' lang='lat' dir='ltr'>nempe</span> <span class='ocrx_word' id='word_1_167' title='bbox 2563 822 2939 894; x_wconf 81' lang='lat' dir='ltr'>Gaudentius,</span> <span class='ocrx_word' id='word_1_168' title='bbox 2968 831 3289 882; x_wconf 77' lang='lat' dir='ltr'>revocatam</span> <span class='ocrx_word' id='word_1_169' title='bbox 3311 825 3420 882; x_wconf 90' lang='lat' dir='ltr'>sibi</span> <span class='ocrx_word' id='word_1_170' title='bbox 3446 841 3479 882; x_wconf 87' lang='lat' dir='ltr'>a</span> <span class='ocrx_word' id='word_1_171' title='bbox 3504 824 3841 891; x_wconf 84' lang='lat' dir='ltr'>Romualdo,</span> 
     </span>
    </p>
   </div>
   <div class='ocr_carea' id='block_1_27' title="bbox 2134 912 3909 988">
    <p class='ocr_par' dir='ltr' id='par_1_27' title="bbox 2134 912 3909 988">
     <span class='ocr_line' id='line_1_27' title="bbox 2134 912 3909 988; baseline 0.001 -17"><span class='ocrx_word' id='word_1_172' title='bbox 2134 913 2208 971; x_wconf 93' lang='lat' dir='ltr'>ob</span> <span class='ocrx_word' id='word_1_173' title='bbox 2258 912 2500 971; x_wconf 90' lang='lat' dir='ltr'>Tedaldi</span> <span class='ocrx_word' id='word_1_174' title='bbox 2551 913 3000 985; x_wconf 78' lang='lat' dir='ltr'>suggestionem,</span> <span class='ocrx_word' id='word_1_175' title='bbox 3032 912 3399 971; x_wconf 80' lang='lat' dir='ltr'>abstinentiae</span> <span class='ocrx_word' id='word_1_176' title='bbox 3441 914 3666 988; x_wconf 86' lang='lat' dir='ltr'>pridem</span> <span class='ocrx_word' id='word_1_177' title='bbox 3710 930 3842 972; x_wconf 92' lang='lat' dir='ltr'>con-</span> <span class='ocrx_word' id='word_1_178' title='bbox 3903 979 3909 984; x_wconf 33' lang='grc' dir='ltr'><em>η</em></span> 
     </span>
    </p>
   </div>
   <div class='ocr_carea' id='block_1_28' title="bbox 2134 1002 3842 1076">
    <p class='ocr_par' dir='ltr' id='par_1_28' title="bbox 2134 1002 3842 1076">
     <span class='ocr_line' id='line_1_28' title="bbox 2134 1002 3842 1076; baseline 0.001 -15"><span class='ocrx_word' id='word_1_179' title='bbox 2134 1018 2309 1061; x_wconf 78' lang='lat' dir='ltr'>cessae</span> <span class='ocrx_word' id='word_1_180' title='bbox 2356 1002 2647 1060; x_wconf 90' lang='lat' dir='ltr'>licentiam</span> <span class='ocrx_word' id='word_1_181' title='bbox 2692 1002 2932 1075; x_wconf 88' lang='lat' dir='ltr'>indigne</span> <span class='ocrx_word' id='word_1_182' title='bbox 2961 1003 3171 1071; x_wconf 87' lang='lat' dir='ltr'>ferens,</span> <span class='ocrx_word' id='word_1_183' title='bbox 3205 1003 3277 1060; x_wconf 89' lang='lat' dir='ltr'>ad</span> <span class='ocrx_word' id='word_1_184' title='bbox 3315 1003 3708 1076; x_wconf 89' lang='lat' dir='ltr'>Ingelbertum</span> <span class='ocrx_word' id='word_1_185' title='bbox 3747 1004 3842 1062; x_wconf 89' lang='lat' dir='ltr'>de-</span> 
     </span>
    </p>
   </div>
   <div class='ocr_carea' id='block_1_29' title="bbox 2133 1090 3844 1165">
    <p class='ocr_par' dir='ltr' id='par_1_29' title="bbox 2133 1090 3844 1165">
     <span class='ocr_line' id='line_1_29' title="bbox 2133 1090 3844 1165; baseline 0.001 -16"><span class='ocrx_word' id='word_1_186' title='bbox 2133 1092 2379 1161; x_wconf 88' lang='lat' dir='ltr'>fecisset,</span> <span class='ocrx_word' id='word_1_187' title='bbox 2413 1091 2769 1163; x_wconf 88' lang='lat' dir='ltr'>proindeque</span> <span class='ocrx_word' id='word_1_188' title='bbox 2797 1090 2857 1148; x_wconf 94' lang='lat' dir='ltr'>in</span> <span class='ocrx_word' id='word_1_189' title='bbox 2890 1117 2916 1140; x_wconf 72' lang='grc' dir='ltr'>κ</span> <span class='ocrx_word' id='word_1_190' title='bbox 2939 1092 3415 1165; x_wconf 85' lang='lat' dir='ltr'>praevaricatione</span> <span class='ocrx_word' id='word_1_191' title='bbox 3438 1092 3844 1151; x_wconf 72' lang='lat' dir='ltr'>inobedientiaa</span> 
     </span>
    </p>
   </div>
   <div class='ocr_carea' id='block_1_30' title="bbox 2134 1180 3844 1252">
    <p class='ocr_par' dir='ltr' id='par_1_30' title="bbox 2134 1180 3844 1252">
     <span class='ocr_line' id='line_1_30' title="bbox 2134 1180 3844 1252; baseline -0.001 -12"><span class='ocrx_word' id='word_1_192' title='bbox 2134 1182 2313 1241; x_wconf 90' lang='lat' dir='ltr'>vitam</span> <span class='ocrx_word' id='word_1_193' title='bbox 2364 1181 2564 1239; x_wconf 86' lang='lat' dir='ltr'>ﬁnisse</span> <span class='ocrx_word' id='word_1_194' title='bbox 2609 1203 2631 1232; x_wconf 73' lang='grc' dir='ltr'><strong>ι</strong></span> <span class='ocrx_word' id='word_1_195' title='bbox 2670 1180 2985 1252; x_wconf 86' lang='lat' dir='ltr'>videretur,</span> <span class='ocrx_word' id='word_1_196' title='bbox 3042 1204 3064 1234; x_wconf 78' lang='grc' dir='ltr'><strong><em>α</em></strong></span> <span class='ocrx_word' id='word_1_197' title='bbox 3110 1181 3473 1240; x_wconf 79' lang='lat' dir='ltr'>Romualdus</span> <span class='ocrx_word' id='word_1_198' title='bbox 3527 1183 3844 1240; x_wconf 89' lang='lat' dir='ltr'>orationem</span> 
     </span>
    </p>
   </div>
   <div class='ocr_carea' id='block_1_31' title="bbox 2134 1270 3846 1347">
    <p class='ocr_par' dir='ltr' id='par_1_31' title="bbox 2134 1270 3846 1347">
     <span class='ocr_line' id='line_1_31' title="bbox 2134 1270 3846 1347; baseline -0.001 -16"><span class='ocrx_word' id='word_1_199' title='bbox 2134 1288 2238 1347; x_wconf 89' lang='lat' dir='ltr'>pro</span> <span class='ocrx_word' id='word_1_200' title='bbox 2292 1288 2358 1331; x_wconf 88' lang='lat' dir='ltr'>eo</span> <span class='ocrx_word' id='word_1_201' title='bbox 2406 1272 2533 1329; x_wconf 83' lang='lat' dir='ltr'>ﬁeri</span> <span class='ocrx_word' id='word_1_202' title='bbox 2582 1272 2815 1345; x_wconf 88' lang='lat' dir='ltr'>penitus</span> <span class='ocrx_word' id='word_1_203' title='bbox 2872 1270 3196 1342; x_wconf 85' lang='lat' dir='ltr'>interdixit,</span> <span class='ocrx_word' id='word_1_204' title='bbox 3239 1273 3363 1327; x_wconf 78' lang='lat' dir='ltr'>licet</span> <span class='ocrx_word' id='word_1_205' title='bbox 3409 1270 3471 1328; x_wconf 90' lang='lat' dir='ltr'>in</span> <span class='ocrx_word' id='word_1_206' title='bbox 3524 1271 3846 1329; x_wconf 79' lang='lat' dir='ltr'>ccemeterio</span> 
     </span>
    </p>
   </div>
   <div class='ocr_carea' id='block_1_32' title="bbox 2132 1359 3844 1436">
    <p class='ocr_par' dir='ltr' id='par_1_32' title="bbox 2132 1359 3844 1436">
     <span class='ocr_line' id='line_1_32' title="bbox 2132 1359 3844 1436; baseline -0.003 -14"><span class='ocrx_word' id='word_1_207' title='bbox 2132 1363 2199 1422; x_wconf 93' lang='lat' dir='ltr'>B.</span> <span class='ocrx_word' id='word_1_208' title='bbox 2232 1361 2547 1432; x_wconf 89' lang='lat' dir='ltr'>Vincentii,</span> <span class='ocrx_word' id='word_1_209' title='bbox 2574 1362 2746 1436; x_wconf 80' lang='lat' dir='ltr'>juxta</span> <span class='ocrx_word' id='word_1_210' title='bbox 2790 1378 2998 1435; x_wconf 91' lang='lat' dir='ltr'>corpus</span> <span class='ocrx_word' id='word_1_211' title='bbox 3034 1360 3272 1420; x_wconf 89' lang='lat' dir='ltr'>Berardi</span> <span class='ocrx_word' id='word_1_212' title='bbox 3316 1359 3668 1420; x_wconf 89' lang='lat' dir='ltr'>venerabilis</span> <span class='ocrx_word' id='word_1_213' title='bbox 3713 1359 3844 1432; x_wconf 90' lang='lat' dir='ltr'>viri,</span> 
     </span>
    </p>
   </div>
   <div class='ocr_carea' id='block_1_33' title="bbox 2133 1449 3845 1525">
    <p class='ocr_par' dir='ltr' id='par_1_33' title="bbox 2133 1449 3845 1525">
     <span class='ocr_line' id='line_1_33' title="bbox 2133 1449 3845 1525; baseline -0.002 -15"><span class='ocrx_word' id='word_1_214' title='bbox 2133 1451 2236 1525; x_wconf 92' lang='lat' dir='ltr'>qui</span> <span class='ocrx_word' id='word_1_215' title='bbox 2263 1466 2430 1525; x_wconf 74' lang='lat' dir='ltr'>aeque</span> <span class='ocrx_word' id='word_1_216' title='bbox 2454 1449 2768 1509; x_wconf 80' lang='lat' dir='ltr'>Romualdi</span> <span class='ocrx_word' id='word_1_217' title='bbox 2795 1449 3118 1523; x_wconf 91' lang='lat' dir='ltr'>discipulus</span> <span class='ocrx_word' id='word_1_218' title='bbox 3144 1451 3347 1518; x_wconf 89' lang='lat' dir='ltr'>fuerat,</span> <span class='ocrx_word' id='word_1_219' title='bbox 3383 1472 3403 1501; x_wconf 75' lang='grc' dir='ltr'>ιι</span> <span class='ocrx_word' id='word_1_220' title='bbox 3438 1449 3650 1523; x_wconf 90' lang='lat' dir='ltr'>apponi</span> <span class='ocrx_word' id='word_1_221' title='bbox 3679 1465 3845 1508; x_wconf 88' lang='lat' dir='ltr'>man-</span> 
     </span>
    </p>
   </div>
   <div class='ocr_carea' id='block_1_34' title="bbox 2133 1538 3838 1613">
    <p class='ocr_par' dir='ltr' id='par_1_34' title="bbox 2133 1538 3838 1613">
     <span class='ocr_line' id='line_1_34' title="bbox 2133 1538 3838 1613; baseline -0.001 -14"><span class='ocrx_word' id='word_1_222' title='bbox 2133 1541 2367 1599; x_wconf 90' lang='lat' dir='ltr'>dasset:</span> <span class='ocrx_word' id='word_1_223' title='bbox 2405 1555 2609 1598; x_wconf 91' lang='lat' dir='ltr'>verum</span> <span class='ocrx_word' id='word_1_224' title='bbox 2652 1540 2727 1598; x_wconf 92' lang='lat' dir='ltr'>ob</span> <span class='ocrx_word' id='word_1_225' title='bbox 2775 1539 3081 1612; x_wconf 90' lang='lat' dir='ltr'>visionem,</span> <span class='ocrx_word' id='word_1_226' title='bbox 3126 1555 3242 1598; x_wconf 90' lang='lat' dir='ltr'>non</span> <span class='ocrx_word' id='word_1_227' title='bbox 3285 1539 3523 1613; x_wconf 88' lang='lat' dir='ltr'>quidem</span> <span class='ocrx_word' id='word_1_228' title='bbox 3570 1538 3838 1609; x_wconf 88' lang='lat' dir='ltr'>Berardo,</span> 
     </span>
    </p>
   </div>
   <div class='ocr_carea' id='block_1_35' title="bbox 2133 1626 3845 1702">
    <p class='ocr_par' dir='ltr' id='par_1_35' title="bbox 2133 1626 3845 1702">
     <span class='ocr_line' id='line_1_35' title="bbox 2133 1626 3845 1702; baseline -0.002 -14"><span class='ocrx_word' id='word_1_229' title='bbox 2133 1637 2199 1688; x_wconf 92' lang='lat' dir='ltr'>ut</span> <span class='ocrx_word' id='word_1_230' title='bbox 2223 1627 2657 1688; x_wconf 90' lang='lat' dir='ltr'>Macchiarellus</span> <span class='ocrx_word' id='word_1_231' title='bbox 2682 1634 2874 1687; x_wconf 89' lang='lat' dir='ltr'>noster</span> <span class='ocrx_word' id='word_1_232' title='bbox 2888 1634 3052 1702; x_wconf 88' lang='lat' dir='ltr'>putat</span> <span class='ocrx_word' id='word_1_233' title='bbox 3078 1628 3141 1686; x_wconf 94' lang='lat' dir='ltr'>in</span> <span class='ocrx_word' id='word_1_234' title='bbox 3169 1643 3273 1686; x_wconf 92' lang='lat' dir='ltr'>sua</span> <span class='ocrx_word' id='word_1_235' title='bbox 3296 1626 3597 1702; x_wconf 80' lang='lat' dir='ltr'>Apologia,</span> <span class='ocrx_word' id='word_1_236' title='bbox 3620 1642 3748 1700; x_wconf 85' lang='lat' dir='ltr'>pag.</span> <span class='ocrx_word' id='word_1_237' title='bbox 3775 1626 3845 1684; x_wconf 74' lang='lat'>‘22</span> 
     </span>
    </p>
   </div>
   <div class='ocr_carea' id='block_1_36' title="bbox 2133 1715 3845 1790">
    <p class='ocr_par' dir='ltr' id='par_1_36' title="bbox 2133 1715 3845 1790">
     <span class='ocr_line' id='line_1_36' title="bbox 2133 1715 3845 1790; baseline -0.001 -15"><span class='ocrx_word' id='word_1_238' title='bbox 2133 1721 2289 1790; x_wconf 91' lang='lat' dir='ltr'>(nam</span> <span class='ocrx_word' id='word_1_239' title='bbox 2341 1733 2416 1775; x_wconf 84' lang='lat' dir='ltr'>ex</span> <span class='ocrx_word' id='word_1_240' title='bbox 2460 1716 2730 1790; x_wconf 86' lang='lat' dir='ltr'>proxime</span> <span class='ocrx_word' id='word_1_241' title='bbox 2783 1716 2974 1775; x_wconf 89' lang='lat' dir='ltr'>allatis</span> <span class='ocrx_word' id='word_1_242' title='bbox 3034 1716 3303 1775; x_wconf 90' lang='lat' dir='ltr'>Damiani</span> <span class='ocrx_word' id='word_1_243' title='bbox 3349 1715 3561 1787; x_wconf 91' lang='lat' dir='ltr'>verbis,</span> <span class='ocrx_word' id='word_1_244' title='bbox 3616 1722 3845 1790; x_wconf 90' lang='lat' dir='ltr'>totoque</span> 
     </span>
    </p>
   </div>
   <div class='ocr_carea' id='block_1_37' title="bbox 402 1803 3844 1901">
    <p class='ocr_par' dir='ltr' id='par_1_37' title="bbox 402 1803 3844 1901">
     <span class='ocr_line' id='line_1_37' title="bbox 402 1803 3844 1901; baseline -0.002 -18"><span class='ocrx_word' id='word_1_245' title='bbox 402 1803 651 1885; x_wconf 63' lang='grc' dir='ltr'><em>ιῖἶιῖἔέἑ</em></span> <span class='ocrx_word' id='word_1_246' title='bbox 676 1803 2037 1901; x_wconf 45' lang='lat' dir='ltr'>“aggeris:‘fs&#39;iisgagaga&quot;per;“magis,</span> <span class='ocrx_word' id='word_1_247' title='bbox 2067 1810 2426 1901; x_wconf 50' lang='lat' dir='ltr'>BCOﬂtexiu,</span> <span class='ocrx_word' id='word_1_248' title='bbox 2455 1811 2587 1901; x_wconf 56' lang='lat' dir='ltr'>erat</span> <span class='ocrx_word' id='word_1_249' title='bbox 2622 1804 2724 1901; x_wconf 63' lang='lat' dir='ltr'>ille</span> <span class='ocrx_word' id='word_1_250' title='bbox 2775 1809 3202 1901; x_wconf 57' lang='lat' dir='ltr'>praemortuus),</span> <span class='ocrx_word' id='word_1_251' title='bbox 3256 1805 3353 1863; x_wconf 78' lang='lat' dir='ltr'>sed</span> <span class='ocrx_word' id='word_1_252' title='bbox 3376 1803 3567 1901; x_wconf 65' lang='lat' dir='ltr'>__a1t9ri</span> <span class='ocrx_word' id='word_1_253' title='bbox 3614 1804 3844 1901; x_wconf 51' lang='lat' dir='ltr'>cuidam</span> 
     </span>
    </p>
   </div>
   <div class='ocr_carea' id='block_1_38' title="bbox 402 1895 2035 1971">
    <p class='ocr_par' dir='ltr' id='par_1_38' title="bbox 402 1895 2035 1971">
     <span class='ocr_line' id='line_1_38' title="bbox 402 1895 2035 1971; baseline -0.002 -15"><span class='ocrx_word' id='word_1_254' title='bbox 402 1895 960 1971; x_wconf 24' lang='lat' dir='ltr'>tﬂanquampprdprii</span> <span class='ocrx_word' id='word_1_255' title='bbox 1023 1897 1269 1971; x_wconf 84' lang='lat' dir='ltr'>alumni,</span> <span class='ocrx_word' id='word_1_256' title='bbox 1341 1902 1895 1971; x_wconf 75' lang='lat' dir='ltr'>commemorantur._</span> <span class='ocrx_word' id='word_1_257' title='bbox 1952 1895 2035 1954; x_wconf 87' lang='grc'>16.</span> 
     </span>
    </p>
   </div>
   <div class='ocr_carea' id='block_1_39' title="bbox 406 1915 2036 2041">
    <p class='ocr_par' dir='ltr' id='par_1_39' title="bbox 406 1915 2036 2041">
     <span class='ocr_line' id='line_1_39' title="bbox 406 1915 2035 1971; baseline -0.001 -16"><span class='ocrx_word' id='word_1_258' title='bbox 406 1915 501 1956; x_wconf 80' lang='lat' dir='ltr'>tan</span> <span class='ocrx_word' id='word_1_259' title='bbox 543 1915 682 1956; x_wconf 91' lang='lat' dir='ltr'>uam</span> <span class='ocrx_word' id='word_1_260' title='bbox 744 1915 960 1971; x_wconf 82' lang='lat' dir='ltr'>proprii</span> <span class='ocrx_word' id='word_1_261' title='bbox 1023 1915 1269 1967; x_wconf 83' lang='lat' dir='ltr'>alumnl,</span> <span class='ocrx_word' id='word_1_262' title='bbox 1341 1915 1887 1956; x_wconf 74' lang='lat' dir='ltr'>commemorantur.</span> <span class='ocrx_word' id='word_1_263' title='bbox 1952 1915 2035 1954; x_wconf 85' lang='lat'>10.</span> 
     </span>
     <span class='ocr_line' id='line_1_40' title="bbox 406 1915 2036 2041; baseline -0.002 -15"><span class='ocrx_word' id='word_1_264' title='bbox 406 1967 472 2026; x_wconf 94' lang='lat' dir='ltr'>B.</span> <span class='ocrx_word' id='word_1_265' title='bbox 504 1915 625 2027; x_wconf 50' lang='lat' dir='ltr'>leo</span> <span class='ocrx_word' id='word_1_266' title='bbox 682 1967 873 2028; x_wconf 78' lang='lat' dir='ltr'>Sitriae</span> <span class='ocrx_word' id='word_1_267' title='bbox 915 1970 1197 2039; x_wconf 88' lang='lat' dir='ltr'>reclusus,</span> <span class='ocrx_word' id='word_1_268' title='bbox 1222 1969 1384 2041; x_wconf 87' lang='lat' dir='ltr'>Petri</span> <span class='ocrx_word' id='word_1_269' title='bbox 1428 1967 1699 2025; x_wconf 90' lang='lat' dir='ltr'>Damiani</span> <span class='ocrx_word' id='word_1_270' title='bbox 1746 1966 2036 2041; x_wconf 83' lang='lat' dir='ltr'>magister.</span> 
     </span>
    </p>
   </div>
   <div class='ocr_carea' id='block_1_40' title="bbox 405 2040 2038 2098">
    <p class='ocr_par' dir='ltr' id='par_1_40' title="bbox 405 2040 2038 2098">
     <span class='ocr_line' id='line_1_41' title="bbox 405 2040 2038 2098; baseline -0.001 -1"><span class='ocrx_word' id='word_1_271' title='bbox 405 2041 548 2098; x_wconf 77' lang='lat' dir='ltr'>Ibid.</span> <span class='ocrx_word' id='word_1_272' title='bbox 573 2040 774 2098; x_wconf 89' lang='lat' dir='ltr'>Petrus</span> <span class='ocrx_word' id='word_1_273' title='bbox 812 2041 1129 2097; x_wconf 89' lang='lat' dir='ltr'>Damianus</span> <span class='ocrx_word' id='word_1_274' title='bbox 1175 2040 1473 2098; x_wconf 83' lang='lat' dir='ltr'>Classense</span> <span class='ocrx_word' id='word_1_275' title='bbox 1528 2045 1787 2097; x_wconf 90' lang='lat' dir='ltr'>nostrum</span> <span class='ocrx_word' id='word_1_276' title='bbox 1836 2040 2038 2095; x_wconf 88' lang='lat' dir='ltr'>mona-</span> 
     </span>
    </p>
   </div>
   <div class='ocr_carea' id='block_1_41' title="bbox 405 2109 2040 2183">
    <p class='ocr_par' dir='ltr' id='par_1_41' title="bbox 405 2109 2040 2183">
     <span class='ocr_line' id='line_1_42' title="bbox 405 2109 2040 2183; baseline -0.001 -16"><span class='ocrx_word' id='word_1_277' title='bbox 405 2112 649 2183; x_wconf 89' lang='lat' dir='ltr'>sterium</span> <span class='ocrx_word' id='word_1_278' title='bbox 696 2111 958 2169; x_wconf 92' lang='lat' dir='ltr'>incoluit.</span> <span class='ocrx_word' id='word_1_279' title='bbox 1014 2112 1096 2168; x_wconf 87' lang='lat' dir='ltr'>l7.</span> <span class='ocrx_word' id='word_1_280' title='bbox 1153 2111 1432 2183; x_wconf 88' lang='lat' dir='ltr'>Propositi</span> <span class='ocrx_word' id='word_1_281' title='bbox 1482 2109 1669 2183; x_wconf 84' lang='lat' dir='ltr'>nostri</span> <span class='ocrx_word' id='word_1_282' title='bbox 1709 2125 1782 2167; x_wconf 86' lang='lat' dir='ltr'>ex</span> <span class='ocrx_word' id='word_1_283' title='bbox 1836 2124 2040 2168; x_wconf 90' lang='lat' dir='ltr'>monu-</span> 
     </span>
    </p>
   </div>
   <div class='ocr_carea' id='block_1_42' title="bbox 402 2180 2042 2260">
    <p class='ocr_par' dir='ltr' id='par_1_42' title="bbox 402 2180 2042 2260">
     <span class='ocr_line' id='line_1_43' title="bbox 402 2180 2042 2260; baseline 0 -22"><span class='ocrx_word' id='word_1_284' title='bbox 402 2182 614 2260; x_wconf 79' lang='lat' dir='ltr'>mentis</span> <span class='ocrx_word' id='word_1_285' title='bbox 665 2182 977 2239; x_wconf 90' lang='lat' dir='ltr'>conclusio.</span> <span class='ocrx_word' id='word_1_286' title='bbox 1054 2180 1507 2260; x_wconf 23' lang='lat' dir='ltr'>Itin-Multorum</span> <span class='ocrx_word' id='word_1_287' title='bbox 1563 2180 1925 2260; x_wconf 81' lang='lat' dir='ltr'>scriptorum,</span> <span class='ocrx_word' id='word_1_288' title='bbox 1961 2186 2042 2260; x_wconf 84' lang='lat' dir='ltr'>et</span> 
     </span>
    </p>
   </div>
   <div class='ocr_carea' id='block_1_43' title="bbox 406 2252 2042 2325">
    <p class='ocr_par' dir='ltr' id='par_1_43' title="bbox 406 2252 2042 2325">
     <span class='ocr_line' id='line_1_44' title="bbox 406 2252 2042 2325; baseline -0.001 -17"><span class='ocrx_word' id='word_1_289' title='bbox 406 2252 585 2309; x_wconf 90' lang='lat' dir='ltr'>trium</span> <span class='ocrx_word' id='word_1_290' title='bbox 617 2268 980 2325; x_wconf 90' lang='lat' dir='ltr'>summorum</span> <span class='ocrx_word' id='word_1_291' title='bbox 1006 2252 1347 2325; x_wconf 80' lang='lat' dir='ltr'>pontificum</span> <span class='ocrx_word' id='word_1_292' title='bbox 1379 2252 1693 2309; x_wconf 87' lang='lat' dir='ltr'>auctoritas</span> <span class='ocrx_word' id='word_1_293' title='bbox 1712 2267 1815 2325; x_wconf 86' lang='lat' dir='ltr'>pro</span> <span class='ocrx_word' id='word_1_294' title='bbox 1846 2257 2042 2308; x_wconf 87' lang='lat' dir='ltr'>nostra</span> 
     </span>
    </p>
   </div>
   <div class='ocr_carea' id='block_1_44' title="bbox 405 2322 2040 2394">
    <p class='ocr_par' dir='ltr' id='par_1_44' title="bbox 405 2322 2040 2394">
     <span class='ocr_line' id='line_1_45' title="bbox 405 2322 2040 2394; baseline 0 -15"><span class='ocrx_word' id='word_1_295' title='bbox 405 2324 706 2381; x_wconf 86' lang='lat' dir='ltr'>sententia.</span> <span class='ocrx_word' id='word_1_296' title='bbox 766 2325 848 2381; x_wconf 79' lang='grc'>19.</span> <span class='ocrx_word' id='word_1_297' title='bbox 906 2322 1254 2382; x_wconf 74' lang='lat' dir='ltr'>Avellanitze</span> <span class='ocrx_word' id='word_1_298' title='bbox 1310 2338 1531 2392; x_wconf 91' lang='lat' dir='ltr'>omnes,</span> <span class='ocrx_word' id='word_1_299' title='bbox 1584 2322 1731 2394; x_wconf 66' lang='lat' dir='ltr'>cuni</span> <span class='ocrx_word' id='word_1_300' title='bbox 1780 2322 2040 2394; x_wconf 86' lang='lat' dir='ltr'>ipsorum</span> 
     </span>
    </p>
   </div>
   <div class='ocr_carea' id='block_1_45' title="bbox 405 2392 2035 2469">
    <p class='ocr_par' dir='ltr' id='par_1_45' title="bbox 405 2392 2035 2469">
     <span class='ocr_line' id='line_1_46' title="bbox 405 2392 2035 2469; baseline -0.001 -17"><span class='ocrx_word' id='word_1_301' title='bbox 405 2394 689 2467; x_wconf 72' lang='lat' dir='ltr'>coenobio,</span> <span class='ocrx_word' id='word_1_302' title='bbox 721 2395 786 2453; x_wconf 92' lang='lat' dir='ltr'>in</span> <span class='ocrx_word' id='word_1_303' title='bbox 818 2394 1347 2453; x_wconf 89' lang='lat' dir='ltr'>Camaldulensium</span> <span class='ocrx_word' id='word_1_304' title='bbox 1391 2394 1487 2469; x_wconf 91' lang='lat' dir='ltr'>jus</span> <span class='ocrx_word' id='word_1_305' title='bbox 1538 2392 1908 2451; x_wconf 75' lang='lat' dir='ltr'>transierunt.</span> <span class='ocrx_word' id='word_1_306' title='bbox 1945 2392 2035 2450; x_wconf 77' lang='lat'>20.</span> 
     </span>
    </p>
   </div>
   <div class='ocr_carea' id='block_1_46' title="bbox 405 2516 2038 2590">
    <p class='ocr_par' dir='ltr' id='par_1_46' title="bbox 405 2516 2038 2590">
     <span class='ocr_line' id='line_1_47' title="bbox 405 2516 2038 2590; baseline -0.001 -14"><span class='ocrx_word' id='word_1_307' title='bbox 405 2517 453 2576; x_wconf 94' lang='grc' dir='ltr'>Ι.</span> <span class='ocrx_word' id='word_1_308' title='bbox 484 2518 646 2577; x_wconf 88' lang='lat' dir='ltr'>Nihil</span> <span class='ocrx_word' id='word_1_309' title='bbox 677 2521 862 2590; x_wconf 84' lang='lat' dir='ltr'>magis</span> <span class='ocrx_word' id='word_1_310' title='bbox 890 2521 1109 2578; x_wconf 86' lang='lat' dir='ltr'>evincit</span> <span class='ocrx_word' id='word_1_311' title='bbox 1129 2520 1364 2579; x_wconf 90' lang='lat' dir='ltr'>Petrum</span> <span class='ocrx_word' id='word_1_312' title='bbox 1395 2517 1746 2577; x_wconf 87' lang='lat' dir='ltr'>Damianum</span> <span class='ocrx_word' id='word_1_313' title='bbox 1777 2517 1885 2576; x_wconf 90' lang='lat' dir='ltr'>sub</span> <span class='ocrx_word' id='word_1_314' title='bbox 1920 2516 2038 2575; x_wconf 83' lang='lat' dir='ltr'>Ro-</span> 
     </span>
    </p>
   </div>
   <div class='ocr_carea' id='block_1_47' title="bbox 333 2607 2041 2687">
    <p class='ocr_par' dir='ltr' id='par_1_47' title="bbox 333 2607 2041 2687">
     <span class='ocr_line' id='line_1_48' title="bbox 333 2607 2041 2687; baseline 0.001 -22"><span class='ocrx_word' id='word_1_315' title='bbox 333 2607 556 2667; x_wconf 88' lang='lat' dir='ltr'>mualdi</span> <span class='ocrx_word' id='word_1_316' title='bbox 589 2610 870 2670; x_wconf 88' lang='lat' dir='ltr'>meruisse</span> <span class='ocrx_word' id='word_1_317' title='bbox 912 2612 1217 2687; x_wconf 87' lang='lat' dir='ltr'>disciplina</span> <span class='ocrx_word' id='word_1_318' title='bbox 1253 2617 1424 2686; x_wconf 88' lang='lat' dir='ltr'>atque</span> <span class='ocrx_word' id='word_1_319' title='bbox 1453 2610 1606 2668; x_wconf 88' lang='lat' dir='ltr'>inter</span> <span class='ocrx_word' id='word_1_320' title='bbox 1644 2611 1771 2684; x_wconf 86' lang='lat' dir='ltr'>ejus</span> <span class='ocrx_word' id='word_1_321' title='bbox 1796 2608 2041 2667; x_wconf 89' lang='lat' dir='ltr'>asseclas</span> 
     </span>
    </p>
   </div>
   <div class='ocr_carea' id='block_1_48' title="bbox 337 2696 2043 2775">
    <p class='ocr_par' dir='ltr' id='par_1_48' title="bbox 337 2696 2043 2775">
     <span class='ocr_line' id='line_1_49' title="bbox 337 2696 2043 2775; baseline -0.001 -20"><span class='ocrx_word' id='word_1_322' title='bbox 337 2699 639 2758; x_wconf 89' lang='lat' dir='ltr'>numerari</span> <span class='ocrx_word' id='word_1_323' title='bbox 683 2700 911 2773; x_wconf 90' lang='lat' dir='ltr'>debere,</span> <span class='ocrx_word' id='word_1_324' title='bbox 947 2716 1123 2775; x_wconf 93' lang='lat' dir='ltr'>quam</span> <span class='ocrx_word' id='word_1_325' title='bbox 1168 2700 1446 2771; x_wconf 89' lang='lat' dir='ltr'>locorum,</span> <span class='ocrx_word' id='word_1_326' title='bbox 1478 2697 1694 2772; x_wconf 92' lang='lat' dir='ltr'>quibus</span> <span class='ocrx_word' id='word_1_327' title='bbox 1740 2696 1837 2754; x_wconf 92' lang='lat' dir='ltr'>ille</span> <span class='ocrx_word' id='word_1_328' title='bbox 1886 2712 2043 2770; x_wconf 76' lang='lat' dir='ltr'>prae-</span> 
     </span>
    </p>
   </div>
   <div class='ocr_carea' id='block_1_49' title="bbox 328 2785 2041 2864">
    <p class='ocr_par' dir='ltr' id='par_1_49' title="bbox 328 2785 2041 2864">
     <span class='ocr_line' id='line_1_50' title="bbox 328 2785 2041 2864; baseline 0.001 -21"><span class='ocrx_word' id='word_1_329' title='bbox 328 2785 459 2857; x_wconf 82' lang='lat' dir='ltr'>fuit,</span> <span class='ocrx_word' id='word_1_330' title='bbox 494 2794 595 2846; x_wconf 88' lang='lat' dir='ltr'>aut</span> <span class='ocrx_word' id='word_1_331' title='bbox 627 2788 686 2846; x_wconf 90' lang='lat' dir='ltr'>in</span> <span class='ocrx_word' id='word_1_332' title='bbox 726 2790 943 2864; x_wconf 91' lang='lat' dir='ltr'>quibus</span> <span class='ocrx_word' id='word_1_333' title='bbox 980 2797 1066 2849; x_wconf 91' lang='lat' dir='ltr'>est</span> <span class='ocrx_word' id='word_1_334' title='bbox 1106 2790 1433 2850; x_wconf 90' lang='lat' dir='ltr'>diutissime</span> <span class='ocrx_word' id='word_1_335' title='bbox 1479 2794 1868 2860; x_wconf 88' lang='lat' dir='ltr'>conversatus,</span> <span class='ocrx_word' id='word_1_336' title='bbox 1900 2802 2041 2845; x_wconf 84' lang='lat' dir='ltr'>mox</span> 
     </span>
    </p>
   </div>
   <div class='ocr_carea' id='block_1_50' title="bbox 329 2877 2041 2954">
    <p class='ocr_par' dir='ltr' id='par_1_50' title="bbox 329 2877 2041 2954">
     <span class='ocr_line' id='line_1_51' title="bbox 329 2877 2041 2954; baseline 0.001 -20"><span class='ocrx_word' id='word_1_337' title='bbox 329 2877 681 2939; x_wconf 90' lang='lat' dir='ltr'>instituenda</span> <span class='ocrx_word' id='word_1_338' title='bbox 737 2880 1160 2954; x_wconf 89' lang='lat' dir='ltr'>consideratio;</span> <span class='ocrx_word' id='word_1_339' title='bbox 1220 2880 1358 2939; x_wconf 91' lang='lat' dir='ltr'>hinc</span> <span class='ocrx_word' id='word_1_340' title='bbox 1406 2881 1566 2939; x_wconf 90' lang='lat' dir='ltr'>enim</span> <span class='ocrx_word' id='word_1_341' title='bbox 1619 2877 1854 2953; x_wconf 87' lang='lat' dir='ltr'>patebit,</span> <span class='ocrx_word' id='word_1_342' title='bbox 1923 2893 2041 2937; x_wconf 91' lang='lat' dir='ltr'>non</span> 
     </span>
    </p>
   </div>
   <div class='ocr_carea' id='block_1_51' title="bbox 327 2964 2041 3043">
    <p class='ocr_par' dir='ltr' id='par_1_51' title="bbox 327 2964 2041 3043">
     <span class='ocr_line' id='line_1_52' title="bbox 327 2964 2041 3043; baseline 0.001 -20"><span class='ocrx_word' id='word_1_343' title='bbox 327 2964 488 3026; x_wconf 87' lang='lat' dir='ltr'>aliud</span> <span class='ocrx_word' id='word_1_344' title='bbox 532 2984 708 3041; x_wconf 89' lang='lat' dir='ltr'>quam</span> <span class='ocrx_word' id='word_1_345' title='bbox 737 2967 795 3028; x_wconf 91' lang='lat' dir='ltr'>S.</span> <span class='ocrx_word' id='word_1_346' title='bbox 831 2970 1139 3029; x_wconf 84' lang='lat' dir='ltr'>Romualdi</span> <span class='ocrx_word' id='word_1_347' title='bbox 1171 2970 1503 3028; x_wconf 89' lang='lat' dir='ltr'>institutum</span> <span class='ocrx_word' id='word_1_348' title='bbox 1541 2968 1709 3041; x_wconf 89' lang='lat' dir='ltr'>sequi</span> <span class='ocrx_word' id='word_1_349' title='bbox 1766 2967 2041 3043; x_wconf 90' lang='lat' dir='ltr'>potuisse,</span> 
     </span>
    </p>
   </div>
   <div class='ocr_carea' id='block_1_52' title="bbox 330 3057 2044 3136">
    <p class='ocr_par' dir='ltr' id='par_1_52' title="bbox 330 3057 2044 3136">
     <span class='ocr_line' id='line_1_53' title="bbox 330 3057 2044 3136; baseline 0 -21"><span class='ocrx_word' id='word_1_350' title='bbox 330 3059 498 3132; x_wconf 90' lang='lat' dir='ltr'>cujus</span> <span class='ocrx_word' id='word_1_351' title='bbox 541 3060 694 3118; x_wconf 90' lang='lat' dir='ltr'>inter</span> <span class='ocrx_word' id='word_1_352' title='bbox 740 3058 1054 3134; x_wconf 88' lang='lat' dir='ltr'>discipulos</span> <span class='ocrx_word' id='word_1_353' title='bbox 1103 3059 1362 3136; x_wconf 88' lang='lat' dir='ltr'>quotidie</span> <span class='ocrx_word' id='word_1_354' title='bbox 1419 3057 1669 3128; x_wconf 89' lang='lat' dir='ltr'>vivebat,</span> <span class='ocrx_word' id='word_1_355' title='bbox 1726 3073 2044 3131; x_wconf 92' lang='lat' dir='ltr'>eorumque</span> 
     </span>
    </p>
   </div>
   <div class='ocr_carea' id='block_1_53' title="bbox 2133 1892 3842 1967">
    <p class='ocr_par' dir='ltr' id='par_1_53' title="bbox 2133 1892 3842 1967">
     <span class='ocr_line' id='line_1_54' title="bbox 2133 1892 3842 1967; baseline -0.001 -16"><span class='ocrx_word' id='word_1_356' title='bbox 2133 1894 2414 1954; x_wconf 88' lang='lat' dir='ltr'>monacho</span> <span class='ocrx_word' id='word_1_357' title='bbox 2436 1894 2507 1952; x_wconf 92' lang='lat' dir='ltr'>ad</span> <span class='ocrx_word' id='word_1_358' title='bbox 2530 1893 2839 1967; x_wconf 90' lang='lat' dir='ltr'>utriusque</span> <span class='ocrx_word' id='word_1_359' title='bbox 2865 1893 3197 1966; x_wconf 88' lang='lat' dir='ltr'>sepulcrum</span> <span class='ocrx_word' id='word_1_360' title='bbox 3225 1894 3433 1965; x_wconf 91' lang='lat' dir='ltr'>oranti,</span> <span class='ocrx_word' id='word_1_361' title='bbox 3464 1899 3636 1967; x_wconf 89' lang='lat' dir='ltr'>atque</span> <span class='ocrx_word' id='word_1_362' title='bbox 3661 1908 3693 1950; x_wconf 90' lang='lat' dir='ltr'>a</span> <span class='ocrx_word' id='word_1_363' title='bbox 3713 1892 3842 1950; x_wconf 90' lang='lat' dir='ltr'>den-</span> 
     </span>
    </p>
   </div>
   <div class='ocr_carea' id='block_1_54' title="bbox 2126 1979 3842 2053">
    <p class='ocr_par' dir='ltr' id='par_1_54' title="bbox 2126 1979 3842 2053">
     <span class='ocr_line' id='line_1_55' title="bbox 2126 1979 3842 2053; baseline 0 -13"><span class='ocrx_word' id='word_1_364' title='bbox 2126 1982 2274 2042; x_wconf 90' lang='lat' dir='ltr'>tium</span> <span class='ocrx_word' id='word_1_365' title='bbox 2321 1982 2516 2041; x_wconf 92' lang='lat' dir='ltr'>dolore</span> <span class='ocrx_word' id='word_1_366' title='bbox 2566 1982 2823 2051; x_wconf 89' lang='lat' dir='ltr'>liberato,</span> <span class='ocrx_word' id='word_1_367' title='bbox 2858 1989 3169 2053; x_wconf 89' lang='lat' dir='ltr'>ostensam,</span> <span class='ocrx_word' id='word_1_368' title='bbox 3214 2004 3234 2033; x_wconf 81' lang='grc' dir='ltr'>ι</span> <span class='ocrx_word' id='word_1_369' title='bbox 3271 1980 3635 2041; x_wconf 84' lang='lat' dir='ltr'>Romualdus</span> <span class='ocrx_word' id='word_1_370' title='bbox 3683 1979 3842 2040; x_wconf 89' lang='lat' dir='ltr'>illico</span> 
     </span>
    </p>
   </div>
   <div class='ocr_carea' id='block_1_55' title="bbox 2127 2067 3844 2143">
    <p class='ocr_par' dir='ltr' id='par_1_55' title="bbox 2127 2067 3844 2143">
     <span class='ocr_line' id='line_1_56' title="bbox 2127 2067 3844 2143; baseline -0.001 -16"><span class='ocrx_word' id='word_1_371' title='bbox 2127 2069 2398 2143; x_wconf 89' lang='lat' dir='ltr'>praecepit</span> <span class='ocrx_word' id='word_1_372' title='bbox 2430 2068 2705 2127; x_wconf 85' lang='lat' dir='ltr'>fratribus</span> <span class='ocrx_word' id='word_1_373' title='bbox 2732 2076 2796 2127; x_wconf 92' lang='lat' dir='ltr'>ut</span> <span class='ocrx_word' id='word_1_374' title='bbox 2820 2068 2940 2142; x_wconf 91' lang='lat' dir='ltr'>jam</span> <span class='ocrx_word' id='word_1_375' title='bbox 2963 2069 3286 2127; x_wconf 84' lang='lat' dir='ltr'>Gaudentio</span> <span class='ocrx_word' id='word_1_376' title='bbox 3313 2068 3623 2126; x_wconf 84' lang='lat' dir='ltr'>fraternam</span> <span class='ocrx_word' id='word_1_377' title='bbox 3651 2067 3844 2127; x_wconf 34' lang='lat' dir='ltr'>charis</span> 
     </span>
    </p>
   </div>
   <div class='ocr_carea' id='block_1_56' title="bbox 2132 2156 3797 2232">
    <p class='ocr_par' dir='ltr' id='par_1_56' title="bbox 2132 2156 3797 2232">
     <span class='ocr_line' id='line_1_57' title="bbox 2132 2156 3797 2232; baseline -0.006 -14"><span class='ocrx_word' id='word_1_378' title='bbox 2132 2166 2303 2218; x_wconf 90' lang='lat' dir='ltr'>tatem</span> <span class='ocrx_word' id='word_1_379' title='bbox 2334 2158 2759 2232; x_wconf 88' lang='lat' dir='ltr'>impenderent,</span> <span class='ocrx_word' id='word_1_380' title='bbox 2790 2163 2962 2231; x_wconf 89' lang='lat' dir='ltr'>atque</span> <span class='ocrx_word' id='word_1_381' title='bbox 2993 2174 3096 2232; x_wconf 92' lang='lat' dir='ltr'>pro</span> <span class='ocrx_word' id='word_1_382' title='bbox 3126 2172 3192 2217; x_wconf 86' lang='lat' dir='ltr'>eo</span> <span class='ocrx_word' id='word_1_383' title='bbox 3221 2156 3458 2215; x_wconf 87' lang='lat' dir='ltr'>enixius</span> <span class='ocrx_word' id='word_1_384' title='bbox 3485 2163 3739 2214; x_wconf 88' lang='lat' dir='ltr'>orarent.</span> <span class='ocrx_word' id='word_1_385' title='bbox 3775 2179 3797 2207; x_wconf 79' lang='grc' dir='ltr'>ι</span> 
     </span>
    </p>
   </div>
   <div class='ocr_carea' id='block_1_57' title="bbox 2198 2245 3846 2320">
    <p class='ocr_par' dir='ltr' id='par_1_57' title="bbox 2198 2245 3846 2320">
     <span class='ocr_line' id='line_1_58' title="bbox 2198 2245 3846 2320; baseline -0.002 -14"><span class='ocrx_word' id='word_1_386' title='bbox 2198 2246 2304 2307; x_wconf 91' lang='grc' dir='ltr'>ΙΙΙ.</span> <span class='ocrx_word' id='word_1_387' title='bbox 2327 2247 2397 2304; x_wconf 90' lang='lat' dir='ltr'>In</span> <span class='ocrx_word' id='word_1_388' title='bbox 2422 2247 2530 2304; x_wconf 90' lang='lat' dir='ltr'>hoc</span> <span class='ocrx_word' id='word_1_389' title='bbox 2558 2246 2739 2320; x_wconf 84' lang='lat' dir='ltr'>igitur</span> <span class='ocrx_word' id='word_1_390' title='bbox 2768 2248 3118 2305; x_wconf 90' lang='lat' dir='ltr'>monasterio</span> <span class='ocrx_word' id='word_1_391' title='bbox 3145 2246 3203 2306; x_wconf 94' lang='lat' dir='ltr'>S.</span> <span class='ocrx_word' id='word_1_392' title='bbox 3241 2245 3546 2317; x_wconf 83' lang='lat' dir='ltr'>Vincentii,</span> <span class='ocrx_word' id='word_1_393' title='bbox 3586 2247 3846 2319; x_wconf 89' lang='lat' dir='ltr'>adeoque</span> 
     </span>
    </p>
   </div>
   <div class='ocr_carea' id='block_1_58' title="bbox 2128 2334 3844 2409">
    <p class='ocr_par' dir='ltr' id='par_1_58' title="bbox 2128 2334 3844 2409">
     <span class='ocr_line' id='line_1_59' title="bbox 2128 2334 3844 2409; baseline -0.001 -16"><span class='ocrx_word' id='word_1_394' title='bbox 2128 2336 2280 2394; x_wconf 90' lang='lat' dir='ltr'>inter</span> <span class='ocrx_word' id='word_1_395' title='bbox 2333 2334 2666 2409; x_wconf 84' lang='lat' dir='ltr'>superstites</span> <span class='ocrx_word' id='word_1_396' title='bbox 2721 2334 3034 2393; x_wconf 83' lang='lat' dir='ltr'>Romualdi</span> <span class='ocrx_word' id='word_1_397' title='bbox 3089 2334 3404 2408; x_wconf 90' lang='lat' dir='ltr'>discipulos</span> <span class='ocrx_word' id='word_1_398' title='bbox 3449 2341 3712 2393; x_wconf 86' lang='lat' dir='ltr'>versatus</span> <span class='ocrx_word' id='word_1_399' title='bbox 3759 2339 3844 2391; x_wconf 90' lang='lat' dir='ltr'>est</span> 
     </span>
    </p>
   </div>
   <div class='ocr_carea' id='block_1_59' title="bbox 2128 2423 3840 2498">
    <p class='ocr_par' dir='ltr' id='par_1_59' title="bbox 2128 2423 3840 2498">
     <span class='ocr_line' id='line_1_60' title="bbox 2128 2423 3840 2498; baseline -0.002 -13"><span class='ocrx_word' id='word_1_400' title='bbox 2128 2427 2333 2485; x_wconf 90' lang='lat' dir='ltr'>Petrus</span> <span class='ocrx_word' id='word_1_401' title='bbox 2377 2426 2716 2497; x_wconf 88' lang='lat' dir='ltr'>Damianus,</span> <span class='ocrx_word' id='word_1_402' title='bbox 2749 2424 2867 2483; x_wconf 92' lang='lat' dir='ltr'>imo</span> <span class='ocrx_word' id='word_1_403' title='bbox 2913 2440 2980 2483; x_wconf 92' lang='lat' dir='ltr'>eo</span> <span class='ocrx_word' id='word_1_404' title='bbox 3024 2424 3134 2483; x_wconf 92' lang='lat' dir='ltr'>loci</span> <span class='ocrx_word' id='word_1_405' title='bbox 3167 2424 3359 2483; x_wconf 88' lang='lat' dir='ltr'>Vitam</span> <span class='ocrx_word' id='word_1_406' title='bbox 3406 2424 3593 2498; x_wconf 91' lang='lat' dir='ltr'>ipsam</span> <span class='ocrx_word' id='word_1_407' title='bbox 3637 2423 3694 2483; x_wconf 55' lang='lat' dir='ltr'>SH</span> <span class='ocrx_word' id='word_1_408' title='bbox 3722 2423 3840 2482; x_wconf 85' lang='lat' dir='ltr'>Bo-</span> 
     </span>
    </p>
   </div>
   <div class='ocr_carea' id='block_1_60' title="bbox 2128 2514 3838 2590">
    <p class='ocr_par' dir='ltr' id='par_1_60' title="bbox 2128 2514 3838 2590">
     <span class='ocr_line' id='line_1_61' title="bbox 2128 2514 3838 2590; baseline -0.002 -15"><span class='ocrx_word' id='word_1_409' title='bbox 2128 2517 2352 2577; x_wconf 89' lang='lat' dir='ltr'>mualdi</span> <span class='ocrx_word' id='word_1_410' title='bbox 2380 2516 2701 2590; x_wconf 85' lang='lat' dir='ltr'>descripsit,</span> <span class='ocrx_word' id='word_1_411' title='bbox 2736 2523 2802 2575; x_wconf 93' lang='lat' dir='ltr'>ut</span> <span class='ocrx_word' id='word_1_412' title='bbox 2837 2514 3057 2574; x_wconf 90' lang='lat' dir='ltr'>notavit</span> <span class='ocrx_word' id='word_1_413' title='bbox 3082 2515 3399 2574; x_wconf 90' lang='lat' dir='ltr'>Fortunius</span> <span class='ocrx_word' id='word_1_414' title='bbox 3432 2515 3584 2573; x_wconf 91' lang='lat' dir='ltr'>Hist.</span> <span class='ocrx_word' id='word_1_415' title='bbox 3621 2516 3838 2574; x_wconf 89' lang='lat' dir='ltr'>Camal.</span> 
     </span>
    </p>
   </div>
   <div class='ocr_carea' id='block_1_61' title="bbox 2128 2604 3843 2680">
    <p class='ocr_par' dir='ltr' id='par_1_61' title="bbox 2128 2604 3843 2680">
     <span class='ocr_line' id='line_1_62' title="bbox 2128 2604 3843 2680; baseline -0.001 -15"><span class='ocrx_word' id='word_1_416' title='bbox 2128 2612 2274 2680; x_wconf 90' lang='lat' dir='ltr'>part.</span> <span class='ocrx_word' id='word_1_417' title='bbox 2304 2619 2367 2677; x_wconf 86' lang='lat' dir='ltr'>II,</span> <span class='ocrx_word' id='word_1_418' title='bbox 2400 2606 2439 2663; x_wconf 93' lang='lat' dir='ltr'>l.</span> <span class='ocrx_word' id='word_1_419' title='bbox 2476 2617 2536 2677; x_wconf 90' lang='lat' dir='ltr'>v,</span> <span class='ocrx_word' id='word_1_420' title='bbox 2566 2620 2687 2679; x_wconf 88' lang='lat' dir='ltr'>cap.</span> <span class='ocrx_word' id='word_1_421' title='bbox 2721 2605 2754 2663; x_wconf 90' lang='lat'><strong>6</strong></span> <span class='ocrx_word' id='word_1_422' title='bbox 2779 2624 2793 2676; x_wconf 68' lang='grc' dir='ltr'>ς</span> <span class='ocrx_word' id='word_1_423' title='bbox 2821 2612 2995 2678; x_wconf 90' lang='lat' dir='ltr'>atque</span> <span class='ocrx_word' id='word_1_424' title='bbox 3028 2613 3219 2679; x_wconf 90' lang='lat' dir='ltr'>aperte</span> <span class='ocrx_word' id='word_1_425' title='bbox 3249 2604 3540 2679; x_wconf 88' lang='lat' dir='ltr'>colligitur</span> <span class='ocrx_word' id='word_1_426' title='bbox 3569 2621 3642 2664; x_wconf 85' lang='lat' dir='ltr'>ex</span> <span class='ocrx_word' id='word_1_427' title='bbox 3672 2604 3843 2663; x_wconf 89' lang='lat' dir='ltr'>initio</span> 
     </span>
    </p>
   </div>
   <div class='ocr_carea' id='block_1_62' title="bbox 2128 2692 3843 2769">
    <p class='ocr_par' dir='ltr' id='par_1_62' title="bbox 2128 2692 3843 2769">
     <span class='ocr_line' id='line_1_63' title="bbox 2128 2692 3843 2769; baseline 0 -16"><span class='ocrx_word' id='word_1_428' title='bbox 2128 2696 2284 2754; x_wconf 88' lang='lat' dir='ltr'>citati</span> <span class='ocrx_word' id='word_1_429' title='bbox 2334 2694 2536 2769; x_wconf 90' lang='lat' dir='ltr'>capitis</span> <span class='ocrx_word' id='word_1_430' title='bbox 2582 2695 2649 2753; x_wconf 81' lang='lat'>57</span> <span class='ocrx_word' id='word_1_431' title='bbox 2700 2693 2851 2752; x_wconf 81' lang='lat' dir='ltr'>Vitae</span> <span class='ocrx_word' id='word_1_432' title='bbox 2905 2692 2963 2753; x_wconf 93' lang='lat' dir='ltr'>S.</span> <span class='ocrx_word' id='word_1_433' title='bbox 3000 2692 3202 2765; x_wconf 89' lang='lat' dir='ltr'>Patris,</span> <span class='ocrx_word' id='word_1_434' title='bbox 3249 2693 3351 2752; x_wconf 93' lang='lat' dir='ltr'>ubi</span> <span class='ocrx_word' id='word_1_435' title='bbox 3400 2693 3720 2754; x_wconf 89' lang='lat' dir='ltr'>Damianus</span> <span class='ocrx_word' id='word_1_436' title='bbox 3760 2695 3843 2753; x_wconf 90' lang='lat' dir='ltr'>sic</span> 
     </span>
    </p>
   </div>
   <div class='ocr_carea' id='block_1_63' title="bbox 2128 2784 3843 2859">
    <p class='ocr_par' dir='ltr' id='par_1_63' title="bbox 2128 2784 3843 2859">
     <span class='ocr_line' id='line_1_64' title="bbox 2128 2784 3843 2859; baseline 0 -15"><span class='ocrx_word' id='word_1_437' title='bbox 2128 2786 2390 2859; x_wconf 89' lang='lat' dir='ltr'>loquitur</span> <span class='ocrx_word' id='word_1_438' title='bbox 2417 2806 2429 2845; x_wconf 91' lang='lat'>:</span> <span class='ocrx_word' id='word_1_439' title='bbox 2466 2810 2491 2837; x_wconf 81' lang='grc' dir='ltr'>α</span> <span class='ocrx_word' id='word_1_440' title='bbox 2520 2784 2689 2844; x_wconf 83' lang='lat' dir='ltr'>Alius</span> <span class='ocrx_word' id='word_1_441' title='bbox 2721 2785 2895 2844; x_wconf 87' lang='lat' dir='ltr'>frater</span> <span class='ocrx_word' id='word_1_442' title='bbox 2922 2784 3285 2843; x_wconf 89' lang='lat' dir='ltr'>Gaudentius</span> <span class='ocrx_word' id='word_1_443' title='bbox 3326 2784 3585 2855; x_wconf 90' lang='lat' dir='ltr'>nomine,</span> <span class='ocrx_word' id='word_1_444' title='bbox 3618 2785 3843 2844; x_wconf 87' lang='lat' dir='ltr'>abbatis</span> 
     </span>
    </p>
   </div>
   <div class='ocr_carea' id='block_1_64' title="bbox 2128 2871 3842 2949">
    <p class='ocr_par' dir='ltr' id='par_1_64' title="bbox 2128 2871 3842 2949">
     <span class='ocr_line' id='line_1_65' title="bbox 2128 2871 3842 2949; baseline 0 -16"><span class='ocrx_word' id='word_1_445' title='bbox 2128 2875 2397 2933; x_wconf 88' lang='lat' dir='ltr'>videlicet</span> <span class='ocrx_word' id='word_1_446' title='bbox 2423 2875 2600 2949; x_wconf 90' lang='lat' dir='ltr'>hujus</span> <span class='ocrx_word' id='word_1_447' title='bbox 2632 2871 2965 2932; x_wconf 89' lang='lat' dir='ltr'>monasterii</span> <span class='ocrx_word' id='word_1_448' title='bbox 2997 2871 3055 2931; x_wconf 93' lang='lat' dir='ltr'>S.</span> <span class='ocrx_word' id='word_1_449' title='bbox 3088 2872 3382 2931; x_wconf 89' lang='lat' dir='ltr'>Vincentii</span> <span class='ocrx_word' id='word_1_450' title='bbox 3410 2880 3587 2947; x_wconf 90' lang='lat' dir='ltr'>pater.</span> <span class='ocrx_word' id='word_1_451' title='bbox 3624 2873 3842 2941; x_wconf 56' lang='lat' dir='ltr'>imum</span> 
     </span>
    </p>
   </div>
   <div class='ocr_carea' id='block_1_65' title="bbox 2130 2963 3841 3041">
    <p class='ocr_par' dir='ltr' id='par_1_65' title="bbox 2130 2963 3841 3041">
     <span class='ocr_line' id='line_1_66' title="bbox 2130 2963 3841 3041; baseline -0.002 -15"><span class='ocrx_word' id='word_1_452' title='bbox 2130 2967 2288 3026; x_wconf 90' lang='lat' dir='ltr'>enim</span> <span class='ocrx_word' id='word_1_453' title='bbox 2330 2967 2597 3041; x_wconf 90' lang='lat' dir='ltr'>proxime</span> <span class='ocrx_word' id='word_1_454' title='bbox 2638 2969 2806 3024; x_wconf 84' lang='lat' dir='ltr'>antea</span> <span class='ocrx_word' id='word_1_455' title='bbox 2854 2964 2983 3023; x_wconf 87' lang='lat' dir='ltr'>talis</span> <span class='ocrx_word' id='word_1_456' title='bbox 3033 2964 3366 3024; x_wconf 90' lang='lat' dir='ltr'>monasterii</span> <span class='ocrx_word' id='word_1_457' title='bbox 3413 2963 3579 3023; x_wconf 89' lang='lat' dir='ltr'>nulla</span> <span class='ocrx_word' id='word_1_458' title='bbox 3621 2964 3841 3024; x_wconf 88' lang='lat' dir='ltr'>mentio</span> 
     </span>
    </p>
   </div>
   <div class='ocr_carea' id='block_1_66' title="bbox 2129 3053 3840 3128">
    <p class='ocr_par' dir='ltr' id='par_1_66' title="bbox 2129 3053 3840 3128">
     <span class='ocr_line' id='line_1_67' title="bbox 2129 3053 3840 3128; baseline -0.001 -13"><span class='ocrx_word' id='word_1_459' title='bbox 2129 3061 2512 3128; x_wconf 66' lang='lat' dir='ltr'>praecesserat,</span> <span class='ocrx_word' id='word_1_460' title='bbox 2540 3055 2637 3113; x_wconf 92' lang='lat' dir='ltr'>sed</span> <span class='ocrx_word' id='word_1_461' title='bbox 2669 3054 2848 3113; x_wconf 84' lang='lat' dir='ltr'>ferme</span> <span class='ocrx_word' id='word_1_462' title='bbox 2878 3053 2948 3111; x_wconf 90' lang='lat' dir='ltr'>de</span> <span class='ocrx_word' id='word_1_463' title='bbox 2975 3054 3148 3126; x_wconf 79' lang='lat' dir='ltr'>gestis</span> <span class='ocrx_word' id='word_1_464' title='bbox 3193 3055 3346 3127; x_wconf 88' lang='lat' dir='ltr'>apud</span> <span class='ocrx_word' id='word_1_465' title='bbox 3381 3053 3611 3112; x_wconf 92' lang='lat' dir='ltr'>Sitriam</span> <span class='ocrx_word' id='word_1_466' title='bbox 3649 3069 3840 3114; x_wconf 87' lang='lat' dir='ltr'>sermo</span> 
     </span>
    </p>
   </div>
   <div class='ocr_carea' id='block_1_67' title="bbox 330 3142 3840 3235">
    <p class='ocr_par' dir='ltr' id='par_1_67' title="bbox 330 3142 3840 3235">
     <span class='ocr_line' id='line_1_68' title="bbox 330 3142 3840 3235; baseline 0 -32"><span class='ocrx_word' id='word_1_467' title='bbox 330 3145 569 3204; x_wconf 87' lang='lat' dir='ltr'>vivendi</span> <span class='ocrx_word' id='word_1_468' title='bbox 619 3150 1029 3209; x_wconf 89' lang='lat' dir='ltr'>consuetudini</span> <span class='ocrx_word' id='word_1_469' title='bbox 1061 3164 1123 3207; x_wconf 91' lang='lat' dir='ltr'>se</span> <span class='ocrx_word' id='word_1_470' title='bbox 1158 3146 1566 3207; x_wconf 87' lang='lat' dir='ltr'>conformabat.</span> <span class='ocrx_word' id='word_1_471' title='bbox 1603 3146 1676 3204; x_wconf 87' lang='lat' dir='ltr'>Et</span> <span class='ocrx_word' id='word_1_472' title='bbox 1703 3147 1940 3220; x_wconf 89' lang='lat' dir='ltr'>quidem</span> <span class='ocrx_word' id='word_1_473' title='bbox 1972 3145 2104 3235; x_wconf 74' lang='lat' dir='ltr'>deG</span> <span class='ocrx_word' id='word_1_474' title='bbox 2130 3150 2271 3218; x_wconf 90' lang='lat' dir='ltr'>erat,</span> <span class='ocrx_word' id='word_1_475' title='bbox 2305 3160 2423 3203; x_wconf 91' lang='lat' dir='ltr'>non</span> <span class='ocrx_word' id='word_1_476' title='bbox 2467 3151 2649 3218; x_wconf 89' lang='lat' dir='ltr'>potest</span> <span class='ocrx_word' id='word_1_477' title='bbox 2695 3143 2973 3202; x_wconf 88' lang='lat' dir='ltr'>ostensivi</span> <span class='ocrx_word' id='word_1_478' title='bbox 3004 3145 3163 3202; x_wconf 89' lang='lat' dir='ltr'>illius</span> <span class='ocrx_word' id='word_1_479' title='bbox 3207 3142 3570 3217; x_wconf 89' lang='lat' dir='ltr'>pronominis</span> <span class='ocrx_word' id='word_1_480' title='bbox 3601 3168 3627 3192; x_wconf 68' lang='grc' dir='ltr'>σε</span> <span class='ocrx_word' id='word_1_481' title='bbox 3661 3143 3840 3219; x_wconf 91' lang='lat' dir='ltr'>hujus</span> 
     </span>
    </p>
   </div>
   <div class='ocr_carea' id='block_1_68' title="bbox 331 3231 3840 3312">
    <p class='ocr_par' dir='ltr' id='par_1_68' title="bbox 331 3231 3840 3312">
     <span class='ocr_line' id='line_1_69' title="bbox 331 3231 3840 3312; baseline 0 -19"><span class='ocrx_word' id='word_1_482' title='bbox 331 3234 532 3295; x_wconf 84' lang='lat' dir='ltr'>Fontis</span> <span class='ocrx_word' id='word_1_483' title='bbox 562 3236 862 3296; x_wconf 85' lang='lat' dir='ltr'>Avellanae</span> <span class='ocrx_word' id='word_1_484' title='bbox 888 3237 1170 3309; x_wconf 73' lang='lat' dir='ltr'>cmnobio,</span> <span class='ocrx_word' id='word_1_485' title='bbox 1198 3236 1353 3312; x_wconf 91' lang='lat' dir='ltr'>quod</span> <span class='ocrx_word' id='word_1_486' title='bbox 1382 3234 1744 3309; x_wconf 90' lang='lat' dir='ltr'>frequentius</span> <span class='ocrx_word' id='word_1_487' title='bbox 1779 3233 2042 3303; x_wconf 90' lang='lat' dir='ltr'>incoluit,</span> <span class='ocrx_word' id='word_1_488' title='bbox 2071 3231 2104 3235; x_wconf 45' lang='lat'>&quot;</span> <span class='ocrx_word' id='word_1_489' title='bbox 2129 3233 2465 3291; x_wconf 84' lang='lat' dir='ltr'>monasterii</span> <span class='ocrx_word' id='word_1_490' title='bbox 2519 3255 2546 3286; x_wconf 93' lang='lat'>»</span> <span class='ocrx_word' id='word_1_491' title='bbox 2594 3231 2941 3303; x_wconf 84' lang='lat' dir='ltr'>signiﬁcatio</span> <span class='ocrx_word' id='word_1_492' title='bbox 2984 3231 3099 3291; x_wconf 89' lang='lat' dir='ltr'>alio</span> <span class='ocrx_word' id='word_1_493' title='bbox 3147 3232 3499 3306; x_wconf 89' lang='lat' dir='ltr'>detorqueri,</span> <span class='ocrx_word' id='word_1_494' title='bbox 3553 3246 3727 3305; x_wconf 88' lang='lat' dir='ltr'>quam</span> <span class='ocrx_word' id='word_1_495' title='bbox 3773 3240 3840 3293; x_wconf 89' lang='lat' dir='ltr'>ut</span> 
     </span>
    </p>
   </div>
   <div class='ocr_carea' id='block_1_69' title="bbox 331 3323 2048 3401">
    <p class='ocr_par' dir='ltr' id='par_1_69' title="bbox 331 3323 2048 3401">
     <span class='ocr_line' id='line_1_70' title="bbox 331 3323 2048 3401; baseline -0.001 -19"><span class='ocrx_word' id='word_1_496' title='bbox 331 3324 483 3383; x_wconf 87' lang='lat' dir='ltr'>nihil</span> <span class='ocrx_word' id='word_1_497' title='bbox 534 3332 619 3384; x_wconf 91' lang='lat' dir='ltr'>est</span> <span class='ocrx_word' id='word_1_498' title='bbox 655 3328 809 3400; x_wconf 91' lang='lat' dir='ltr'>quod</span> <span class='ocrx_word' id='word_1_499' title='bbox 849 3334 1193 3401; x_wconf 85' lang='lat' dir='ltr'>repetamus,</span> <span class='ocrx_word' id='word_1_500' title='bbox 1224 3342 1360 3385; x_wconf 91' lang='lat' dir='ltr'>cum</span> <span class='ocrx_word' id='word_1_501' title='bbox 1404 3325 1542 3384; x_wconf 88' lang='lat' dir='ltr'>satis</span> <span class='ocrx_word' id='word_1_502' title='bbox 1583 3325 1766 3384; x_wconf 90' lang='lat' dir='ltr'>multa</span> <span class='ocrx_word' id='word_1_503' title='bbox 1817 3325 1888 3383; x_wconf 94' lang='lat' dir='ltr'>de</span> <span class='ocrx_word' id='word_1_504' title='bbox 1945 3323 2048 3382; x_wconf 93' lang='lat' dir='ltr'>illo</span> 
     </span>
    </p>
   </div>
   <div class='ocr_carea' id='block_1_70' title="bbox 332 3416 2047 3493">
    <p class='ocr_par' dir='ltr' id='par_1_70' title="bbox 332 3416 2047 3493">
     <span class='ocr_line' id='line_1_71' title="bbox 332 3416 2047 3493; baseline 0 -20"><span class='ocrx_word' id='word_1_505' title='bbox 332 3416 612 3476; x_wconf 87' lang='lat' dir='ltr'>hactenus</span> <span class='ocrx_word' id='word_1_506' title='bbox 645 3416 796 3477; x_wconf 88' lang='lat' dir='ltr'>dicta</span> <span class='ocrx_word' id='word_1_507' title='bbox 844 3419 980 3490; x_wconf 89' lang='lat' dir='ltr'>sint,</span> <span class='ocrx_word' id='word_1_508' title='bbox 1008 3435 1141 3493; x_wconf 77' lang='lat' dir='ltr'>quae</span> <span class='ocrx_word' id='word_1_509' title='bbox 1173 3419 1471 3493; x_wconf 89' lang='lat' dir='ltr'>negotium</span> <span class='ocrx_word' id='word_1_510' title='bbox 1507 3417 1613 3475; x_wconf 92' lang='lat' dir='ltr'>hoc</span> <span class='ocrx_word' id='word_1_511' title='bbox 1652 3416 1826 3491; x_wconf 89' lang='lat' dir='ltr'>plane</span> <span class='ocrx_word' id='word_1_512' title='bbox 1865 3416 2047 3475; x_wconf 87' lang='lat' dir='ltr'>conti-</span> 
     </span>
    </p>
   </div>
   <div class='ocr_carea' id='block_1_71' title="bbox 332 3503 2045 3582">
    <p class='ocr_par' dir='ltr' id='par_1_71' title="bbox 332 3503 2045 3582">
     <span class='ocr_line' id='line_1_72' title="bbox 332 3503 2045 3582; baseline 0.001 -21"><span class='ocrx_word' id='word_1_513' title='bbox 332 3503 514 3577; x_wconf 86' lang='lat' dir='ltr'>ciunt,</span> <span class='ocrx_word' id='word_1_514' title='bbox 547 3505 689 3566; x_wconf 90' lang='lat' dir='ltr'>dum</span> <span class='ocrx_word' id='word_1_515' title='bbox 731 3508 859 3582; x_wconf 88' lang='lat' dir='ltr'>ejus</span> <span class='ocrx_word' id='word_1_516' title='bbox 901 3508 1323 3567; x_wconf 86' lang='lat' dir='ltr'>institutionem</span> <span class='ocrx_word' id='word_1_517' title='bbox 1365 3524 1399 3565; x_wconf 91' lang='lat' dir='ltr'>a</span> <span class='ocrx_word' id='word_1_518' title='bbox 1438 3505 1495 3566; x_wconf 91' lang='lat' dir='ltr'>S.</span> <span class='ocrx_word' id='word_1_519' title='bbox 1529 3505 1853 3565; x_wconf 83' lang='lat' dir='ltr'>Bomualdo</span> <span class='ocrx_word' id='word_1_520' title='bbox 1891 3505 2045 3564; x_wconf 85' lang='lat' dir='ltr'>deri-</span> 
     </span>
    </p>
   </div>
   <div class='ocr_carea' id='block_1_72' title="bbox 333 3595 2045 3669">
    <p class='ocr_par' dir='ltr' id='par_1_72' title="bbox 333 3595 2045 3669">
     <span class='ocr_line' id='line_1_73' title="bbox 333 3595 2045 3669; baseline 0.002 -18"><span class='ocrx_word' id='word_1_521' title='bbox 333 3598 525 3652; x_wconf 85' lang='lat' dir='ltr'>vatam</span> <span class='ocrx_word' id='word_1_522' title='bbox 574 3596 869 3656; x_wconf 88' lang='lat' dir='ltr'>evidenter</span> <span class='ocrx_word' id='word_1_523' title='bbox 916 3598 1248 3656; x_wconf 89' lang='lat' dir='ltr'>ostendunt.</span> <span class='ocrx_word' id='word_1_524' title='bbox 1279 3596 1391 3656; x_wconf 91' lang='lat' dir='ltr'>Sed</span> <span class='ocrx_word' id='word_1_525' title='bbox 1435 3611 1624 3669; x_wconf 88' lang='lat' dir='ltr'>neque</span> <span class='ocrx_word' id='word_1_526' title='bbox 1670 3596 1740 3654; x_wconf 91' lang='lat' dir='ltr'>de</span> <span class='ocrx_word' id='word_1_527' title='bbox 1798 3595 2045 3669; x_wconf 90' lang='lat' dir='ltr'>Pompo-</span> 
     </span>
    </p>
   </div>
   <div class='ocr_carea' id='block_1_73' title="bbox 333 3682 2046 3758">
    <p class='ocr_par' dir='ltr' id='par_1_73' title="bbox 333 3682 2046 3758">
     <span class='ocr_line' id='line_1_74' title="bbox 333 3682 2046 3758; baseline 0.002 -19"><span class='ocrx_word' id='word_1_528' title='bbox 333 3682 498 3741; x_wconf 90' lang='lat' dir='ltr'>siano</span> <span class='ocrx_word' id='word_1_529' title='bbox 567 3686 935 3756; x_wconf 90' lang='lat' dir='ltr'>monasterio,</span> <span class='ocrx_word' id='word_1_530' title='bbox 989 3685 1090 3745; x_wconf 93' lang='lat' dir='ltr'>ubi</span> <span class='ocrx_word' id='word_1_531' title='bbox 1154 3686 1329 3744; x_wconf 87' lang='lat' dir='ltr'>ferme</span> <span class='ocrx_word' id='word_1_532' title='bbox 1382 3684 1686 3743; x_wconf 89' lang='lat' dir='ltr'>biennium</span> <span class='ocrx_word' id='word_1_533' title='bbox 1771 3685 2046 3758; x_wconf 88' lang='lat' dir='ltr'>expendit</span> 
     </span>
    </p>
   </div>
   <div class='ocr_carea' id='block_1_74' title="bbox 332 3772 2044 3851">
    <p class='ocr_par' dir='ltr' id='par_1_74' title="bbox 332 3772 2044 3851">
     <span class='ocr_line' id='line_1_75' title="bbox 332 3772 2044 3851; baseline 0.002 -21"><span class='ocrx_word' id='word_1_534' title='bbox 332 3772 670 3848; x_wconf 88' lang='lat' dir='ltr'>Damianus,</span> <span class='ocrx_word' id='word_1_535' title='bbox 698 3776 869 3851; x_wconf 90' lang='lat' dir='ltr'>juxta</span> <span class='ocrx_word' id='word_1_536' title='bbox 898 3774 1025 3848; x_wconf 90' lang='lat' dir='ltr'>ejus</span> <span class='ocrx_word' id='word_1_537' title='bbox 1055 3773 1245 3833; x_wconf 89' lang='lat' dir='ltr'>Vitam</span> <span class='ocrx_word' id='word_1_538' title='bbox 1277 3774 1350 3832; x_wconf 91' lang='lat' dir='ltr'>ab</span> <span class='ocrx_word' id='word_1_539' title='bbox 1376 3774 1599 3833; x_wconf 89' lang='lat' dir='ltr'>Joanne</span> <span class='ocrx_word' id='word_1_540' title='bbox 1626 3773 1683 3833; x_wconf 92' lang='lat' dir='ltr'>S.</span> <span class='ocrx_word' id='word_1_541' title='bbox 1718 3774 1831 3832; x_wconf 92' lang='lat' dir='ltr'>viri</span> <span class='ocrx_word' id='word_1_542' title='bbox 1868 3773 2044 3833; x_wconf 89' lang='lat' dir='ltr'>disci-</span> 
     </span>
    </p>
   </div>
   <div class='ocr_carea' id='block_1_75' title="bbox 329 3862 2040 3940">
    <p class='ocr_par' dir='ltr' id='par_1_75' title="bbox 329 3862 2040 3940">
     <span class='ocr_line' id='line_1_76' title="bbox 329 3862 2040 3940; baseline -0.001 -19"><span class='ocrx_word' id='word_1_543' title='bbox 329 3862 469 3936; x_wconf 91' lang='lat' dir='ltr'>pulo</span> <span class='ocrx_word' id='word_1_544' title='bbox 516 3865 917 3938; x_wconf 89' lang='lat' dir='ltr'>conscriptam,</span> <span class='ocrx_word' id='word_1_545' title='bbox 957 3881 1078 3939; x_wconf 89' lang='lat' dir='ltr'>cap.</span> <span class='ocrx_word' id='word_1_546' title='bbox 1128 3864 1180 3936; x_wconf 91' lang='lat'>6,</span> <span class='ocrx_word' id='word_1_547' title='bbox 1212 3863 1513 3940; x_wconf 90' lang='lat' dir='ltr'>quidpiam</span> <span class='ocrx_word' id='word_1_548' title='bbox 1562 3863 1659 3921; x_wconf 92' lang='lat' dir='ltr'>hic</span> <span class='ocrx_word' id='word_1_549' title='bbox 1712 3863 2040 3936; x_wconf 89' lang='lat' dir='ltr'>loquemur,</span> 
     </span>
    </p>
   </div>
   <div class='ocr_carea' id='block_1_76' title="bbox 333 3950 2041 4027">
    <p class='ocr_par' dir='ltr' id='par_1_76' title="bbox 333 3950 2041 4027">
     <span class='ocr_line' id='line_1_77' title="bbox 333 3950 2041 4027; baseline 0 -20"><span class='ocrx_word' id='word_1_550' title='bbox 333 3966 406 4007; x_wconf 92' lang='lat' dir='ltr'>ne</span> <span class='ocrx_word' id='word_1_551' title='bbox 463 3952 646 4024; x_wconf 88' lang='lat' dir='ltr'>magis</span> <span class='ocrx_word' id='word_1_552' title='bbox 694 3953 985 4026; x_wconf 86' lang='lat' dir='ltr'>ambiguis</span> <span class='ocrx_word' id='word_1_553' title='bbox 1028 3953 1314 4027; x_wconf 88' lang='lat' dir='ltr'>exemplis</span> <span class='ocrx_word' id='word_1_554' title='bbox 1354 3952 1688 4023; x_wconf 83' lang='lat' dir='ltr'>ambiguam</span> <span class='ocrx_word' id='word_1_555' title='bbox 1721 3950 1872 4008; x_wconf 89' lang='lat' dir='ltr'>hanc</span> <span class='ocrx_word' id='word_1_556' title='bbox 1899 3966 2041 4010; x_wconf 91' lang='lat' dir='ltr'>con-</span> 
     </span>
    </p>
   </div>
   <div class='ocr_carea' id='block_1_77' title="bbox 334 4041 2038 4102">
    <p class='ocr_par' dir='ltr' id='par_1_77' title="bbox 334 4041 2038 4102">
     <span class='ocr_line' id='line_1_78' title="bbox 334 4041 2038 4102; baseline 0.002 -5"><span class='ocrx_word' id='word_1_557' title='bbox 334 4041 672 4099; x_wconf 84' lang='lat' dir='ltr'>troversiam</span> <span class='ocrx_word' id='word_1_558' title='bbox 723 4042 997 4100; x_wconf 88' lang='lat' dir='ltr'>dirimere</span> <span class='ocrx_word' id='word_1_559' title='bbox 1050 4043 1192 4100; x_wconf 90' lang='lat' dir='ltr'>velle</span> <span class='ocrx_word' id='word_1_560' title='bbox 1251 4043 1559 4102; x_wconf 91' lang='lat' dir='ltr'>videamur</span> <span class='ocrx_word' id='word_1_561' title='bbox 1619 4061 1632 4101; x_wconf 91' lang='lat'>:</span> <span class='ocrx_word' id='word_1_562' title='bbox 1688 4041 1913 4101; x_wconf 89' lang='lat' dir='ltr'>tametsi</span> <span class='ocrx_word' id='word_1_563' title='bbox 1965 4058 2038 4101; x_wconf 86' lang='lat' dir='ltr'>ex</span> 
     </span>
    </p>
   </div>
   <div class='ocr_carea' id='block_1_78' title="bbox 331 4128 2037 4204">
    <p class='ocr_par' dir='ltr' id='par_1_78' title="bbox 331 4128 2037 4204">
     <span class='ocr_line' id='line_1_79' title="bbox 331 4128 2037 4204; baseline 0.003 -19"><span class='ocrx_word' id='word_1_564' title='bbox 331 4128 500 4187; x_wconf 91' lang='lat' dir='ltr'>dictis</span> <span class='ocrx_word' id='word_1_565' title='bbox 548 4130 771 4188; x_wconf 87' lang='lat' dir='ltr'>dissert.</span> <span class='ocrx_word' id='word_1_566' title='bbox 812 4144 853 4202; x_wconf 89' lang='lat' dir='ltr'>I,</span> <span class='ocrx_word' id='word_1_567' title='bbox 878 4146 1000 4204; x_wconf 90' lang='lat' dir='ltr'>cap.</span> <span class='ocrx_word' id='word_1_568' title='bbox 1036 4131 1089 4202; x_wconf 86' lang='grc'><strong>4,</strong></span> <span class='ocrx_word' id='word_1_569' title='bbox 1118 4146 1285 4189; x_wconf 91' lang='lat' dir='ltr'>num.</span> <span class='ocrx_word' id='word_1_570' title='bbox 1322 4130 1375 4201; x_wconf 88' lang='lat'>8,</span> <span class='ocrx_word' id='word_1_571' title='bbox 1406 4146 1534 4203; x_wconf 88' lang='lat' dir='ltr'>pag.</span> <span class='ocrx_word' id='word_1_572' title='bbox 1563 4129 1653 4201; x_wconf 87' lang='lat'>70,</span> <span class='ocrx_word' id='word_1_573' title='bbox 1684 4130 1821 4188; x_wconf 89' lang='lat' dir='ltr'>satis</span> <span class='ocrx_word' id='word_1_574' title='bbox 1868 4130 2037 4190; x_wconf 90' lang='lat' dir='ltr'>inno-</span> 
     </span>
    </p>
   </div>
   <div class='ocr_carea' id='block_1_79' title="bbox 335 4218 2036 4291">
    <p class='ocr_par' dir='ltr' id='par_1_79' title="bbox 335 4218 2036 4291">
     <span class='ocr_line' id='line_1_80' title="bbox 335 4218 2036 4291; baseline 0.002 -16"><span class='ocrx_word' id='word_1_575' title='bbox 335 4218 525 4291; x_wconf 89' lang='lat' dir='ltr'>tuerit,</span> <span class='ocrx_word' id='word_1_576' title='bbox 552 4219 623 4276; x_wconf 90' lang='lat' dir='ltr'>ad</span> <span class='ocrx_word' id='word_1_577' title='bbox 658 4219 967 4279; x_wconf 80' lang='lat' dir='ltr'>Romualdi</span> <span class='ocrx_word' id='word_1_578' title='bbox 995 4234 1276 4287; x_wconf 90' lang='lat' dir='ltr'>normam,</span> <span class='ocrx_word' id='word_1_579' title='bbox 1313 4218 1626 4276; x_wconf 76' lang='lat' dir='ltr'>eremiticae</span> <span class='ocrx_word' id='word_1_580' title='bbox 1670 4234 1808 4277; x_wconf 91' lang='lat' dir='ltr'>cum</span> <span class='ocrx_word' id='word_1_581' title='bbox 1839 4236 2036 4279; x_wconf 76' lang='lat' dir='ltr'>caeno-</span> 
     </span>
    </p>
   </div>
   <div class='ocr_carea' id='block_1_80' title="bbox 326 4308 2037 4383">
    <p class='ocr_par' dir='ltr' id='par_1_80' title="bbox 326 4308 2037 4383">
     <span class='ocr_line' id='line_1_81' title="bbox 326 4308 2037 4383; baseline 0.002 -18"><span class='ocrx_word' id='word_1_582' title='bbox 326 4308 502 4366; x_wconf 90' lang='lat' dir='ltr'>bitica</span> <span class='ocrx_word' id='word_1_583' title='bbox 557 4309 669 4366; x_wconf 91' lang='lat' dir='ltr'>vita</span> <span class='ocrx_word' id='word_1_584' title='bbox 709 4309 1174 4381; x_wconf 89' lang='lat' dir='ltr'>conjunctionem</span> <span class='ocrx_word' id='word_1_585' title='bbox 1219 4308 1298 4367; x_wconf 93' lang='lat' dir='ltr'>ibi</span> <span class='ocrx_word' id='word_1_586' title='bbox 1348 4308 1688 4379; x_wconf 90' lang='lat' dir='ltr'>invaluisse,</span> <span class='ocrx_word' id='word_1_587' title='bbox 1719 4315 1773 4366; x_wconf 90' lang='lat' dir='ltr'>et</span> <span class='ocrx_word' id='word_1_588' title='bbox 1799 4309 1868 4367; x_wconf 93' lang='lat' dir='ltr'>ad</span> <span class='ocrx_word' id='word_1_589' title='bbox 1902 4326 2037 4383; x_wconf 84' lang='lat' dir='ltr'>pra-</span> 
     </span>
    </p>
   </div>
   <div class='ocr_carea' id='block_1_81' title="bbox 328 4397 2035 4473">
    <p class='ocr_par' dir='ltr' id='par_1_81' title="bbox 328 4397 2035 4473">
     <span class='ocr_line' id='line_1_82' title="bbox 328 4397 2035 4473; baseline 0.002 -16"><span class='ocrx_word' id='word_1_590' title='bbox 328 4399 476 4470; x_wconf 90' lang='lat' dir='ltr'>xim,</span> <span class='ocrx_word' id='word_1_591' title='bbox 509 4397 612 4456; x_wconf 94' lang='lat' dir='ltr'>illo</span> <span class='ocrx_word' id='word_1_592' title='bbox 640 4398 763 4472; x_wconf 91' lang='lat' dir='ltr'>ipso</span> <span class='ocrx_word' id='word_1_593' title='bbox 788 4398 1055 4456; x_wconf 86' lang='lat' dir='ltr'>Damiani</span> <span class='ocrx_word' id='word_1_594' title='bbox 1085 4404 1357 4473; x_wconf 90' lang='lat' dir='ltr'>tempore,</span> <span class='ocrx_word' id='word_1_595' title='bbox 1388 4399 1567 4457; x_wconf 91' lang='lat' dir='ltr'>fuisse</span> <span class='ocrx_word' id='word_1_596' title='bbox 1599 4399 1887 4458; x_wconf 84' lang='lat' dir='ltr'>redactam</span> <span class='ocrx_word' id='word_1_597' title='bbox 1925 4400 2035 4459; x_wconf 93' lang='lat' dir='ltr'>sub</span> 
     </span>
    </p>
   </div>
   <div class='ocr_carea' id='block_1_82' title="bbox 2127 3316 3838 3396">
    <p class='ocr_par' dir='ltr' id='par_1_82' title="bbox 2127 3316 3838 3396">
     <span class='ocr_line' id='line_1_83' title="bbox 2127 3316 3838 3396; baseline -0.001 -16"><span class='ocrx_word' id='word_1_598' title='bbox 2127 3316 2507 3381; x_wconf 52' lang='lat' dir='ltr'>de”ccenobio</span> <span class='ocrx_word' id='word_1_599' title='bbox 2559 3321 2669 3379; x_wconf 91' lang='lat' dir='ltr'>sibi</span> <span class='ocrx_word' id='word_1_600' title='bbox 2716 3327 3021 3396; x_wconf 88' lang='lat' dir='ltr'>praesente,</span> <span class='ocrx_word' id='word_1_601' title='bbox 3058 3320 3155 3379; x_wconf 90' lang='lat' dir='ltr'>ubi</span> <span class='ocrx_word' id='word_1_602' title='bbox 3202 3321 3468 3379; x_wconf 90' lang='lat' dir='ltr'>videlicet</span> <span class='ocrx_word' id='word_1_603' title='bbox 3520 3328 3649 3379; x_wconf 88' lang='lat' dir='ltr'>actu</span> <span class='ocrx_word' id='word_1_604' title='bbox 3693 3322 3838 3380; x_wconf 90' lang='lat' dir='ltr'>scri-</span> 
     </span>
    </p>
   </div>
   <div class='ocr_carea' id='block_1_83' title="bbox 2126 3409 3841 3484">
    <p class='ocr_par' dir='ltr' id='par_1_83' title="bbox 2126 3409 3841 3484">
     <span class='ocr_line' id='line_1_84' title="bbox 2126 3409 3841 3484; baseline -0.001 -14"><span class='ocrx_word' id='word_1_605' title='bbox 2126 3410 2318 3482; x_wconf 91' lang='lat' dir='ltr'>bebat,</span> <span class='ocrx_word' id='word_1_606' title='bbox 2374 3410 2623 3484; x_wconf 88' lang='lat' dir='ltr'>intelligi</span> <span class='ocrx_word' id='word_1_607' title='bbox 2676 3416 2909 3468; x_wconf 89' lang='lat' dir='ltr'>sanctus</span> <span class='ocrx_word' id='word_1_608' title='bbox 2961 3410 3156 3468; x_wconf 90' lang='lat' dir='ltr'>doctor</span> <span class='ocrx_word' id='word_1_609' title='bbox 3204 3409 3455 3469; x_wconf 89' lang='lat' dir='ltr'>voluerit</span> <span class='ocrx_word' id='word_1_610' title='bbox 3512 3434 3525 3468; x_wconf 89' lang='lat'><strong>:</strong></span> <span class='ocrx_word' id='word_1_611' title='bbox 3581 3411 3723 3468; x_wconf 88' lang='lat' dir='ltr'>adeo</span> <span class='ocrx_word' id='word_1_612' title='bbox 3772 3417 3841 3469; x_wconf 91' lang='lat' dir='ltr'>ut</span> 
     </span>
    </p>
   </div>
   <div class='ocr_carea' id='block_1_84' title="bbox 2125 3500 3841 3562">
    <p class='ocr_par' dir='ltr' id='par_1_84' title="bbox 2125 3500 3841 3562">
     <span class='ocr_line' id='line_1_85' title="bbox 2125 3500 3841 3562; baseline -0.001 0"><span class='ocrx_word' id='word_1_613' title='bbox 2125 3502 2189 3561; x_wconf 92' lang='lat' dir='ltr'>in</span> <span class='ocrx_word' id='word_1_614' title='bbox 2246 3504 2352 3562; x_wconf 90' lang='lat' dir='ltr'>hos</span> <span class='ocrx_word' id='word_1_615' title='bbox 2411 3501 2977 3562; x_wconf 86' lang='lat' dir='ltr'>San-Vincentianos</span> <span class='ocrx_word' id='word_1_616' title='bbox 3029 3501 3342 3561; x_wconf 90' lang='lat' dir='ltr'>monachos</span> <span class='ocrx_word' id='word_1_617' title='bbox 3396 3500 3559 3560; x_wconf 88' lang='lat' dir='ltr'>cadat</span> <span class='ocrx_word' id='word_1_618' title='bbox 3610 3500 3841 3561; x_wconf 89' lang='lat' dir='ltr'>illustre</span> 
     </span>
    </p>
   </div>
   <div class='ocr_carea' id='block_1_85' title="bbox 2125 3589 3840 3666">
    <p class='ocr_par' dir='ltr' id='par_1_85' title="bbox 2125 3589 3840 3666">
     <span class='ocr_line' id='line_1_86' title="bbox 2125 3589 3840 3666; baseline -0.001 -16"><span class='ocrx_word' id='word_1_619' title='bbox 2125 3594 2353 3663; x_wconf 78' lang='lat' dir='ltr'>Egregii</span> <span class='ocrx_word' id='word_1_620' title='bbox 2430 3595 2898 3666; x_wconf 90' lang='lat' dir='ltr'>cognomentum,</span> <span class='ocrx_word' id='word_1_621' title='bbox 2952 3604 3069 3664; x_wconf 91' lang='lat' dir='ltr'>quo</span> <span class='ocrx_word' id='word_1_622' title='bbox 3148 3589 3205 3649; x_wconf 98' lang='grc'>8.</span> <span class='ocrx_word' id='word_1_623' title='bbox 3268 3589 3454 3649; x_wconf 89' lang='lat' dir='ltr'>Patris</span> <span class='ocrx_word' id='word_1_624' title='bbox 3520 3590 3840 3664; x_wconf 89' lang='lat' dir='ltr'>discipulos</span> 
     </span>
    </p>
   </div>
   <div class='ocr_carea' id='block_1_86' title="bbox 2124 3678 3839 3755">
    <p class='ocr_par' dir='ltr' id='par_1_86' title="bbox 2124 3678 3839 3755">
     <span class='ocr_line' id='line_1_87' title="bbox 2124 3678 3839 3755; baseline -0.001 -15"><span class='ocrx_word' id='word_1_625' title='bbox 2124 3682 2520 3741; x_wconf 89' lang='lat' dir='ltr'>cohonestavit</span> <span class='ocrx_word' id='word_1_626' title='bbox 2544 3681 2607 3739; x_wconf 94' lang='lat' dir='ltr'>in</span> <span class='ocrx_word' id='word_1_627' title='bbox 2640 3680 2764 3755; x_wconf 85' lang='lat' dir='ltr'>ejus</span> <span class='ocrx_word' id='word_1_628' title='bbox 2796 3678 2943 3737; x_wconf 80' lang='lat' dir='ltr'>Vitae</span> <span class='ocrx_word' id='word_1_629' title='bbox 2968 3679 3269 3753; x_wconf 70' lang='lat' dir='ltr'>prommio,</span> <span class='ocrx_word' id='word_1_630' title='bbox 3294 3678 3415 3738; x_wconf 86' lang='lat' dir='ltr'>ibi:</span> <span class='ocrx_word' id='word_1_631' title='bbox 3456 3701 3478 3732; x_wconf 80' lang='grc' dir='ltr'>ι</span> <span class='ocrx_word' id='word_1_632' title='bbox 3514 3679 3839 3739; x_wconf 84' lang='lat' dir='ltr'>Multorum</span> 
     </span>
    </p>
   </div>
   <div class='ocr_carea' id='block_1_87' title="bbox 2124 3768 3835 3844">
    <p class='ocr_par' dir='ltr' id='par_1_87' title="bbox 2124 3768 3835 3844">
     <span class='ocr_line' id='line_1_88' title="bbox 2124 3768 3835 3844; baseline -0.001 -15"><span class='ocrx_word' id='word_1_633' title='bbox 2124 3770 2370 3829; x_wconf 83' lang='lat' dir='ltr'>fratrum</span> <span class='ocrx_word' id='word_1_634' title='bbox 2423 3769 2693 3844; x_wconf 87' lang='lat' dir='ltr'>precibus</span> <span class='ocrx_word' id='word_1_635' title='bbox 2747 3774 2800 3826; x_wconf 90' lang='lat' dir='ltr'>et</span> <span class='ocrx_word' id='word_1_636' title='bbox 2854 3783 3127 3841; x_wconf 85' lang='lat' dir='ltr'>germana</span> <span class='ocrx_word' id='word_1_637' title='bbox 3182 3768 3456 3827; x_wconf 89' lang='lat' dir='ltr'>charitate</span> <span class='ocrx_word' id='word_1_638' title='bbox 3505 3768 3835 3840; x_wconf 90' lang='lat' dir='ltr'>devinctus,</span> 
     </span>
    </p>
   </div>
   <div class='ocr_carea' id='block_1_88' title="bbox 2122 3861 3837 3939">
    <p class='ocr_par' dir='ltr' id='par_1_88' title="bbox 2122 3861 3837 3939">
     <span class='ocr_line' id='line_1_89' title="bbox 2122 3861 3837 3939; baseline -0.002 -15"><span class='ocrx_word' id='word_1_639' title='bbox 2122 3865 2278 3939; x_wconf 91' lang='lat' dir='ltr'>quod</span> <span class='ocrx_word' id='word_1_640' title='bbox 2323 3865 2393 3929; x_wconf 86' lang='lat' dir='ltr'>de</span> <span class='ocrx_word' id='word_1_641' title='bbox 2440 3864 2708 3936; x_wconf 63' lang='lat' dir='ltr'>prmdicto</span> <span class='ocrx_word' id='word_1_642' title='bbox 2754 3862 3009 3921; x_wconf 88' lang='lat' dir='ltr'>mirabili</span> <span class='ocrx_word' id='word_1_643' title='bbox 3047 3862 3174 3921; x_wconf 91' lang='lat' dir='ltr'>viro</span> <span class='ocrx_word' id='word_1_644' title='bbox 3207 3862 3280 3920; x_wconf 89' lang='lat' dir='ltr'>ab</span> <span class='ocrx_word' id='word_1_645' title='bbox 3314 3861 3560 3936; x_wconf 84' lang='lat' dir='ltr'>egregiis</span> <span class='ocrx_word' id='word_1_646' title='bbox 3588 3863 3713 3937; x_wconf 90' lang='lat' dir='ltr'>ejus</span> <span class='ocrx_word' id='word_1_647' title='bbox 3743 3862 3837 3920; x_wconf 93' lang='lat' dir='ltr'>di-</span> 
     </span>
    </p>
   </div>
   <div class='ocr_carea' id='block_1_89' title="bbox 2121 3950 3833 4028">
    <p class='ocr_par' dir='ltr' id='par_1_89' title="bbox 2121 3950 3833 4028">
     <span class='ocr_line' id='line_1_90' title="bbox 2121 3950 3833 4028; baseline -0.004 -16"><span class='ocrx_word' id='word_1_648' title='bbox 2121 3952 2365 4028; x_wconf 91' lang='lat' dir='ltr'>scipulis</span> <span class='ocrx_word' id='word_1_649' title='bbox 2396 3952 2597 4023; x_wconf 91' lang='lat' dir='ltr'>didici,</span> <span class='ocrx_word' id='word_1_650' title='bbox 2634 3950 2956 4024; x_wconf 88' lang='lat' dir='ltr'>aggrediar,</span> <span class='ocrx_word' id='word_1_651' title='bbox 2986 3951 3102 4010; x_wconf 92' lang='lat' dir='ltr'>Deo</span> <span class='ocrx_word' id='word_1_652' title='bbox 3143 3958 3394 4023; x_wconf 88' lang='lat' dir='ltr'>auctore,</span> <span class='ocrx_word' id='word_1_653' title='bbox 3425 3951 3766 4010; x_wconf 87' lang='lat' dir='ltr'>describere.</span> <span class='ocrx_word' id='word_1_654' title='bbox 3810 3975 3833 4005; x_wconf 76' lang='grc' dir='ltr'><strong><em>ι</em></strong></span> 
     </span>
    </p>
   </div>
   <div class='ocr_carea' id='block_1_90' title="bbox 2121 4039 3839 4116">
    <p class='ocr_par' dir='ltr' id='par_1_90' title="bbox 2121 4039 3839 4116">
     <span class='ocr_line' id='line_1_91' title="bbox 2121 4039 3839 4116; baseline -0.001 -13"><span class='ocrx_word' id='word_1_655' title='bbox 2121 4043 2288 4103; x_wconf 93' lang='lat' dir='ltr'>Unde</span> <span class='ocrx_word' id='word_1_656' title='bbox 2319 4044 2381 4100; x_wconf 90' lang='lat' dir='ltr'>in</span> <span class='ocrx_word' id='word_1_657' title='bbox 2418 4041 2836 4116; x_wconf 91' lang='lat' dir='ltr'>nuncupatoria</span> <span class='ocrx_word' id='word_1_658' title='bbox 2875 4041 3146 4099; x_wconf 90' lang='lat' dir='ltr'>editionis</span> <span class='ocrx_word' id='word_1_659' title='bbox 3193 4040 3473 4100; x_wconf 80' lang='lat' dir='ltr'>Romanae</span> <span class='ocrx_word' id='word_1_660' title='bbox 3515 4040 3655 4098; x_wconf 89' lang='lat' dir='ltr'>anni</span> <span class='ocrx_word' id='word_1_661' title='bbox 3697 4039 3839 4102; x_wconf 78' lang='grc'>1656</span> 
     </span>
    </p>
   </div>
   <div class='ocr_carea' id='block_1_91' title="bbox 2123 4129 3839 4204">
    <p class='ocr_par' dir='ltr' id='par_1_91' title="bbox 2123 4129 3839 4204">
     <span class='ocr_line' id='line_1_92' title="bbox 2123 4129 3839 4204; baseline -0.001 -12"><span class='ocrx_word' id='word_1_662' title='bbox 2123 4134 2269 4192; x_wconf 84' lang='lat' dir='ltr'>Vitae</span> <span class='ocrx_word' id='word_1_663' title='bbox 2316 4132 2375 4192; x_wconf 92' lang='grc'>8.</span> <span class='ocrx_word' id='word_1_664' title='bbox 2406 4131 2712 4192; x_wconf 79' lang='lat' dir='ltr'>Romualdi</span> <span class='ocrx_word' id='word_1_665' title='bbox 2758 4148 2792 4189; x_wconf 91' lang='lat' dir='ltr'>a</span> <span class='ocrx_word' id='word_1_666' title='bbox 2836 4131 3003 4189; x_wconf 90' lang='lat' dir='ltr'>Petro</span> <span class='ocrx_word' id='word_1_667' title='bbox 3056 4130 3339 4189; x_wconf 89' lang='lat' dir='ltr'>Damiano</span> <span class='ocrx_word' id='word_1_668' title='bbox 3396 4129 3716 4204; x_wconf 79' lang='lat' dir='ltr'>descriptae,</span> <span class='ocrx_word' id='word_1_669' title='bbox 3752 4131 3839 4190; x_wconf 89' lang='lat' dir='ltr'>sic</span> 
     </span>
    </p>
   </div>
   <div class='ocr_carea' id='block_1_92' title="bbox 2116 4221 3838 4296">
    <p class='ocr_par' dir='ltr' id='par_1_92' title="bbox 2116 4221 3838 4296">
     <span class='ocr_line' id='line_1_93' title="bbox 2116 4221 3838 4296; baseline 0 -14"><span class='ocrx_word' id='word_1_670' title='bbox 2116 4222 2510 4282; x_wconf 82' lang='lat' dir='ltr'>Romualdum</span> <span class='ocrx_word' id='word_1_671' title='bbox 2548 4222 2743 4295; x_wconf 91' lang='lat' dir='ltr'>ipsum</span> <span class='ocrx_word' id='word_1_672' title='bbox 2785 4227 2985 4280; x_wconf 89' lang='lat' dir='ltr'>auctor</span> <span class='ocrx_word' id='word_1_673' title='bbox 3024 4221 3339 4294; x_wconf 88' lang='lat' dir='ltr'>alloquitur</span> <span class='ocrx_word' id='word_1_674' title='bbox 3382 4241 3393 4279; x_wconf 94' lang='lat'>:</span> <span class='ocrx_word' id='word_1_675' title='bbox 3443 4247 3470 4270; x_wconf 85' lang='lat'><strong><em>«</em></strong></span> <span class='ocrx_word' id='word_1_676' title='bbox 3519 4221 3838 4296; x_wconf 88' lang='lat' dir='ltr'>Postquam</span> 
     </span>
    </p>
   </div>
   <div class='ocr_carea' id='block_1_93' title="bbox 2116 4312 3839 4387">
    <p class='ocr_par' dir='ltr' id='par_1_93' title="bbox 2116 4312 3839 4387">
     <span class='ocr_line' id='line_1_94' title="bbox 2116 4312 3839 4387; baseline 0.001 -15"><span class='ocrx_word' id='word_1_677' title='bbox 2116 4314 2235 4386; x_wconf 89' lang='lat' dir='ltr'>ille,</span> <span class='ocrx_word' id='word_1_678' title='bbox 2268 4336 2293 4363; x_wconf 70' lang='grc' dir='ltr'><strong>υ</strong></span> <span class='ocrx_word' id='word_1_679' title='bbox 2326 4329 2534 4387; x_wconf 87' lang='lat' dir='ltr'>nempe</span> <span class='ocrx_word' id='word_1_680' title='bbox 2559 4313 2893 4384; x_wconf 89' lang='lat' dir='ltr'>Damianus,</span> <span class='ocrx_word' id='word_1_681' title='bbox 2930 4334 2956 4366; x_wconf 89' lang='grc'><strong>‹‹</strong></span> <span class='ocrx_word' id='word_1_682' title='bbox 2986 4329 3172 4371; x_wconf 89' lang='lat' dir='ltr'>mores</span> <span class='ocrx_word' id='word_1_683' title='bbox 3218 4321 3347 4371; x_wconf 91' lang='lat' dir='ltr'>tuos</span> <span class='ocrx_word' id='word_1_684' title='bbox 3389 4328 3521 4372; x_wconf 90' lang='lat' dir='ltr'>cum</span> <span class='ocrx_word' id='word_1_685' title='bbox 3571 4312 3839 4374; x_wconf 89' lang='lat' dir='ltr'>vestibus</span> 
     </span>
    </p>
   </div>
   <div class='ocr_carea' id='block_1_94' title="bbox 2115 4400 3834 4477">
    <p class='ocr_par' dir='ltr' id='par_1_94' title="bbox 2115 4400 3834 4477">
     <span class='ocr_line' id='line_1_95' title="bbox 2115 4400 3834 4477; baseline 0.002 -17"><span class='ocrx_word' id='word_1_686' title='bbox 2115 4402 2206 4460; x_wconf 88' lang='lat' dir='ltr'>tui</span> <span class='ocrx_word' id='word_1_687' title='bbox 2230 4401 2454 4461; x_wconf 88' lang='lat' dir='ltr'>ordinis</span> <span class='ocrx_word' id='word_1_688' title='bbox 2478 4400 2690 4472; x_wconf 90' lang='lat' dir='ltr'>induit,</span> <span class='ocrx_word' id='word_1_689' title='bbox 2718 4402 2780 4460; x_wconf 93' lang='lat' dir='ltr'>in</span> <span class='ocrx_word' id='word_1_690' title='bbox 2808 4401 2866 4461; x_wconf 92' lang='lat' dir='ltr'>S.</span> <span class='ocrx_word' id='word_1_691' title='bbox 2899 4400 3186 4460; x_wconf 86' lang='lat' dir='ltr'>Vincentii</span> <span class='ocrx_word' id='word_1_692' title='bbox 3214 4402 3562 4461; x_wconf 89' lang='lat' dir='ltr'>monasterio</span> <span class='ocrx_word' id='word_1_693' title='bbox 3589 4403 3834 4477; x_wconf 88' lang='lat' dir='ltr'>degens,</span> 
     </span>
    </p>
   </div>
   <div class='ocr_carea' id='block_1_95' title="bbox 331 4486 3840 4594">
    <p class='ocr_par' dir='ltr' id='par_1_95' title="bbox 331 4486 3840 4594">
     <span class='ocr_line' id='line_1_96' title="bbox 331 4486 3840 4594; baseline 0.003 -47"><span class='ocrx_word' id='word_1_694' title='bbox 331 4486 391 4547; x_wconf 94' lang='lat' dir='ltr'>S.</span> <span class='ocrx_word' id='word_1_695' title='bbox 423 4487 708 4594; x_wconf 65' lang='lat' dir='ltr'>Guidone,</span> <span class='ocrx_word' id='word_1_696' title='bbox 743 4486 845 4585; x_wconf 85' lang='lat' dir='ltr'>qui</span> <span class='ocrx_word' id='word_1_697' title='bbox 877 4502 951 4544; x_wconf 83' lang='lat' dir='ltr'>ex</span> <span class='ocrx_word' id='word_1_698' title='bbox 982 4488 1263 4594; x_wconf 62' lang='lat' dir='ltr'>monaciio</span> <span class='ocrx_word' id='word_1_699' title='bbox 1304 4487 1552 4546; x_wconf 84' lang='lat' dir='ltr'>ccenobii</span> <span class='ocrx_word' id='word_1_700' title='bbox 1592 4490 1774 4548; x_wconf 89' lang='lat' dir='ltr'>nostri</span> <span class='ocrx_word' id='word_1_701' title='bbox 1823 4490 1882 4551; x_wconf 92' lang='lat' dir='ltr'>S.</span> <span class='ocrx_word' id='word_1_702' title='bbox 1928 4492 2031 4551; x_wconf 86' lang='lat' dir='ltr'>Se-</span> <span class='ocrx_word' id='word_1_703' title='bbox 2061 4493 2227 4594; x_wconf 91' lang='lat' dir='ltr'>Dubi</span> <span class='ocrx_word' id='word_1_704' title='bbox 2288 4498 2350 4552; x_wconf 93' lang='lat' dir='ltr'>tu</span> <span class='ocrx_word' id='word_1_705' title='bbox 2420 4493 2776 4567; x_wconf 73' lang='lat' dir='ltr'>(Romualde)</span> <span class='ocrx_word' id='word_1_706' title='bbox 2841 4494 3201 4554; x_wconf 90' lang='lat' dir='ltr'>sanctissime</span> <span class='ocrx_word' id='word_1_707' title='bbox 3273 4495 3526 4566; x_wconf 89' lang='lat' dir='ltr'>vixeras,</span> <span class='ocrx_word' id='word_1_708' title='bbox 3608 4495 3840 4570; x_wconf 90' lang='lat' dir='ltr'>aliique</span> 
     </span>
    </p>
   </div>
   <div class='ocr_carea' id='block_1_96' title="bbox 327 4575 1514 4648">
    <p class='ocr_par' dir='ltr' id='par_1_96' title="bbox 327 4575 1514 4648">
     <span class='ocr_line' id='line_1_97' title="bbox 327 4575 1514 4648; baseline -0.002 -14"><span class='ocrx_word' id='word_1_709' title='bbox 327 4577 471 4648; x_wconf 90' lang='lat' dir='ltr'>veri,</span> <span class='ocrx_word' id='word_1_710' title='bbox 506 4576 920 4648; x_wconf 90' lang='lat' dir='ltr'>Pomposianus</span> <span class='ocrx_word' id='word_1_711' title='bbox 942 4575 1120 4633; x_wconf 88' lang='lat' dir='ltr'>abbas</span> <span class='ocrx_word' id='word_1_712' title='bbox 1146 4576 1383 4635; x_wconf 74' lang='lat' dir='ltr'>effectus</span> <span class='ocrx_word' id='word_1_713' title='bbox 1411 4582 1514 4634; x_wconf 89' lang='lat' dir='ltr'>est.</span> 
     </span>
    </p>
   </div>
   <div class='ocr_carea' id='block_1_97' title="bbox 398 4664 2036 4727">
    <p class='ocr_par' dir='ltr' id='par_1_97' title="bbox 398 4664 2036 4727">
     <span class='ocr_line' id='line_1_98' title="bbox 398 4664 2036 4727; baseline 0.002 -4"><span class='ocrx_word' id='word_1_714' title='bbox 398 4665 475 4724; x_wconf 92' lang='lat' dir='ltr'>Il.</span> <span class='ocrx_word' id='word_1_715' title='bbox 502 4665 747 4725; x_wconf 89' lang='lat' dir='ltr'>Initium</span> <span class='ocrx_word' id='word_1_716' title='bbox 794 4673 993 4724; x_wconf 88' lang='lat' dir='ltr'>autem</span> <span class='ocrx_word' id='word_1_717' title='bbox 1037 4664 1318 4723; x_wconf 88' lang='lat' dir='ltr'>ducemus</span> <span class='ocrx_word' id='word_1_718' title='bbox 1346 4681 1380 4723; x_wconf 93' lang='lat' dir='ltr'>a</span> <span class='ocrx_word' id='word_1_719' title='bbox 1419 4665 1766 4726; x_wconf 87' lang='lat' dir='ltr'>monasterio</span> <span class='ocrx_word' id='word_1_720' title='bbox 1794 4665 1852 4727; x_wconf 91' lang='grc'>8.</span> <span class='ocrx_word' id='word_1_721' title='bbox 1893 4667 2036 4727; x_wconf 87' lang='lat' dir='ltr'>Vin-</span> 
     </span>
    </p>
   </div>
   <div class='ocr_carea' id='block_1_98' title="bbox 326 4754 2031 4829">
    <p class='ocr_par' dir='ltr' id='par_1_98' title="bbox 326 4754 2031 4829">
     <span class='ocr_line' id='line_1_99' title="bbox 326 4754 2031 4829; baseline 0.002 -16"><span class='ocrx_word' id='word_1_722' title='bbox 326 4755 499 4813; x_wconf 86' lang='lat' dir='ltr'>centii</span> <span class='ocrx_word' id='word_1_723' title='bbox 544 4756 617 4814; x_wconf 91' lang='lat' dir='ltr'>de</span> <span class='ocrx_word' id='word_1_724' title='bbox 641 4756 806 4815; x_wconf 88' lang='lat' dir='ltr'>Petra</span> <span class='ocrx_word' id='word_1_725' title='bbox 852 4755 1109 4824; x_wconf 88' lang='lat' dir='ltr'>Pertusa,</span> <span class='ocrx_word' id='word_1_726' title='bbox 1145 4754 1297 4828; x_wconf 90' lang='lat' dir='ltr'>quod</span> <span class='ocrx_word' id='word_1_727' title='bbox 1329 4755 1392 4811; x_wconf 89' lang='lat' dir='ltr'>in</span> <span class='ocrx_word' id='word_1_728' title='bbox 1421 4754 1685 4813; x_wconf 89' lang='lat' dir='ltr'>Urbinati</span> <span class='ocrx_word' id='word_1_729' title='bbox 1728 4756 2031 4829; x_wconf 85' lang='lat' dir='ltr'>territorio,</span> 
     </span>
    </p>
   </div>
   <div class='ocr_carea' id='block_1_99' title="bbox 326 4844 2028 4921">
    <p class='ocr_par' dir='ltr' id='par_1_99' title="bbox 326 4844 2028 4921">
     <span class='ocr_line' id='line_1_100' title="bbox 326 4844 2028 4921; baseline 0.002 -17"><span class='ocrx_word' id='word_1_730' title='bbox 326 4845 361 4904; x_wconf 93' lang='lat'>8</span> <span class='ocrx_word' id='word_1_731' title='bbox 396 4861 671 4917; x_wconf 89' lang='lat' dir='ltr'>passuum</span> <span class='ocrx_word' id='word_1_732' title='bbox 718 4846 983 4904; x_wconf 87' lang='lat' dir='ltr'>millibus</span> <span class='ocrx_word' id='word_1_733' title='bbox 1035 4844 1248 4902; x_wconf 89' lang='lat' dir='ltr'>Urbino</span> <span class='ocrx_word' id='word_1_734' title='bbox 1296 4844 1515 4903; x_wconf 89' lang='lat' dir='ltr'>distans</span> <span class='ocrx_word' id='word_1_735' title='bbox 1557 4846 1699 4903; x_wconf 88' lang='lat' dir='ltr'>olim</span> <span class='ocrx_word' id='word_1_736' title='bbox 1742 4848 2028 4921; x_wconf 88' lang='lat' dir='ltr'>surgebat,</span> 
     </span>
    </p>
   </div>
   <div class='ocr_carea' id='block_1_100' title="bbox 325 4932 2031 5009">
    <p class='ocr_par' dir='ltr' id='par_1_100' title="bbox 325 4932 2031 5009">
     <span class='ocr_line' id='line_1_101' title="bbox 325 4932 2031 5009; baseline 0.004 -20"><span class='ocrx_word' id='word_1_737' title='bbox 325 4948 486 4990; x_wconf 88' lang='lat' dir='ltr'>nunc</span> <span class='ocrx_word' id='word_1_738' title='bbox 539 4933 797 5005; x_wconf 88' lang='lat' dir='ltr'>ejusdem</span> <span class='ocrx_word' id='word_1_739' title='bbox 856 4933 1017 4992; x_wconf 88' lang='lat' dir='ltr'>urbis</span> <span class='ocrx_word' id='word_1_740' title='bbox 1065 4932 1354 4990; x_wconf 88' lang='lat' dir='ltr'>canonicis</span> <span class='ocrx_word' id='word_1_741' title='bbox 1406 4934 1703 4992; x_wconf 90' lang='lat' dir='ltr'>addictum</span> <span class='ocrx_word' id='word_1_742' title='bbox 1756 4935 2031 5009; x_wconf 86' lang='lat' dir='ltr'>reliquias</span> 
     </span>
    </p>
   </div>
   <div class='ocr_carea' id='block_1_101' title="bbox 323 5019 2030 5097">
    <p class='ocr_par' dir='ltr' id='par_1_101' title="bbox 323 5019 2030 5097">
     <span class='ocr_line' id='line_1_102' title="bbox 323 5019 2030 5097; baseline 0.003 -18"><span class='ocrx_word' id='word_1_743' title='bbox 323 5019 606 5080; x_wconf 88' lang='lat' dir='ltr'>duntaxat</span> <span class='ocrx_word' id='word_1_744' title='bbox 636 5020 893 5095; x_wconf 77' lang='lat' dir='ltr'>pristinae</span> <span class='ocrx_word' id='word_1_745' title='bbox 920 5021 1340 5097; x_wconf 90' lang='lat' dir='ltr'>magnitudinis</span> <span class='ocrx_word' id='word_1_746' title='bbox 1367 5024 1645 5083; x_wconf 88' lang='lat' dir='ltr'>ostendat.</span> <span class='ocrx_word' id='word_1_747' title='bbox 1673 5024 1785 5082; x_wconf 89' lang='lat' dir='ltr'>Hic</span> <span class='ocrx_word' id='word_1_748' title='bbox 1817 5024 1854 5084; x_wconf 91' lang='grc'>8</span> <span class='ocrx_word' id='word_1_749' title='bbox 1910 5025 2030 5084; x_wconf 84' lang='lat' dir='ltr'>Ro-</span> 
     </span>
    </p>
   </div>
   <div class='ocr_carea' id='block_1_102' title="bbox 324 5113 2028 5188">
    <p class='ocr_par' dir='ltr' id='par_1_102' title="bbox 324 5113 2028 5188">
     <span class='ocr_line' id='line_1_103' title="bbox 324 5113 2028 5188; baseline 0.001 -16"><span class='ocrx_word' id='word_1_750' title='bbox 324 5113 629 5173; x_wconf 90' lang='lat' dir='ltr'>mualdum</span> <span class='ocrx_word' id='word_1_751' title='bbox 681 5115 1024 5184; x_wconf 88' lang='lat' dir='ltr'>consedisse,</span> <span class='ocrx_word' id='word_1_752' title='bbox 1059 5122 1230 5188; x_wconf 89' lang='lat' dir='ltr'>atque</span> <span class='ocrx_word' id='word_1_753' title='bbox 1270 5113 1405 5172; x_wconf 90' lang='lat' dir='ltr'>huic</span> <span class='ocrx_word' id='word_1_754' title='bbox 1447 5114 1557 5188; x_wconf 83' lang='lat' dir='ltr'>ip‘si</span> <span class='ocrx_word' id='word_1_755' title='bbox 1596 5115 1860 5174; x_wconf 73' lang='lat' dir='ltr'>caenobio</span> <span class='ocrx_word' id='word_1_756' title='bbox 1900 5131 2028 5173; x_wconf 90' lang='lat' dir='ltr'>ere-</span> 
     </span>
    </p>
   </div>
   <div class='ocr_carea' id='block_1_103' title="bbox 321 5196 2027 5279">
    <p class='ocr_par' dir='ltr' id='par_1_103' title="bbox 321 5196 2027 5279">
     <span class='ocr_line' id='line_1_104' title="bbox 321 5196 2027 5279; baseline 0.001 -18"><span class='ocrx_word' id='word_1_757' title='bbox 321 5220 485 5263; x_wconf 88' lang='lat' dir='ltr'>mum</span> <span class='ocrx_word' id='word_1_758' title='bbox 534 5196 894 5279; x_wconf 45' lang='lat' dir='ltr'>adjun‘xisse,</span> <span class='ocrx_word' id='word_1_759' title='bbox 928 5211 1121 5263; x_wconf 91' lang='lat' dir='ltr'>narrat</span> <span class='ocrx_word' id='word_1_760' title='bbox 1173 5203 1489 5262; x_wconf 89' lang='lat' dir='ltr'>Damianus</span> <span class='ocrx_word' id='word_1_761' title='bbox 1529 5205 1591 5262; x_wconf 90' lang='lat' dir='ltr'>in</span> <span class='ocrx_word' id='word_1_762' title='bbox 1630 5204 1763 5262; x_wconf 88' lang='lat' dir='ltr'>Vita</span> <span class='ocrx_word' id='word_1_763' title='bbox 1814 5202 1872 5263; x_wconf 94' lang='grc'>8.</span> <span class='ocrx_word' id='word_1_764' title='bbox 1910 5203 2027 5264; x_wconf 82' lang='lat' dir='ltr'>Ro-</span> 
     </span>
    </p>
   </div>
   <div class='ocr_carea' id='block_1_104' title="bbox 318 5296 2027 5372">
    <p class='ocr_par' dir='ltr' id='par_1_104' title="bbox 318 5296 2027 5372">
     <span class='ocr_line' id='line_1_105' title="bbox 318 5296 2027 5372; baseline 0.004 -19"><span class='ocrx_word' id='word_1_765' title='bbox 318 5296 558 5368; x_wconf 89' lang='lat' dir='ltr'>mualdi,</span> <span class='ocrx_word' id='word_1_766' title='bbox 592 5312 714 5370; x_wconf 90' lang='lat' dir='ltr'>cap.</span> <span class='ocrx_word' id='word_1_767' title='bbox 748 5296 813 5355; x_wconf 67' lang='lat'>’13</span> <span class='ocrx_word' id='word_1_768' title='bbox 847 5316 858 5355; x_wconf 91' lang='lat'>:</span> <span class='ocrx_word' id='word_1_769' title='bbox 898 5322 924 5346; x_wconf 83' lang='lat'><strong>«</strong></span> <span class='ocrx_word' id='word_1_770' title='bbox 956 5296 1025 5355; x_wconf 92' lang='lat' dir='ltr'>In</span> <span class='ocrx_word' id='word_1_771' title='bbox 1057 5296 1368 5355; x_wconf 82' lang='lat' dir='ltr'>Petranuin</span> <span class='ocrx_word' id='word_1_772' title='bbox 1403 5305 1680 5368; x_wconf 89' lang='lat' dir='ltr'>montem,</span> <span class='ocrx_word' id='word_1_773' title='bbox 1712 5314 1829 5356; x_wconf 89' lang='lat' dir='ltr'>non</span> <span class='ocrx_word' id='word_1_774' title='bbox 1857 5298 2027 5372; x_wconf 88' lang='lat' dir='ltr'>longe</span> 
     </span>
    </p>
   </div>
   <div class='ocr_carea' id='block_1_105' title="bbox 317 5383 2025 5460">
    <p class='ocr_par' dir='ltr' id='par_1_105' title="bbox 317 5383 2025 5460">
     <span class='ocr_line' id='line_1_106' title="bbox 317 5383 2025 5460; baseline 0.003 -20"><span class='ocrx_word' id='word_1_775' title='bbox 317 5383 583 5444; x_wconf 89' lang='lat' dir='ltr'>videlicet</span> <span class='ocrx_word' id='word_1_776' title='bbox 633 5402 666 5443; x_wconf 92' lang='lat' dir='ltr'>a</span> <span class='ocrx_word' id='word_1_777' title='bbox 722 5386 1073 5445; x_wconf 89' lang='lat' dir='ltr'>monasterio</span> <span class='ocrx_word' id='word_1_778' title='bbox 1135 5383 1192 5443; x_wconf 91' lang='grc'>8.</span> <span class='ocrx_word' id='word_1_779' title='bbox 1257 5384 1566 5455; x_wconf 86' lang='lat' dir='ltr'>Vincentii,</span> <span class='ocrx_word' id='word_1_780' title='bbox 1627 5385 1781 5458; x_wconf 88' lang='lat' dir='ltr'>quod</span> <span class='ocrx_word' id='word_1_781' title='bbox 1853 5386 2025 5460; x_wconf 85' lang='lat' dir='ltr'>juxta</span> 
     </span>
    </p>
   </div>
   <div class='ocr_carea' id='block_1_106' title="bbox 316 5470 2023 5542">
    <p class='ocr_par' dir='ltr' id='par_1_106' title="bbox 316 5470 2023 5542">
     <span class='ocr_line' id='line_1_107' title="bbox 316 5470 2023 5542; baseline 0.002 -11"><span class='ocrx_word' id='word_1_782' title='bbox 316 5470 719 5532; x_wconf 88' lang='lat' dir='ltr'>Candilianum</span> <span class='ocrx_word' id='word_1_783' title='bbox 775 5473 1153 5534; x_wconf 89' lang='lat' dir='ltr'>constitutum</span> <span class='ocrx_word' id='word_1_784' title='bbox 1204 5480 1288 5532; x_wconf 90' lang='lat' dir='ltr'>est</span> <span class='ocrx_word' id='word_1_785' title='bbox 1341 5473 1611 5542; x_wconf 87' lang='lat' dir='ltr'>fluvium,</span> <span class='ocrx_word' id='word_1_786' title='bbox 1662 5473 2023 5535; x_wconf 82' lang='lat' dir='ltr'>Romualdus</span> 
     </span>
    </p>
   </div>
   <div class='ocr_carea' id='block_1_107' title="bbox 312 5560 2020 5635">
    <p class='ocr_par' dir='ltr' id='par_1_107' title="bbox 312 5560 2020 5635">
     <span class='ocr_line' id='line_1_108' title="bbox 312 5560 2020 5635; baseline 0.003 -15"><span class='ocrx_word' id='word_1_787' title='bbox 312 5560 675 5635; x_wconf 86' lang='lat' dir='ltr'>demigravit.</span> <span class='ocrx_word' id='word_1_788' title='bbox 708 5562 922 5624; x_wconf 89' lang='lat' dir='ltr'>Volens</span> <span class='ocrx_word' id='word_1_789' title='bbox 950 5571 1145 5623; x_wconf 90' lang='lat' dir='ltr'>autem</span> <span class='ocrx_word' id='word_1_790' title='bbox 1183 5563 1375 5621; x_wconf 91' lang='lat' dir='ltr'>locum</span> <span class='ocrx_word' id='word_1_791' title='bbox 1403 5562 1476 5620; x_wconf 89' lang='lat' dir='ltr'>ad</span> <span class='ocrx_word' id='word_1_792' title='bbox 1507 5578 1768 5623; x_wconf 89' lang='lat' dir='ltr'>eremum</span> <span class='ocrx_word' id='word_1_793' title='bbox 1800 5564 2020 5625; x_wconf 83' lang='lat' dir='ltr'>facien-</span> 
     </span>
    </p>
   </div>
   <div class='ocr_carea' id='block_1_108' title="bbox 309 5650 2014 5728">
    <p class='ocr_par' dir='ltr' id='par_1_108' title="bbox 309 5650 2014 5728">
     <span class='ocr_line' id='line_1_109' title="bbox 309 5650 2014 5728; baseline -0.001 -19"><span class='ocrx_word' id='word_1_794' title='bbox 309 5650 445 5710; x_wconf 91' lang='lat' dir='ltr'>dam</span> <span class='ocrx_word' id='word_1_795' title='bbox 467 5650 744 5711; x_wconf 87' lang='lat' dir='ltr'>idoneum</span> <span class='ocrx_word' id='word_1_796' title='bbox 763 5652 1052 5727; x_wconf 87' lang='lat' dir='ltr'>invenire,</span> <span class='ocrx_word' id='word_1_797' title='bbox 1077 5651 1349 5727; x_wconf 76' lang='lat' dir='ltr'>praecepit</span> <span class='ocrx_word' id='word_1_798' title='bbox 1366 5650 1594 5709; x_wconf 88' lang='lat' dir='ltr'>cuidam</span> <span class='ocrx_word' id='word_1_799' title='bbox 1615 5651 1966 5728; x_wconf 81' lang='lat' dir='ltr'>presbytero,</span> <span class='ocrx_word' id='word_1_800' title='bbox 1992 5675 2014 5707; x_wconf 78' lang='grc' dir='ltr'><strong>ι</strong></span> 
     </span>
    </p>
   </div>
   <div class='ocr_carea' id='block_1_109' title="bbox 2124 4582 3840 4658">
    <p class='ocr_par' dir='ltr' id='par_1_109' title="bbox 2124 4582 3840 4658">
     <span class='ocr_line' id='line_1_110' title="bbox 2124 4582 3840 4658; baseline 0.002 -17"><span class='ocrx_word' id='word_1_801' title='bbox 2124 4598 2199 4641; x_wconf 84' lang='lat' dir='ltr'>ex</span> <span class='ocrx_word' id='word_1_802' title='bbox 2231 4588 2327 4642; x_wconf 89' lang='lat' dir='ltr'>tua</span> <span class='ocrx_word' id='word_1_803' title='bbox 2360 4582 2666 4657; x_wconf 89' lang='lat' dir='ltr'>disciplina</span> <span class='ocrx_word' id='word_1_804' title='bbox 2705 4584 2819 4643; x_wconf 87' lang='lat' dir='ltr'>viri</span> <span class='ocrx_word' id='word_1_805' title='bbox 2857 4584 3239 4643; x_wconf 89' lang='lat' dir='ltr'>sanctimonia</span> <span class='ocrx_word' id='word_1_806' title='bbox 3286 4585 3423 4643; x_wconf 80' lang='lat' dir='ltr'>vitae</span> <span class='ocrx_word' id='word_1_807' title='bbox 3475 4584 3840 4658; x_wconf 90' lang='lat' dir='ltr'>percelebres</span> 
     </span>
    </p>
   </div>
   <div class='ocr_carea' id='block_1_110' title="bbox 2121 4673 3837 4741">
    <p class='ocr_par' dir='ltr' id='par_1_110' title="bbox 2121 4673 3837 4741">
     <span class='ocr_line' id='line_1_111' title="bbox 2121 4673 3837 4741; baseline 0.001 -10"><span class='ocrx_word' id='word_1_808' title='bbox 2121 4673 2275 4731; x_wconf 92' lang='lat' dir='ltr'>diem</span> <span class='ocrx_word' id='word_1_809' title='bbox 2318 4679 2649 4741; x_wconf 85' lang='lat' dir='ltr'>extremum</span> <span class='ocrx_word' id='word_1_810' title='bbox 2697 4673 3038 4739; x_wconf 89' lang='lat' dir='ltr'>clauserant,</span> <span class='ocrx_word' id='word_1_811' title='bbox 3067 4688 3204 4733; x_wconf 92' lang='lat' dir='ltr'>cum</span> <span class='ocrx_word' id='word_1_812' title='bbox 3252 4673 3401 4731; x_wconf 90' lang='lat' dir='ltr'>inibi</span> <span class='ocrx_word' id='word_1_813' title='bbox 3454 4673 3837 4733; x_wconf 87' lang='lat' dir='ltr'>animadver-</span> 
     </span>
    </p>
   </div>
   <div class='ocr_carea' id='block_1_111' title="bbox 2123 4763 3835 4837">
    <p class='ocr_par' dir='ltr' id='par_1_111' title="bbox 2123 4763 3835 4837">
     <span class='ocr_line' id='line_1_112' title="bbox 2123 4763 3835 4837; baseline 0.002 -17"><span class='ocrx_word' id='word_1_814' title='bbox 2123 4767 2262 4821; x_wconf 89' lang='lat' dir='ltr'>teret</span> <span class='ocrx_word' id='word_1_815' title='bbox 2310 4763 2663 4822; x_wconf 86' lang='lat' dir='ltr'>eximiarum</span> <span class='ocrx_word' id='word_1_816' title='bbox 2721 4764 3003 4821; x_wconf 89' lang='lat' dir='ltr'>virtutum</span> <span class='ocrx_word' id='word_1_817' title='bbox 3051 4763 3295 4837; x_wconf 85' lang='lat' dir='ltr'>vestigia</span> <span class='ocrx_word' id='word_1_818' title='bbox 3332 4780 3447 4823; x_wconf 93' lang='lat' dir='ltr'>non</span> <span class='ocrx_word' id='word_1_819' title='bbox 3480 4765 3684 4824; x_wconf 90' lang='lat' dir='ltr'>leviter</span> <span class='ocrx_word' id='word_1_820' title='bbox 3710 4765 3835 4823; x_wconf 90' lang='lat' dir='ltr'>im-</span> 
     </span>
    </p>
   </div>
   <div class='ocr_carea' id='block_1_112' title="bbox 2118 4851 3835 4925">
    <p class='ocr_par' dir='ltr' id='par_1_112' title="bbox 2118 4851 3835 4925">
     <span class='ocr_line' id='line_1_113' title="bbox 2118 4851 3835 4925; baseline 0.003 -16"><span class='ocrx_word' id='word_1_821' title='bbox 2118 4867 2332 4925; x_wconf 88' lang='lat' dir='ltr'>pressa,</span> <span class='ocrx_word' id='word_1_822' title='bbox 2361 4852 2590 4925; x_wconf 90' lang='lat' dir='ltr'>ipsique</span> <span class='ocrx_word' id='word_1_823' title='bbox 2617 4852 2859 4925; x_wconf 88' lang='lat' dir='ltr'>parietes</span> <span class='ocrx_word' id='word_1_824' title='bbox 2886 4851 3021 4909; x_wconf 73' lang='lat' dir='ltr'>vitae</span> <span class='ocrx_word' id='word_1_825' title='bbox 3048 4858 3161 4910; x_wconf 67' lang='lat' dir='ltr'>tum</span> <span class='ocrx_word' id='word_1_826' title='bbox 3206 4852 3390 4912; x_wconf 79' lang='lat' dir='ltr'>beatae</span> <span class='ocrx_word' id='word_1_827' title='bbox 3447 4853 3835 4914; x_wconf 90' lang='lat' dir='ltr'>suavissimos</span> 
     </span>
    </p>
   </div>
   <div class='ocr_carea' id='block_1_113' title="bbox 2117 4940 3833 5014">
    <p class='ocr_par' dir='ltr' id='par_1_113' title="bbox 2117 4940 3833 5014">
     <span class='ocr_line' id='line_1_114' title="bbox 2117 4940 3833 5014; baseline 0.002 -17"><span class='ocrx_word' id='word_1_828' title='bbox 2117 4940 2355 5013; x_wconf 91' lang='lat' dir='ltr'>spiritus</span> <span class='ocrx_word' id='word_1_829' title='bbox 2398 4940 2486 4998; x_wconf 84' lang='lat' dir='ltr'>111i</span> <span class='ocrx_word' id='word_1_830' title='bbox 2533 4940 2813 5007; x_wconf 80' lang='lat' dir='ltr'>amarent,</span> <span class='ocrx_word' id='word_1_831' title='bbox 2848 4940 3053 5014; x_wconf 88' lang='lat' dir='ltr'>adjecit</span> <span class='ocrx_word' id='word_1_832' title='bbox 3101 4942 3388 5010; x_wconf 88' lang='lat' dir='ltr'>animum,</span> <span class='ocrx_word' id='word_1_833' title='bbox 3420 4949 3483 5000; x_wconf 91' lang='lat' dir='ltr'>ut</span> <span class='ocrx_word' id='word_1_834' title='bbox 3534 4943 3679 5000; x_wconf 91' lang='lat' dir='ltr'>facta</span> <span class='ocrx_word' id='word_1_835' title='bbox 3724 4948 3833 5001; x_wconf 86' lang='lat' dir='ltr'>tua</span> 
     </span>
    </p>
   </div>
   <div class='ocr_carea' id='block_1_114' title="bbox 2115 5028 3643 5105">
    <p class='ocr_par' dir='ltr' id='par_1_114' title="bbox 2115 5028 3643 5105">
     <span class='ocr_line' id='line_1_115' title="bbox 2115 5028 3643 5105; baseline 0.002 -20"><span class='ocrx_word' id='word_1_836' title='bbox 2115 5028 2347 5088; x_wconf 90' lang='lat' dir='ltr'>heroica</span> <span class='ocrx_word' id='word_1_837' title='bbox 2374 5028 2622 5103; x_wconf 90' lang='lat' dir='ltr'>publicis</span> <span class='ocrx_word' id='word_1_838' title='bbox 2649 5030 3040 5088; x_wconf 90' lang='lat' dir='ltr'>monumentis</span> <span class='ocrx_word' id='word_1_839' title='bbox 3066 5031 3448 5105; x_wconf 85' lang='lat' dir='ltr'>consignaret,</span> <span class='ocrx_word' id='word_1_840' title='bbox 3486 5055 3505 5084; x_wconf 72' lang='grc' dir='ltr'><strong>υ</strong></span> <span class='ocrx_word' id='word_1_841' title='bbox 3538 5040 3643 5090; x_wconf 89' lang='lat' dir='ltr'>etc.</span> 
     </span>
    </p>
   </div>
   <div class='ocr_carea' id='block_1_115' title="bbox 2185 5116 3830 5196">
    <p class='ocr_par' dir='ltr' id='par_1_115' title="bbox 2185 5116 3830 5196">
     <span class='ocr_line' id='line_1_116' title="bbox 2185 5116 3830 5196; baseline 0.003 -19"><span class='ocrx_word' id='word_1_842' title='bbox 2185 5118 2284 5177; x_wconf 93' lang='lat' dir='ltr'>IV.</span> <span class='ocrx_word' id='word_1_843' title='bbox 2331 5117 2439 5177; x_wconf 89' lang='lat' dir='ltr'>Sed</span> <span class='ocrx_word' id='word_1_844' title='bbox 2480 5124 2534 5176; x_wconf 91' lang='lat' dir='ltr'>et</span> <span class='ocrx_word' id='word_1_845' title='bbox 2573 5117 2637 5175; x_wconf 91' lang='lat' dir='ltr'>in</span> <span class='ocrx_word' id='word_1_846' title='bbox 2670 5116 2823 5175; x_wconf 89' lang='lat' dir='ltr'>Petri</span> <span class='ocrx_word' id='word_1_847' title='bbox 2851 5117 3117 5177; x_wconf 85' lang='lat' dir='ltr'>Damiani</span> <span class='ocrx_word' id='word_1_848' title='bbox 3156 5120 3291 5191; x_wconf 89' lang='lat' dir='ltr'>vita,</span> <span class='ocrx_word' id='word_1_849' title='bbox 3332 5121 3403 5179; x_wconf 89' lang='lat' dir='ltr'>ab</span> <span class='ocrx_word' id='word_1_850' title='bbox 3434 5121 3655 5180; x_wconf 87' lang='lat' dir='ltr'>Joanne</span> <span class='ocrx_word' id='word_1_851' title='bbox 3694 5123 3830 5196; x_wconf 91' lang='lat' dir='ltr'>ejus</span> 
     </span>
    </p>
   </div>
   <div class='ocr_carea' id='block_1_116' title="bbox 2112 5206 3829 5285">
    <p class='ocr_par' dir='ltr' id='par_1_116' title="bbox 2112 5206 3829 5285">
     <span class='ocr_line' id='line_1_117' title="bbox 2112 5206 3829 5285; baseline 0.003 -17"><span class='ocrx_word' id='word_1_852' title='bbox 2112 5208 2396 5283; x_wconf 90' lang='lat' dir='ltr'>discipulo</span> <span class='ocrx_word' id='word_1_853' title='bbox 2448 5209 2673 5283; x_wconf 89' lang='lat' dir='ltr'>scripta,</span> <span class='ocrx_word' id='word_1_854' title='bbox 2736 5208 2825 5269; x_wconf 90' lang='lat' dir='ltr'>bis</span> <span class='ocrx_word' id='word_1_855' title='bbox 2880 5211 2951 5269; x_wconf 90' lang='lat' dir='ltr'>ad</span> <span class='ocrx_word' id='word_1_856' title='bbox 3005 5206 3345 5285; x_wconf 71' lang='lat' dir='ltr'>praedictum</span> <span class='ocrx_word' id='word_1_857' title='bbox 3406 5211 3463 5270; x_wconf 95' lang='grc'>8.</span> <span class='ocrx_word' id='word_1_858' title='bbox 3526 5211 3829 5273; x_wconf 86' lang='lat' dir='ltr'>Vincentii</span> 
     </span>
    </p>
   </div>
   <div class='ocr_carea' id='block_1_117' title="bbox 2112 5297 3827 5377">
    <p class='ocr_par' dir='ltr' id='par_1_117' title="bbox 2112 5297 3827 5377">
     <span class='ocr_line' id='line_1_118' title="bbox 2112 5297 3827 5377; baseline 0.002 -20"><span class='ocrx_word' id='word_1_859' title='bbox 2112 5297 2440 5358; x_wconf 78' lang='lat' dir='ltr'>ccenobium</span> <span class='ocrx_word' id='word_1_860' title='bbox 2475 5312 2535 5354; x_wconf 90' lang='lat' dir='ltr'>se</span> <span class='ocrx_word' id='word_1_861' title='bbox 2573 5297 2884 5357; x_wconf 88' lang='lat' dir='ltr'>contulisse</span> <span class='ocrx_word' id='word_1_862' title='bbox 2920 5299 3174 5369; x_wconf 89' lang='lat' dir='ltr'>dicitur;</span> <span class='ocrx_word' id='word_1_863' title='bbox 3208 5299 3387 5358; x_wconf 91' lang='lat' dir='ltr'>semel</span> <span class='ocrx_word' id='word_1_864' title='bbox 3421 5300 3658 5376; x_wconf 89' lang='lat' dir='ltr'>quidem</span> <span class='ocrx_word' id='word_1_865' title='bbox 3695 5304 3827 5377; x_wconf 89' lang='lat' dir='ltr'>pri-</span> 
     </span>
    </p>
   </div>
   <div class='ocr_carea' id='block_1_118' title="bbox 2110 5384 3826 5459">
    <p class='ocr_par' dir='ltr' id='par_1_118' title="bbox 2110 5384 3826 5459">
     <span class='ocr_line' id='line_1_119' title="bbox 2110 5384 3826 5459; baseline 0.004 -16"><span class='ocrx_word' id='word_1_866' title='bbox 2110 5384 2222 5443; x_wconf 92' lang='lat' dir='ltr'>mis</span> <span class='ocrx_word' id='word_1_867' title='bbox 2273 5385 2367 5443; x_wconf 92' lang='lat' dir='ltr'>sui</span> <span class='ocrx_word' id='word_1_868' title='bbox 2428 5385 2693 5458; x_wconf 84' lang='lat' dir='ltr'>tyrocinii</span> <span class='ocrx_word' id='word_1_869' title='bbox 2747 5386 2937 5458; x_wconf 91' lang='lat' dir='ltr'>annis,</span> <span class='ocrx_word' id='word_1_870' title='bbox 2995 5395 3078 5459; x_wconf 88' lang='lat' dir='ltr'>ut,</span> <span class='ocrx_word' id='word_1_871' title='bbox 3133 5401 3256 5459; x_wconf 88' lang='lat' dir='ltr'>cap.</span> <span class='ocrx_word' id='word_1_872' title='bbox 3300 5388 3351 5459; x_wconf 86' lang='lat'>5,</span> <span class='ocrx_word' id='word_1_873' title='bbox 3402 5395 3670 5447; x_wconf 89' lang='lat' dir='ltr'>narratur</span> <span class='ocrx_word' id='word_1_874' title='bbox 3727 5391 3826 5450; x_wconf 80' lang='lat' dir='ltr'>liis</span> 
     </span>
    </p>
   </div>
   <div class='ocr_carea' id='block_1_119' title="bbox 2108 5473 3826 5554">
    <p class='ocr_par' dir='ltr' id='par_1_119' title="bbox 2108 5473 3826 5554">
     <span class='ocr_line' id='line_1_120' title="bbox 2108 5473 3826 5554; baseline 0.004 -22"><span class='ocrx_word' id='word_1_875' title='bbox 2108 5474 2301 5534; x_wconf 86' lang='lat' dir='ltr'>verbis</span> <span class='ocrx_word' id='word_1_876' title='bbox 2332 5497 2344 5531; x_wconf 92' lang='lat'>:</span> <span class='ocrx_word' id='word_1_877' title='bbox 2385 5496 2406 5525; x_wconf 77' lang='grc' dir='ltr'>ιι</span> <span class='ocrx_word' id='word_1_878' title='bbox 2436 5473 2587 5532; x_wconf 89' lang='lat' dir='ltr'>Dum</span> <span class='ocrx_word' id='word_1_879' title='bbox 2618 5475 2712 5533; x_wconf 91' lang='lat' dir='ltr'>hic</span> <span class='ocrx_word' id='word_1_880' title='bbox 2745 5475 2972 5544; x_wconf 89' lang='lat' dir='ltr'>(Petrus</span> <span class='ocrx_word' id='word_1_881' title='bbox 2997 5473 3289 5545; x_wconf 89' lang='lat' dir='ltr'>Damiani)</span> <span class='ocrx_word' id='word_1_882' title='bbox 3321 5483 3469 5554; x_wconf 85' lang='lat' dir='ltr'>esset</span> <span class='ocrx_word' id='word_1_883' title='bbox 3496 5477 3826 5553; x_wconf 83' lang='lat' dir='ltr'>aliquando</span> 
     </span>
    </p>
   </div>
   <div class='ocr_carea' id='block_1_120' title="bbox 2105 5564 3820 5645">
    <p class='ocr_par' dir='ltr' id='par_1_120' title="bbox 2105 5564 3820 5645">
     <span class='ocr_line' id='line_1_121' title="bbox 2105 5564 3820 5645; baseline 0.004 -22"><span class='ocrx_word' id='word_1_884' title='bbox 2105 5580 2243 5624; x_wconf 90' lang='lat' dir='ltr'>cum</span> <span class='ocrx_word' id='word_1_885' title='bbox 2286 5579 2391 5623; x_wconf 88' lang='lat' dir='ltr'>suo</span> <span class='ocrx_word' id='word_1_886' title='bbox 2427 5564 2786 5638; x_wconf 89' lang='lat' dir='ltr'>profecturus</span> <span class='ocrx_word' id='word_1_887' title='bbox 2835 5565 3126 5640; x_wconf 86' lang='lat' dir='ltr'>magistro,</span> <span class='ocrx_word' id='word_1_888' title='bbox 3174 5564 3500 5626; x_wconf 91' lang='lat' dir='ltr'>molliorem</span> <span class='ocrx_word' id='word_1_889' title='bbox 3550 5570 3820 5645; x_wconf 83' lang='lat' dir='ltr'>scapula-</span> 
     </span>
    </p>
   </div>
   <div class='ocr_carea' id='block_1_121' title="bbox 2106 5655 3818 5736">
    <p class='ocr_par' dir='ltr' id='par_1_121' title="bbox 2106 5655 3818 5736">
     <span class='ocr_line' id='line_1_122' title="bbox 2106 5655 3818 5736; baseline 0.005 -22"><span class='ocrx_word' id='word_1_890' title='bbox 2106 5671 2228 5716; x_wconf 91' lang='lat' dir='ltr'>rem</span> <span class='ocrx_word' id='word_1_891' title='bbox 2276 5655 2520 5718; x_wconf 85' lang='lat' dir='ltr'>induere</span> <span class='ocrx_word' id='word_1_892' title='bbox 2582 5662 2755 5733; x_wconf 89' lang='lat' dir='ltr'>atque</span> <span class='ocrx_word' id='word_1_893' title='bbox 2810 5655 3199 5731; x_wconf 89' lang='lat' dir='ltr'>pulchriorem</span> <span class='ocrx_word' id='word_1_894' title='bbox 3266 5672 3441 5735; x_wconf 88' lang='lat' dir='ltr'>quam</span> <span class='ocrx_word' id='word_1_895' title='bbox 3500 5660 3818 5736; x_wconf 79' lang='lat' dir='ltr'>aﬂ&#39;ectaret,</span> 
     </span>
    </p>
   </div>
  </div>
