4034 6464
208 237 285 295 53

1111 242 1687 304 PROLEGOMENA.
1730 272 1793 285 —-
1833 242 1930 301 DE
1963 240 2367 301 INSTITUTO
2404 239 2836 299 GAMALDUL.
3655 238 3725 299 54

211 379 442 438 equum
486 365 796 424 ascendere
836 366 1038 441 jussus
1081 374 1185 429 est.
1240 369 1462 445 Rogare
1515 368 1713 441 itaque
1758 366 2166 440 magi-Alium
2223 366 2577 426 Frontonem
2623 364 2695 422 de
2741 362 3063 422 differentia
3109 362 3526 423 vocabulorum
3574 363 3724 423 inter

210 458 407 511 strum
438 452 745 513 submissis
774 455 945 530 coepit
984 457 1269 531 precibus,
1309 475 1384 516 ne
1420 458 1531 516 sibi
1567 458 1678 517 hoc
1719 457 1922 531 digna-

211 548 381 599 retur
409 542 742 615 praecipere,
774 544 928 616 quod
966 544 1089 620 ipse
1128 546 1399 615 nimium,
1438 547 1595 605 velut
1630 546 1925 617 indecens,

210 630 576 692 abhorreret.
616 630 888 705 Magister
927 649 1062 693 vero
1100 635 1227 708 ejus
1263 636 1532 709 precibus
1566 637 1928 712 acquiescere

211 721 473 791 nolebat,
531 737 606 779 ne
645 721 1000 796 vilipendere
1039 724 1331 783 videretur
1366 724 1718 800 discipulum
1753 742 1928 801 quem

212 809 496 883 diligebat
532 817 805 885 tanquam
840 813 1105 886 unicum,
1142 815 1189 873 si
1229 815 1311 873 sic
1355 832 1513 888 eum,
1547 818 1716 891 juxta
1753 833 1926 877 suum

210 897 595 970 desiderium,
642 916 839 959 secum
876 902 1231 975 permitteret
1276 905 1564 965 incultum
1603 907 1922 978 procedere.

212 987 552 1061 Discipulus
608 996 800 1049 autem
853 992 1027 1062 longe
1077 991 1244 1052 aliter
1300 994 1572 1063 sentiens,
1626 1000 1928 1070 totumque

210 1076 495 1137 aliorsum
535 1086 901 1151 convertens,
934 1082 1186 1141 nimium
1228 1084 1596 1166 erubescebat
1626 1086 1927 1144 sreculari«

208 1167 326 1226 bus
346 1169 468 1243 jam
494 1185 770 1245 apparere
800 1171 1106 1244 nitidulus,
1135 1190 1209 1233 ne
1235 1175 1376 1248 ipse,
1409 1175 1510 1248 qui
1541 1176 1679 1234 olim
1713 1177 1925 1237 saeculo

209 1260 584 1319 renuntiasse
636 1261 960 1333 videbatur,
1017 1265 1353 1324 saecularem
1411 1283 1681 1341 pompam
1733 1268 1925 1329 adhuc

207 1352 523 1411 carnaliter
570 1346 833 1427 quaerere
890 1361 1206 1431 putaretur.
1264 1358 1429 1429 Quod
1473 1365 1663 1418 tamen
1714 1376 1925 1437 Oppre-

208 1442 409 1499 brium
460 1442 647 1503 multo
702 1444 885 1519 magis
940 1444 1040 1504 ille
1095 1446 1312 1519 subire,
1368 1465 1541 1522 quam
1593 1449 1924 1510 inobedien-

211 1531 313 1589 tiae
369 1536 570 1589 notam
625 1533 849 1605 maluit,
912 1550 1088 1609 quam
1152 1536 1419 1597 videlicet
1472 1538 1769 1599 incurrere
1823 1557 1924 1600 ve-

210 1620 551 1681 hementius
578 1624 833 1699 expavit.
876 1625 1194 1686 Videbatur
1230 1629 1386 1688 enim
1426 1631 1561 1703 sibi,
1600 1641 1772 1706 prout
1803 1634 1924 1709 ipse

2012 462 2327 532 utrumque
2357 456 2440 513 sic
2467 454 2943 527 distinguentem,
2986 458 3053 512 ut
3096 479 3121 502 α
3151 452 3464 511 candidum
3492 453 3722 526 proprie

2011 545 2235 604 dicatur
2262 544 2417 619 quod
2447 544 2513 601 iit
2546 560 2709 614 cura,
2740 543 2938 603 album
2981 543 3137 619 quod
3178 543 3241 602 fit
3281 550 3509 603 natura.
3551 564 3572 593 ι
3609 542 3719 603 Sed

2011 637 2121 695 hoc
2143 634 2325 694 obiter
2350 634 2653 693 adnotasse
2682 633 2947 692 suﬂiciat.

2082 728 2185 787 VI.
2221 727 2487 787 Secundo
2518 727 2589 785 ad
2626 727 2781 785 idem
2810 725 2868 785 S.
2904 724 3194 783 Vincentii
3222 723 3555 784 emnobium
3589 722 3722 781 mis-

2012 829 2111 873 sus
2135 813 2350 889 legitur
2380 814 2581 873 Petrus
2615 813 2953 885 Damianus,
2990 818 3056 871 ut
3088 813 3402 872 monachos
3434 809 3566 869 illos
3594 817 3718 869 tum

2011 903 2075 960 in
2104 903 2281 962 sacris
2310 903 2516 961 litteris
2545 902 2816 973 erudiret,
2849 910 2972 961 tum
3012 902 3084 960 ad
3126 901 3502 959 monasticam
3532 900 3716 973 perfe-

2012 993 2263 1051 ctionem
2295 992 2536 1052 uberius
2571 997 2954 1067 promoveret,
2990 998 3054 1051 ut
3080 991 3233 1050 idem
3262 990 3514 1049 Joannes
3542 988 3712 1046 disci-

2008 1081 2187 1155 pulus
2242 1081 2395 1139 Petri
2437 1080 2704 1140 Damiani
2745 1087 2982 1140 testatur
3026 1080 3085 1139 in
3138 1082 3264 1156 ejus
3303 1079 3433 1137 Vita
3476 1094 3597 1152 cap.
3644 1078 3714 1134 6-:

2016 1191 2036 1220 ι
2076 1168 2309 1227 Peracto
2340 1169 2516 1242 igitur
2542 1184 2675 1227 cum
2710 1170 2831 1228 suis
2857 1170 3243 1229 confratribus
3271 1166 3539 1243 permissi
3570 1173 3715 1223 tem-

2008 1255 2165 1329 poris
2205 1258 2406 1330 spatio,
2465 1256 2678 1316 iterum
2714 1256 2973 1331 ejusdem
3025 1258 3106 1316 rei
3154 1256 3355 1331 gratia,
3409 1254 3483 1312 ob
3537 1266 3718 1326 quam

2011 1343 2373 1418 Pomposiam
2412 1346 2576 1417 ierat,
2616 1346 2685 1403 ad
2729 1344 2786 1405 S.
2819 1346 3131 1417 Vincentii,
3166 1347 3334 1419 cujus
3380 1358 3554 1417 supra
3591 1356 3716 1398 me-

2011 1431 2312 1503 minimus,
2350 1435 2767 1495 monasterium
2806 1452 3042 1511 pergere
3073 1436 3328 1510 jubetur.
3366 1434 3454 1494 Ibi
3484 1447 3717 1506 quoque

2010 1518 2354 1593 aliquandiu
2395 1530 2805 1595 commoratus,
2839 1538 3210 1598 nequaquam
3239 1522 3433 1595 segnis
3455 1537 3489 1579 a
3519 1520 3718 1580 Domi-

2008 1610 2161 1667 nicze
2208 1610 2397 1670 vineae
2441 1612 2669 1671 cultura
2702 1613 2940 1688 quievit,
2974 1613 3176 1685 donec,
3224 1617 3562 1687 cooperante
3607 1609 3719 1668 sibi

210 1710 517 1781 referebat,
570 1697 1019 1791 utiquicunque
1070 1716 1242 1775 illum
1294 1720 1375 1778 sic
1424 1697 1719 1794 comptum
1767 1697 2287 1799 adut-309mm,
2327 1702 2565 1799 “berem
2604 1703 2698 1763 δαί
2748 1703 3370 1799 ἶΓ⁰⁰Ῑ,ί¹⁰Ὶ,Ῡ³Π¹Ῐ¹Ῑ³ί⁰⁸
3418 1697 3720 1799 infpfmie'

212 1805 336 1859 tare
383 1808 707 1874 cernerent,
761 1803 939 1878 digito
988 1805 1469 1880 demonstrarent,
1515 1818 1569 1869 et
1607 1812 1762 1871 velut
1802 1830 1929 1874 car-

211 1888 412 1947 nalem
440 1890 867 1951 subsannarent
891 1914 902 1951 :
930 1895 1126 1970 sicque
1152 1913 1266 1955 non
1295 1898 1581 1970 monachi,
1607 1901 1707 1958 sed
1733 1904 1929 1975 sponsi

212 1991 433 2036 nomen
469 1986 748 2052 aptarent.
807 1981 972 2041 Unde
1009 1990 1206 2043 tantus
1244 1986 1419 2045 rubor
1454 1986 1578 2060 ejus
1613 1989 1930 2049 suffuderat

215 2065 449 2137 faciem,
507 2073 574 2125 ut
626 2068 730 2127 vix
790 2079 959 2143 caput
1008 2071 1246 2145 erigere,
1304 2074 1406 2132 vix
1460 2076 1521 2133 in
1593 2080 1929 2152 quempiam

213 2161 407 2229 posset
462 2157 611 2215 acies
669 2159 970 2221 oculorum
1020 2162 1285 2237 dirigere.
1335 2164 1460 2223 Illis
1503 2174 1697 2225 autem
1745 2185 1931 2243 regre-

214 2245 542 2318 dientibus,
590 2266 723 2309 cum
762 2251 833 2309 ad
871 2253 1202 2313 etenobium
1244 2255 1300 2315 S.
1354 2258 1664 2332 Vincentii,
1710 2261 1804 2320 cui
1838 2264 1928 2320 vi-

214 2334 348 2392 cina
375 2351 551 2409 rupes
586 2336 748 2396 Petra
775 2348 1007 2414 pertusa
1044 2343 1389 2402 vocabulum
1421 2348 1650 2418 indidit,
1681 2365 1927 2423 perven-

220 2430 341 2481 tum
376 2425 615 2511 fuisset;
649 2427 769 2500 jam
795 2429 1029 2490 Domini
1057 2449 1261 2492 servus
1284 2433 1528 2495 ulterius
1555 2436 1701 2496 ferre
1732 2440 1930 2514 nequit

214 2511 680 2586 ignominiosum
740 2518 1008 2580 nitidulte
1065 2523 1237 2581 vestis
1286 2532 1554 2584 ornatum
1591 2547 1602 2585 :
1633 2511 1929 2589 occasione

217 2598 417 2676 itaque
450 2603 665 2662 ibidem
697 2608 987 2684 paulisper
1016 2614 1345 2672 remorandi
1374 2621 1614 2689 reperta,
1659 2620 1929 2692 magister

216 2699 404 2765 erepto
446 2693 654 2754 itinere
707 2698 884 2757 tendit
934 2702 1005 2760 ad
1058 2718 1344 2778 eremuin,
1404 2705 1503 2765 ille
1554 2723 1688 2766 vero
1743 2708 1927 2767 alium

216 2779 327 2839 sibi
359 2784 719 2857 scapularem
750 2786 1122 2849 humiliorem
1156 2793 1402 2852 stamine
1430 2802 1486 2853 et
1515 2796 1700 2855 colore
1725 2798 1926 2872 acqui-

218 2871 397 2931 situm
460 2874 653 2933 induit
687 2896 699 2933 :
733 2878 932 2955 sicque
1004 2882 1162 2941 velut
1215 2883 1460 2944 immani
1515 2888 1759 2958 sarcina,
1815 2871 1928 2963 qua

218 2962 528 3037 depressus
557 2967 835 3027 hactenus
864 2971 1070 3044 fuerat,
1106 2973 1371 3044 leviatus,
1417 2977 1763 3050 quantocius
1800 2962 1928 3053 post

218 3053 561 3126 magistrum
597 3055 668 3114 ad
710 3058 1008 3132 preprium
1044 3067 1128 3119 est
1168 3064 1583 3123 monasterium
1617 3082 1920 3137 reversus;

217 3159 592 3220 nequaquam
615 3148 774 3206 enim
802 3166 897 3208 eos
926 3167 1094 3226 teque
1122 3156 1477 3230 poterat,qui
1504 3157 1785 3229 squalidis
1808 3165 1928 3218 ute-

216 3234 436 3294 bantur
454 3237 731 3311 vestibus,
759 3242 1017 3301 venustis
1042 3242 1164 3315 ipse
1187 3244 1449 3316 indutus,
1482 3246 1732 3306 revisere
1752 3268 1764 3307 :
1784 3250 1926 3308 dum

217 3328 484 3387 moribus
515 3330 710 3389 ornari
744 3332 931 3406 potius
957 3335 1255 3408 gestirent,
1282 3352 1458 3409 quam
1488 3338 1763 3397 vestibus.
1799 3365 1824 3388 η

292 3417 363 3475 V.
391 3417 516 3489 Quo
543 3437 617 3479 ex
646 3421 768 3481 loco
789 3431 980 3498 aperte
1009 3426 1206 3500 liquet,
1236 3428 1436 3486 eadem
1464 3428 1693 3487 habitus
1716 3430 1922 3504 specie,

216 3504 430 3578 colore,
470 3508 671 3578 forma,
716 3513 1157 3586 consuetudine,
1195 3522 1311 3572 tam
1339 3516 1716 3587 Avellanitas,
1750 3535 1926 3593 quam

218 3597 532 3657 monachos
560 3598 620 3659 S.
652 3600 943 3662 Vincentii
970 3603 1205 3663 indutos
1235 3605 1437 3676 fuisse,
1467 3606 1612 3666 dum
1640 3609 1791 3682 apud
1822 3610 1926 3668 hos

216 3684 541 3745 Damianus
568 3687 836 3750 idoneam
864 3692 1112 3752 tunicam
1139 3693 1433 3753 invenisse
1462 3695 1693 3767 dicitur,
1719 3713 1833 3771 qua
1853 3698 1925 3755 ad

218 3779 372 3850 illos,
411 3797 527 3839 non
562 3781 680 3856 jam
716 3785 948 3856 recenti,
988 3792 1089 3845 aut
1127 3802 1310 3860 nuper
1351 3787 1467 3845 lota
1497 3795 1672 3858 veste,
1719 3804 1791 3845 ex
1840 3795 1924 3847 te-

219 3869 413 3929 uuiori
440 3870 572 3929 lana
596 3879 883 3945 contexta,
912 3874 1212 3947 candidus,
1240 3882 1295 3934 et
1316 3874 1622 3947 nitidulus,
1655 3877 1753 3934 sed
1778 3892 1924 3935 cras-

218 3962 358 4022 siori
398 3962 666 4032 stamine,
696 3980 761 4022 ac
795 3964 989 4023 nativa
1016 3966 1216 4025 ovium
1245 3966 1511 4024 albedine
1538 3966 1840 4039 squalidus
1870 3974 1925 4024 et

218 4051 503 4122 incultus,
547 4054 886 4128 ueterisque
922 4054 1044 4113 suis
1084 4055 1357 4114 fratribus
1390 4054 1655 4113 concolor
1682 4072 1923 4130 appare-

216 4148 305 4199 ret
335 4164 349 4199 :
387 4140 670 4201 nimirum
698 4143 851 4215 apud
880 4150 1153 4218 utrosque
1180 4159 1296 4202 non
1322 4143 1669 4218 exquisitus,
1701 4152 1756 4202 et
1782 4145 1923 4202 atfe-

212 4238 402 4291 ctatus
453 4234 673 4297 candor,
728 4233 830 4306 qui
885 4235 995 4289 luci
1042 4233 1403 4307 potissimum
1461 4232 1652 4291 amnis
1700 4239 1804 4301 est,
1862 4238 1926 4291 ut

213 4320 446 4379 dissert.
495 4333 577 4391 111,
629 4337 749 4394 cap.
801 4320 855 4391 6,
906 4336 1069 4379 num.
1130 4321 1213 4391 l6,
1252 4319 1647 4393 probavimus,
1693 4320 1791 4378 sed
1843 4324 1925 4377 al-

218 4413 352 4469 bedo
404 4411 651 4485 simplex
687 4414 897 4485 pallori
941 4411 1132 4485 potius
1173 4413 1499 4487 conjuncta,
1526 4411 1588 4469 in
1621 4426 1732 4469 usu
1766 4419 1919 4481 erat;

214 4502 289 4560 de
356 4518 475 4575 quo
533 4500 888 4572 discrimine,
952 4501 1024 4559 ad
1087 4500 1415 4574 complures
1472 4500 1921 4560 Monasticarum

215 4590 650 4665 Autiquitatum
706 4596 901 4649 textus
955 4590 1365 4661 conciliandos,
1438 4598 1494 4649 et
1559 4590 1924 4651 auctoritates

215 4677 389 4737 Petri'
431 4677 827 4737 Cluniacensis
878 4678 979 4737 lib.
1023 4691 1107 4751 ιν,
1156 4694 1244 4751 ep.
1306 4677 1388 4748 l7,
1444 4693 1548 4736 nec
1598 4694 1716 4737 non
1767 4678 1924 4738 Sma-

214 4766 380 4839 ragdi
434 4766 497 4823 in
554 4766 930 4840 Expositione
982 4766 1225 4841 Regulae
1276 4783 1398 4841 cap.
1457 4768 1546 4838 55,
1610 4766 1923 4826 candidum

216 4859 397 4917 vestis
452 4857 699 4916 colorem
756 4857 1254 4932 improbantium:
1294 4881 1316 4911 α
1368 4857 1517 4928 Quia
1561 4858 1746 4932 magis
1796 4856 1923 4933 glo-

218 4949 391 5021 riam,
445 4963 621 5023 quam
676 4946 1051 5021 abjectionem
1106 4948 1391 5021 designat,
1454 4969 1474 4999 ι
1528 4963 1662 5007 cum
1718 4963 1926 5006 monu-

218 5039 450 5110 mentis,
482 5044 539 5097 et
582 5036 985 5097 traditionibus
1027 5037 1153 5112 prd‘
1180 5037 1483 5097 monastici
1530 5039 1765 5097 habitus
1805 5038 1922 5097 albi

216 5136 443 5187 vetusta
469 5127 909 5197 consuetudine,
940 5126 1165 5185 dissert.
1197 5139 1285 5199 111,
1319 5143 1442 5201 cap.
1474 5128 1527 5197 7,
1555 5144 1589 5186 a
1630 5143 1797 5186 num.
1838 5128 1921 5198 14,

216 5226 274 5279 et
331 5219 600 5292 deinceps
642 5217 905 5276 adductis
957 5216 1405 5290 componendas,
1464 5216 1652 5289 legere
1696 5215 1925 5288 juvabit

220 5305 490 5366 Servium
517 5306 810 5379 insignem
838 5304 1277 5379 grammaticum
1312 5304 1370 5361 in
1400 5304 1501 5363 lib.
1530 5317 1592 5363 111
1618 5304 1921 5378 Georgico-

219 5411 352 5453 rum
388 5395 469 5453 sic
516 5394 863 5453 scribentem
896 5417 908 5450 :
947 5416 969 5445 ι
1004 5392 1185 5451 Aliud
1216 5400 1298 5451 est
1329 5393 1642 5453 candidum
1683 5410 1829 5466 esse,
1863 5392 1924 5451 id

216 5490 302 5543 est
349 5482 599 5558 quadam
659 5480 881 5541 nitente
930 5479 1059 5540 luce
1115 5480 1437 5555 perfusum,
1489 5480 1650 5541 aliud
1700 5480 1922 5552 album,

220 5572 372 5649 quod
402 5572 607 5649 pallori
635 5576 858 5633 constat
889 5588 1014 5632 esse
1040 5571 1338 5643 vicinum;
1373 5594 1401 5621 ιι
1438 5586 1546 5631 nec
1568 5586 1686 5631 non
1711 5569 1925 5630 Come-

2018 1793 2121 1846 ret.
2162 1810 2183 1840 »
2219 1791 2409 1864 Atque
2438 1792 2545 1852 hac
2576 1793 2827 1852 secunda
2856 1793 2979 1851 vice
3018 1791 3390 1859 Damianum,
3428 1789 3503 1848 ab
3540 1787 3721 1861 hujus

2016 1879 2267 1937 cmnobii
2301 1883 2619 1953 monachis,
2654 1884 2722 1943 D.
2758 1883 3073 1943 Bomualdi
3105 1880 3406 1957 discipulis
3433 1886 3721 1953 rogatum,

2017 1965 2339 2026 scribendae
2369 1969 2679 2028 Romualdi
2712 1971 2861 2031 Vit-ce
2890 1972 3198 2031 consilium
3232 1971 3295 2027 in
3318 1986 3377 2027 se
3404 1967 3724 2041 suscepisse

2016 2062 2264 2128 constat;
2300 2074 2435 2118 nam
2475 2076 2550 2118 ex
2586 2077 2705 2119 una
2738 2068 2897 2134 parte
2929 2062 3161 2119 videtur
3190 2059 3350 2117 illam
3381 2073 3499 2115 non
3530 2073 3560 2113 a
3600 2071 3723 2114 sua)

2015 2145 2409 2205 conversionis
2471 2146 2656 2208 initiis
2713 2150 3141 2224 conscripsisse,
3201 2164 3276 2206 ex
3328 2146 3448 2205 illis
3498 2145 3724 2219 prologi

2017 2234 2256 2293 verbis:
2296 2261 2320 2283 ‹‹
2357 2237 2537 2296 Nobis
2584 2247 2780 2298 autem
2825 2241 2883 2299 in
2936 2248 3180 2313 angusto
3227 2236 3455 2297 cellulas
3508 2234 3724 2309 angulo

2015 2322 2404 2383 residentibus
2436 2326 2643 2386 utilius
2688 2335 2828 2401 erat,
2861 2330 3010 2388 sicut
3036 2328 3462 2403 proposuimus,
3493 2325 3726 2402 propria

2014 2417 2239 2486 peccata
2286 2414 2357 2470 ad
2408 2417 2615 2474 mentis
2667 2418 2863 2478 oculos
2915 2419 3148 2478 assidue
3205 2432 3491 2485 revocare,
3546 2429 3724 2488 quam

2014 2500 2223 2559 alienae
2275 2503 2509 2562 virtutis
2564 2506 2859 2565 historiam
2914 2514 3143 2578 texere;
3205 2506 3386 2577 magis
3428 2502 3725 2576 expediret

2014 2588 2306 2646 commissi
2356 2599 2545 2652 reatus
2584 2595 2847 2652 tenebras
2882 2596 3176 2669 plangere,
3216 2610 3391 2669 quam
3425 2591 3725 2667 splendida

2014 2676 2328 2735 sanctitatis
2356 2680 2611 2755 insignia
2642 2683 2924 2757 imperitis
2950 2684 3313 2741 sermonibus
3341 2682 3641 2741 olfuscare.
3694 2703 3716 2730 ι

2021 2765 2104 2821 Ex
2133 2765 2249 2824 alia
2280 2784 2415 2825 vero
2440 2777 2615 2843 parte,
2648 2787 2761 2829 non
2791 2773 2975 2846 potuit
2996 2772 3154 2830 illam
3177 2771 3362 2845 prima
3386 2769 3508 2827 vice
3529 2769 3589 2826 in
3615 2768 3723 2825 hoc

2012 2859 2364 2917 monasterio
2405 2875 2662 2932 exarare,
2708 2878 2841 2920 cum
2899 2863 2958 2920 in
3013 2862 3254 2921 transitu
3295 2862 3584 2919 duntaxat
3636 2856 3722 2917 ibi

2012 2960 2266 3019 praesens
2303 2948 2569 3018 adfuerit,
2611 2966 2718 3009 nec
2754 2967 2972 3009 moram
3006 2951 3166 3026 operi
3204 2951 3342 3009 huic
3377 2948 3721 3025 perﬁciendo

2011 3041 2390 3107 opportunam
2418 3038 2631 3095 ibidem
2664 3041 2920 3098 traxerit.

1946 3101 1990 3161 Ο
2047 3101 2211 3181 "VII.
2270 3123 2497 3184 Rursus
2530 3126 2661 3185 aliis
2692 3128 2918 3187 vicibus
2948 3129 3009 3186 in
3043 3129 3102 3189 S.
3136 3128 3429 3188 Vincentii
3456 3126 3720 3187 coenobio

2010 3211 2232 3272 diutius
2258 3216 2496 3287 vixisse,
2532 3234 2598 3276 ac
2625 3226 2752 3293 post
2783 3226 3113 3292 susceptum
3153 3218 3537 3278 Eremitarutn
3568 3217 3720 3290 regi-

2009 3316 2144 3360 men
2183 3304 2307 3375 ejus
2339 3306 2621 3379 spirituali
2656 3307 2957 3366 dircctioni
2985 3308 3228 3367 sollicite
3250 3307 3586 3383 invigilasse
3607 3306 3718 3364 Da-

2010 3392 2298 3465 mianum,
2354 3404 2573 3456 constat
2631 3416 2705 3457 ex
2764 3404 2899 3458 tom.
2961 3398 2987 3457 Ι
3041 3399 3299 3474 ejusdem
3352 3399 3411 3458 S.
3472 3397 3719 3456 doctoris

2007 3480 2111 3539 lib.
2146 3494 2225 3551 VI,
2257 3498 2345 3556 ep.
2382 3484 2469 3551 32,
2500 3486 2603 3544 ubi
2637 3487 2903 3561 exempla
2943 3487 3229 3546 relaturus
3258 3503 3330 3544 ex
3365 3487 3459 3554 iis,
3490 3502 3621 3560 quae
3657 3486 3718 3542 in

2008 3569 2159 3629 dicto
2198 3575 2545 3633 monasterio
2584 3577 2959 3651 contigerant,
3000 3580 3293 3633 domestica
3326 3577 3423 3634 illa
3461 3592 3584 3633 esse
3621 3589 3719 3632 no-

2009 3664 2107 3729 tat,
2140 3667 2311 3736 atque
2340 3679 2370 3720 a
2393 3670 2682 3739 praceptis
2702 3666 2849 3724 inibi
2875 3667 3211 3725 auctoritate
3236 3683 3341 3725 sua
3368 3665 3710 3733 constitutis,

2008 3755 2062 3807 et
2092 3752 2513 3813 nonnullorum
2543 3756 2882 3830 pervicacia,
2909 3757 3195 3816 divinitus
3222 3758 3460 3814 demum
3485 3754 3714 3829 punita,

2007 3841 2282 3912 neglectis
2312 3844 2693 3918 dependentia
2740 3855 2968 3917 narrat;
3005 3847 3084 3904 ait
3113 3847 3272 3905 enim
3303 3868 3329 3903 τι
3357 3872 3385 3896 α
3418 3845 3491 3904 Ut
3521 3851 3712 3904 autem

2006 3942 2038 3985 e
2067 3929 2396 3989 domesticis
2424 3949 2660 4010 quoque
2690 3934 3052 4008 prmbeamus
3082 3935 3441 4010 exemplum,
3481 3933 3538 3990 in
3582 3950 3712 3993 mo-

2005 4019 2258 4077 nasterio
2285 4020 2348 4078 B.
2381 4021 2692 4096 Vincentii,
2724 4025 2880 4099 quod
2921 4041 3035 4084 non
3073 4025 3272 4100 procul
3299 4042 3332 4083 a
3365 4031 3580 4096 monte,
3613 4023 3715 4099 qui

2007 4104 2218 4167 dicitur
2253 4109 2415 4169 Petra
2448 4120 2694 4185 pcrtusa,
2726 4115 2979 4174 cernitur
3008 4117 3408 4187 constitutum,
3446 4121 3549 4173 hoc
3585 4122 3712 4173 tan-

2007 4212 2183 4271 quam
2231 4200 2494 4274 regulare
2533 4205 3015 4265 constitueramus
3052 4206 3303 4265 edictum
3338 4231 3349 4262 :
3382 4212 3443 4264 ut
3476 4207 3585 4264 sub
3622 4205 3711 4264 di-

2007 4291 2185 4351 stricti
2238 4310 2481 4355 censura
2530 4298 2735 4370 rigoris
2778 4298 3278 4373 quadragesimale
3329 4299 3712 4357 celebraretur

2006 4381 2245 4441 initium
2278 4404 2290 4442 :
2324 4386 2607 4445 nimirum
2636 4394 2697 4447 at
2727 4405 2827 4463 per
2852 4389 3119 4449 triduum
3152 4390 3385 4449 nonnisi
3418 4390 3710 4449 modicum

1944 4469 2175 4542 Dpanis
2226 4488 2356 4531 cum
2400 4491 2550 4549 aqua
2595 4491 2797 4536 omnes
2844 4477 3045 4537 fratres
3095 4478 3492 4549 comederent;
3548 4478 3715 4537 nulla

2010 4557 2124 4615 nisi
2156 4557 2488 4630 lectionum,
2533 4563 2655 4621 sive
2694 4565 2965 4624 ordinum
2999 4566 3172 4624 verba
3205 4566 3558 4639 proferrent;
3600 4580 3713 4622 nu-

2009 4646 2100 4705 dis
2151 4649 2395 4722 pedibus
2457 4651 2748 4726 lugubres,
2827 4670 2894 4713 ac
2964 4662 3271 4713 mmrentes
3338 4653 3711 4725 incederent;

2010 4727 2239 4810 expleto
2289 4742 2583 4800 communi
2640 4742 3028 4802 modulatione
3070 4741 3367 4811 Psalterio,
3413 4747 3612 4800 mutua
3655 4757 3716 4799 se

2007 4840 2309 4899 scoparum
2358 4831 2727 4903 castigatione
2761 4837 3092 4906 purgarent.
3134 4828 3297 4900 Quod
3339 4844 3469 4888 cum
3515 4830 3716 4888 fratres

2008 4921 2159 4986 voto,
2188 4924 2244 4975 et
2271 4918 2492 4989 animo,
2517 4936 2581 4978 ac
2606 4920 2894 4994 spirituali
2918 4918 3286 4994 jucunditate
3317 4934 3433 4977 non
3466 4918 3717 4992 segniter

2007 5012 2242 5079 agerent
2270 5025 2283 5059 ε
2314 5016 2370 5068 et
2409 5009 2563 5069 ultra
2602 5011 2771 5069 etiam
2826 5011 2979 5084 quod
3030 5010 3344 5083 praeﬁxum
3394 5014 3531 5077 erat,
3579 5007 3717 5064 satis

2009 5111 2299 5170 supreque
2343 5098 2569 5170 peculio
2605 5099 2774 5156 bona:
2823 5099 3141 5157 voluntatis
3170 5101 3444 5171 agerent:
3479 5093 3713 5167 quidam

2006 5184 2157 5243 inter
2211 5201 2307 5244 eos
2364 5188 2605 5259 exstitit,
2665 5189 2764 5263 qui
2822 5188 2971 5246 clam
3039 5188 3099 5247 in
3173 5186 3395 5246 edendo
3456 5184 3715 5258 regulam

2007 5274 2266 5334 violavit.
2298 5300 2325 5325 ››
2361 5275 2513 5334 Hinc
2542 5277 2850 5350 pessimam
2880 5276 3058 5350 hujus
3085 5273 3539 5350 praevaricatoris
3571 5290 3718 5333 mor-

2006 5368 2122 5421 tem
2152 5362 2445 5435 describit,
2487 5379 2619 5439 qure
2648 5381 2708 5423 se
2737 5372 3020 5439 praesente
3047 5362 3400 5432 contigerat:
3447 5382 3467 5411 ι
3509 5359 3580 5419 Ut
3607 5378 3719 5421 au-

2007 5450 2191 5524 diant,
2245 5453 2456 5529 inquit,
2504 5461 2561 5513 et
2613 5455 3016 5529 pertimescant
3060 5452 3162 5524 qui
3210 5449 3488 5509 indictam
3543 5451 3715 5510 disci-

2012 5540 2192 5614 plinae
2240 5539 2498 5618 regulam
2546 5555 2647 5615 per
2684 5540 2929 5615 propriae
2956 5536 3269 5612 voluptatis
3296 5537 3719 5611 impatientiam
