4034 6502
286 246 355 304 55

1208 242 1267 302 S.
1312 240 1605 303 PETRUS
1645 242 2038 310 DAMIANUS
2080 248 2138 312 S.
2180 252 2251 314 R.
2293 256 2359 319 E.
2400 258 2879 328 CARDINALIS.

3727 275 3807 335 56

292 371 596 471 frangunt.
636 393 664 474 >3
698 368 862 474 Unde
886 370 1091 474 liquet,
1126 386 1306 474 quam
1338 385 1535 474 severe
1562 369 2009 474 Petriﬂatnian‘i
2029 379 2078 440 A
2099 378 2261 439 bium
2291 398 2483 446 amore
2504 389 2595 449 vir
2619 397 2849 453 sanctus
2876 395 3129 470 ardebat,
3162 402 3227 457 ut
3255 399 3404 458 illud
3431 414 3551 474 prae
3576 401 3812 462 caeteris

303 466 517 521 statuta
544 461 608 519 in
638 461 747 520 hoc
778 460 837 521 S.
886 461 1183 521 Vincentii
1215 461 1477 521 coenobio
1514 462 1906 534 custodienda,
1944 469 2000 522 et

297 567 473 627 quam
516 568 637 611 non
685 558 916 625 temere,
961 559 1016 611 et
1063 555 1308 626 impune
1351 553 1622 612 violanda
1661 569 1803 625 esse,
1852 554 2002 614 Deus

256 708 263 717 κ
291 646 435 719 ipse,
469 644 707 704 terribili
738 660 872 718 erga
899 646 1056 704 hunc
1087 645 1437 704 monachum
1468 645 1689 705 ultione
1716 654 2001 707 monstra-

293 733 460 792 verit.

365 824 523 884 VIII.
562 823 667 884 Sed
710 830 764 882 et
799 824 1092 897 integrum
1128 822 1275 883 illud
1317 821 1471 880 idem
1521 824 1874 894 cmnobium,
1929 825 2003 885 ob

296 915 708 984 intermissam,
741 928 916 988 quam
950 912 1271 970 Damianus
1302 910 1640 983 induxerat,
1681 914 2006 988 quotidiani

295 1004 361 1064 B.
396 1005 592 1064 Mariae
624 1003 883 1077 Virginis
920 1001 1092 1061 ofﬁcii
1122 1002 1622 1075 consuetudinem,
1662 1004 2004 1078 gravissima

298 1093 451 1153 Deus
491 1092 992 1175 animadversione
1022 1090 1319 1164 corripuit,
1352 1092 1509 1151 unde
1542 1092 1741 1152 eodem
1774 1092 1897 1153 loco
1925 1096 2007 1154 sic

296 1183 664 1258 prosequitur
715 1181 773 1241 S.
824 1182 1059 1240 doctor:
1094 1203 1114 1233 α
1149 1180 1351 1240 Dicam
1404 1189 1460 1241 et
1509 1183 1689 1256 aliud,
1737 1186 1890 1259 quod
1942 1188 2003 1244 in

297 1274 534 1349 praefato
580 1272 819 1346 contigit
865 1273 1236 1332 monasterio.
1296 1271 1591 1334 Statutum
1638 1284 1776 1347 erat,
1832 1284 2005 1352 atque

289 1366 410 1441 jam
436 1380 538 1439 per
560 1363 883 1423 triennium
915 1363 1033 1421 fere
1057 1370 1372 1436 servatum,
1401 1369 1467 1423 ut
1495 1380 1628 1423 cum
1655 1366 1813 1425 horis
1841 1384 2007 1426 cano-

293 1453 444 1512 uicis
491 1453 557 1512 B.
604 1452 802 1512 Mariae
844 1467 1069 1527 semper
1114 1453 1375 1527 Virginis
1425 1453 1613 1512 ofﬁcia
1654 1456 2001 1517 dicerentur.

292 1543 431 1603 Erat
481 1549 673 1603 autem
725 1545 877 1603 inter
919 1560 1016 1603 eos
1060 1544 1229 1616 Gozo,
1273 1545 1477 1606 habitu
1523 1551 1860 1621 monachus,
1915 1568 2005 1611 re-

297 1633 492 1708 probae
534 1635 773 1707 quidem
812 1635 964 1706 vine,
1011 1636 1108 1694 sed
1146 1636 1357 1695 dicacis
1394 1644 1449 1696 et
1483 1647 1763 1698 accurata
1802 1642 2004 1701 facun-

2086 471 2382 534 Bonifacio
2424 476 2556 537 duci
2602 482 2841 542 enixius
2888 471 3804 564 commendandumsusceperit,

2088 564 2143 616 et
2191 571 2409 623 constat
2437 583 2512 625 ex
2544 568 2642 627 lib.
2676 583 2779 642 vn,
2833 589 2918 646 ep.
2967 574 3054 646 15,
3094 575 3197 633 ubi
3245 578 3371 635 haec
3408 578 3619 636 habet:
3658 605 3684 628 α
3716 579 3810 639 De

2089 655 2436 714 monasterio
2460 667 2655 718 autem
2700 661 2758 722 S.
2792 664 3083 723 Vincentii
3112 668 3808 726 excellentiamvestram

2089 758 2210 815 prae
2238 746 2531 818 omnibus,
2573 760 2627 807 et
2664 767 2834 825 super
2859 755 3055 813 omnia
3081 770 3238 829 rogo,
3268 764 3332 814 ut
3354 756 3500 816 illud
3531 758 3803 832 speciali-

2091 837 2175 922 ter
2203 833 2427 922 diligas.
2461 836 2703 911 Praedia,
2741 858 2873 915 quae
2919 844 2991 902 ab
3029 845 3397 906 invasoribus
3440 847 3801 922 detinentur,

2089 919 2259 991 legali
2292 923 2403 980 sibi
2425 924 2558 996 jure
2589 930 2877 1003 restituas,
2908 938 2962 989 et
2990 948 3024 989 a
3051 934 3275 992 cunctis
3308 934 3649 994 mortalibus
3671 919 3809 1009 pro;

2091 1011 2355 1070 tectionis
2387 1019 2499 1073 tuae
2527 1023 2691 1075 scuto
2724 1019 3000 1080 defendas
3027 1045 3039 1078 :
3070 1022 3131 1081 in
3163 1023 3271 1081 hoc
3300 1023 3480 1090 igitur
3506 1032 3807 1084 monaste-

2093 1100 2179 1160 rio
2207 1103 2506 1163 evidenter
2546 1116 2831 1181 appareat,
2878 1110 2928 1168 si
2970 1111 3127 1185 apud
3173 1118 3380 1171 vestrm
3433 1113 3807 1174 celsitudinis

2089 1205 2260 1250 aures
2312 1193 2501 1267 majus
2539 1195 2761 1270 aliquid
2808 1197 3117 1273 impetrare
3164 1215 3293 1260 mea
3339 1200 3642 1261 humilitas
3693 1219 3805 1262 va-

2089 1280 2219 1338 leat.
2254 1302 2281 1335 »
2316 1282 2631 1357 Nunquam
2677 1288 2930 1359 profecto
2971 1304 3171 1363 parem
3218 1289 3674 1351 sollicitudinem
3728 1294 3807 1352 de

2089 1369 2215 1443 ipsa
2271 1386 2393 1429 suae
2441 1374 2814 1446 professionis
2867 1377 3020 1449 sede,
3082 1378 3459 1438 Avellanensi
3512 1380 3837 1440 nimirum.

2092 1475 2306 1532 eremo,
2339 1477 2642 1538 nunquam
2683 1466 2753 1523 de
2782 1465 2904 1525 ullo
2934 1483 3009 1526 ex
3041 1473 3121 1525 tot
3152 1469 3533 1538 monasteriis,
3567 1470 3641 1528 ab
3675 1470 3808 1546 ipso

2091 1550 2388 1621 speciatim
2434 1554 2660 1624 erectis,
2720 1554 2970 1614 similem
3025 1572 3226 1616 curam
3284 1559 3553 1628 ostendit,
3608 1573 3673 1616 ac
3731 1559 3810 1618 de

2088 1639 2452 1711 prwlaudato
2496 1642 2891 1703 S.'Vincentii
2928 1648 3210 1721 coenobio,
3251 1650 3404 1722 quod
3443 1648 3810 1708 Bomualdus

295 1725 428 1783 dite.
480 1724 590 1783 Hic
640 1727 810 1800 coepit
855 1727 1153 1801 conqueri,
1206 1728 1343 1786 satis
1402 1744 1689 1805 superque
1744 1728 2389 1800 suﬂicereBprteclaris
2435 1730 2557 1789 suis
2609 1731 2911 1807 institutis,
2968 1752 3326 1813 suorumque
3377 1736 3808 1811 discipulorum

295 1815 449 1889 quod
485 1821 718 1874 sanctus
759 1817 1020 1891 praecipit
1056 1816 1427 1887 Benedictus,
1480 1836 1587 1879 nec
1628 1837 1797 1881 novae
1830 1822 2001 1882 adin-

292 1904 583 1963 ventionis
608 1905 833 1979 pondus
860 1906 1067 1964 debere
1098 1909 1432 1982 superponi,
1470 1925 1577 1968 nec
1613 1926 1718 1969 nos
1744 1928 1868 1971 esse
1895 1928 2001 1970 an-

295 1994 483 2067 tiquis
530 1994 797 2053 Patribus
851 1998 1206 2055 sanctiores:
1244 1998 1347 2071 qui
1402 1999 1665 2058 videlicet
1720 2001 1844 2059 haec
1898 2018 2001 2060 su-

292 2085 613 2159 perstitiosa
684 2100 752 2143 ac
818 2102 1244 2161 supervacanea
1311 2088 1657 2162 judicantes,
1718 2090 2003 2165 psallendi

292 2175 461 2234 nobis
497 2179 730 2246 metam,
770 2191 1121 2250 omnemque
1159 2177 1399 2235 vivendi
1438 2180 1698 2253 regulam
1728 2182 2001 2254 praetixe-

292 2272 434 2325 runt
464 2290 477 2325 :
510 2268 618 2325 hac
646 2284 784 2326 sane
809 2268 1018 2327 debere
1049 2286 1156 2328 nos
1186 2287 1311 2329 esse
1340 2277 1659 2344 contentos,
1692 2289 1764 2330 ne
1792 2275 1865 2331 ab
1903 2272 2007 2332 illa

293 2359 586 2419 incautius
619 2360 996 2432 declinantes,
1037 2378 1140 2435 per
1190 2364 1482 2422 anfractus
1535 2371 1591 2422 et
1638 2363 1800 2423 invia
1829 2363 2006 2422 duca-

295 2467 429 2510 mur
476 2451 721 2510 erronei.
766 2451 917 2522 Quid
961 2453 1177 2527 plura?
1225 2454 1433 2515 Contra
1468 2456 1749 2530 Reginam
1801 2456 2008 2515 mundi

295 2543 550 2617 praeliari
584 2542 743 2602 visus
774 2551 876 2613 est,
906 2551 960 2603 et
989 2546 1234 2605 confecit
1268 2567 1279 2605 :
1313 2549 1386 2605 ad
1433 2549 1540 2607 hoc
1577 2547 1856 2607 nimirum
1894 2549 2007 2606 fra-

296 2640 410 2691 tres
452 2640 681 2691 versuta
716 2633 1142 2694 machinatione
1179 2636 1443 2709 pellexit,
1481 2643 1545 2696 ut
1589 2637 1786 2696 solitas
1825 2637 2007 2697 beatae

298 2722 494 2782 Mariae
548 2722 748 2782 laudes
796 2723 1041 2783 ulterius
1091 2742 1211 2784 non
1265 2726 1555 2785 offerrent.
1612 2727 1723 2787 Sed
1775 2744 1809 2785 ο
1852 2728 2008 2787 divi-

298 2828 445 2872 num
468 2812 757 2887 judicium
783 2830 815 2871 a
842 2822 1052 2873 nostrae
1078 2816 1378 2888 pravitatis
1401 2816 1622 2876 intuitu
1648 2833 1765 2877 non
1790 2819 2010 2877 dormi-

296 2905 464 2963 tans!
501 2903 637 2961 Mox
689 2903 847 2962 enim
901 2905 1180 2964 adversus
1231 2909 1539 2981 przefatum
1594 2910 2008 2970 monasterium

298 2997 380 3049 tot
426 2991 840 3051 adversitatum
890 2994 1219 3067 grandines,
1278 3002 1358 3056 tot
1408 2998 1669 3074 undique
1721 2998 2011 3059 bellorum

2092 1816 2358 1892 reliquiis
2387 1830 2838 1882 consecraverat.

2160 1908 2231 1965 X.
2266 1908 2531 1984 Denique
2574 1911 2913 1984 longissimo
2956 1920 3227 1989 tempore,
3281 1932 3349 1975 ac
3385 1915 3609 1974 diutius
3656 1916 3809 1974 forte

2089 2013 2264 2073 quam
2281 1997 2444 2070 alibi,
2470 2000 2531 2057 in
2552 2002 2821 2074 przedicto
2838 2007 3603 2087 monasterio‘conversatum
3622 2006 3805 2066 fuisse

2089 2087 2460 2160 Damianum,
2510 2092 2698 2165 colligi
2750 2109 2914 2166 posse
2949 2095 3180 2154 videtur
3218 2112 3293 2154 ex
3344 2112 3481 2156 casu
3524 2096 3801 2171 Arduini,

2090 2193 2262 2251 quem
2301 2180 2499 2236 decem
2536 2196 2824 2240 annorum
2876 2185 3057 2258 spatio
3102 2187 3406 2260 promissze
3456 2187 3641 2245 eidem
3688 2185 3808 2244 Da-

2092 2267 2288 2325 miano
2316 2271 2712 2330 conversionis
2733 2280 2933 2331 votum
2957 2275 3340 2345 differentem,
3364 2276 3661 2353 sanctique
3686 2276 3805 2335 viri

2092 2357 2354 2415 assiduas
2388 2357 2693 2420 instantias
2730 2362 3079 2438 eludentem,
3111 2366 3267 2438 justo
3298 2366 3400 2424 Dei
3433 2366 3651 2439 judicio
3687 2381 3804 2439 pu-

2092 2446 2286 2505 nitum
2316 2455 2510 2507 narrat
2537 2450 2640 2509 lib.
2676 2463 2732 2521 v,
2766 2452 2930 2526 epist.
2962 2454 3024 2512 l6
3053 2474 3065 2513 :
3099 2478 3120 2506 ι
3152 2454 3368 2526 Dicam,
3404 2455 3615 2531 inquit,
3647 2456 3807 2531 quod

2093 2555 2267 2613 super
2303 2557 2419 2599 non
2460 2541 2731 2600 dissimili
2777 2559 2839 2601 re
2877 2561 3062 2619 nuper
3087 2547 3241 2620 apud
3272 2563 3379 2606 nos
3405 2547 3679 2607 accidisse
3705 2563 3806 2606 co-

2092 2631 2406 2703 gnoscitur.
2459 2632 2562 2691 Vir
2603 2632 2839 2707 quidam
2890 2635 3193 2695 Arduinus
3246 2639 3505 2712 nomine,
3566 2639 3807 2697 famosae

2094 2721 2420 2794 prudenlize
2477 2738 2686 2796 genere
2731 2725 2944 2791 clarus,
2993 2726 3213 2785 divitiis
3271 2727 3604 2802 opulentus,
3652 2734 3805 2788 certa

2098 2811 2244 2868 mihi
2274 2812 2576 2871 devotione
2602 2814 3002 2887 spoponderat.
3035 2817 3189 2890 quod
3216 2816 3265 2874 si
3291 2822 3423 2875 ante
3448 2833 3566 2875 non
3592 2823 3803 2890 posset,

2097 2899 2301 2959 saltem
2332 2902 2562 2975 expleto
2588 2902 2893 2974 decennio,
2923 2904 2994 2962 ad
3023 2905 3433 2964 monasterium
3461 2905 3525 2963 B.
3561 2905 3808 2965 Vincen-

2100 2990 2186 3057 tii,
2212 2991 2370 3063 quod
2401 2992 2668 3051 videlicet
2700 2993 2762 3051 in
2795 2994 3061 3053 Urbinati
3096 2995 3473 3053 constitutum
3512 3003 3596 3055 est
3636 2996 3806 3057 terri-

296 3088 471 3159 atque
509 3087 883 3146 conﬂictuum
923 3095 1141 3148 exortae
1183 3094 1322 3149 sunt
1357 3095 1737 3165 tempestates,
1771 3101 1836 3152 ut
1868 3081 2263 3170 ipsisctorio,
2302 3081 2710 3140 monachicum
2748 3092 3121 3156 suscepturus
3166 3085 3433 3143 habitum
3470 3086 3803 3146 declinaret.

300 3174 559 3250 quotidie
601 3176 902 3235 monachis
942 3177 1197 3236 minaces
1237 3178 1415 3251 gladii
1461 3180 1614 3239 necis
1651 3182 1881 3241 exitum
1920 3184 2015 3242 in-

302 3269 607 3323 tentarent.
655 3264 831 3323 Fiunt
881 3266 1143 3340 undique
1190 3269 1648 3341 deprmdationes
1694 3277 1869 3345 atque
1922 3290 2014 3332 ra-

302 3355 497 3429 piuze;
534 3356 964 3431 conflagrantur
993 3374 1125 3417 cum
1161 3359 1452 3433 segetibus
1481 3376 1632 3420 areae
1660 3381 1673 3432 ;
1704 3362 2017 3425 familiares

303 3460 368 3502 ac
416 3445 567 3502 servi
617 3445 797 3504 sancti
857 3446 964 3505 loci
1011 3447 1320 3507 crudeliter
1364 3449 1842 3510 trucidanturzet
1898 3469 2012 3512 non

301 3536 419 3609 jam
460 3534 653 3609 imago
692 3536 911 3608 mortis,
953 3537 1053 3596 sed
1091 3554 1246 3596 mors
1273 3539 1398 3613 ipsa
1426 3547 1752 3614 grassatur;
1787 3542 1927 3603 adeo
1954 3533 2021 3602 ut

305 3624 541 3684 taederet
570 3626 690 3701 jam
721 3628 1033 3686 monachos
1062 3626 1278 3697 vivere,
1311 3628 1453 3687 dum
1492 3646 1862 3704 nequaquam
1894 3649 2021 3707 pos-

306 3721 436 3773 sent
489 3715 548 3773 in
605 3717 904 3789 procinctu
948 3717 1284 3776 certaminis
1341 3720 1598 3779 amicum
1653 3720 1838 3795 quieti
1895 3737 2020 3782 suae

306 3806 684 3881 professionis
715 3808 975 3868 ofﬁcium
1007 3810 1321 3869 custodire.
1361 3811 1489 3870 Non
1529 3812 1723 3886 parvis
1751 3813 2022 3887 expensis

308 3896 380 3953 ad
423 3896 752 3957 Teutonum
802 3904 990 3973 partes
1036 3899 1349 3974 imperator
1397 3901 1708 3976 expetitur,
1753 3917 2023 3976 pragma-

314 3984 445 4041 ticae
481 3986 811 4045 sanctiones
850 4003 982 4046 cum
1024 3988 1233 4060 sigillis
1280 3990 1678 4062 imperialibus
1714 3992 2023 4051 advehun-

314 4078 439 4143 tur;
481 4073 580 4132 sed
614 4074 973 4133 tantumdem
1002 4082 1087 4135 est
1115 4095 1128 4145 ;
1170 4077 1232 4134 in
1262 4078 1535 4137 omnibus
1566 4081 1781 4155 quippe
1814 4081 2024 4141 studiis

312 4178 431 4221 non
470 4164 713 4235 fructus,
757 4164 857 4222 sed
889 4163 1049 4223 labor
1086 4182 1505 4240 supervacuus.
1542 4193 1569 4217 »
1610 4169 1763 4227 Tum
1806 4170 2022 4242 subdit,

315 4258 381 4313 ut
413 4253 535 4311 suis
573 4255 896 4327 praesertim
947 4255 1202 4327 monitis,
1247 4257 1516 4315 monachi
1555 4257 1815 4317 divinam
1851 4258 2026 4318 ultio-

317 4358 455 4400 nem
533 4350 931 4417 agnoscentes,
995 4344 1228 4420 culpam
1290 4346 1593 4405 humiliter
1643 4346 2024 4422 expiaverint,

2101 3169 2357 3228 Tandem
2391 3170 2638 3229 termino
2665 3173 2941 3232 condicta;
2975 3176 3256 3249 pactionis
3283 3178 3505 3246 exacto,
3539 3192 3674 3235 cum
3702 3194 3809 3252 ego

2100 3260 2239 3318 huic
2264 3261 2535 3319 assiduus
2565 3268 2799 3321 exactor
2836 3262 3179 3334 insisterem,
3224 3263 3325 3323 ille
3360 3265 3494 3325 inde
3529 3266 3806 3339 cedendo,

2102 3350 2452 3410 blandiendo
2482 3352 2669 3411 verbis
2702 3354 2939 3429 quidem
2973 3355 3198 3415 bonum
3230 3371 3403 3415 omne
3430 3357 3808 3431 promitteret,

2100 3438 2285 3513 ipsius
2332 3449 2525 3500 autem
2562 3444 2956 3503 conversionis
2990 3445 3253 3504 effectum
3307 3446 3657 3520 quibusdam
3695 3452 3811 3505 ter-

2100 3529 2590 3604 giversationibus
2625 3531 2960 3606 protelaret;
3000 3541 3185 3593 rector
3232 3551 3465 3610 quoque
3505 3535 3625 3609 jam
3672 3535 3812 3596 dicti

2104 3623 2436 3681 monasterii
2470 3623 2632 3681 illius
2680 3623 2907 3682 favebat
2943 3626 3112 3697 votis,
3154 3622 3633 3701 dissuadebatque
3673 3641 3811 3686 con-

2102 3710 2268 3782 verti,
2325 3710 2493 3784 cujus
2548 3710 2832 3769 nimirum
2885 3714 3326 3785 pernecessariis
3382 3713 3812 3774 sustentabatur

2103 3799 2365 3858 auxiliis.
2441 3800 2679 3859 Interea'
2734 3800 3009 3875 languore
3066 3802 3320 3876 corporis
3393 3803 3651 3863 irruente
3708 3804 3805 3863 de-

2104 3890 2327 3964 cubuit,
2387 3915 2414 3940 »
2470 3897 2576 3950 etc.
2642 3891 2752 3952 Sed
2822 3892 2893 3950 de
2962 3893 3310 3953 monasterio
3382 3892 3440 3953 S.
3518 3894 3810 3955 Vincentii

2099 3979 2220 4053 jam
2275 3981 2430 4040 satis.

2176 4070 2277 4132 XI.
2309 4072 2391 4130 Ad
2424 4072 2481 4133 S.
2519 4072 2833 4132 Salvatoris
2857 4072 2929 4132 de
2960 4079 3155 4133 monte
3184 4075 3371 4135 Acuto
3409 4074 3676 4135 Perusini
3712 4081 3818 4136 ter-

2106 4164 2291 4223 ritorii
2320 4164 2650 4223 coenobium
2683 4170 3062 4236 transeamus,
3095 4165 3249 4239 quod
3289 4164 3622 4224 Ludovicus
3647 4167 3817 4226 Jaco-

2106 4252 2285 4311 billus
2326 4252 2397 4310 de
2443 4252 2546 4311 SS.
2597 4253 2846 4312 Umbriae
2896 4261 3033 4313 tom.
3076 4254 3130 4313 II
3167 4256 3368 4314 asserit
3403 4271 3437 4312 a
3479 4255 3537 4315 S.
3587 4255 3649 4314 P.
3699 4257 3817 4317 Ro-

2111 4341 2347 4402 mualdo
2390 4341 2779 4413 aedificatum;
2827 4344 2930 4402 etsi
2977 4360 3115 4402 vero
3151 4346 3514 4418 postmodum
3560 4351 3696 4404 tom.
3734 4344 3816 4405 III

321 4431 517 4506 sicque
559 4433 805 4505 procella
843 4434 1035 4494 omnis
1079 4434 1272 4494 sedata
1315 4436 1529 4495 fuerit:
1562 4436 1899 4511 «Tandem,
1934 4432 2263 4538 in-Dillud
2314 4431 2470 4490 idem
2521 4432 2629 4538 sub
2676 4434 2879 4493 ordine
2915 4432 3297 4535 Qisterciensi.
3315 4450 3471 4494 anno
3510 4434 3645 4495 1008
3680 4451 3818 4537 con-

320 4521 468 4595 quit,
515 4522 586 4581 ad
628 4539 725 4581 cor
766 4524 1032 4595 redeunt,
1072 4525 1403 4598 pavimento
1440 4542 1500 4585 se
1540 4527 1843 4587 humiliter
1882 4535 2027 4587 ster-

321 4620 492 4685 nunt,
520 4632 585 4675 ac
615 4622 877 4689 percepta
909 4617 1270 4691 ptenitentia,
1305 4634 1607 4694 nunquam
1637 4636 1697 4679 se
1724 4620 1795 4678 de
1823 4627 2030 4680 caetero

323 4706 684 4777 neglecturos
726 4706 897 4765 solita
934 4706 1241 4766 Genitricis
1269 4707 1370 4767 Dei
1402 4711 1688 4784 praeconia
1727 4714 2029 4773 unanimi-

325 4798 410 4851 ter
440 4792 806 4867 pollicentur.
840 4796 978 4856 Mox
1006 4796 1203 4873 itaque
1232 4804 1298 4856 ut
1333 4799 1530 4872 fatear,
1563 4801 1642 4860 ita
1671 4808 1796 4876 post
1830 4819 2029 4863 corus-

326 4900 442 4956 cos,
483 4891 654 4960 atque
694 4886 948 4945 tonitrua
992 4893 1149 4946 tanta
1195 4888 1327 4948 coeli
1377 4892 1657 4951 serenitas
1712 4894 1902 4966 rediit,
1965 4899 2032 4955 ut

331 4983 551 5036 exlunc
581 4993 769 5054 usque
800 4982 973 5040 hodie
1006 4984 1207 5043 fratres
1234 4984 1513 5057 jucundaa
1550 4987 1706 5061 pacis
1744 4987 1860 5046 otio
1897 5003 2030 5062 per—

330 5068 600 5128 fruantur
625 5092 639 5141 ;
674 5087 740 5129 ac
766 5071 838 5129 de
867 5070 1115 5146 Scyllaea
1140 5076 1418 5149 voragine
1452 5092 1514 5134 se
1538 5077 1754 5135 delatos
1790 5077 1862 5135 ad
1898 5093 2031 5151 por-

326 5164 472 5233 tum,
519 5160 879 5233 gubernante
926 5161 1075 5221 Filio
1134 5163 1413 5238 Virginis,
1461 5165 1872 5239 gratulentur:
1906 5191 1932 5216 »
1969 5181 2035 5225 ac

326 5248 563 5309 demum
607 5251 691 5311 sic
737 5250 1069 5311 concludit:
1106 5278 1132 5301 «
1163 5253 1271 5324 Qui
1330 5271 1465 5329 ergo
1518 5256 1685 5314 facile
1737 5257 2032 5315 seniorum

331 5353 574 5397 suorum
616 5347 825 5401 statuta
861 5343 1214 5415 convellunt,
1264 5345 1372 5404 ista
1410 5345 1817 5403 considerent:
1850 5352 1905 5403 et
1958 5360 2035 5404 ne

331 5428 516 5488 divini
565 5429 778 5489 furoris
819 5448 992 5508 super
1037 5448 1134 5493 eos
1174 5435 1402 5509 gladius
1462 5434 1674 5507 veniat,
1736 5450 1853 5494 non
1910 5435 2035 5495 sine

328 5532 503 5577 causa
528 5518 857 5580 formident.
891 5547 919 5572 ››

401 5609 503 5670 ΙΧ.
538 5609 720 5671 Tanto
757 5617 1028 5686 praeterea
1066 5629 1199 5688 erga
1248 5613 1357 5673 hoc
1403 5611 1462 5672 S.
1515 5612 1805 5673 Vincentii
1840 5629 2034 5674 coeno-

2114 4526 2396 4583 structum
2448 4524 2657 4582 scribat
2687 4543 2699 4581 :
2727 4529 2878 4598 patet
2932 4522 3331 4598 impressionis
3388 4540 3579 4584 errore
3634 4526 3819 4585 conti-

2113 4614 2285 4686 gisse,
2331 4621 2395 4672 ut
2437 4615 2779 4672 Cisterciensi
2804 4628 2907 4688 pro
2941 4615 3348 4671 Camaldulensi
3379 4614 3815 4689 subrogaretur;

2114 4705 2413 4761 enimvero
2454 4718 2529 4760 ne
2565 4703 2804 4780 quidem
2847 4709 3018 4762 natus
3056 4719 3212 4763 anno
3256 4702 3394 4764 1008
3444 4721 3566 4764 esse
3603 4710 3820 4778 poterat

2118 4794 2176 4854 S.
2228 4795 2518 4853 Robertus
2557 4792 2734 4852 abbas
2768 4792 3235 4853 Gisterciensium
3281 4793 3466 4867 Pater,
3512 4795 3657 4854 adeo
3700 4812 3817 4856 non

2115 4890 2254 4944 tunc
2289 4901 2392 4959 pro
2436 4884 2910 4943 Cisterciensibus
2942 4884 3091 4943 illud
3130 4886 3546 4945 monasterium
3584 4885 3816 4945 fundari

2114 4983 2369 5051 poterat;
2405 4975 2524 5035 imo
2552 4976 2693 5035 alibi
2730 4977 3013 5036 duntaxat
3040 4993 3193 5038 anno
3243 4977 3377 5037 1394
3420 4978 3572 5038 illud
3602 4976 3810 5037 Cister-

2115 5065 2405 5131 ciensibus
2453 5081 2791 5125 concessum
2834 5073 3034 5127 auctor
3074 5068 3321 5141 fatetur;
3379 5068 3535 5145 quod
3581 5068 3814 5143 quidem

2113 5157 2185 5216 ab
2213 5174 2367 5219 anno
2406 5158 2539 5219 1504
2568 5159 2630 5217 in
2657 5159 3069 5219 Commendam
3096 5178 3129 5220 a
3162 5161 3317 5221 Julio
3344 5160 3428 5219 III
3459 5176 3815 5235 concessum,

2115 5247 2185 5304 ad
2256 5263 2465 5306 manus
2531 5246 2771 5306 Galeatii
2839 5248 3123 5308 Gabrielis
3183 5249 3463 5307 Fanensis
3534 5251 3817 5323 pervenit,

2115 5341 2219 5414 qui
2285 5330 2438 5398 anno
2498 5339 2654 5411 1522,
2711 5348 3004 5400 annuente
3060 5340 3355 5399 Clemente
3408 5340 3536 5413 VII,
3593 5340 3819 5400 Gamal-

2116 5433 2455 5494 dulensium
2543 5435 2912 5495 eremitarum
3000 5432 3318 5494 Coronensi
3393 5433 3819 5508 congregationi

2117 5525 2405 5586 abbatiam
2454 5528 2603 5586 hanc
2648 5528 2981 5602 resignavit,
3022 5526 3178 5602 apud
3220 5525 3471 5597 eosdem,
3517 5526 3670 5584 Petri
3712 5526 3819 5585 Fa-

2120 5616 2317 5676 nensis
2360 5616 2596 5677 nomine
2639 5623 2957 5691 assumpto,
3003 5616 3354 5676 monachum
3396 5614 3664 5683 induens,
3718 5615 3821 5674 ubi
