4034 6480
108 296 168 355 57

974 297 1552 361 PBOLEGOMENA.
1594 329 1664 342 —
1701 296 1798 357 DE
1835 296 2241 359 INSTITUTO
2278 296 2712 359 CAMALDUL.

3559 299 3631 358 58

107 420 357 497 egregiis
409 422 813 482 sanctimonia)
873 423 1056 483 titulis
1095 425 1309 484 ﬂoruit.
1360 424 1559 498 Itaque
1611 424 1673 482 in
1721 425 1894 488 hocA
1916 423 2126 483 Christi
2178 440 2309 482 vero
2346 424 2822 499 philosophorum
2867 425 3188 501 percepisse
3228 426 3539 486 doctorem.
3605 448 3627 477 ι

108 514 277 572 etiam
338 515 628 586 coanobio,
685 515 843 590 quod
898 525 953 574 et
1002 515 1226 589 pridem
1301 512 1832 572 Camaldulensium

104 606 247 679 juris
302 606 439 677 fuit,
471 614 526 665 et
566 622 727 666 nunc
765 606 939 664 etiam
969 607 1042 665 ad
1071 605 1408 665 eorumdem
1436 605 1836 679 proprietatem

109 695 297 767 rediit,
363 696 581 770 saepius
640 702 1011 755 conversatus
1086 703 1171 754 est
1226 696 1430 754 Petrus
1495 695 1834 762 Damianus,

109 792 167 844 ut
198 791 369 843 notat
408 783 729 844 Jacobillus
767 785 1017 842 citatus:
1047 782 1167 841 imo
1203 783 1465 857 ejusdem
1515 782 1691 841 abbas
1729 783 1835 840 ali-

112 874 346 947 quando
392 873 637 943 exstitit,
702 878 769 932 ut
810 889 884 931 ex
933 878 1068 931 tom.
1119 871 1146 929 Ι
1193 872 1446 946 Operum
1492 870 1550 930 S.
1594 871 1839 931 doctoris

118 965 214 1023 lib.
247 976 339 1035 VI,
381 979 475 1038 ep.
514 963 584 1023 30
621 961 931 1036 colligitur,
964 960 1067 1020 ubi
1106 961 1187 1019 sic
1215 961 1296 1019 ait
1336 980 1348 1019 :
1395 985 1416 1015 ι
1462 961 1527 1019 In
1558 960 1839 1020 Perusino

122 1052 497 1122 monasterio,
536 1051 732 1112 Sancti
768 1050 1035 1110 videlicet
1067 1049 1399 1123 Salvatoris,
1443 1051 1540 1110 cui
1572 1066 1758 1124 nuper
1784 1056 1839 1109 et

122 1153 173 1203 et
214 1146 350 1219 ipse
379 1145 617 1218 praefui,
649 1144 886 1219 quidam
914 1143 1238 1203 monachus
1267 1144 1441 1219 paulo
1469 1150 1603 1203 ante
1631 1144 1837 1216 fuerat,

122 1235 363 1295 nomine
394 1232 665 1303 Guinizo,
701 1257 721 1284 ο
755 1238 859 1291 etc.

188 1324 326 1385 XII.
356 1325 609 1396 Insuper
635 1323 695 1381 in
724 1322 924 1381 eodem
954 1321 1238 1382 Perusino
1265 1321 1553 1382 territorio
1581 1322 1652 1380 ad
1681 1336 1841 1380 mon-

126 1424 234 1476 tem
274 1416 553 1489 Pregium
605 1414 885 1473 habitavit
928 1414 1248 1474 Damianus
1276 1415 1338 1473 in
1369 1430 1561 1473 eremo
1599 1412 1658 1473 S.
1693 1412 1841 1470 Vin-

125 1507 320 1577 eentii,
366 1520 547 1581 quam
589 1502 647 1562 S.
687 1502 749 1561 P.
794 1502 1153 1562 Bomualdus
1200 1503 1257 1561 in
1306 1503 1663 1577 possessione
1700 1502 1841 1561 Bai-

126 1595 275 1654 nerii
309 1591 668 1652 marchionis
700 1590 1061 1658 fundaverat,
1096 1598 1161 1650 ut
1186 1608 1262 1650 ex
1291 1607 1413 1666 cap.
1445 1593 1511 1650 39
1538 1593 1666 1666 ejus
1690 1592 1841 1650 Vitae

126 1685 184 1743 in
214 1686 361 1755 ﬁne,
393 1688 450 1741 et
488 1682 752 1755 sequenti
791 1680 860 1740 40
899 1681 1209 1755 colligitur,
1252 1683 1667 1756 conﬁrmatque
1705 1682 1842 1740 Cos-

1923 511 2083 583 Quod
2118 519 2267 570 certe
2294 512 2421 571 ﬁeri
2448 528 2561 571 non
2594 519 2825 586 poterat,
2858 514 2907 572 si
2935 514 3233 589 religione,
3263 521 3317 574 et
3347 515 3629 586 instituto,

1923 601 2240 675 habituque
2291 617 2324 659 a
2374 600 2540 660 Petro
2600 601 2876 662 Damiano
2931 603 3268 662 Dominicus
3318 603 3633 663 Romualdi

1922 700 2263 751 sectatorum
2294 692 2577 751 alumnus
2608 692 2892 753 distasset.

1992 781 2144 840 XIV.
2194 782 2501 856 Postquam
2546 798 2684 841 vero
2732 783 2789 841 in
2839 782 3110 858 proxima
3161 800 3296 844 cum
3357 784 3633 845 Damiano

1922 870 2066 930 cella
2098 871 2435 930 Dominicus
2465 871 2770 945 ,Loricatus
2805 873 2915 933 sub
2955 874 3083 947 ejus
3119 873 3425 947 disciplina
3461 874 3633 947 dege-

1923 966 2046 1020 rat:
2081 961 2237 1020 unde
2268 961 2367 1020 lib.
2402 973 2487 1022 VI.
2526 976 2614 1035 ep.
2652 960 2738 1034 30,
2776 962 2847 1021 de
2885 962 3011 1037 ipso
3048 965 3133 1022 sic
3156 964 3236 1021 ait
3273 983 3285 1022 ε
3325 990 3352 1013 ‹‹
3392 963 3503 1024 Sed
3532 977 3637 1022 cur

1922 1070 2026 1128 ego
2079 1062 2304 1115 sanctos
2357 1056 2859 1115 commemorando
2920 1056 3093 1126 viros,
3151 1055 3379 1114 diversa
3429 1054 3642 1129 passim

1922 1144 2044 1203 loca
2089 1145 2414 1220 perlustro?
2458 1146 2931 1220 quandoquidem
2976 1148 3127 1203 intra
3175 1145 3376 1215 limen,
3415 1149 3472 1203 et
3518 1159 3637 1218 prae

1919 1234 2192 1293 manibus
2237 1240 2426 1301 teneo,
2456 1234 2528 1293 ad
2577 1235 2748 1308 cujus
2795 1234 2968 1309 digne
3015 1234 3302 1292 efferenda
3353 1231 3641 1306 przeconia

1921 1316 2110 1396 impar
2142 1322 2364 1382 viribus
2392 1339 2507 1381 non
2538 1339 2811 1399 assurgo;
2845 1331 2996 1382 certe
3031 1323 3261 1381 cellulis
3296 1322 3641 1380 altrinsecus

1920 1414 2262 1486 constitutis,
2312 1414 2434 1473 solo
2477 1414 2736 1474 Basilica;
2793 1414 3099 1473 mediantis
3154 1413 3483 1483 interstitio,
3515 1428 3642 1485 ego,

1922 1501 2140 1577 illeque
2167 1503 2509 1575 dividimur,
2542 1504 2714 1578 cujus
2758 1503 2807 1562 si
2857 1503 3176 1562 virtutibus
3232 1500 3645 1560 enumerandis

1924 1594 2186 1670 invigilo,
2234 1601 2367 1653 ante
2409 1596 2531 1654 dies
2573 1596 2840 1668 elabitur,
2874 1611 3049 1672 quam
3108 1592 3398 1652 scribendi
3463 1596 3645 1651 mate-

1924 1684 2009 1742 ria
2097 1685 2342 1743 deticere
2426 1701 2593 1760 posse
2673 1685 2960 1745 videatur.
3040 1682 3414 1743 Dominicum
3492 1682 3640 1753 dico,

122 1790 256 1832 mus
317 1773 391 1830 de
447 1774 640 1829 Arena
693 1771 754 1828 in
813 1769 976 1829 Seria
1036 1770 1266 1830 Ducum
1317 1770 1562 1830 Etruriae
1604 1779 1763 1845 parte
1798 1774 2218 1849 1,Bdoctorem
2270 1774 2558 1843 videlicet,
2592 1780 2648 1833 et
2697 1774 3001 1833 dominum
3049 1788 3263 1832 meum.
3322 1797 3348 1820 »
3390 1771 3641 1831 Postmo-

196 1880 254 1936 g.
296 1862 421 1933 183,
447 1861 825 1935 eamdemque
845 1861 999 1919 inter
1033 1860 1154 1919 loca
1179 1877 1211 1918 a
1240 1860 1297 1919 S.
1320 1860 1643 1920 Romualdo
1672 1863 1850 1921 aedili-

128 1962 247 2014 cata
277 1958 537 2011 recenset
564 1950 880 2009 Jacobillus
904 1950 974 2008 de
1006 1948 1108 2009 SS.
1142 1950 1399 2009 Umbria}
1426 1956 1562 2008 tom.
1595 1951 1650 2009 ΙΙ
1677 1959 1849 2026 atque

128 2042 197 2100 ab
222 2043 435 2101 eodem
463 2041 629 2100 Petro
654 2039 955 2111 Damiano,
984 2040 1199 2099 nedum
1226 2040 1625 2111 inhabitatam,
1648 2041 1748 2100 sed
1775 2042 1847 2099 ad

130 2135 414 2208 majorem
471 2129 746 2189 cellarum
805 2131 1047 2204 copiam,
1103 2135 1159 2187 et
1212 2145 1510 2189 servorum
1572 2130 1675 2188 Dei
1734 2130 1846 2188 fre-

128 2222 431 2296 quentiam
480 2225 799 2294 promotam
851 2220 1028 2278 fuisse
1077 2226 1272 2278 narrat
1303 2221 1367 2277 in
1404 2219 1671 2279 Damiani
1720 2219 1851 2279 Vita

129 2314 391 2383 Joannes
442 2308 784 2381 discipulus,
842 2324 964 2382 cap.
997 2308 1053 2381 7,
1084 2309 1165 2366 ibi
1216 2332 1228 2366 :
1281 2331 1309 2363 «
1359 2303 1641 2368 Pervenit
1672 2310 1852 2384 igitur

130 2401 199 2458 ad
241 2405 508 2458 montem
556 2398 847 2470 Pregium,
890 2397 951 2455 in
992 2396 1279 2455 territorio
1319 2398 1621 2469 Perusino,
1653 2398 1851 2474 ibique

129 2490 244 2549 alia
271 2494 494 2562 (praeter
527 2505 590 2545 ea
633 2490 891 2545 nimirum
926 2505 1046 2558 quae
1079 2489 1201 2558 jam
1239 2490 1552 2558 exstabant)
1579 2488 1847 2546 eremita-

132 2596 266 2639 rum
321 2577 595 2637 fundavit
652 2577 1021 2647 habitacula,
1080 2577 1185 2636 ubi
1241 2568 1507 2636 videlicet
1579 2576 1850 2635 cellulam

131 2669 449 2744 quamdam
482 2666 732 2739 invenit,
765 2665 827 2724 in
877 2682 991 2741 qua
1029 2665 1092 2728 B.
1132 2664 1528 2726 Romualdum
1557 2665 1849 2741 quondam

134 2759 420 2817 mansisse
446 2757 726 2815 ferebant.
757 2778 786 2810 »

204 2851 368 2911 XIII.
418 2850 595 2909 Addit
641 2853 811 2924 porro
866 2849 1201 2920 Jacobillus,
1231 2848 1580 2908 Damianum
1641 2850 1851 2908 exinde

138 2945 441 3003 Perusiam
498 2942 838 3016 profectum,
867 2948 921 3000 et
977 2941 1037 2999 in
1098 2940 1346 3015 hospitio
1399 2940 1848 3014 Camaldulensi,

138 3032 295 3109 quod
346 3031 504 3106 apud
551 3030 848 3089 ecclesiam
908 3028 967 3088 S.
1013 3029 1268 3088 Matthzei
1315 3029 1376 3088 in
1423 3030 1636 3105 Campo
1678 3031 1850 3103 horti,

1932 1864 2095 1934 dum,
2131 1862 2393 1937 inquam,
2422 1864 2576 1939 prior
2613 1862 2671 1924 S.
2704 1865 2900 1923 Mariae
2930 1863 3121 1923 Sitria)
3159 1864 3343 1921 factus
3381 1866 3485 1930 est,
3514 1877 3646 1935 quas

1932 1953 2235 2011 notissima
2272 1969 2500 2012 eremus
2541 1970 2574 2011 a
2619 1952 2676 2013 S.
2729 1953 2790 2011 P.
2840 1952 3164 2011 Romualdo
3205 1958 3529 2011 constructa
3573 1966 3647 2008 ex

1933 2042 2060 2116 ejus
2085 2041 2215 2099 Vita
2241 2058 2363 2114 cap.
2416 2043 2509 2109 49,
2541 2041 2643 2098 ubi
2673 2041 2846 2098 etiam
2875 2066 2900 2088 «
2929 2056 3030 2114 per
3057 2047 3270 2114 septem
3314 2041 3432 2097 fere
3463 2054 3646 2097 annos

1933 2129 2194 2190 inclusus
2226 2129 2457 2199 mansit,
2492 2135 2549 2187 et
2592 2127 2890 2186 silentium
2948 2128 3292 2187 continuum
3342 2125 3651 2185 inviolabi-

1934 2220 2066 2277 liter
2122 2219 2365 2277 tenuit»
2403 2220 2493 2289 (ex
2547 2217 2747 2275 eadem
2806 2220 2938 2274 Vita
2987 2231 3107 2290 cap.
3171 2217 3252 2289 52)
3313 2231 3566 2290 quasque
3615 2230 3650 2273 a

1935 2310 2313 2369 sanctissimis
2355 2310 2479 2382 ejus
2526 2306 2826 2381 discipulis
2880 2308 3083 2365 referta
3128 2305 3397 2367 laudatur
3435 2307 3507 2365 ab
3562 2321 3655 2366 eo-

1935 2401 2066 2459 dem
2097 2401 2263 2459 Petro
2298 2398 2577 2456 Damiano
2606 2397 2820 2455 ibidem
2851 2412 2974 2469 cap.
3005 2395 3072 2454 6i
3103 2421 3115 2454 :
3150 2416 3178 2450 «
3209 2395 3425 2455 Taliter
3455 2401 3651 2455 autem

1934 2490 1995 2547 in
2024 2488 2197 2547 Sitria
2227 2487 2547 2557 vivebatur,
2581 2502 2646 2544 ac
2683 2486 2732 2544 si
2770 2502 2845 2543 ex
2885 2483 3271 2543 similitudine
3302 2500 3419 2544 non
3458 2485 3649 2543 solum

1935 2579 2213 2651 nominis,
2246 2578 2344 2638 sed
2373 2579 2548 2637 etiam
2585 2576 2794 2650 Operis,
2827 2574 3007 2633 altera
3035 2574 3226 2633 denuo
3265 2574 3448 2632 Nitria
3486 2573 3647 2632 vide-

1936 2677 2112 2730 retur.
2211 2715 2226 2729 .
2322 2712 2340 2727 .
2436 2716 2449 2729 .
2510 2668 2554 2727 Ο
2627 2683 2873 2727 aureum
2956 2665 3266 2724 Romualdi
3340 2664 3647 2735 saeculum,

1937 2761 2090 2837 quod
2143 2760 2249 2819 etsi
2307 2764 2630 2831 torn1enta_
2678 2762 3111 2831 persecutorum
3190 2771 3311 2814 non
3389 2762 3649 2827 noverat,

1937 2858 2250 2927 spontaneo
2308 2854 2498 2907 tamen
2554 2838 2829 2921 martyrio
2895 2862 3010 2904 non
3064 2845 3327 2905 carebat!
3382 2860 3648 2914 aureum,

1937 2941 2199 3014 inquam,
2234 2938 2538 3008 saeculum,
2572 2937 2729 3013 quod
2761 2937 2914 2994 inter
2951 2936 3240 2994 montium
3268 2950 3337 2993 ac
3365 2933 3647 2992 silvarum

1939 3030 2087 3088 feras
2132 3033 2215 3086 tot
2259 3027 2507 3086 cmlestis
2548 3025 2876 3088 Jerusalem
2929 3025 3086 3083 cives
3132 3023 3319 3082 alebat
3355 3028 3365 3081 !
3403 3044 3431 3078 »
3459 3023 3653 3097 Hujus

140 3137 304 3181 nunc
356 3120 466 3179 PP.
528 3117 585 3178 S.
636 3119 926 3177 Francisci
970 3134 1258 3189 concesso,
1298 3118 1640 3195 aliquandiu
1692 3121 2074 3209 habi-Gergo
2119 3116 2472 3185 monasterii,
2504 3115 2624 3175 sive
2670 3114 2849 3174 eremi
2892 3112 3047 3186 prior
3090 3112 3275 3171 factus
3321 3118 3408 3171 est
3453 3110 3653 3171 Domi-

144 3219 335 3281 tasse;
376 3211 496 3268 imo
534 3215 590 3267 et
617 3208 763 3267 alias
789 3208 852 3267 in
886 3209 1233 3268 monasterio
1266 3208 1323 3268 S.
1359 3209 1668 3269 Gismundi
1699 3213 1851 3284 apud
1879 3199 2107 3268 vnicus
2160 3207 2477 3275 Loricatus,
2510 3212 2576 3264 ut
2630 3209 2849 3263 constat
2907 3219 2983 3260 ex
3034 3201 3206 3261 titulo
3258 3199 3519 3275 epistolae
3559 3200 3648 3272 31,

139 3299 502 3359 Marsianum
545 3299 609 3356 in
660 3304 852 3356 monte
892 3297 1073 3370 Regio
1119 3297 1341 3356 ordinis
1378 3298 1857 3372 Camaldulensis,
1939 3297 2041 3355 lib.
2078 3309 2139 3354 VI
2171 3314 2183 3353 :
2219 3320 2246 3345 α
2279 3295 2367 3352 Ad
2400 3292 2770 3351 Dominicum
2800 3291 3129 3350 Loricatum
3160 3290 3409 3364 priorem
3438 3286 3498 3348 S.
3528 3288 3654 3347 Ma-

141 3389 242 3449 ubi
276 3387 335 3447 S.
372 3387 434 3445 P.
475 3386 844 3446 Romualdus
874 3385 1255 3455 habitaverat,
1296 3394 1699 3446 conversatum
1738 3403 1861 3446 esse
1919 3389 2045 3446 Iriaa
2088 3386 2299 3457 Sitriee,
2332 3385 2573 3460 ejusque
2602 3383 2907 3454 eremitas;
2942 3403 2969 3435 »
3001 3387 3177 3457 atque
3221 3386 3361 3440 tunc
3406 3380 3580 3438 etiam
3623 3396 3657 3439 a

140 3479 358 3554 pariter
387 3476 625 3536 Petrum
661 3474 1032 3546 Damianum,
1061 3492 1176 3534 non
1207 3491 1327 3535 uno
1365 3478 1425 3533 in
1468 3475 1588 3534 loco
1627 3475 1855 3536 fatetur.
1944 3476 2098 3536 Petri
2145 3475 2412 3534 Damiani
2464 3480 2635 3543 nutu,
2662 3479 2717 3531 et
2771 3471 3122 3547 magisterio,
3156 3486 3291 3531 cum
3339 3470 3481 3544 ipse,
3533 3477 3656 3529 tum

145 3571 259 3631 Sed
299 3576 356 3629 et
394 3570 457 3628 in
488 3583 682 3627 eremo
720 3565 907 3626 Serra)
967 3569 1190 3628 Sanctae
1240 3584 1343 3628 seu
1393 3566 1581 3628 Serrae
1636 3569 1862 3629 Sancto-
1945 3568 2070 3641 ejus
2098 3563 2316 3623 subditi
2348 3561 2690 3636 pendebant,
2716 3566 2781 3620 ut
2811 3578 2885 3620 ex
2914 3561 3174 3635 ejusdem
3202 3559 3461 3635 epistola
3491 3558 3657 3617 initio

146 3676 276 3721 rum
306 3660 462 3733 apud
506 3662 763 3716 montem
798 3657 1217 3731 Appenninum
1263 3657 1324 3716 in
1370 3657 1605 3731 regione
1653 3657 1863 3716 Tadini
1945 3655 2257 3729 colligitur,
2314 3653 2417 3712 ubi
2467 3652 2550 3710 sic
2607 3651 2781 3710 habet
2826 3650 3147 3710 Damianus
3195 3672 3209 3710 :
3246 3669 3274 3703 «
3335 3647 3657 3722 Scripsistis

146 3749 412 3810 dithesis
440 3747 752 3807 Nucerinus
782 3747 842 3807 S.
874 3747 1160 3807 doctorem
1201 3747 1439 3819 vixisse,
1472 3749 1695 3822 asserit,
1727 3764 1863 3807 cum

151 3840 208 3901 S.
266 3840 492 3900 Joanne
551 3835 841 3896 Laudensi
900 3835 1027 3911 ejus
1106 3836 1569 3911 discipulo,‘ubi
1642 3837 1860 3911 pridem

152 3929 209 3989 S.
242 3926 611 3986 Bomualdus
640 3930 697 3984 et
731 3923 788 3983 S.
820 3923 1195 3983 Facundinus
1239 3926 1538 4000 episcopus
1569 3925 1866 3986 habitave-

152 4023 303 4077 rant.
356 4015 620 4090 Itemque
674 4011 765 4072 vel
820 4013 1064 4087 ipsemet
1116 4013 1321 4073 Petrus
1376 4014 1715 4085 Damianus,
1774 4012 1865 4073 vel

153 4113 306 4167 certe
334 4106 396 4166 S.
434 4104 776 4164 Dominicus
811 4103 1115 4162 Loricatus
1142 4102 1268 4178 ejus
1292 4102 1631 4178 discipulus,
1658 4103 1867 4161 versati

152 4204 293 4257 sunt
319 4198 384 4254 in
414 4210 606 4254 eremo
636 4193 895 4263 Luceoli,
923 4209 1100 4268 quam
1131 4191 1189 4253 S.
1210 4192 1574 4252 Romualdus
1602 4196 1749 4266 (post
1778 4207 1871 4250 ur-

1945 3745 2117 3817 mihi,
2152 3742 2533 3812 dilectissimi,
2568 3742 2707 3817 quia
2748 3747 2941 3799 tantus
2979 3753 3387 3815 perversorum
3422 3753 3490 3795 ac
3527 3736 3658 3795 vio-

1949 3835 2237 3910 lentorum
2307 3831 2612 3889 hominum
2668 3845 2769 3887 vos
2822 3828 2971 3886 livor
3019 3827 3273 3899 infestat,
3327 3825 3483 3900 quod
3543 3825 3660 3884 nisi

1947 3922 2111 3983 vobis
2138 3938 2243 3995 ego
2272 3920 2480 3994 raptim
2501 3918 2878 3994 celeriterque
2904 3932 3263 3990 succurram,
3288 3931 3393 3976 vos
3420 3914 3544 3975 loco
3569 3930 3663 3974 ce-

1949 4013 2103 4081 ditis,
2137 4011 2435 4084 aliumque
2462 4006 2649 4078 vobis,
2682 4006 2787 4082 qui
2818 4005 3037 4080 rapinis
3064 4006 3155 4066 his
3183 4011 3356 4082 atque
3383 4003 3663 4065 molestiis

1948 4117 2064 4159 non
2090 4100 2164 4158 sit
2187 4098 2498 4168 obnoxius,
2530 4095 2928 4171 providebitis.
2960 4117 2986 4146 η

2020 4190 2144 4251 XV.
2176 4188 2364 4260 Quare
2420 4194 2574 4263 patet
2633 4184 3033 4247 Sitriensium'
3063 4201 3263 4245 curam
3315 4186 3388 4245 ad
3439 4183 3666 4244 Damia-

151 4288 251 4348 bis
266 4286 433 4345 illius
454 4284 865 4345 vetustissimae
892 4285 1267 4345 vastationem
1296 4283 1368 4343 ab
1395 4283 1617 4343 Othone
1640 4283 1869 4357 III,sub
1950 4295 2098 4340 num
2126 4278 2331 4353 utique
2360 4276 2744 4350 pertinuisse;
2784 4272 2941 4332 unde
2971 4279 3177 4333 mutua
3207 4272 3482 4347 probatur
3510 4271 3669 4330 loco-

151 4393 373 4437 annum
428 4374 554 4448 996,
610 4376 972 4451 imperatam,
1020 4391 1087 4435 eo
1129 4375 1281 4450 quod
1325 4380 1512 4449 partes
1558 4372 1871 4433 Crescentii
1953 4384 2085 4430 rum
2112 4365 2444 4436 Romualdi,
2473 4381 2540 4424 ac
2573 4364 2727 4423 Petri
2767 4361 3037 4422 Damiani
3075 4362 3429 4433 communio,
3461 4368 3516 4451 et
3542 4376 3665 4419 mo-

153 4467 403 4547 Bomani
433 4448 1104 4541 consulis—sequeretur),
1137 4448 1341 4523 eodem
1383 4462 1661 4523 Jacobillo
1706 4458 2275 4547 teste,nnachorum
2323 4470 2397 4513 ex
2441 4453 2535 4512 his
2584 4453 2648 4511 in
2692 4451 2817 4547 illa,
2869 4467 2936 4511 ac
2970 4450 3265 4547 vicissim,
3298 4448 3665 4547 promiscuus

152 4558 224 4617 ad
279 4541 712 4616 restaurandam
758 4554 1057 4629 antiquam
1116 4553 1226 4613 loci
1302 4552 1665 4625 religionem,
1726 4541 2233 4609 con-"transitus
2263 4565 2275 4604 :
2306 4551 2371 4604 ut
2415 4550 2565 4604 certe
2616 4560 2693 4603 ex
2747 4543 2920 4603 Sitria
2969 4542 3315 4603 Dominicus
3368 4541 3668 4600 Loricatus

156 4651 451 4708 struxerat
483 4652 657 4720 atque
705 4643 767 4702 in
817 4644 1015 4702 decem
1071 4649 1128 4701 et
1186 4648 1311 4702 octo
1367 4640 1540 4701 cellas
1594 4640 1872 4699 distinxe-
1951 4637 2188 4697 biennio
2212 4642 2344 4694 ante
2392 4641 2635 4693 mortem
2675 4634 2930 4705 recessit,
2956 4639 3011 4692 et
3040 4633 3113 4691 ad
3151 4648 3413 4691 eremum
3451 4632 3670 4690 montis

157 4746 292 4811 rat;
348 4738 451 4797 ubi
508 4743 809 4812 postquam
882 4736 1224 4795 Dominicus
1286 4734 1590 4794 Loricatus
1674 4752 1702 4786 κ
1759 4730 1870 4790 sub
1956 4725 2254 4787 Suavicini
2300 4729 2462 4794 (nunc
2503 4722 2809 4794 Frontalis)
2855 4737 2916 4781 se
2957 4720 3223 4812 contulit,
3253 4735 3384 4812 quae
3428 4720 3501 4779 ab
3546 4719 3671 4812 ipso

157 4809 529 4905 magisteria
572 4809 756 4887 sancti
808 4827 922 4886 viri
981 4827 1245 4897 Joannis,
1301 4826 1403 4901 qui
1455 4824 1752 4883 dicebatur
1800 4822 1871 4880 de
1955 4818 2121 4877 Petro
2156 4813 2422 4873 Damiani
2461 4812 2705 4905 fundata
2738 4818 2878 4905 erat,
2912 4815 2977 4868 ut
3013 4810 3136 4883 ipse
3170 4810 3518 4905 tradittom.
3561 4809 3666 4882 III,

157 4898 354 4979 Monte
406 4916 647 4987 Feretri,
686 4932 787 4991 per
831 4916 1115 4990 plurimos
1163 4898 1335 4974 vixit‘
1366 4930 1573 4980 annos,
1615 4937 1642 4962 α
1679 4909 1875 4986 inquit
1957 4921 2154 4982 opusc.
2211 4915 2318 4976 XV,
2350 4918 2472 4988 cap-
2505 4901 2539 4960 6
2573 4925 2586 4960 =
2620 4921 2647 4954 ί(
2678 4900 2759 4991 In,
2794 4898 2909 4991 illa,
2943 4914 3155 4991 (immo;
3210 4899 3422 4991 inquit,
3472 4915 3671 4991 quam.

159 5011 366 5070 Petrus
409 4989 806 5067 Damianilib.
834 4989 878 5077 i,
908 5022 995 5079 ep.
1035 5004 1122 5079 19,
1156 5020 1216 5062 se
1253 5002 1511 5078 ejusdem
1560 5001 1710 5061 Petri
1757 4999 1871 5059 Da-
1956 5004 2185 5058 auctore
2233 4994 2369 5065 Deo,
2397 4993 2459 5052 in
2509 4992 2682 5069 latere
2739 4989 3058 5051 Suavicinii
3111 4989 3326 5049 montis
3374 4990 3486 5064 ipsi
3541 5005 3674 5048 con-

162 5099 347 5160 miani
391 5095 697 5156 directioni
738 5094 1037 5155 subdidit:
1077 5116 1098 5146 ι
1138 5094 1335 5167 Longe
1383 5108 1522 5152 vero
1581 5096 1727 5165 post,
1759 5106 1875 5148 ma-
1958 5090 2306 5160 struximus,
2359 5107 2387 5141 »
2424 5085 2761 5160 ibidemque
2798 5082 3066 5157 spiritum
3111 5081 3223 5141 Deo
3262 5081 3528 5151 reddidit,
3559 5079 3674 5154 pri-

160 5188 341 5263 gistro
374 5184 669 5260 prmbente
695 5198 1064 5253 consensum,
1092 5181 1365 5256 dignatus
1394 5185 1480 5239 est
1515 5179 1605 5237 vir
1643 5184 1875 5236 sanctus

160 5276 478 5353 pradictus
530 5273 677 5333 mihi
739 5273 969 5342 misero,
1009 5276 1065 5328 et
1100 5285 1275 5345 quem
1305 5270 1426 5344 ipse
1463 5267 1749 5342 suscipere
1782 5264 1871 5323 di-

161 5372 459 5444 gnaretur,
492 5364 757 5439 indigno,
790 5363 937 5421 mira
974 5378 1035 5421 se
1072 5376 1308 5436 prorsus
1352 5359 1679 5418 humilitate
1716 5372 1875 5444 coms

162 5443 415 5527 mittere,
469 5459 525 5512 et
572 5452 724 5511 sicut
759 5450 949 5510 abbati
995 5448 1348 5508 monachum
1390 5447 1723 5521 subjugare.
1769 5443 1877 5503 Cui

164 5546 451 5605 nimirum
481 5541 765 5619 praestitit,
791 5555 911 5600 non
936 5538 1187 5614 accepit;
1224 5544 1279 5597 et
1307 5552 1481 5614 quem
1511 5551 1877 5611 susceperam

168 5638 330 5699 velut
356 5637 419 5696 in
466 5634 821 5710 subjectione
862 5632 1152 5704 clientem,
1188 5627 1410 5705 gaudeo
1452 5643 1546 5687 me
1584 5627 1647 5685 in
1682 5626 1879 5687 schola

1961 5196 2122 5240 mum
2174 5177 2231 5236 in
2289 5191 2393 5235 sua
2444 5174 2587 5233 cella
2644 5172 2927 5247 sepultus,
2982 5170 3139 5244 dein,
3200 5169 3351 5229 Petri
3407 5168 3673 5227 Damiani

1953 5268 2143 5344 jussu,
2174 5265 2237 5325 in
2285 5262 2534 5338 capitulo
2578 5267 2705 5337 post
2752 5277 2976 5320 nonum
3025 5260 3179 5319 diem
3236 5256 3577 5327 tumulatus,
3609 5262 3676 5316 ut

1960 5358 2062 5416 lib.
2092 5368 2132 5427 1,
2161 5371 2249 5429 ep.
2288 5353 2375 5424 19,
2402 5353 2477 5411 ad
2505 5350 2909 5411 Alexandrum
2949 5349 3121 5408 refert
3156 5347 3276 5421 ipse
3317 5345 3518 5405 Petrus
3556 5345 3672 5405 Da-

1961 5448 2197 5506 mianus
2224 5462 2239 5515 ;
2268 5445 2371 5519 qui
2399 5442 2612 5518 pariter
2637 5458 2793 5501 nunc
2821 5441 2942 5499 illic
2970 5436 3479 5498 indiscriminatim
3506 5437 3673 5497 habi-

1963 5538 2135 5608 tabat,
2161 5537 2349 5612 deque
2396 5533 2724 5609 supradicto
2773 5531 2965 5592 Sitriaa
3010 5528 3376 5602 monasterio,
3403 5528 3565 5588 velut
3599 5528 3672 5587 ad

1966 5642 2026 5686 se
2058 5624 2359 5696 attinente,
2390 5622 2663 5698 pluribus
2717 5620 2780 5680 in
2835 5617 2976 5678 locis
3022 5616 3378 5678 mentionem
3438 5616 3672 5691 ingerit,
