4034 6466
383 268 452 327 59
1311 259 1371 318 S.
1402 260 1694 320 PETRUS
1733 258 2125 321 DAMIANUS
2169 258 2229 318 S.
2270 257 2344 317 R.
2383 260 2451 318 Ε.
2493 258 2977 319 CARDINALIS.
3827 257 3912 317 b0

384 391 504 450 imo
528 406 603 450 ex
628 389 845 449 crebris
870 386 1239 451 Sitriensium
1260 388 1566 461 exemplis,
1588 396 1760 463 atque
1782 387 2229 462 coiloquiisAet
2297 402 2413 462 qua
2467 387 2828 449 abundanter
2878 388 3078 460 ﬂuitis,
3131 390 3187 448 ei
3243 389 3557 448 clementer
3602 389 3905 462 exhibita,

383 478 459 536 ab
510 477 708 536 eodem
753 474 966 544 relatis,
1022 474 1384 548 frequentius
1428 475 1688 546 fortasse,
1727 490 1902 545 quam
1945 475 2097 533 inter
2179 482 2244 535 ut
2289 477 2360 534 de
2413 478 2583 536 ruina
2633 480 2724 537 sui
2773 477 2900 551 loci,
2932 479 3023 536 vel
3073 479 3446 538 habitationis
3496 479 3724 538 excidio
3771 495 3910 538 non

385 567 1070 637 Avellanitas,versatum
1099 580 1160 622 se
1188 580 1312 622 esse
1337 565 1491 639 apud
1520 564 2097 643 Romualdidiscipu-
2179 583 2411 626 necesse
2468 569 2541 627 sit
2598 569 2897 644 trepidare.
2939 570 3125 628 Prosit
3174 569 3350 641 igitur
3403 568 3491 627 illi
3546 577 3658 627 tam
3721 568 3911 628 ardui

387 655 492 726 los,
525 670 843 727 eorumque
868 668 1222 711 successores
1251 652 1310 709 in
1345 652 1536 721 Sitria,
1568 652 1824 711 indicare
1844 653 2091 712 videtur.
2183 656 2396 714 montis
2426 656 2673 716 subiisse
2716 657 3037 733 fastigium,
3070 684 3097 707 »
3128 664 3233 716 etc.
3271 657 3381 717 Sed
3420 663 3476 716 et
3504 658 3743 731 gloriari
3789 672 3908 730 po-

457 746 611 805 XVI.
657 746 821 803 Certe
877 751 1013 803 tom.
1060 742 1166 815 III,
1211 759 1405 816 opusc.
1452 756 1582 816 XIII,
1609 760 1731 818 cap.
1764 745 1853 815 2‘2,
1881 746 1951 803 de
1988 745 2097 802 hoc
2178 750 2288 803 test
2317 745 2473 803 idem
2504 746 2800 806 Classense
2834 746 3181 813 cmnobium,
3214 747 3368 821 quod
3395 746 3549 820 apud
3579 763 3639 805 se
3667 752 3910 805 tantum

389 836 581 894 Sitrite
616 836 981 907 monasterio,
1012 841 1287 909 tanquam
1327 835 1397 893 de
1437 836 1685 910 pr0prio,
1715 838 1796 895 sic
1842 837 2098 910 loquitur

387 931 618 983 sanctus
651 925 883 983 doctor:
920 945 947 977 «
978 924 1277 983 Habemus
1305 923 1555 998 denique
1578 942 1772 984 senem
1800 927 1861 985 in
1892 943 2094 986 mona-

387 1016 579 1085 sterio,
622 1015 842 1073 scilicet
898 1013 1110 1085 Sitriaa,
1159 1014 1440 1074 vocabulo
1490 1015 1875 1089 Mainardum,
1919 1032 2096 1091 quem

386 1103 603 1161 scilicet
654 1103 844 1161 adhuc
907 1102 1247 1176 paludatum
1322 1118 1458 1162 cum
1529 1105 1984 1175 admonuissem,
2035 1111 2100 1165 ut

384 1196 703 1253 monachus
729 1194 909 1266 ﬁeret,
947 1218 969 1248 ι
1008 1203 1111 1255 etc.
1154 1196 1305 1254 Hinc
1333 1197 1542 1256 Leonis
1572 1197 1783 1270 Sitriae,
1816 1198 2100 1257 aliorum-

386 1301 501 1359 que
527 1285 784 1358 ejusdem
816 1285 928 1345 loci
962 1286 1336 1345 eremitarum
1367 1289 1656 1362 exempla,
1691 1296 1961 1364 tanquam
1994 1289 2100 1347 do-

384 1374 641 1446 mestica,
698 1374 995 1433 Theuzoni
1037 1374 1369 1434 Florentino
1409 1376 1665 1436 eremitae
1712 1376 1979 1451 proponit
2027 1376 2099 1434 ad

386 1467 512 1538 ejus
537 1466 867 1538 superbiam
884 1465 1376 1540 comprimendam
1403 1472 1537 1525 tom.
1563 1467 1609 1540 I,
1638 1467 1740 1525 lib.
1766 1480 1849 1537 VI,
1876 1484 1966 1541 ep.
1989 1467 2058 1527 30
2083 1486 2096 1526 :

393 1580 420 1603 α
470 1555 725 1621 Utinam,
754 1555 968 1632 inquit,
1026 1571 1283 1630 praesens
1327 1558 1576 1629 adesses,
1606 1562 1662 1615 et
1705 1559 1845 1632 quid
1891 1558 1954 1616 in
2008 1558 2101 1616 his

387 1644 553 1703 silvis
588 1645 662 1702 ab
698 1644 931 1718 ignotis,
962 1651 1134 1719 atque
1165 1645 1443 1720 despectis
1480 1652 1703 1721 agatur,
1740 1647 1907 1707 oculo
1938 1648 2101 1722 judi-

2183 834 2396 905 virum,
2454 843 2708 911 quantus
2761 841 2847 894 est
2902 836 3105 895 Petrus
3160 836 3500 905 Damianus,
3558 836 3901 905 exceperit;

2182 921 2481 980 enimvero
2505 923 2667 996 epist.
2708 924 2754 994 t,
2785 923 2886 982 lib.
2920 936 3026 988 VII.
3052 924 3203 999 apud
3232 924 3647 982 monasterium
3680 922 3910 981 Classis

2184 1025 2244 1067 se
2321 1011 2605 1069 mansisse
2654 1016 2813 1069 notat
2870 1011 3119 1072 Henrico
3174 1011 3502 1085 imperatori
3564 1011 3828 1070 scribens
3895 1030 3911 1069 :

2189 1125 2215 1149 ‹‹
2251 1100 2465 1158 Redeat
2493 1099 2565 1157 ad
2592 1100 2932 1159 memoriam
2980 1100 3204 1159 domini
3243 1100 3356 1158 mei
3397 1100 3567 1173 regis,
3598 1100 3737 1173 quia
3763 1115 3918 1158 cum

2182 1188 2338 1262 apud
2387 1188 2801 1247 monasterium
2846 1189 3056 1248 Classis
3104 1205 3138 1248 a
3194 1190 3359 1248 vobis
3403 1189 3769 1248 discessurus
3825 1203 3919 1246 es-

2187 1296 2354 1352 sem;
2389 1305 2414 1328 ››
2471 1287 2527 1338 et
2577 1279 2790 1338 iterum
2837 1279 2937 1338 lib.
2991 1292 3075 1349 VI,
3108 1296 3196 1354 ep.
3231 1278 3301 1338 26
3334 1299 3347 1338 :
3383 1305 3410 1328 «
3466 1278 3554 1337 Ad
3606 1277 3921 1337 Marinum

2186 1386 2358 1429 suum
2381 1369 2704 1445 patruelem
2720 1370 3072 1443 monachum
3093 1368 3448 1427 Classensem
3462 1413 3475 1435 ,
3499 1392 3525 1416 η
3554 1375 3698 1425 tunc
3714 1366 3923 1424 adhuc

2188 1460 2508 1526 Novitium,
2538 1476 2671 1536 quae
2702 1460 2905 1535 incipit
2937 1477 2948 1515 :
2984 1481 3013 1515 «
3045 1460 3231 1519 Rudis
3260 1466 3387 1533 tyro
3419 1458 3583 1516 facile
3613 1458 3673 1516 in
3714 1457 3921 1532 prima

2185 1550 2324 1608 belli
2376 1551 2781 1624 congressione
2836 1551 3238 1624 prosternitur,
3286 1572 3307 1600 υ
3357 1556 3464 1606 etc.
3520 1547 3789 1605 Testatur
3849 1562 3919 1604 se

2184 1639 2275 1698 illi
2304 1639 2551 1713 propriis
2588 1639 2860 1698 manibus
2892 1639 3155 1699 habitum
3201 1636 3586 1697 monasticum
3632 1636 3694 1694 in
3737 1634 3915 1694 Clas-

387 1741 552 1794 cante
600 1735 1024 1810 perpenderesl
1063 1742 1254 1795 tamen
1301 1744 1366 1796 ut
1421 1753 1500 1808 se,
1528 1739 1577 1797 si
1626 1738 1882 1798 fortassis
1929 1740 2100 1812 inest,
2125 1729 2343 1811 Bsensi
2373 1728 2634 1788 coenobio
2663 1729 3009 1804 imposuisse
3042 1749 3054 1787 :
3092 1753 3119 1778 α
3170 1727 3497 1786 Praesertim
3524 1740 3657 1784 cum
3688 1729 3745 1783 et
3776 1724 3912 1797 ipse

388 1834 582 1887 tumor
621 1829 964 1902 arrogantiae
1007 1827 1312 1903 deprimat,
1342 1829 1436 1887 vel
1485 1830 1741 1889 breviter
1783 1830 2004 1905 aliquid
2055 1837 2109 1889 te

387 1917 458 1974 de
486 1916 724 1976 illorum
752 1917 1286 1976 conversationibus
1305 1916 1534 1976 erudire
1562 1931 1680 1975 non
1709 1916 1920 1990 pigeat,
1938 1942 1964 1967 ››
1998 1921 2102 1975 etc.

391 2007 541 2065 Tum
594 2008 665 2064 de
716 2007 964 2066 Martino
1011 2007 1243 2067 Storace
1295 2007 1628 2066 disserens:
1678 2030 1699 2059 α
1763 2007 2104 2080 Quemdam,

387 2096 604 2171 inquit,
634 2096 918 2155 habemus
955 2096 1017 2154 in
1051 2096 1263 2156 cellula
1305 2098 1589 2157 rusticum
1630 2097 1893 2168 idiotam,
1926 2123 1952 2147 ››
1997 2103 2103 2157 etc.

391 2185 540 2245 Tum
570 2184 641 2242 ad
671 2186 925 2244 Leonem
957 2184 1148 2244 Sitriaa
1176 2188 1463 2246 transiens
1494 2211 1506 2244 ε
1542 2212 1568 2236 ‹‹
1597 2185 1864 2257 Veniam,
1892 2188 2106 2264 inquit,

389 2273 465 2333 ad
522 2272 826 2332 dominum
862 2274 1137 2344 Leonem,
1180 2279 1236 2333 et
1278 2291 1413 2334 vere
1445 2276 1719 2345 Leonem,
1762 2296 1783 2326 ι
1825 2276 1995 2349 cujus
2049 2293 2111 2348 se

395 2363 654 2422 consiliis
678 2379 829 2438 saepe
849 2379 1025 2422 usum
1054 2363 1286 2436 indicat,
1315 2362 1632 2440 itidemque
1664 2364 1902 2438 Lupum
1927 2365 2110 2424 inclu-

395 2467 547 2518 sum,
585 2457 641 2511 et
677 2453 908 2511 Petrum
955 2453 1253 2511 eremitam
1306 2452 1564 2526 ejusdem
1599 2451 1893 2512 Sitriensis
1929 2455 2109 2513 eremi

394 2548 822 2601 commemorat.
864 2541 981 2600 Nec
1014 2542 1255 2601 dubium
1315 2548 1398 2600 est
1452 2542 1796 2616 praedictum
1852 2544 2107 2604 Leonem

395 2632 576 2691 fuisse
626 2630 776 2689 Petri
826 2631 1093 2689 Damiani
1138 2631 1511 2706 potissimum
1557 2632 1938 2702 directorem;
1972 2650 2107 2692 nam

396 2724 533 2778 tom.
565 2718 670 2791 III,
712 2733 909 2791 opusc.
962 2732 1048 2789 XI,
1083 2718 1257 2778 illum
1304 2718 1386 2777 sic
1425 2719 1768 2795 alloquitur,
1798 2721 1860 2779 in
1902 2720 2104 2793 libelli,

397 2824 569 2883 quem
631 2807 772 2866 huic
809 2807 1063 2866 eremitis
1111 2808 1396 2878 inscribit,
1438 2810 1865 2884 nuncupatoria
1907 2832 1919 2870 :
1963 2838 1988 2861 ‹‹
2028 2812 2108 2870 Te

396 2912 517 2954 non
565 2895 1054 2970 qualemcumque
1091 2896 1450 2969 complicem,
1488 2897 1579 2954 vel
1620 2898 1895 2970 amicum,
1928 2900 2029 2957 sed
2057 2905 2109 2958 te

398 2969 640 3060 patrem,
691 2990 747 3042 te
797 2983 1109 3056 doctorem,
1168 2991 1220 3042 te
1277 2985 1641 3058 magistrum,
1693 2969 1754 3043 et
1801 2986 2107 3048 dominum

2192 1818 2294 1877 libi
2322 1818 2727 1877 monachicum
2758 1819 3091 1879 tradiderim
3119 1817 3408 1887 habitum,
3426 1831 3543 1875 non
3573 1816 3701 1874 sine
3723 1828 3911 1872 causa

2189 1923 2281 1966 me
2332 1923 2366 1964 a
2418 1907 2938 1966 consultationibus
2996 1908 3109 1966 tuis
3163 1906 3411 1966 ditﬁteor
3463 1904 3837 1974 absolutum;
3870 1923 3901 1956 ι)

2188 1997 2292 2062 ubi
2337 2002 2392 2055 et
2441 2013 2501 2055 se
2539 1996 2681 2056 alias
2725 2001 3129 2055 conservatum
3177 1996 3358 2054 fuisse
3399 1995 3537 2054 satis
3586 1992 3805 2062 innuit,
3841 1996 3914 2050 ut

2187 2103 2319 2146 cum
2352 2088 2429 2146 ait
2460 2106 2472 2145 :
2508 2113 2533 2135 «
2576 2086 2644 2145 In
2679 2086 2879 2145 eodem
2913 2085 3083 2160 plane
3115 2084 3398 2145 Classensi
3435 2083 3719 2155 eoenobio,
3747 2082 3912 2157 quod

2188 2195 2347 2238 nunc
2386 2178 2610 2247 incolis,
2639 2184 2806 2237 aetate
2850 2184 3045 2237 nostra
3086 2179 3313 2251 (nempe
3358 2178 3500 2236 dum
3544 2176 3626 2234 ibi
3659 2174 3915 2249 degeret)

2189 2267 2428 2343 quidam
2473 2269 2794 2326 monachus
2839 2268 3028 2326 vicem
3065 2267 3274 2342 prioris
3311 2266 3586 2339 obtinuit,
3628 2288 3656 2321 »
3700 2271 3809 2325 etc.
3842 2264 3920 2322 Et

2188 2356 2337 2415 circa
2382 2357 2558 2415 tinem
2608 2374 2668 2417 se
2721 2357 3115 2417 Classensium
3163 2358 3468 2429 consortio,
3500 2361 3556 2415 et
3597 2358 3920 2415 consuetu-

2188 2445 2326 2504 dine
2369 2461 2538 2504 usum
2585 2444 2887 2519 signiﬁcat,
2945 2447 3086 2506 dum
3127 2446 3204 2505 ita
3245 2445 3579 2505 concludit:
3628 2466 3649 2496 ι
3696 2442 3921 2502 Omnes

2188 2542 2385 2593 autem
2412 2539 2639 2593 sanctos
2674 2535 2875 2593 fratres
2903 2536 3237 2594 monasterii
3269 2536 3351 2593 tui
3381 2550 3509 2592 mea
3530 2533 3656 2591 vice
3686 2531 3906 2601 saluta;

2186 2623 2557 2682 charissimos
2584 2630 2777 2683 autem
2806 2624 2953 2683 milii
2985 2626 3187 2682 fratres
3225 2624 3521 2682 Boninum
3550 2626 3605 2679 et
3644 2620 3908 2692 Petrum,

2187 2714 2237 2770 si
2293 2714 2460 2771 solito
2508 2728 2668 2772 more
2718 2712 2934 2771 videris
2982 2713 3294 2791 aliquando
3341 2713 3628 2771 excelsius
3673 2727 3903 2782 canere,

2187 2802 2296 2860 hoc
2313 2801 2618 2874 distichon,
2641 2817 2769 2861 meo
2793 2803 3049 2875 nomine,
3067 2804 3130 2861 in
3161 2818 3361 2862 eorum
3394 2801 3663 2861 manibus
3691 2816 3902 2875 pone,»

2187 2898 2291 2949 etc.
2351 2889 2415 2947 Id
2462 2891 2616 2963 quod
2668 2907 2936 2966 magnam
2988 2891 3433 2950 familiaritatem
3484 2891 3590 2948 hos
3633 2889 3788 2946 inter
3851 2894 3909 2945 et

2187 2984 2451 3036 sanctum
2497 2978 2787 3038 doctorem
2828 2979 3216 3039 intercessisse
3258 2979 3507 3053 profecto
3554 2975 3805 3048 indicat;
3842 2981 3912 3034 ut.

398 3073 646 3131 electum
701 3072 844 3131 mihi
890 3089 1009 3147 pne
1055 3074 1276 3132 cunctis
1324 3089 1470 3147 pene
1519 3075 1860 3135 mortalibus
1900 3078 2101 3137 habeo,
2122 3065 2339 3171 Cnihil
2366 3066 2573 3125 addam
2607 3067 2679 3126 de
2706 3074 2909 3127 mutua
2937 3068 3410 3141 commigratione
3433 3073 3487 3125 et
3513 3066 3909 3124 Classensium

400 3164 473 3224 Et
527 3165 670 3239 quid
716 3165 966 3240 amplius
1016 3165 1250 3225 dicam?
1289 3167 1761 3241 quandoquidem
1802 3184 1999 3229 meum
2054 3154 2261 3230 teuad
2311 3155 2689 3229 Avellanitas,
2741 3164 2795 3215 et
2846 3159 3057 3217 horum
3114 3157 3186 3215 ad
3241 3156 3586 3227 Classenses,
3640 3170 3773 3229 quae
3829 3169 3907 3210 ex

400 3253 675 3328 angelum
706 3269 830 3312 esse
864 3255 1157 3326 constitui,
1188 3261 1252 3314 ut
1281 3254 1340 3313 in
1377 3255 1571 3315 dubiis
1602 3257 1776 3317 rebus
1805 3260 2109 3333 quodcun-

402 3361 516 3421 que
550 3346 858 3419 haasitanti,
888 3362 955 3405 ac
997 3346 1308 3405 sciscitanti
1349 3347 1496 3406 mihi
1533 3348 1844 3407 consilium
1898 3365 1974 3407 ex
2013 3356 2111 3409 tuo

404 3450 502 3494 ore
528 3436 876 3510 procederet,
906 3437 984 3495 ita
1030 3437 1294 3512 protinus
1335 3437 1731 3496 indubitanter
1771 3437 2108 3512 acciperem,

402 3540 468 3583 ac
499 3525 546 3583 si
581 3540 692 3584 vox
721 3526 869 3584 mihi
906 3526 1153 3586 caelestis
1191 3526 1409 3585 oraculi
1449 3527 1738 3600 angelitus
1776 3527 2063 3586 intonaret
2094 3544 2106 3583 :

403 3620 575 3689 atque
613 3614 741 3673 ideo
769 3616 819 3673 si
855 3615 1091 3690 quando
1121 3616 1477 3690 scrupuloste
1509 3616 1817 3690 cujuslibet
1852 3616 1935 3675 rei
1966 3616 2112 3675 mihi

403 3702 660 3777 subrepit
680 3705 979 3778 articulus,
1008 3712 1319 3781 antequam
1351 3711 1403 3763 te
1425 3704 1798 3764 consulturus
1823 3706 2109 3778 accedam,

403 3792 510 3850 hoc
531 3792 683 3866 apud
712 3801 765 3851 te
790 3791 1049 3852 divinam
1081 3794 1329 3869 imploro
1357 3793 1744 3864 clementiam,
1773 3800 1835 3851 ut
1862 3799 1917 3852 te
1946 3792 2112 3869 quasi

408 3897 534 3941 suae
560 3883 874 3943 voluntatis
900 3899 1184 3957 organum
1213 3883 1449 3953 faciens,
1483 3890 1583 3941 tuo
1608 3882 1756 3941 mihi
1781 3898 1878 3941 ore
1908 3883 2112 3956 prazci-

406 3973 546 4046 piat,
569 3972 711 4045 quid
737 3984 826 4028 me
859 3973 1043 4030 facere
1062 3973 1124 4030 in
1149 3973 1368 4046 objecta
1388 3971 1765 4045 ambiguitate
1785 3972 2107 4030 decernat.»

475 4060 656 4118 XVII.
715 4059 913 4132 Neque
967 4074 1104 4118 vero
1152 4060 1303 4118 inter
1372 4060 1594 4119 ordinis
1659 4058 2115 4118 Camaldulensis

405 4150 549 4223 loca,
576 4150 638 4208 in
684 4149 899 4224 quibus
943 4148 1150 4207 Petrus
1193 4148 1459 4207 Damiani
1498 4148 1858 4208 domicilium
1886 4148 2112 4221 habuit,

408 4241 740 4300 coenobium
768 4247 1031 4299 nostrum
1055 4237 1113 4299 S.
1143 4238 1499 4313 Apollinaris
1526 4239 1586 4296 in
1608 4238 1787 4296 classe
1817 4238 2114 4297 Ravennae

407 4330 599 4390 omitti
623 4336 898 4401 meretur,
936 4330 1089 4403 quod
1129 4336 1183 4387 et
1222 4327 1531 4388 Romualdi
1569 4328 1964 4387 conversionis
1994 4329 2113 4403 pri-

411 4422 651 4481 mordiis
693 4426 776 4480 est
818 4425 1213 4480 consecratum
1251 4425 1344 4489 (ex
1395 4422 1519 4496 ejus
1549 4418 1679 4478 Vita
1703 4436 1826 4494 cap.
1861 4420 1911 4490 1)
1947 4436 2112 4479 eum-

2138 4470 2189 4528 D

2191 3242 2355 3317 epist.
2391 3243 2454 3301 12
2509 3243 2641 3303 libri
2669 3258 2711 3303 II
2738 3252 2791 3303 et
2843 3246 2907 3304 15
2961 3245 3099 3304 libri
3146 3258 3208 3305 VI
3254 3245 3513 3304 relucet:
3551 3260 3669 3318 qua
3719 3242 3791 3300 de
3843 3258 3908 3301 re

2192 3333 2363 3391 etiam
2396 3334 2620 3393 dissert.
2652 3348 2734 3405 III,
2769 3352 2891 3411 cap.
2929 3337 2981 3407 7,
3015 3352 3181 3395 num.
3210 3338 3266 3407 8,
3296 3336 3482 3395 obiter
3510 3334 3791 3392 diximus.

2262 3422 2474 3482 XVIII.
2507 3423 2669 3493 Quod
2703 3425 2752 3483 si
2801 3425 2998 3498 igitur,
3032 3434 3095 3483 ut
3132 3424 3332 3484 omnia
3363 3425 3436 3483 ad
3474 3424 3708 3481 brevem
3740 3436 3906 3480 sum-

2192 3528 2349 3571 mam
2392 3513 2667 3587 redigam,
2716 3530 2788 3573 ex
2833 3515 3109 3573 hactenus
3148 3514 3259 3573 late
3295 3512 3557 3573 deductis
3589 3511 3904 3587 colligitur,

2194 3601 2610 3660 monasterium
2639 3602 2837 3661 Fontis
2866 3602 3154 3675 Avellani,
3188 3602 3289 3662 ubi
3330 3601 3532 3661 Petrus
3560 3606 3752 3659 noster
3777 3615 3908 3658 mo-

2192 3692 2411 3751 nastico
2459 3692 2749 3750 schemate
2794 3700 2879 3751 est
2929 3693 3208 3763 initiatus,
3248 3708 3283 3751 a
3338 3700 3531 3751 sancto
3586 3690 3749 3749 Patre
3798 3689 3911 3748 Ro-

2194 3784 2430 3843 mualdo
2461 3785 2753 3860 quondam
2784 3784 3190 3855 inhabitatum,
3222 3792 3275 3842 et
3303 3802 3336 3842 a
3385 3784 3550 3843 beato
3590 3780 3905 3855 Ludulpho

2195 3875 2323 3949 ejus
2365 3874 2647 3947 discipulo
2693 3873 3028 3934 institutum
3081 3894 3094 3933 2
3144 3875 3610 3935 Avellanitarum
3667 3872 3904 3930 vivendi

2194 3967 2440 4024 formam
2489 3972 2544 4022 et
2592 3967 2910 4038 generatim
2962 3982 3098 4026 cum
3153 3983 3249 4038 ea,
3305 3983 3481 4041 quam
3537 3963 3907 4023 Romualdus

2197 4055 2452 4113 eremitis
2492 4056 2860 4129 praescripsit,
2891 4062 2947 4115 et
2994 4057 3289 4131 speciatim
3331 4072 3462 4115 cum
3503 4054 3907 4114 Camaldulen-

2197 4146 2354 4202 sium
2382 4145 2903 4205 consuetudinibus
2930 4145 3308 4216 convenisse;
3347 4145 3419 4205 ad
3450 4143 3762 4204 Romualdi
3797 4159 3905 4202 au-

2196 4234 2514 4293 ctoritatem
2563 4238 2774 4309 passim
2810 4254 2845 4294 a
2894 4236 3173 4294 Damiano
3223 4250 3552 4308 provocare,
3580 4235 3721 4293 dum
3769 4249 3905 4292 suo-

2200 4339 2330 4381 rum
2371 4325 2787 4384 monachorum
2818 4341 3006 4383 mores
3035 4339 3375 4397 componere
3423 4325 3670 4394 nititur;
3720 4324 3903 4397 ipsam

2204 4414 2352 4473 Petri
2382 4414 2647 4474 Damiani
2676 4416 2936 4491 regulam
2972 4415 3129 4489 apud
3167 4413 3635 4475 Camaldulenses
3663 4414 3782 4474 vim
3822 4413 3906 4472 le-

408 4510 656 4585 demque
684 4510 923 4570 biennio
960 4510 1160 4569 saltem
1190 4510 1455 4569 abbatem
1494 4525 1554 4568 se
1592 4509 1865 4569 habuisse
1902 4509 2114 4584 gloria-
2140 4504 2288 4578 “gis
2344 4506 2663 4565 obtinuisse
2693 4531 2706 4578 ;
2767 4514 2971 4566 mutua
3024 4506 3290 4565 societate
3341 4504 3704 4565 Avellanitas
3770 4521 3905 4564 cum

411 4604 504 4659 tur
533 4601 776 4671 (ibidem,
808 4614 931 4673 cap.
974 4598 1085 4672 22),
1116 4602 1291 4672 atque
1330 4599 1514 4673 ipsius
1555 4598 1871 4672 vigilantiae
1925 4597 2111 4670 debet,

410 4688 562 4762 quod
593 4705 626 4746 a
652 4688 981 4748 Simoniaco
1010 4687 1277 4762 praefecto
1315 4687 1565 4761 quodam
1603 4694 1914 4761 purgatum
1944 4687 2116 4745 fuerit

413 4780 526 4849 (ubi
567 4796 757 4852 supra,
789 4795 911 4854 cap.
944 4780 1053 4852 41).
1107 4779 1225 4837 Nec
1264 4779 1462 4837 minus
1508 4778 1742 4837 interim
1790 4776 1956 4836 Petro
2002 4777 2114 4835 Da-

409 4867 605 4927 miano
633 4869 817 4940 debet,
845 4868 998 4941 quod
1018 4867 1528 4943 praesentissimam
1550 4867 1638 4925 illi
1661 4883 1830 4942 opem
1863 4867 1926 4926 in
1952 4868 2117 4941 gravi

409 4957 745 5019 discrimine
786 4958 996 5030 tulerit,
1024 4964 1090 5018 ut
1137 4965 1356 5018 constat
1399 4974 1475 5017 ex
1521 4959 1648 5034 ejus
1704 4957 1909 5017 litteris
1957 4974 2115 5016 com-

410 5045 767 5107 mendatitiis
811 5047 884 5104 ad
913 5046 970 5106 S.
1003 5048 1073 5106 R.
1108 5048 1171 5106 E.
1225 5047 1544 5106 cardinales
1585 5046 1954 5105 Bonifacium
1992 5046 2115 5121 epi-

412 5151 650 5212 scopum
701 5134 1109 5207 Albanensem,
1165 5143 1221 5196 et
1280 5137 1639 5211 Stephanum
1691 5136 2116 5210 presbyterum,

408 5242 510 5300 pro
562 5225 767 5297 abbate
824 5224 883 5285 S.
939 5226 1311 5300 Apollinaris,
1367 5243 1500 5301 quae
1552 5226 1841 5284 habentur
1893 5233 2039 5284 tom.»
2068 5224 2115 5298 Ι,

412 5313 514 5371 lib.
564 5327 628 5387 ιι,
672 5331 759 5390 ep.
792 5314 823 5373 4
856 5334 869 5373 :
902 5340 927 5363 «
973 5314 1116 5373 Nolo
1168 5331 1268 5374 vos
1324 5315 1516 5383 lateat,
1558 5313 1919 5375 dilectissimi
1972 5315 2118 5374 mihi

410 5405 633 5475 fratres,
675 5413 729 5464 et
764 5407 1007 5479 domini,
1044 5407 1180 5482 quia
1219 5406 1532 5465 modernus
1570 5405 1677 5463 iste
1714 5405 1909 5478 Jacob,
1938 5414 2120 5465 rector

413 5494 681 5553 videlicet
709 5497 1043 5557 monasterii
1072 5495 1255 5555 sancti
1282 5493 1657 5569 Apollinaris,
1689 5494 1869 5553 nostri
1905 5495 2120 5553 montis

421 5597 703 5643 cacumen
730 5583 1120 5661 irrepsit.......
1153 5581 1628 5653 misericordiam,
1660 5598 1835 5657 quam
1877 5581 2119 5655 habetis,

2199 4593 2739 4655 Camaldulensibus
2816 4595 2957 4655 olim
3010 4596 3365 4671 conjunctos,
3424 4595 3485 4652 in
3536 4593 3788 4666 hospitii,
3850 4600 3906 4652 et

2199 4683 2610 4758 sutfragiorum
2667 4685 3137 4743 communionem
3191 4690 3461 4757 receptos,
3515 4682 3748 4754 habitu,
3799 4698 3903 4742 seu

2198 4773 2485 4848 colorem,
2542 4791 2643 4834 seu
2698 4775 2948 4834 formam
3006 4775 3308 4868 respicias,
3370 4772 3669 4832 simillimo
3726 4786 3900 4844 usos;

2200 4861 2389 4936 ipsum
2415 4862 2650 4921 Petrum
2682 4862 2969 4935 Damiani,
3000 4859 3317 4921 sin'minus
3348 4859 3655 4922 Romualdi
3684 4859 3904 4918 audito-

2198 4967 2341 5023 rem,
2402 4956 2551 5011 certe
2607 4953 2732 5026 ejus
2787 4950 3202 5025 discipulorum
3256 4951 3564 5011 alumnum
3618 4949 3795 5007 fuisse
3851 4954 3905 5007 et

2199 5042 2606 5101 verosimiliter
2648 5040 2708 5097 in
2760 5056 2952 5100 eremo
2991 5040 3443 5110 Camaldulensi,
3477 5036 3903 5098 evidentissime

2197 5138 2392 5190 autem
2423 5132 2483 5190 in
2520 5136 2598 5189 tot
2634 5131 2766 5189 aliis
2812 5147 2846 5189 a
2898 5128 3225 5190 Romualdo
3269 5127 3629 5199 constructis,
3658 5126 3752 5186 vel
3796 5128 3903 5186 sub

2199 5222 2326 5296 ejus
2375 5219 2678 5295 disciplina
2732 5217 3116 5278 militantibus
3149 5218 3377 5288 eremis,
3409 5226 3597 5297 atque.
3630 5215 3903 5275 ccenobiis

2199 5316 2636 5381 commoratum,
2686 5309 3063 5383 ejusdemque
3093 5306 3344 5365 instituti
3384 5305 3528 5365 lacte
3556 5305 3900 5365 enutritum.

2200 5399 2349 5470 Quid
2391 5397 2642 5473 amplius
2691 5398 2954 5457 dubitare
2990 5398 3155 5455 liceat
3191 5394 3357 5454 illum
3411 5411 3444 5453 a
3496 5393 3555 5453 S.
3586 5393 3902 5453 Romualdo

2200 5488 2427 5549 tradita:
2469 5487 2791 5562 disciplinae
2835 5495 3170 5547 sectatorem
3212 5484 3452 5553 vixisse,
3498 5484 3757 5559 adeoque
3797 5481 3901 5541 Ca-

2204 5577 2633 5640 maldulensem
2684 5593 2819 5638 vere
2872 5583 2928 5636 et
2980 5573 3208 5651 proprie
3255 5571 3687 5648 appellandum,
3734 5572 3899 5647 juxta
