4034 6472
152 270 226 330 61

1035 269 1610 332 PRDLEGOMENA.
1649 298 1722 313 -
1759 268 1856 331 DE
1894 267 2297 329 INSTITUTO
2334 268 2768 329 CAMALDUL.
3603 275 3674 335 62

154 393 509 470 generalem
543 393 804 453 nominis
834 393 1012 469 hujus
1048 382 1811 468 signilicationem,dissert.
1836 394 1942 464 I,A
1964 392 2083 450 cuti
2135 398 2307 465 sunt;
2341 402 2444 451 aut
2501 392 2566 451 in
2614 392 3044 467 distinguendis
3099 397 3481 470 monasteriis,
3535 414 3670 474 qua

155 498 285 557 cap.
324 484 384 552 ἓξ,
416 497 589 540 num.
621 481 710 551 2|,
740 480 1094 554 explicatum
1121 482 1147 537 ἰν

230 571 394 631 ΧΙΧ.
442 571 595 629 Hinc
634 571 1005 630 meritissime
1040 579 1118 630 tot
1163 578 1492 630 exterorum
1538 571 1882 644 scriptorum

158 678 466 721 consensu
494 663 702 722 Petrus
730 662 999 721 Damiani
1025 661 1487 722 Camaldulensis
1513 668 1598 720 est
1627 661 1880 732 habitus,

158 759 218 810 et
250 751 609 825 appellatus,
651 769 683 809 e
731 751 943 825 quibus
987 752 1098 811 hoc
1132 752 1255 810 loco
1304 766 1598 809 recensere
1636 750 1885 809 sulliciat

158 841 502 901 Gabrielem
535 841 882 900 Pennottum
909 841 982 900 ab
1010 841 1135 915 ipso
1167 841 1230 900 P.
1254 840 1574 899 Laderchio
1602 840 1879 912 citatum;

160 930 541 991 Ludovicum
599 930 946 990 Jacobillum
1009 932 1080 990 de
1138 929 1240 991 SS.
1303 931 1592 1001 Umbria;
1634 930 1882 988 Paulum

158 1020 500 1095 Morigiam,
530 1022 595 1079 in
616 1019 831 1079 Histor.
863 1019 1239 1094 Religionum
1259 1037 1383 1093 cap.
1417 1022 1486 1080 58
1509 1040 1522 1090 ;
1544 1018 1882 1079 Cornelium

158 1126 193 1167 a
229 1110 463 1185 Lapide
502 1111 566 1168 in
598 1111 773 1184 Apoc.
807 1126 946 1184 cap.
984 1113 1056 1182 3;
1100 1111 1416 1171 Martinum
1451 1111 1770 1171 Baronium
1818 1109 1881 1168 in

157 1199 293 1258 Vita
332 1200 601 1274 quinque
625 1200 892 1259 Fratrum
921 1199 1272 1259 Polonorum
1310 1200 1668 1275 martyrum;
1702 1199 1879 1258 Joan-

158 1305 297 1348 nem
347 1288 606 1349 Paulum
668 1290 1042 1349 Portesanum
1092 1289 1157 1348 in
1215 1289 1346 1349 Vita
1397 1290 1456 1350 S.
1517 1284 1878 1361 Theobaldi;

156 1378 453 1437 Joannem
495 1377 733 1437 Petrum
779 1377 1170 1437 Crescentium
1211 1379 1273 1438 in
1312 1378 1587 1438 Prasidio
1620 1378 1882 1439 Romano

156 1468 261 1528 lib.
301 1483 346 1540 I,
380 1477 526 1543 part.
562 1483 625 1539 II,
658 1477 869 1527 narrat.
902 1469 975 1537 2;
1020 1469 1379 1543 Stephanum
1422 1469 1882 1529 Demalevicium

158 1563 219 1620 in
249 1562 389 1620 Vita
414 1561 475 1621 S.
504 1560 796 1636 Bogumili
818 1577 940 1634 cap.
971 1561 1078 1631 ‘28;
1111 1559 1449 1619 Secundum
1480 1560 1882 1626 Lancellotum

160 1649 316 1709 Hist.
358 1651 593 1722 Olivet.,
635 1649 736 1710 lib.
791 1663 855 1721 lI,
897 1665 1020 1722 cap.
1055 1647 1156 1721 ‘22;
1204 1650 1568 1709 Ludovicum
1618 1648 1882 1708 Tomasi—

1962 481 2147 540 eidem
2200 481 2417 555 regula
2465 482 2538 541 ab
2586 481 2807 556 origine
2855 482 3108 556 subjecta
3162 483 3340 557 fuere,
3368 488 3668 562 scrupulo-

1961 572 2098 641 sior,
2128 576 2228 630 aut
2255 570 2531 629 morosior
2561 572 2802 630 minime
2828 571 2988 631 fuero
3023 597 3033 629 :
3071 580 3262 632 certus
3286 581 3670 651 utrorumque

1963 660 2227 719 notitiam
2297 661 2370 719 ad
2439 667 2695 720 nostram
2773 661 3055 735 pertinere
3132 661 3463 737 historiam;
3521 670 3665 736 tum,

1962 752 2099 826 quia
2144 767 2317 821 unus,
2357 756 2419 810 ut
2463 750 2611 818 dixi,
2658 752 2926 811 omnium
2969 752 3108 812 ordo
3147 761 3300 827 erat;
3333 762 3457 814 tum
3506 756 3665 830 quia,

1962 841 2069 901 etsi
2098 840 2312 901 diversi
2344 848 2469 900 tum
2512 842 2757 901 fuissent
2801 842 3046 913 ordinis,
3077 844 3350 903 omnibus
3384 845 3501 904 illis
3543 862 3667 906 mo-

1963 933 2229 992 nasteriis
2267 933 2334 991 ad
2376 933 2641 992 ordinem
2691 939 2956 992 nostrum
2994 933 3299 1005 translatis,
3330 935 3403 993 ad
3436 936 3667 996 eosdem

1962 1024 2209 1098 pertinet
2258 1024 2461 1093 honos,
2522 1022 2736 1097 quibus
2786 1023 3048 1096 pervenit
3102 1024 3444 1097 hareditas;
3494 1035 3667 1101 atque

1961 1110 2102 1169 adeo
2154 1110 2359 1169 mutila
2410 1115 2575 1181 esset,
2633 1116 2805 1185 atque
2853 1110 3184 1184 imperfecta
3221 1113 3441 1172 ordinis
3486 1115 3669 1174 nostri

1963 1198 2221 1271 historia,
2284 1200 2334 1259 si
2382 1199 2620 1259 illorum
2691 1199 3173 1260 monasteriorum
3231 1218 3297 1259 ac
3366 1205 3671 1263 monacho-

1963 1305 2096 1349 rum
2175 1289 2780 1349 commemorationem
2861 1289 3448 1363 pratermitteremus.
3505 1292 3668 1362 Quod

1963 1381 2199 1455 quidem
2226 1396 2340 1439 non
2366 1380 2554 1440 solum
2581 1396 2790 1453 magno
2811 1378 3069 1439 historia
3092 1387 3301 1440 nostra
3322 1383 3666 1441 detrimento

1965 1472 2145 1542 fieret,
2176 1470 2273 1528 sed
2302 1470 2477 1529 etiam
2512 1470 2721 1545 ingrati
2743 1469 2927 1528 animi
2962 1468 3100 1528 vitio
3128 1469 3295 1528 nobis
3324 1477 3666 1530 verteretur.

1964 1561 2081 1620 Nos
2129 1576 2297 1634 porro
2354 1561 2458 1618 hac
2497 1560 2557 1617 in
2607 1575 2668 1617 re
2712 1573 2930 1618 morem
2982 1558 3283 1632 sequimur
3327 1557 3667 1619 Christiana

1963 1650 2273 1720 Ecclesia;
2307 1667 2442 1727 qua
2472 1649 2624 1708 viros
2664 1655 2890 1707 sanctos
2927 1653 2983 1707 et
3021 1647 3274 1708 illustres
3305 1648 3525 1707 Veteris
3555 1649 3669 1708 Te-

162 1755 314 1798 num
344 1739 418 1798 de
446 1739 693 1799 Beneﬁc.
726 1744 869 1813 part.
901 1752 940 1808 1,
977 1738 1077 1796 lib.
1105 1751 1188 1805 III,
1221 1756 1342 1813 cap.
1376 1739 1478 1809 25;
1514 1739 1874 1798 Ludovicum
1894 1752 1939 1812 Β
1964 1741 2235 1800 stamenti
2264 1740 2375 1799 sibi
2401 1739 2658 1809 ascribit,
2689 1744 2986 1812 propterea
3015 1737 3168 1813 quod
3197 1736 3314 1796 una
3341 1738 3415 1797 sit
3450 1737 3668 1797 utrius-

162 1829 255 1889 Du
284 1828 399 1887 Pin
429 1827 707 1886 Biblioth.
749 1827 963 1885 Eccles.
997 1832 1134 1886 tom.
1173 1826 1330 1897 VIII,
1361 1836 1503 1902 part.
1536 1842 1598 1901 II,
1633 1844 1756 1901 cap.
1794 1829 1879 1900 14,

162 1922 195 1993 §
221 1919 328 1990 10;
350 1918 674 1977 Antonium
695 1916 936 1976 Mariam
955 1917 1313 1977 Bonuccium
1336 1918 1578 1991 Ephem.
1604 1918 1877 1990 Euchar.,

162 2009 258 2067 die
327 2008 397 2067 22
463 2007 803 2078 Februarii;
859 2009 1253 2082 Augustinum
1313 2008 1506 2066 Lubin
1554 2007 1617 2065 in
1669 2008 1881 2065 Notitia

162 2096 535 2155 abbatiarum
615 2095 820 2166 Italia,
896 2097 1004 2155 litt.
1064 2097 1153 2167 A;
1209 2095 1509 2171 pontiﬁces
1593 2097 1883 2155 maximos

162 2184 345 2243 Pium
377 2183 445 2255 V,
477 2185 822 2257 Gregorium
848 2185 974 2255 XV,
1010 2190 1065 2243 et
1116 2184 1411 2243 Urbanum
1443 2183 1597 2253 VIII,
1631 2201 1883 2259 quorum

161 2274 283 2333 duo
326 2275 603 2348 postremi
644 2274 880 2333 Petrum
933 2273 1281 2332 Damianum
1333 2275 1492 2331 decus
1545 2280 1595 2330 et
1650 2277 1883 2344 gloriam

165 2365 609 2423 Camaldulensis
637 2365 849 2420 ordinis
876 2362 1243 2437 appellarunt
1290 2363 1351 2420 in
1396 2365 1519 2422 suis
1555 2363 1885 2438 diplomati-

162 2451 277 2510 bus
312 2468 345 2510 a
374 2452 444 2510 D.
496 2454 726 2512 Andrea
773 2452 1178 2511 Vallemannio
1206 2453 1411 2511 abbate
1453 2460 1647 2512 nostro
1676 2453 1883 2525 citatis,

167 2550 301 2601 tum
358 2543 423 2600 in
474 2542 629 2601 Petri
682 2543 942 2617 ejusdem
1000 2543 1133 2602 Vita
1183 2542 1245 2601 in
1297 2543 1518 2602 tabulas
1566 2560 1700 2603 cum
1756 2544 1887 2603 aliis

168 2630 278 2690 SS.
312 2630 535 2690 ordinis
566 2631 770 2704 elogiis
797 2632 1036 2705 digesta,
1070 2639 1194 2690 tum
1219 2632 1282 2690 in
1306 2648 1568 2691 sermone
1594 2633 1666 2692 de
1694 2632 1753 2692 S.
1771 2634 1885 2692 Do-

170 2721 391 2781 minieo
447 2721 733 2792 Loricato,
774 2738 902 2797 pag.
941 2722 1032 2781 84.
1070 2722 1306 2782 Primus
1354 2738 1512 2792 vero,
1543 2729 1609 2781 ut
1650 2722 1887 2782 Bactius

166 2819 367 2869 noster
417 2810 481 2869 in
529 2810 925 2885 Deseriptione
976 2827 1154 2870 sacra
1195 2811 1376 2869 eremi
1420 2828 1544 2886 cap.
1588 2812 1672 2882 19,
1728 2819 1783 2870 et
1824 2812 1887 2869 in

165 2898 301 2958 Vita
341 2900 606 2973 ejusdem
644 2900 792 2959 Petri
836 2900 1104 2959 Damiani
1137 2916 1264 2975 pag.
1297 2901 1386 2973 50,
1416 2910 1472 2960 et
1500 2902 1753 2960 Thomas
1787 2900 1890 2958 Mi-

164 2989 307 3047 nius
340 2988 559 3049 Histor.
594 2989 848 3048 Camald.
888 2990 989 3048 lib.
1020 3002 1147 3061 VIII,
1172 3007 1294 3064 cap.
1341 2992 1390 3063 l,
1417 2997 1715 3059 testantur,
1747 2991 1889 3049 adeo

160 3094 513 3169 persuasum
543 3078 791 3138 habebat
822 3078 1172 3138 Damianum
1210 3079 1669 3139 Gamaldulensis
1714 3078 1946 3169 insti-G

168 3168 280 3225 tuti
337 3167 544 3239 fuisse,
599 3176 655 3229 et
714 3169 1160 3229 Avellanensem
1211 3170 1497 3229 abbatiam
1550 3169 1773 3229 dudum
1823 3169 1885 3227 in

160 3259 367 3319 ordine
418 3264 614 3318 nostro
666 3259 950 3328 ﬂoruisse,
1006 3264 1072 3318 ut
1127 3260 1391 3318 eamdem
1448 3258 1636 3318 eidem
1690 3258 1884 3318 ordini

165 3347 494 3419 restituere,
548 3354 674 3422 post
721 3348 1087 3406 commissam
1121 3347 1332 3406 Joanni
1376 3347 1643 3421 Baptista
1692 3347 1885 3405 Nova-

166 3437 348 3497 riensi
381 3437 639 3511 generali
671 3435 1041 3510 apostolicam
1080 3436 1206 3510 ejus
1235 3437 1573 3496 monasterii
1604 3436 1884 3496 visitatio-
1936 3450 1944 3456 ’

167 3532 304 3585 nem
360 3525 456 3583 die
512 3525 585 3583 22
639 3524 939 3583 Decembr.
1006 3523 1142 3583 1568
1200 3525 1560 3594 decreverit;
1617 3525 1773 3599 quod
1829 3532 1885 3584 et

167 3614 410 3691 perfecit
456 3615 590 3673 aliis
638 3613 1063 3689 Diplomatibus
1120 3616 1215 3675 die
1266 3619 1286 3675 l
1333 3631 1400 3675 ac
1445 3615 1510 3675 10
1555 3622 1609 3674 et
1656 3615 1720 3674 14
1768 3615 1881 3674 De-

168 3704 422 3763 cembris
458 3703 612 3762 1569.
956 3750 961 3753 .

237 3792 369 3851 XX.
417 3791 584 3851 Unde
630 3790 723 3851 vel
760 3807 836 3850 ex
880 3791 989 3850 hoc
1029 3791 1175 3867 ipso,
1203 3792 1358 3868 quod
1401 3793 1523 3865 jam
1582 3793 1885 3854 Camaldu-

174 3880 373 3941 lenses
424 3880 488 3938 in
534 3880 658 3939 loca
697 3896 731 3938 a
788 3879 847 3939 Si.
902 3880 1068 3939 Petro
1111 3881 1410 3952 Damiano,
1461 3881 1709 3957 aliisque
1756 3883 1881 3956 ejus

174 3968 640 4043 congregationis
669 3968 1002 4028 illustribus
1030 3969 1192 4040 viris,
1220 3969 1543 4029 inhabitata
1563 3971 1685 4043 jam
1712 3972 1882 4044 plene

168 4057 569 4127 successerint,
602 4059 954 4132 illorumque
985 4059 1179 4118 omnia
1211 4060 1351 4134 jura
1378 4060 1450 4117 ad
1500 4075 1606 4118 nos
1635 4059 1882 4119 transie-

168 4149 309 4219 rint,
345 4147 582 4207 Petrum
610 4148 805 4222 ipsum
844 4146 1217 4218 Damianum,
1251 4148 1495 4221 ejusque
1539 4148 1878 4222 discipulos,

164 4254 232 4297 ac
261 4253 621 4298 successores
654 4253 769 4297 non
801 4239 1122 4311 incongrue
1148 4237 1210 4296 in
1241 4245 1570 4297 nostrorum
1605 4238 1881 4311 catalogis

166 4325 529 4402 recipiendos
569 4326 701 4403 quis
741 4326 1201 4397 existimaverit;
1246 4327 1318 4385 ad
1364 4342 1469 4385 nos
1506 4342 1710 4386 eorum
1755 4327 1877 4386 cul-

170 4422 321 4488 tum,
380 4430 584 4474 eorum
641 4414 884 4489 gloriam
959 4416 1268 4488 pertinere,
1332 4430 1405 4472 ne
1476 4414 1879 4490 temporalium

167 4508 456 4567 duntaxat
511 4509 796 4567 bonorum
852 4505 1246 4566 hareditatem
1294 4502 1506 4562 adiisse
1555 4504 1880 4575 videamur,

166 4617 234 4660 ac
271 4615 406 4673 qua
443 4601 664 4673 potiora
701 4607 839 4659 sunt
884 4599 1071 4673 primo
1114 4594 1529 4668 occupantibus
1571 4596 1879 4655 dimisisse.

168 4690 317 4761 Qua
355 4689 681 4748 observatio
727 4705 802 4747 an
850 4705 952 4763 per
984 4692 1203 4765 jocum,
1237 4704 1314 4747 an
1360 4689 1508 4747 serio
1548 4686 1718 4760 adjici
1760 4701 1883 4743 me-

168 4778 376 4849 ruerit,
407 4780 658 4854 quisque
707 4795 809 4852 pro
855 4779 1092 4837 arbitrio
1136 4777 1432 4851 dijudicet.
1478 4775 1740 4836 Similem
1781 4793 1885 4851 ego

168 4868 283 4926 viri
326 4867 658 4941 gravissimi
696 4874 750 4927 et
791 4866 1106 4926 doctissimi
1165 4866 1406 4925 Joannis
1448 4864 1771 4924 Mabillonii
1822 4864 1886 4922 in

172 4957 435 5016 medium
461 4957 698 5016 ati'eram
725 4973 799 5015 ex
843 4957 968 5031 ejus
993 4954 1329 5029 prafatione
1357 4953 1427 5012 ad
1463 4961 1599 5012 tom.
1634 4953 1658 5012 Ι
1687 4953 1887 5011 Histo-

172 5046 280 5105 ria
332 5046 690 5115 monastica,
742 5060 874 5119 qua
930 5051 1123 5102 nostro
1178 5041 1464 5117 proposito
1529 5040 1889 5100 adamussim

170 5136 460 5211 congruit,
492 5136 575 5195 sic
601 5135 778 5210 igitur
797 5134 970 5193 habet
996 5157 1008 5191 :
1041 5132 1241 5203 ﬁQua
1266 5133 1542 5191 hactenus
1571 5132 1718 5203 dixi,
1763 5146 1888 5190 mo-

176 5227 378 5285 nastici
409 5225 635 5284 ordinis
671 5225 956 5296 (dicamus
994 5239 1100 5283 nos
1131 5221 1594 5282 Camaldulensis
1631 5220 1887 5291 Ordinis)

173 5331 275 5389 per
318 5313 422 5373 illa
473 5320 728 5388 tempora
783 5313 1063 5373 unitatem
1120 5311 1382 5384 probant,
1411 5309 1507 5368 cui
1552 5308 1891 5383 regularum

172 5403 479 5465 diversitas
524 5402 686 5462 nullo
727 5402 898 5462 modo
929 5399 1355 5476 prascribebat.
1388 5399 1773 5469 Quamobrem
1827 5398 1890 5457 in

171 5494 543 5555 secernendis
573 5494 805 5566 sanctis,
831 5500 929 5554 aut
965 5491 1290 5553 illustribus
1328 5490 1491 5560 viris,
1524 5491 1626 5565 qui
1671 5490 1733 5552 S.
1781 5491 1891 5550 Be-

174 5584 386 5646 nedicti
434 5583 694 5657 regulam
738 5585 860 5658 (seu
904 5581 970 5642 D.
1013 5580 1322 5644 Romualdi
1368 5578 1756 5656 disciplinam)
1808 5596 1893 5640 se-

1961 1848 2075 1906 que
2107 1831 2463 1891 Testamenti.
2503 1829 2777 1890 Ecclesia.
2821 1828 2905 1889 Ob
2942 1829 3207 1887 eamdem
3242 1844 3477 1888 causam
3511 1828 3669 1887 anti-

1962 1921 2197 1996 quiores
2250 1920 2585 1991 monachos,
2618 1924 2684 1978 ut
2729 1923 2914 1995 patres
2965 1924 3205 1992 nostros,
3235 1917 3602 1991 suscipimus,
3637 1936 3666 1971 »

1962 2019 2068 2070 ὥθ’
2613 2077 2858 2137 CAPUT
2895 2077 3020 2136 VII.

2130 2173 2416 2243 Praecipua
2438 2171 2730 2227 Laderchii
2758 2175 3081 2240 argumenta
3121 2172 3496 2239 confutantur.

1967 2258 2268 2334 SYNOPsIs.
2299 2292 2365 2334 έ-
2409 2259 2793 2334 Commissaa
2842 2258 3159 2334 Laderchio
3210 2259 3672 2334 congregationis

2040 2338 2095 2391 et
2125 2331 2346 2389 ordinis
2379 2331 2657 2388 confusio.
2692 2330 2865 2388 Num.
2904 2331 2949 2388 1.
2986 2332 3077 2388 An
3126 2346 3199 2389 ex
3232 2330 3523 2399 regulas.
3558 2330 3669 2388 Be-

2035 2403 2245 2461 nedicti
2301 2402 2573 2475 probetur
2617 2401 3119 2475 Avellanitarum,
3159 2411 3213 2460 et
3264 2401 3670 2475 Gamaldulen-

2020 2474 2190 2532 sium
2242 2472 2525 2547 cognatio.
2564 2475 2616 2532 ‘2.
2673 2475 2765 2547 An
2820 2488 2896 2547 ex
2945 2472 3258 2547 identitate~
3293 2473 3670 2547 Constitutio-

2035 2562 2201 2603 num.
2259 2544 2340 2617 3.’
2395 2544 2619 2617 Harum
2671 2544 3064 2602 diversitatem
3143 2545 3381 2617 probare
3463 2544 3671 2617 nititur

2041 2616 2414 2674 Laderchius.
2452 2617 2505 2673 4.
2538 2616 2735 2674 Plures
2753 2614 3249 2687 congregationes,
3266 2614 3509 2687 diversis
3526 2630 3667 2687 con-

2040 2688 2460 2756 stitutionibus,
2497 2688 2691 2744 eodem
2740 2684 3101 2744 sub'ordine
3129 2685 3398 2744 militant.
3443 2685 3495 2742 5.
3523 2684 3669 2743 Item

2084 2761 2208 2818 Iura
2240 2759 2501 2829 ejusdem
2549 2757 2771 2815 ordinis
2823 2757 3188 2815 monasteria.
3215 2761 3267 2816 6.
3310 2758 3669 2826 Argumento

2039 2775 2363 2890 Eaderchii.
2424 2844 2529 2887 nec
2596 2827 2865 2887 monachi
2929 2834 2985 2885 et
3038 2828 3293 2887 eremita
3357 2826 3667 2886 Camaldu-

2090 2826 2363 2898 adercbii,
2424 2844 2529 2887 nec
2596 2827 2865 2887 monachi
2929 2834 2985 2885 et
3038 2828 3293 2887 eremita
3357 2826 3667 2886 Camaldu-

2041 2900 2327 2980 lcnsesad
2355 2900 2623 2980 eumdem
2658 2899 2921 2980 ordinem
2958 2901 3382 2980 Spectarent._.7.
3416 2899 3671 2980 Diversa
3706 2968 3712 2975 ι

2040 2971 2772 3045 subindeconstitutiones,
2808 2979 2927 3029 tum
2964 2971 3064 3045 pro
3102 2971 3378 3045 eremitis,
3421 2977 3543 3045 tum
3573 2984 3674 3045 pro

2043 3044 2340 3117 monachis
2423 3044 2679 3117 ejusdem
2738 3041 3193 3117 congregationis
3240 3041 3668 3117 proppsita_.’_8.

2041 3116 2310 3174 Diversas
2365 3111 2484 3172 non
2524 3115 2703 3172 fuisse
2734 3111 3214 3185 Avellanitarum,
3244 3111 3315 3185 "et
3351 3111 3675 3171 'Camaldu-

2042 3187 2296 3245 lensium
2348 3185 2803 3244 constitutiones.
2860 3185 2915 3244 9.
2993 3185 3182 3245 Gratis
3256 3184 3313 3256 id
3366 3184 3672 3256 negaria

2042 3257 2380 3339 Laderchio,
2409 3257 2511 3332 qui
2538 3263 2809 3339 utrasque
2839 3272 2954 3314 non
2979 3257 3200 3339 legerint.
3236 3255 3328 3339 10._
3353 3253 3584 3339 ﬁapius
3610 3253 3669 3311 in

2040 3326 2503 3402 Avellanitarum
2558 3326 2775 3402 regula,
2829 3343 3003 3402 quam
3040 3326 3104 3402 in
3136 3326 3672 3402 Gamaldujensium

2041 3400 2572 3469 constitutionibus,
2609 3397 3003 3458 Romuaidum
3039 3399 3220 3459 citari.
3277 3398 3362 3457 11.
3400 3397 3514 3456 Cur
3555 3412 3674 3454 non

2039 3474 2237 3548 omnia
2264 3486 2547 3548 expresse
2569 3470 2642 3528 ad
2672 3469 3669 3548 RomualdumreferatDamianus.

2048 3546 2128 3620 12.
2165 3540 2469 3620 Laderchii
2496 3542 2818 3620 observatio
2847 3549 2904 3620 et
2921 3541 3240 3620 _anti_logia.
3283 3540 3529 3620 13.‘_‘Ets.i
3571 3553 3672 3611 pro

2038 3613 2387 3674 Avellanitis
2417 3612 2903 3691 speciales_essent
2920 3612 3674 3691 Damianiconstitutiones,

2038 3700 2407 3745 communem
2446 3679 2639 3743 tamen
2689 3684 2998 3759 Romualdi
3032 3684 3381 3759 e_r_emiticam
3414 3679 3670 3759 discipli-

2039 3774 2182 3833 nam.
2226 3772 2567 3833 concerneip
2615 3755 2891 3833 potuisse.
2930 3755 3013 3833 14,
3053 3755 3180 3833 Non
3230 3753 3409 3833 modo.
3446 3751 3668 3833 aliqua,

2040 3830 2134 3887 sed
2169 3829 2367 3887 omnia
2401 3828 2472 3884 ad
2517 3825 2825 3884 Rofnualdi
2859 3825 3285 3882 institutionem
3312 3825 3617 3881 attinentia
3639 3838 3675 3879 a

2039 3900 2320 3975 Damiano
2353 3897 2598 3975 probari.
2654 3898 2735 3975 16.
2787 3895 3112 3975 Discipulos
3160 3895 3219 3954 S.
3254 3892 3668 3975 Romualdiap

2038 3969 2218 4029 veluti
2241 3970 2312 4027 ad
2344 3964 2404 4027 se
2430 3967 2580 4026 nihil
2605 3967 2913 4026 attinentes
2936 3964 3258 4026 Damianus
3286 3965 3565 4025 nominet.
3588 3964 3675 4023 16.

2036 4060 2084 4118 Ι.
2138 4060 2268 4120 Jam
2315 4072 2453 4117 vero
2498 4056 2805 4116 Laderchii
2856 4064 3218 4131 argumenta,
3266 4056 3484 4131 quibus
3523 4056 3676 4114 hanc

1967 4149 2313 4210 sententiam
2360 4163 2657 4222 opugnare
2688 4144 2853 4204 uisus
2892 4152 2995 4217 est,
3024 4146 3351 4205 audiamus.
3397 4144 3494 4203 Ait
3534 4159 3669 4217 ergo

1966 4241 2069 4300 lib.
2117 4252 2187 4311 I,‘
2210 4255 2333 4313 cap.
2385 4236 2439 4309 8,
2473 4253 2532 4296 n.
2586 4237 2663 4296 6:
2725 4259 2747 4289 ι
2784 4235 3259 4294 Pratereundum
3310 4242 3503 4293 tamen
3556 4248 3675 4292 non

1965 4341 2258 4407 putamus,
2296 4329 2633 4399 nonnullos,
2664 4327 2858 4387 stellas
2903 4335 3202 4386 manentes
3247 4326 3312 4384 in
3363 4324 3585 4394 ordine,
3619 4327 3675 4380 et

1969 4437 2143 4481 cursu
2173 4435 2297 4490 suo,
2330 4419 2610 4478 nimirum
2640 4416 3107 4490 congregationes
3147 4414 3666 4482 Camaldulensem,

1969 4521 2025 4570 et
2062 4509 2510 4570 Avellanensem
2548 4506 2872 4564 inordinate
2898 4505 2961 4563 in
3005 4519 3186 4564 unam
3223 4505 3473 4563 conﬂare
3504 4518 3673 4562 cona—

1968 4614 2102 4665 tos:
2136 4600 2405 4679 quamvis
2456 4600 2596 4673 ipsis
2648 4598 3069 4673 ignoscendum
3121 4598 3485 4668 arbitremur,
3535 4595 3674 4671 quia

1971 4692 2186 4752 scilicet
2243 4703 2518 4762 germana
2565 4688 2835 4757 Charitas,
2870 4693 2926 4746 et
2968 4686 3225 4756 societas,
3259 4701 3434 4761 quam
3473 4683 3672 4744 Domi-

1972 4798 2085 4840 nus
2130 4779 2286 4838 dedit
2337 4779 2489 4836 inter
2533 4774 2999 4844 Avellanensem,
3061 4780 3117 4832 et
3174 4773 3677 4834 Camaldulensem

1970 4870 2252 4930 familiam
2279 4912 2294 4940 ,
2347 4867 2568 4941 decepit
2618 4881 2751 4936 eos,
2807 4880 2952 4938 quos
3003 4871 3154 4923 certe
3206 4862 3415 4923 melius
3471 4863 3673 4921 faciem

1971 4964 2103 5023 cali
2143 4967 2199 5020 et
2240 4967 2406 5019 terra
2437 4958 2673 5032 probare
2708 4971 2998 5029 rogamus.
3031 4955 3190 5014 Inter
3215 4957 3321 5015 bos
3349 4961 3676 5014 recensetur

1972 5050 2200 5115 Gabriel
2243 5050 2561 5109 Pennottus
2589 5062 2762 5119 supra
2792 5047 3025 5118 relatus,
3057 5062 3091 5105 a
3122 5063 3239 5122 quo
3274 5046 3472 5106 Fontis
3499 5042 3673 5103 Avel-

1972 5145 2123 5202 lana
2167 5141 2427 5200 eremita
2484 5136 2697 5211 passim
2737 5137 3208 5197 Camaldulenses
3238 5140 3674 5206 nuncupantur,

1972 5241 2028 5293 et
2071 5232 2191 5291 alii.
2229 5254 2249 5282 ι
2291 5228 2398 5288 Ubi
2442 5244 2600 5299 sane,
2630 5228 2694 5286 in
2738 5228 2862 5302 ipso
2905 5226 3315 5288 controversia
3361 5223 3584 5295 limine,
3613 5222 3676 5281 in

1972 5324 2097 5398 ipsa
2141 5318 2479 5395 quastionis
2518 5317 2905 5392 propositione
2945 5314 3251 5388 insigniter
3282 5310 3677 5371 hallucinatus

1973 5411 2203 5470 videtur
2228 5413 2456 5479 auctor;
2487 5422 2677 5480 neque
2705 5405 2860 5465 enim
2892 5426 2915 5457 ι
2949 5400 3417 5476 congregationes
3446 5399 3677 5486 Gamal-

1973 5500 2298 5570 dulensem,
2357 5503 2411 5555 et
2484 5495 2933 5555 Avellanensem
2989 5487 3323 5549 inordinare
3379 5488 3442 5547 in
3495 5504 3675 5549 unam

1979 5590 2232 5651 conﬂare
2259 5602 2559 5658 conamur,
2586 5610 2613 5635 »
2654 5584 2799 5644 dum
2848 5581 2906 5643 S.
2964 5579 3199 5643 Petrum
3253 5578 3524 5641 Damiani
3572 5578 3682 5640 Ca-
