4034 6464
378 326 448 386 63
1291 321 1351 381 S.
1394 319 1685 381 PETRUS
1727 314 2118 379 DAMIANUS
2157 314 2218 376 S.
2259 315 2329 375 R.
2370 314 2437 374 E.
2478 311 2958 374 CARDINALIS.
3824 316 3913 375 64

384 449 805 510 maldulensem
830 447 1142 507 asserimus
1173 465 1184 505 :
1216 446 1315 504 sed
1343 450 1657 518 utrumque
1684 442 1893 517 potius,
1925 442 1980 500 id
2014 443 2098 500 est
2118 440 2331 501 Avivis
2370 439 2642 515 operibus
2690 440 2922 513 legitur,
2962 439 3136 497 etiam
3178 439 3438 514 apicibus
3472 438 3773 511 traditum,
3819 440 3910 498 ad

385 542 847 600 Camaldulensem
924 537 987 596 in
1043 536 1275 610 speciali
1336 535 1680 609 acceptione,
1744 549 1878 607 quae
1935 533 2086 591 solos
2175 545 2378 588 eorum
2433 530 2536 605 qui
2593 530 2759 588 nobis
2819 530 2881 588 in
2942 527 3065 588 loco
3149 529 3259 587 hoc
3343 530 3663 588 successuri
3720 535 3908 597 sunt,

383 645 559 687 sacrm
615 628 796 686 eremi
846 626 1098 686 Etruriae
1148 624 1413 683 eremitas
1462 621 1855 695 complectitur
1896 622 2087 695 (juxta

386 716 817 791 distinctionem
872 715 1011 774 alibi
1065 714 1430 788 expositam),
1487 718 1542 769 et
1589 714 2003 768 Avellanensem
2053 725 2086 767 a

382 805 446 866 B.
485 803 787 877 Lodulpho
814 800 871 862 S.
905 800 1211 862 Romualdi
1238 799 1520 871 discipulo
1548 798 1892 870 institutam,
1916 806 2087 871 atque

381 910 414 952 a
438 894 600 953 Petro
621 891 885 949 Damiani
910 890 1164 948 maxime
1192 888 1566 956 illustratam;
1596 887 2085 960 quemadmodum

385 988 440 1041 et
489 984 854 1046 Coronensem,
903 988 957 1038 et
1002 982 1405 1042 Taum‘nensem,
1458 982 1513 1034 et
1557 977 1844 1041 Gallicam,
1892 981 1947 1033 et
1985 990 2086 1033 no-

383 1078 559 1131 stram
623 1074 681 1129 S.
732 1072 1016 1127 Michaelis
1068 1072 1291 1125 Murani
1351 1066 1726 1125 monasticam
1782 1065 2083 1135 familiam,

384 1162 445 1219 in
475 1175 663 1218 unum
692 1160 934 1215 ordinem
969 1175 1001 1215 a
1030 1155 1353 1216 Romualdo
1382 1156 1716 1214 institutum
1740 1153 2086 1227 redegimus,

386 1263 561 1323 quem
589 1247 777 1306 latiori
817 1246 1243 1320 significatione
1296 1247 1780 1309 Camaldulensem,
1807 1259 1883 1301 ex
1920 1244 2088 1301 nobi-

379 1337 602 1396 lissimo
627 1352 691 1394 ac
720 1335 1096 1395 celeberrimo
1123 1335 1393 1393 omnium
1419 1334 1544 1393 loco
1574 1340 1801 1407 sumpta
1823 1332 2090 1391 denomi-

383 1427 640 1497 natione,
680 1424 1062 1499 appellamus,
1102 1440 1176 1482 ex
1213 1424 1304 1482 his
1347 1439 1480 1498 quae
1526 1422 1752 1480 dissert.
1788 1434 1829 1494 I,
1873 1437 1994 1495 cap.
2032 1421 2088 1493 2,

390 1515 741 1573 notavimus.
784 1512 967 1588 quue
1008 1528 1081 1572 ex
1113 1512 1217 1571 illa
1253 1512 1378 1586 ipsa
1421 1534 1442 1563 ι
1479 1526 1753 1585 germana
1792 1509 2089 1583 charitate,

2178 618 2437 677 notitiam
2480 620 2854 677 transferatur
2894 642 2906 675 :
2944 623 3255 692 quatenus,
3285 616 3389 675 etsi
3424 633 3540 675 non
3579 618 3915 692 contigerit

2173 724 2271 766 eos
2320 708 2390 766 ad
2432 707 2636 766 altiora
2673 707 3073 777 conscendere,
3118 706 3382 765 eamdem
3411 706 3613 764 saltem
3645 705 3912 765 vivendi

2174 800 2456 873 regulam,
2485 815 2661 874 quam
2712 814 2814 857 vos
2848 797 3102 857 tenuisse
3147 794 3470 866 didicerint,
3510 802 3565 853 et
3597 796 3708 869 ipsi
3753 802 3910 854 stu-
3974 822 3989 833 ν

2172 889 2343 948 deant
2378 889 2624 947 fideliter
2650 889 2992 959 observare;
3041 892 3105 948 ut
3132 888 3237 962 qui
3266 886 3635 945 habitationis
3665 886 3909 945 fuerint

2173 994 2546 1046 successores,
2627 978 2744 1037 sint
2821 977 3213 1036 nihilominus
3293 982 3348 1033 et
3429 976 3909 1036 conversationis

2176 1068 2476 1137 haaredes.)
2510 1068 2599 1126 Ex
2629 1084 2744 1142 quo
2773 1074 2993 1126 constat
3032 1073 3167 1125 ante
3209 1067 3333 1125 haec
3364 1073 3618 1140 tempora
3646 1065 3903 1124 Avella-

2174 1174 2384 1216 nenses
2425 1159 2694 1217 eremitas
2740 1166 2921 1216 certas
2961 1173 3078 1217 non
3108 1158 3381 1216 habuisse
3420 1157 3902 1228 constitutiones,

2174 1251 2227 1303 et
2280 1245 2469 1319 potius
2499 1247 2778 1317 moribus,
2814 1262 2992 1321 quam
3028 1246 3255 1320 legibus
3285 1245 3559 1305 deductos
3607 1245 3790 1305 fuisse
3819 1247 3906 1305 ad

2175 1333 2565 1393 obediendum
2593 1334 2730 1393 ﬁdei
2760 1335 2820 1392 in
2850 1334 3147 1407 omnibus;
3185 1349 3302 1393 non
3329 1341 3415 1392 est
3437 1350 3592 1408 ergo,
3624 1335 3778 1407 quod
3817 1349 3905 1391 ex

2174 1425 2687 1485 constitutionibus
2721 1424 2993 1500 probetur
3021 1433 3219 1484 contra
3246 1425 3524 1485 unitatem
3567 1440 3905 1498 congrega—

2178 1513 2401 1573 tionum
2425 1514 2688 1587 istarum,
2726 1515 2867 1573 dum
2914 1531 3021 1573 nec
3047 1515 3173 1585 ista,
3211 1531 3317 1572 nec
3343 1514 3443 1573 illa
3471 1514 3623 1589 ipsas
3650 1513 3905 1583 habuit;

388 1621 563 1680 quam
594 1605 880 1663 Dominus
912 1604 1248 1662 deditinter
1277 1601 1748 1672 Avellanensem,
1780 1607 1835 1659 et
1864 1600 2091 1659 Camal-
2175 1602 2296 1661 imo
2340 1603 2652 1685 dicendum
2703 1603 2902 1662 ambas
2949 1604 3106 1678 juste
3153 1609 3285 1661 ante
3340 1602 3523 1661 Deum
3586 1601 3915 1660 incessisse

389 1694 696 1753 dulensem
724 1694 1025 1763 familiam,
1056 1692 1241 1767 »jure
1262 1691 1477 1765 Optimo
1505 1690 1721 1748 factum
1749 1705 1874 1748 esse
1898 1695 2089 1749 osten-
2177 1691 2239 1749 in
2295 1692 2567 1750 omnibus
2627 1692 2914 1751 mandatis
2960 1699 3016 1751 et
3066 1691 3582 1766 justiﬁcationibus
3631 1690 3907 1761 Domini,

391 1782 592 1856 ditur;
620 1799 734 1842 non
758 1784 917 1841 enim
944 1783 1079 1854 alio,
1108 1797 1284 1856 quam
1319 1779 1578 1856 ejusdem
1615 1779 1866 1838 instituti
1893 1779 2153 1873 vincu-B
2178 1796 2322 1855 quas
2362 1780 2493 1839 illas
2550 1782 2821 1840 docuerat
2878 1781 2939 1841 S.
3001 1782 3381 1853 Romualdus,
3444 1781 3571 1841 sine
3626 1779 3904 1856 querela,

390 1874 467 1943 lo,
498 1871 812 1946 eademque
843 1871 901 1931 S.
938 1871 998 1929 P.
1033 1870 1341 1930 Romualdi
1368 1869 1692 1943 disciplina:
1721 1868 2093 1928 aemulatione

394 1963 602 2023 sociale
643 1963 832 2022 foedus
876 1963 1181 2036 utriusque
1231 1961 1468 2019 familia
1506 1962 1815 2019 consistere
1853 1946 2115 2035 poterat,

390 2052 563 2127 quale
606 2053 759 2110 inter
806 2066 931 2123 nos,
963 2058 1016 2109 et
1048 2050 1192 2108 alias
1238 2051 1582 2108 monasticas
1628 2050 2098 2125 congregationes

388 2141 462 2200 ab
517 2142 719 2201 ordine
758 2146 953 2200 nostro
999 2155 1235 2215 prorsus
1265 2139 1742 2215 independentes,
1771 2158 1889 2200 non
1926 2142 2097 2199 inter-

387 2231 580 2292 cessit.

459 2320 535 2380 II.
594 2319 970 2395 Prosequitur
1020 2326 1216 2380 autem
1278 2326 1477 2381 auctor
1530 2325 1724 2379 noster
1771 2336 1936 2379 num.
1997 2321 2030 2379 7
2080 2343 2093 2377 :

391 2430 421 2466 α
448 2410 612 2468 Hanc
640 2424 776 2468 vero
806 2409 1094 2468 unitatem
1124 2425 1197 2468 ex
1226 2408 1525 2467 identitate
1558 2408 1773 2481 regula:
1809 2425 1925 2467 non
1964 2424 2099 2483 pro-

389 2498 511 2559 bari
575 2497 798 2573 liquido
852 2505 1116 2572 apparet;
1177 2513 1311 2556 nam
1368 2498 1415 2555 si
1479 2514 1551 2555 ex
1612 2514 1679 2556 eo
1729 2514 1845 2572 quo
1896 2499 2098 2556 eadem

396 2587 454 2647 S.
485 2586 853 2647 P.Benedicti
874 2586 1075 2660 regula
1089 2586 1161 2644 ab
1186 2592 1434 2660 utraque
1450 2586 1890 2660 congregatione
1915 2594 2099 2645 custo-

392 2678 656 2737 diebatur
685 2677 882 2742 nimis,
915 2691 1095 2735 unam
1130 2676 1527 2735 tantummodo
1554 2677 1733 2735 fuisse
1762 2676 2087 2750 conjicitur;

391 2768 574 2844 igitur
613 2775 669 2826 et
716 2767 1203 2837 Cisterciensium,
1236 2773 1291 2825 et
1329 2766 1824 2839 Cluniacensium,
1865 2776 1921 2826 et
1960 2768 2099 2827 Val-

389 2858 921 2928 lumbrosanorum,
975 2862 1030 2914 et
1087 2856 1562 2916 Silvestrinorum
1604 2859 2097 2932 congregationes,

393 2963 528 3022 qua}
573 2961 773 3004 omnes
814 2945 1072 3003 eamdem
1106 2944 1164 3005 S.
1198 2945 1260 3004 P.
1294 2945 1587 3005 Benedicti
1631 2946 1891 3022 regulam
1924 2948 2099 3020 profi-

394 3017 604 3104 tentur,
639 3049 756 3092 non
782 3032 995 3106 plures,
1027 3033 1126 3091 sed
1147 3049 1265 3091 una
1292 3017 1833 3093 tantummodo'erit
1856 3017 2101 3108 congre-

389 3126 562 3227 gatio.
593 3124 718 3196 Quo
748 3126 898 3227 nihil
935 3124 1249 3227 absurdius
1282 3124 1396 3227 dici
1424 3133 1622 3227 potest.
1665 3149 1691 3177 υ
1732 3130 1808 3185 At
1837 3142 2009 3227 nemo
2038 3126 2097 3184 in
2118 3166 2162 3227 Ο

392 3217 658 3276 animum
684 3216 938 3286 induxit,
974 3222 1038 3275 ut
1064 3233 1139 3274 ex
1169 3215 1290 3273 sola
1314 3214 1704 3273 Benedictinee
1733 3214 1950 3288 regulae
1977 3230 2103 3289 pro-

395 3305 643 3365 fessione
689 3306 928 3364 Fontem
965 3304 1266 3364 Avellanaa
1316 3304 1388 3363 ad
1425 3303 1962 3363 Camaldulensium
2010 3305 2103 3363 in-

396 3398 665 3456 stitutum
692 3394 979 3470 pertinere
1010 3394 1316 3453 deduceret
1346 3418 1357 3451 :
1388 3392 1504 3452 nisi
1535 3394 1676 3452 forte
1700 3393 1851 3452 illud
1867 3392 2105 3452 aliunde

398 3489 534 3564 quis
583 3487 873 3560 adjiceret,
928 3492 1030 3544 aut
1079 3486 1284 3544 saltem
1328 3490 1693 3559 supponeret,
1745 3483 2105 3543 Avellanitas

394 3576 749 3636 eremiticam
783 3576 1026 3648 insuper
1059 3574 1238 3634 vitam
1275 3572 1543 3644 coluisse,
1574 3574 1742 3648 cujus
1773 3574 1844 3631 ad
1872 3573 2104 3632 Benedi-

389 3666 559 3726 ctinaa
598 3666 818 3740 regulae
856 3680 1106 3723 canones
1145 3662 1477 3738 conjunctio
1527 3661 1718 3721 solum
1773 3660 1832 3720 S.
1872 3661 1933 3721 P.
1988 3664 2104 3723 Ro-

396 3757 701 3819 mualdum
739 3762 1052 3827 auctorem,
1086 3761 1139 3814 et
1172 3753 1559 3813 institutorem
1585 3752 1866 3825 agnoscit,
1896 3768 2103 3826 quem-

393 3848 709 3907 admodum
762 3846 989 3904 dissert.
1036 3858 1077 3917 I,
1134 3859 1257 3917 cap.
1303 3844 1356 3914 5,
1404 3858 1568 3901 num.
1632 3842 1717 3914 10,
1770 3842 2104 3903 observavi-

397 3953 547 3997 mus.
598 3937 722 4007 Qua
755 3936 975 3994 ratione
1014 3942 1168 4009 patet
1212 3934 1438 3994 nullam
1484 3950 1607 3994 esse
1646 3935 1718 3994 ab
1759 3935 2106 3994 Avellanitis

395 4026 469 4086 ad
538 4032 772 4084 caeteros
821 4024 1155 4095 monachos,
1204 4039 1350 4097 puos
1400 4030 1657 4083 recenset
1730 4025 2103 4100 Laderchius,

394 4113 818 4174 deductionem.

468 4202 571 4261 III.
603 4201 795 4277 Pergit
849 4206 1037 4260 tamen
1090 4215 1254 4260 num.
1311 4200 1389 4260 8:
1433 4201 1700 4274 «Minus,
1758 4202 1969 4275 inquit,
2032 4220 2106 4262 ex

397 4291 695 4353 identitate
744 4290 1225 4350 constitutionum
1266 4297 1485 4349 constat
1525 4307 1642 4350 non
1674 4290 1901 4365 probari
1933 4291 2105 4350 talem

399 4383 703 4450 unitatem,
751 4397 852 4456 per
890 4397 1035 4454 quas
1080 4379 1518 4440 constitutiones
1557 4396 1930 4455 unaquaque
1973 4395 2106 4440 con-

399 4471 653 4548 gregatio
683 4470 876 4529 diﬂ'ert
903 4469 974 4528 ab
1010 4469 1143 4543 alia,
1172 4470 1320 4530 sicut
1353 4471 1516 4529 stella
1547 4487 1581 4528 a
1620 4470 1823 4542 stella;
1854 4486 1989 4529 nam
2030 4473 2165 4594 si,»D

401 4583 528 4594 ,ηηη
585 4563 898 4594 Απηηηιςηη
948 4563 1225 4594 ΠΛἏΙιςηῖΛ
1284 4563 1317 4594 Q
1390 4563 1776 4594 Dnmnnlanm
1824 4566 2065 4594 ηΛηηοςι..

398 4583 533 4626 cum
571 4563 898 4640 Augustino
947 4563 1247 4636 Fortunio,
1284 4563 1340 4624 S.
1389 4563 1779 4623 Romualdum
1823 4566 2104 4625 constitu-

399 4658 584 4717 tiones
609 4672 724 4714 non
755 4653 1004 4713 edidisse
1036 4654 1300 4727 fatemur,
1330 4660 1385 4713 et
1412 4655 1535 4714 suis
1564 4654 2107 4717 Camaldulensibus

400 4761 520 4805 non
565 4745 883 4815 tradidisse,
926 4744 1106 4818 igitur
1134 4759 1253 4802 non
1303 4749 1387 4802 est
1432 4745 1633 4803 eadem
1688 4759 1819 4803 cum
1872 4745 2106 4804 Avella-

399 4835 569 4894 nensi
617 4833 1075 4894 Camaldulensis
1119 4832 1510 4907 congregatio;
1550 4849 1688 4893 nam
1734 4832 1855 4904 illa,
1888 4835 1972 4894 uti
2016 4836 2106 4894 vi-

397 4923 651 4993 debitur,
710 4923 967 4997 proprias
1021 4922 1415 4982 institutiones
1472 4922 1694 4996 habuit,
1753 4939 1917 4983 secus
1974 4924 2100 4982 ista.

397 5014 551 5086 Quid
597 5011 855 5071 dicemus
908 5013 978 5071 ad
1034 5011 1213 5071 haec?
1251 5012 1749 5087 Respondebimus
1786 5029 1924 5072 sane
1969 5030 2103 5072 san-

393 5109 553 5163 ctum
582 5100 974 5162 Romualdum
1018 5100 1211 5159 nullas
1250 5101 1473 5161 dedisse
1506 5102 1967 5175 constitutiones,
2006 5104 2100 5161 sed

395 5210 504 5253 nec
555 5192 705 5253 ullas
747 5189 1037 5261 habuisse,
1073 5205 1187 5248 non
1240 5191 1426 5249 solum
1481 5191 1973 5261 Camaldulenses,
2006 5191 2105 5250 sed

398 5298 505 5341 nec
543 5281 975 5341 Avellanenses.
1027 5278 1098 5335 Et
1143 5279 1248 5337 hoc
1293 5295 1368 5338 ex
1418 5279 1542 5353 ipso
1598 5280 1762 5339 Petro
1815 5277 2102 5352 Damiani,

396 5372 499 5444 qui
530 5371 589 5428 in
621 5386 817 5444 opusc.
862 5367 943 5426 De
974 5365 1176 5426 ordine
1205 5367 1574 5426 eremitarum
1615 5368 1811 5426 Fontis
1837 5368 2103 5429 Avellani

399 5460 525 5518 haec
572 5459 761 5528 habet,
800 5474 975 5533 agens
1027 5456 1097 5515 de
1145 5472 1265 5515 suae
1306 5456 1763 5529 congregationis
1796 5456 2100 5518 institutis.

397 5548 564 5620 (Volo
604 5556 816 5620 autem,
868 5550 1072 5607 fratres
1113 5548 1248 5619 mei,
1287 5548 1357 5605 de
1408 5551 1614 5604 vestrae
1654 5549 2105 5609 conversationis

395 5637 597 5700 ordine
639 5652 822 5713 pauca
858 5637 1259 5713 perstringere,
1292 5635 1543 5711 utquod
1586 5637 1649 5696 in
1692 5638 1897 5699 vestris
1944 5655 2104 5702 nunc

2181 1879 2236 1928 et
2263 1870 2359 1929 tali
2391 1877 2550 1943 pacto
2579 1872 2777 1930 ambas
2810 1871 3153 1945 processisse
3179 1870 3242 1928 in
3278 1870 3483 1929 diebus
3508 1870 3650 1929 suis.
3680 1890 3708 1923 ››

2254 1957 2351 2016 IV.
2386 1957 2570 2028 Quam
2592 1959 3023 2040 responsionem
3035 1959 3117 2017 sic
3137 1958 3548 2017 confutandam
3560 1959 3915 2032 aggreditur

2183 2049 2449 2123 sequenti
2493 2065 2655 2109 num.
2690 2052 2743 2122 9,
2785 2050 2981 2109 dicens
3022 2074 3033 2109 :
3100 2073 3122 2099 α
3157 2048 3267 2109 Sed
3312 2065 3441 2108 cum
3491 2049 3563 2107 ab
3599 2065 3719 2109 uno
3768 2065 3911 2108 ma-

2182 2139 2359 2211 gistro
2407 2139 2853 2199 Avellanensem
2905 2147 2960 2199 et
3020 2139 3523 2199 Camaldulensem
3574 2141 3750 2199 simul
3812 2141 3907 2199 fa-

2184 2229 2408 2288 miliam
2467 2231 2759 2305 volumus,
2798 2248 2902 2291 cur
2945 2232 3139 2306 prima
3180 2232 3253 2290 ab
3291 2231 3406 2290 alia
3444 2232 3671 2306 legibus
3721 2232 3913 2306 ccepit

2183 2319 2399 2389 vivere,
2442 2336 2559 2379 non
2601 2322 3011 2382 traditionibus
3045 2329 3308 2381 contenta
3337 2322 3365 2381 ?
3397 2324 3543 2382 Nam
3572 2338 3724 2381 anno
3758 2322 3910 2383 1040

2185 2410 2277 2467 vel
2330 2410 2574 2481 circiter,
2617 2429 2650 2471 a
2707 2412 2875 2471 Petro
2930 2419 3127 2471 nostro
3184 2413 3450 2471 Damiani
3496 2412 3909 2472 institutiones

2184 2515 2307 2559 sua:
2340 2502 2796 2576 congregationis
2826 2503 3120 2578 inscriptae
3155 2504 3554 2577 perhibentur,
3588 2503 3679 2563 vel
3714 2504 3911 2563 tutius

2183 2606 2338 2649 anno
2389 2592 2519 2651 1071
2563 2593 2656 2651 vel
2706 2592 2862 2664 1072,
2904 2609 3042 2652 nam
3090 2609 3164 2652 ex
3219 2593 3404 2667 ipsius
3455 2593 3666 2665 verbis,
3720 2594 3909 2653 morti

2184 2680 2518 2754 proximum
2576 2681 2704 2740 illas
2757 2682 3053 2757 scripsisse
3101 2689 3291 2756 aperte
3339 2681 3633 2756 colligitur
3681 2706 3693 2740 :
3751 2682 3907 2741 dum

2185 2771 2486 2849 alloquens
2514 2774 2575 2830 in
2606 2775 2894 2848 prioratus
2926 2774 3113 2833 officio
3152 2789 3287 2832 suos
3315 2788 3673 2832 successores
3705 2773 3905 2846 (Ecce,

2185 2858 2341 2931 dicit,
2392 2860 2593 2919 fratres
2637 2862 2770 2931 mei,
2811 2863 2897 2921 fui
2950 2863 3104 2938 quod
3137 2861 3293 2933 estis,
3350 2868 3405 2918 et
3443 2876 3713 2919 emensus
3764 2877 3908 2921 sum

2186 2950 2339 3023 quod
2396 2950 2653 3009 transitis
2707 2971 2721 3010 :
2775 2959 2984 3027 praesto
3034 2952 3200 3012 vobis
3248 2958 3386 3011 sunt
3450 2968 3583 3027 qua)
3642 2952 3904 3025 deserui,

2185 3039 2579 3115 propinquum
2633 3047 2718 3098 est
2766 3057 2881 3115 quo
2934 3041 3219 3115 perveni),
3276 3048 3331 3098 et
3378 3055 3531 3099 anno
3584 3040 3908 3101 centesimo

2185 3145 2358 3202 supra
2411 3129 2809 3200 millesimum,
2864 3135 2920 3187 et
2975 3128 3149 3201 ultra,
3207 3129 3465 3204 regulam
3515 3130 3901 3204 eremiticam,

2185 3225 2416 3276 auctore
2468 3218 2793 3290 Augustino
2877 3218 3176 3291 Fortunio,
3240 3218 3627 3293 promulgavit
3703 3220 3771 3279 Ρι.
3830 3220 3900 3279 Ρ.

2185 3307 2528 3382 Bodulphus
2569 3308 2747 3368 eremi
2790 3308 3250 3369 Camaldulensis
3297 3310 3471 3384 prior,
3505 3310 3907 3369 consentiente

2185 3396 2550 3470 Helemperio
2598 3397 2850 3472 episcopi
2904 3398 3162 3457 Aretino.
3215 3397 3286 3456 Et
3331 3398 3401 3457 ad
3456 3398 3597 3475 quid
3647 3398 3906 3472 perditio

2186 3485 2312 3543 haec
2342 3501 2512 3545 novae
2545 3486 2841 3559 Bodulphi
2873 3488 3107 3562 regulas,
3137 3488 3185 3547 si
3215 3505 3286 3547 ex
3320 3496 3458 3548 tunc
3492 3493 3716 3547 tantum
3751 3494 3904 3547 tem-

2186 3575 2342 3650 poris
2367 3576 2534 3634 illam
2567 3576 2967 3635 monumentis
3000 3576 3202 3636 Petrus
3250 3578 3318 3637 N.
3356 3577 3623 3637 Damiani
3654 3577 3903 3637 manda-

2188 3672 2347 3724 verat
2389 3668 2416 3722 ?
2462 3664 2531 3735 si,
2588 3671 2653 3724 ut
2713 3666 3082 3740 supponitur,
3134 3668 3398 3726 eamdem
3451 3667 3657 3741 ipsam,
3716 3682 3901 3741 quam

2188 3757 2519 3815 habuerunt
2543 3771 2617 3812 ex
2646 3770 2742 3813 ore
2765 3757 2948 3814 sancti
2978 3755 3292 3814 Romualdi
3321 3755 3810 3827 Camaldulenses,
3843 3762 3903 3814 et

2189 3844 2605 3903 Avellanenses
2627 3858 2860 3918 quoque
2884 3845 3271 3919 acceperunt?
3305 3867 3332 3899 »
3366 3844 3506 3903 Haec
3533 3844 3651 3903 ille.

2261 3931 2329 3991 V.
2370 3933 2437 3991 In
2468 3933 2682 4008 quibus
2727 3932 2917 4008 primo
2966 3933 3323 3992 dissimulari
3370 3948 3485 3992 non
3532 3932 3698 3991 debet
3751 3934 3900 3991 scri-

2188 4029 2409 4099 ptorem
2440 4023 2597 4081 hunc
2626 4023 2687 4081 in
2722 4023 3015 4097 probanda
3047 4023 3557 4097 congregationum
3595 4021 3901 4082 Avellanaa

2190 4120 2245 4171 et
2280 4111 2609 4171 Camalduli
2652 4114 2878 4186 (nempe
2920 4129 3097 4171 sacras
3146 4114 3325 4172 eremi
3370 4113 3636 4183 Etruriae)
3684 4113 3899 4171 distin-

2190 4202 2398 4272 ctione,
2432 4202 2667 4260 inanem
2725 4218 2956 4277 operam
3003 4203 3223 4274 ludere,
3250 4218 3384 4261 cum
3434 4203 3492 4261 id
3531 4202 3588 4260 in
3620 4200 3899 4277 quaestio-

2191 4308 2326 4351 nem
2358 4292 2601 4350 minime
2660 4291 2840 4364 cadat,
2904 4293 3001 4351 sed
3080 4289 3328 4365 tantum,
3391 4308 3465 4351 an
3523 4299 3769 4368 utraque
3825 4292 3900 4351 ad

2191 4381 2463 4441 eumdem
2495 4381 2761 4440 ordinem
2791 4398 2823 4439 a
2863 4380 2920 4441 S.
2972 4382 3298 4442 Romualdo
3336 4383 3690 4454 institutum,
3719 4397 3900 4457 quem

2191 4472 2694 4535 Camaldulensem
2728 4472 2995 4545 dicimus,
3039 4475 3374 4547 pertineat?
3431 4473 3654 4531 Fucum
3702 4470 3898 4546 itaque

2194 4565 2504 4625 lectoribus
2543 4564 2696 4637 facit,
2738 4564 2879 4623 dum
2908 4565 3083 4623 anxie
3111 4563 3375 4638 inquirit,
3403 4579 3479 4622 an
3525 4569 3789 4636 utraque,
3818 4579 3893 4621 an

2194 4661 2402 4713 neutra
2460 4653 2664 4712 eodem
2739 4660 2994 4727 tempore
3077 4652 3304 4725 scriptis
3385 4650 3899 4711 constitutionibus

2192 4748 2430 4821 vixerit,
2464 4757 2518 4809 et
2553 4766 2625 4808 an
2658 4749 2947 4821 superﬂuo
3000 4746 3194 4806 labore
3227 4745 3547 4805 Camalduli
3584 4752 3897 4804 consuetu-

2191 4838 2357 4897 dines
2394 4837 2459 4899 B.
2506 4837 2853 4913 Bodulphus
2903 4836 3211 4910 scripserit,
3243 4842 3545 4910 postquam
3596 4834 3899 4895 Avellanaa

2190 4928 2582 4988 institutiones
2626 4924 2683 4985 S.
2738 4926 2941 4985 Petrus
2986 4924 3252 4983 Damiani
3305 4922 3671 4983 dictaverat?
3721 4924 3900 4994 Quasi

2189 5035 2326 5079 vero
2376 5017 2515 5077 hinc
2560 5016 2782 5075 ordinis
2821 5016 3016 5076 unitas
3074 5016 3346 5091 pendeat;
3378 5031 3510 5075 cum
3554 5014 3732 5072 nimis
3780 5016 3903 5074 evi-

2190 5108 2332 5167 dens
2389 5107 2463 5167 sit
2522 5113 2636 5165 tam
2713 5104 3195 5181 multas,passim
3264 5120 3564 5163 occurrere
3640 5103 3901 5177 ejusdem

2189 5196 2409 5256 ordinis
2446 5195 2939 5269 congregationes,
2989 5209 3121 5267 quae
3148 5208 3264 5251 non
3296 5192 3524 5263 iisdem,
3553 5208 3657 5251 nec
3696 5192 3899 5251 eodem

2191 5293 2447 5358 tempore
2505 5283 2731 5358 scriptis
2776 5281 3241 5343 institutionibus
3294 5287 3576 5340 utantur:
3627 5281 3900 5355 quemad-

2190 5374 2428 5432 modum
2473 5372 2606 5431 aliaa
2671 5377 2811 5431 sunt
2857 5370 3339 5446 Capuccinorum,
3396 5370 3527 5429 alite
3596 5369 3894 5428 minorum

2187 5460 2639 5527 observantium,
2698 5458 2832 5517 alia:
2893 5456 3364 5517 conventualium
3418 5460 3589 5531 leges,
3624 5457 3892 5530 quamvis

2190 5551 2299 5610 sub
2341 5550 2540 5609 eodem
2598 5549 2659 5610 S.
2717 5548 3006 5609 Francisci
3059 5546 3262 5607 ordine
3317 5546 3893 5618 militantium;alize

2186 5640 2400 5717 pariter
2449 5640 2911 5713 Carmelitarum,
2966 5653 3110 5715 quos
3186 5637 3477 5697 Calceatos
3530 5644 3888 5711 nuncupant,
