4034 6468
112 279 177 337 65
980 282 1553 345 PROLEGOMENA.
1600 314 1670 329 -
1706 285 1801 344 DE
1841 283 2243 345 INSTITUTO
2281 278 2713 345 CAMALDUL.
3558 284 3629 347 66

106 404 233 464 aliae
270 405 763 467 Excalceatorum
799 409 1266 482 constitutiones;
1295 411 1433 470 item
1472 409 1603 470 alia;
1641 410 1893 474 Nudi-A
1914 410 2131 485 primas
2175 408 2441 469 Patribus
2482 408 2873 484 promulgavit
2915 409 3381 484 constitutiones,
3412 411 3626 487 quibus

107 493 324 567 pedum
367 494 943 569 Augustiniensium,
974 498 1107 557 alia;
1134 501 1646 574 congregationum
1676 505 1838 559 vete-
1917 499 2107 557 omnis
2148 515 2282 559 vere
2322 499 2679 559 coenobitieae
2729 499 3101 558 instituendas
3146 500 3283 559 vitm
3324 501 3630 572 rationem,

108 582 184 639 ris
216 580 547 665 Eremitani
584 584 841 643 instituti
874 586 1208 659 sequacium
1247 587 1697 646 consuetudines
1727 607 1739 646 :
1774 592 1838 646 ut
1920 596 2033 646 tam
2071 587 2258 661 quoad
2302 587 2525 658 divina,
2562 603 2739 662 quam
2784 587 2971 661 quoad
3022 603 3229 659 mores,
3286 595 3417 661 etc.,
3462 589 3628 663 quin-

112 667 259 726 uihil
328 668 403 727 de
467 671 805 744 monastico,
860 672 1006 730 nihil
1071 673 1142 731 de
1209 673 1333 748 ipso
1407 673 1837 734 Camaldulensi

1917 694 2029 753 que
2071 678 2234 737 libris
2282 680 2619 754 complexus
2665 686 2768 740 est.
2800 705 2826 728 »
2887 679 3088 754 Itaque
3139 680 3236 738 hic
3276 679 3390 739 dici
3441 685 3631 754 posset
3724 688 3733 695 ‘

114 758 324 817 ordine
366 759 658 835 adjiciam,
692 761 755 820 in
793 777 911 837 quo
951 763 1052 820 alii
1087 770 1225 822 sunt
1258 764 1701 835 coenobitarum,
1734 763 1837 822 alii

114 850 499 908 eremitarum
557 866 733 909 sacrae
799 851 976 910 eremi
1041 853 1309 925 Etruriae,
1367 855 1468 913 alii
1525 870 1837 928 congrega-

117 938 290 996 tionis
348 939 568 998 montis
617 940 877 1012 Coronae,
917 941 1018 1000 alii
1067 942 1321 1020 denique
1359 943 1834 1015 Taurinensium,

1915 784 2050 827 cum
2082 768 2398 828 Laderchio
2425 794 2436 828 :
2475 790 2503 823 ‹‹
2531 769 2718 844 Igitur
2747 785 2865 828 non
2896 777 2979 827 est
3008 770 3207 828 eadem
3236 785 3373 828 cum
3413 769 3628 828 eremi-

1917 861 2105 917 tarum
2136 856 2670 917 Camaldulensium
2695 858 3137 932 congregatione
3166 856 3628 917 Camaldulensis

1914 947 2333 1006 monachorum
2364 949 2762 1024 congregatio:
2799 964 2935 1007 nam
2980 947 3102 1019 illa,
3148 948 3233 1006 uti
3281 948 3473 1006 visum
3517 953 3631 1019 est,

115 1027 213 1084 alii
267 1026 579 1088 Gallorum
630 1032 1003 1092 eremitarum
1059 1033 1294 1091 vivendi
1345 1048 1554 1107 mores,
1612 1032 1836 1094 tametsi
1916 1036 2172 1110 proprias
2221 1038 2611 1097 institutiones
2660 1036 2866 1097 habuit
2901 1041 2957 1107 (a
2996 1044 3249 1112 tempore
3297 1038 3363 1097 Β.
3416 1038 3628 1098 Rodul-

115 1116 390 1176 eumdem
451 1135 654 1179 omnes
704 1136 1075 1181 communem
1129 1122 1357 1181 Patrem
1414 1124 1833 1197 Romualdum,
1872 1113 2037 1200 'phi,
2090 1142 2277 1201 usque
2325 1126 2396 1185 ad
2449 1127 2604 1199 1234)
2650 1141 2815 1184 secus
2866 1124 3020 1184 ista:
3060 1124 3212 1195 Quid
3262 1126 3521 1187 dicemus
3553 1127 3626 1186 ad

1914 1215 2093 1275 haec?
2120 1242 2144 1269 ιο
2186 1218 2408 1277 Pariter
2438 1233 2574 1277 cum
2621 1215 2821 1275 eodem
2861 1215 3180 1275 Laderchio
3227 1217 3340 1276 dici
3387 1223 3622 1292 posset:

691 1314 799 1387 um
827 1306 1168 1373 cognomine
1194 1306 1537 1375 glorientur.
1919 1332 1945 1360 α
1977 1309 2089 1368 Sed
2129 1325 2265 1369 cum
2296 1310 2369 1369 ab
2406 1326 2527 1369 uno
2572 1309 2843 1382 magistro
2878 1306 3276 1379 eremitarum,
3319 1314 3376 1367 et
3419 1324 3626 1367 mona-

190 1385 284 1444 VI.
312 1386 605 1461 Secundo,
637 1385 771 1448 cum
787 1405 857 1448 ex
878 1389 1046 1449 dictis
1068 1390 1295 1450 dissert.
1313 1404 1352 1462 Ι,
1384 1408 1432 1450 c.
1460 1393 1512 1462 2,
1542 1407 1706 1451 num.
1745 1390 1783 1448 1

2032 1415 2157 1457 rum
2199 1398 2755 1468 Camaldulensium,
2795 1398 2974 1456 simul
3012 1396 3293 1456 familiam
3330 1398 3625 1470 volumus,

114 1475 311 1533 omnia
380 1476 607 1549 pridem
683 1477 1047 1550 monasteria,
1131 1479 1295 1553 quasi
1370 1479 1607 1539 totidem
1691 1495 1707 1538 <

2058 1488 2247 1561 prima
2293 1489 2366 1547 ab
2401 1488 2516 1547 alia
2555 1488 2779 1563 legibus
2823 1486 2996 1560 erepit
3045 1486 3264 1558 vivere,
3301 1502 3417 1545 non
3457 1488 3630 1546 tradi-

114 1563 499 1639 gregationes,
557 1564 661 1624 abs
714 1582 774 1624 se
828 1567 1081 1627 invicem
1140 1567 1586 1642 independentia
1641 1584 1706 1628 co

2036 1578 2168 1637 ibus
2207 1587 2522 1639 contenta?
2559 1579 2631 1638 Et
2680 1578 2752 1638 ad
2795 1578 2937 1654 quid
2992 1578 3234 1651 perditio
3281 1578 3407 1637 haec
3457 1594 3625 1638 novaa

115 1659 348 1723 sterant,
410 1669 733 1729 congruum
792 1662 912 1714 erat
976 1656 1248 1731 profecto,
1307 1663 1373 1715 ut
1429 1657 1656 1732 singula
1709 1657 1832 1716 suis
1910 1667 2223 1728 B.Martini
2244 1668 2327 1727 III
2348 1667 2586 1743 regulae,
2615 1668 2757 1727 siex
2775 1674 3152 1726 tunctantum
3179 1667 3624 1740 temporisillam

113 1744 626 1803 constitutionibus
657 1745 884 1819 scriptis
920 1753 1242 1819 uterentur,
1281 1744 1481 1820 quales
1518 1762 1591 1804 ex
1631 1746 1833 1805 multis
1855 1758 2319 1829 Bmonumentis
2351 1756 2418 1815 Β,
2449 1756 2796 1832 Rodulphus
2827 1755 3249 1814 mandaverat?
3292 1755 3363 1828 si,
3392 1761 3458 1815 ut
3485 1771 3629 1831 sup-

113 1848 247 1891 mss.
314 1840 730 1923 commemorat
779 1834 1036 1893 Martene
1089 1836 1169 1923 de,
1212 1834 1469 1909 antiquis
1517 1835 1832 1894 mOIlaChO‘
1912 1849 2169 1923 ponitur,
2217 1847 2479 1907 eamdem
2524 1847 2728 1921 ipsam,
2786 1862 2959 1922 quam
3012 1845 3348 1905 habuerunt
3399 1861 3476 1903 ex
3528 1861 3627 1906 ore

115 1936 241 1979 ΓιιιΠ
279 1921 516 1991 mih“.
551 1931 692 1997 P11la
731 1923 1123 1994 ΟοΓδθίθυεθε»
1154 1922 1551 1993 Πίνίοηθηεθει
1587 1923 1828 1983 ΤιΙῙίθΠ·
1914 1921 1975 1997 S.
1989 1936 2654 2004 Romualdieremitae,et
2670 1921 2937 1995 monachi
2959 1951 3190 2009 quoque
3215 1942 3573 2009 acceperunt.
3597 1960 3619 1988 ι

112 2027 218 2083 ses,
273 2010 785 2086 Compendienscs,
841 2013 1280 2085 Laudunenses,
1336 2015 1643 2088 Lyrenses,
1697 2032 1705 2068 t

2030 2033 2215 2085 tamen
2265 2042 2384 2084 non
2421 2025 2592 2085 modo
2640 2025 2712 2083 ad
2758 2025 3030 2083 eumdem
3083 2023 3369 2094 ordinem,
3400 2024 3497 2082 sed
3549 2023 3620 2082 ad

111 2115 290 2174 quare
319 2099 465 2175 quid
486 2101 723 2171 mirum,
751 2101 801 2161 si
831 2101 1289 2162 Camaldulensis
1317 2118 1545 2161 eremus
1571 2103 1829 2176 proprias
1910 2114 2172 2173 eamdem
2228 2120 2365 2173 tunc
2417 2113 2752 2186 indivisam,
2806 2113 2982 2170 etiam
3040 2110 3230 2186 quoad
3290 2118 3624 2171 extremum

110 2189 320 2248 habuit
346 2190 815 2264 consuetudines,
856 2190 1111 2265 itemque
1136 2191 1398 2266 proprias
1428 2190 1625 2251 Fontis
1654 2190 1829 2251 Avel-
1911 2205 2191 2278 regimen,
2241 2202 2762 2277 congregationem,
2810 2200 3112 2260 ccenobitaa
3162 2200 3395 2275 pariter,
3451 2208 3625 2276 atque

106 2280 260 2339 lanae
308 2278 561 2339 solitudo
591 2287 862 2353 servaret,
893 2281 1080 2356 primo
1117 2281 1352 2356 quidem
1394 2298 1468 2341 ex
1500 2281 1619 2341 sola
1652 2281 1829 2341 tradi-
1911 2293 2163 2353 θτριηίίω
2190 2293 2669 2353 Camaldulenses
2704 2292 3088 2366 pertinebant.

109 2371 264 2430 tione
330 2387 438 2446 per
500 2371 890 2432 Romualdum
960 2381 1237 2448 acceptas,
1321 2375 1529 2433 deinde
1601 2375 1831 2449 scriptis
1983 2384 2139 2444 V111,
2191 2387 2266 2444 Αι
2306 2402 2376 2443 ne
2412 2386 2475 2443 in
2517 2384 2744 2443 diverso
2795 2382 2929 2441 vita;
2981 2397 3214 2456 genere,
3254 2382 3408 2456 quod
3457 2381 3539 2452 hi,
3571 2388 3629 2439 et

108 2460 421 2535 expositas,
479 2461 667 2535 primo
726 2462 961 2535 quidem
1016 2478 1049 2520 a
1104 2462 1270 2521 Petro
1347 2462 1674 2521 Daminiani

2030 2477 2143 2535 sub
2173 2477 2352 2536 unius
2383 2475 2515 2534 licet
2542 2473 3001 2547 congregationis
3030 2472 3313 2546 regimine
3341 2472 3622 2542 viventes,

105 2548 478 2638 AvenaniuSg
522 2548 831 2638 διίαιιξιηιοί
864 2555 1057 2608 amem
1106 2551 1294 2609 serius
1340 2567 1373 2608 δ
1411 2551 1475 2609 Β·
1518 2550 1828 2626 ROdUleO
1910 2564 2319 2638 sequebantur,
2350 2563 2610 2637 aliquam
2645 2563 2974 2635 argumenti
3013 2560 3405 2635 disparitatem
3439 2560 3627 2618 cavil-

105 2654 205 2711 pro
242 2636 989 2698 Camaldulensibus?Etsi
1029 2638 1187 2697 enim
1232 2656 1433 2698 omnes
1462 2641 1649 2715 quoad
1680 2641 1826 2699 sub-
1909 2636 2017 2712 13151
2059 2654 2193 2728 quis
2244 2636 2464 2727 possit;
2494 2659 2702 2727 quarto
2755 2650 3215 2720 observabimus,
3272 2649 3335 2707 in
3392 2649 3629 2707 eadem-

106 2728 379 2785 stantiam
420 2728 818 2800 convenirent,
857 2744 960 2803 pro
1001 2728 1305 2800 regionum
1352 2737 1540 2788 tamen
1580 2728 1825 2788 diversi-
1908 2749 2027 2800 met
2062 2741 2521 2815 congregatione,
2551 2756 2617 2798 ac
2663 2739 2772 2798 sub
2807 2738 3009 2797 eodem
3037 2737 3319 2811 generali,
3361 2753 3467 2795 nec
3505 2753 3618 2796 non

106 2822 234 2887 ῖδιθ,
278 2823 504 2890 POterat
550 2817 612 2875 in
660 2817 1111 2876 Circumsmntiis
1164 2818 1465 2892 qUidDiam
1503 2834 1825 2891 οοεωῚὍΡθτ
1906 2830 1971 2889 in
2026 2829 2286 2903 ejusdem
2339 2827 2663 2903 disciplima
2712 2843 2943 2902 genere,
2994 2825 3307 2884 militantia
3353 2825 3496 2895 loca,
3543 2825 3629 2883 di-

104 2904 258 2979 quod
306 2906 465 2965 varie
495 2906 1047 2965 accommodandum
1081 2914 1229 2965 esset
1278 2907 1437 2975 locis,
1470 2908 1697 2980 tempori

2029 2934 2103 2976 ias
2135 2918 2481 2992 quandoque
2508 2916 2946 2976 constitutiones
2970 2913 3304 2988 regionibus
3332 2913 3449 2972 illis
3479 2929 3622 2972 con-

104 3002 280 3069 atque
328 2995 612 3068 personis.
653 2995 815 3065 Quod
858 3001 913 3053 et
950 2995 1009 3053 in
1056 3002 1251 3053 nostro
1287 3011 1423 3054 casu
1457 2995 1697 3069 potissin

2026 3017 2177 3069 entes
2223 3011 2433 3069 habere
2481 3016 2539 3069 et
2591 3024 2819 3069 servare
2875 3006 3271 3065 consuevisse.
3325 3005 3420 3065 Sic
3467 3005 3619 3064 idem

107 3085 373 3143 BWUISSC
445 3092 687 3156 Constat.
742 3100 879 3144 nam
939 3086 1062 3160 ipse
1116 3084 1436 3184 Damianus
1462 3101 1685 3187 ‘OPU‘SC-
1738 3098 2190 3187 XVCMartinus
2228 3098 2334 3171 ΙΙΙ,
2366 3099 2470 3173 qui
2510 3113 2665 3156 anno
2707 3097 2862 3167 1254,
2894 3101 2957 3155 ut
2997 3093 3325 3167 retulimus,
3356 3094 3623 3152 omnium

105 3176 340 3245 Ῐεῐεῑιιΐ,
400 3192 516 3235 Ποῦ
583 3183 749 3235 extra
811 3190 1089 3245 eremum,
1148 3174 1208 3232 in
1275 3190 1389 3250 qua
1448 3175 1705 3247 ἀθὲοὒθεν
1765 3174 2332 3248 se“monachorum
2385 3188 2826 3247 constitutiones
2880 3184 3235 3258 compilavit,
3285 3185 3406 3258 jam
3468 3199 3623 3243 anno

102 3265 548 3324 constitutiones
584 3281 718 3324 suas
763 3264 1118 3323 extendere:
1159 3288 1185 3315 α
1220 3263 1335 3322 Nec
1379 3270 1515 3336 tam,
1561 3264 1702 3338 quid
1752 3265 1825 3323 ab
1920 3278 2069 3350 1243,
2114 3294 2218 3353 pro
2255 3278 2377 3337 δοιο
2411 3277 2674 3336 εωυοδίο
2709 3276 2767 3335 s_
2820 3274 3053 3334 Manum
3102 3273 3329 3334 Mummi
3364 3272 3628 3347 peculia-

102 3354 365 3413 eremitis
416 3355 541 3414 ﬁeri
593 3355 795 3414 debeat
847 3353 1101 3428 generali
1163 3352 1500 3411 definitione
1559 3353 1823 3426 praescri-
1912 3382 2002 3425 res
2032 3352 2468 3426 coﬁslimtiones
2511 3364 2826 3435 addiderat,
2869 3379 3005 3439 quae
3040 3363 3157 3436 legi
3190 3369 3429 3437 possunt
3468 3362 3623 3435 apud

102 3444 324 3517 bimus,
351 3461 529 3521 quam
560 3446 704 3523 quid
748 3445 811 3503 in
856 3446 962 3503 hac
986 3460 1179 3503 eremo
1213 3445 1326 3514 ﬁat,
1361 3444 1664 3515 cumloco,
1698 3452 1825 3503 tum
1912 3455 2280 3526 Fortunium,
2331 3454 2481 3512 Hist.
2534 3452 2789 3512 Camald.
2840 3459 2986 3527 part.
3030 3464 3093 3521 ΙΙ,
3147 3451 3250 3509 lib.
3297 3463 3383 3522 III,
3414 3466 3534 3524 cap.
3570 3452 3623 3510 5.

102 3556 370 3613 personae
459 3538 783 3613 specialiter
876 3537 1238 3597 intimamus.
1326 3557 1353 3589 »
1433 3535 1825 3609 Similiterque
1910 3542 2035 3603 Imo
2087 3550 2284 3602 notare
2322 3543 2489 3616 juvat
2537 3541 2766 3602 eosdem
2817 3540 2972 3614 ipsos
3020 3538 3339 3613 religiosos,
3388 3538 3622 3598 iisdem-

103 3628 168 3686 B.
224 3626 529 3703 Rodulphi
584 3634 793 3687 statuta
836 3643 958 3687 non
1002 3626 1152 3685 ultra
1194 3641 1413 3685 sacram
1460 3640 1737 3694 eremum,
1772 3628 1826 3682 et
1912 3649 2025 3710 que
2076 3634 2217 3693 locis
2253 3639 2505 3706 agentes,
2556 3648 2660 3707 pro
2700 3631 2858 3690 varia
2898 3636 3225 3703 temporum
3272 3628 3621 3695 conditione,

104 3732 412 3777 annexum
454 3716 790 3776 FODﬁSDODi
823 3715 1174 3786 CtBDObium.
1224 3731 1386 3774 8113111
1426 3714 1548 3773 Vim
1592 3728 1824 3773 θΧθΓεθ·
1911 3739 2047 3782 suas
2075 3722 2517 3782 constitutiones
2545 3721 2757 3795 passim
2801 3720 3101 3778 innovare.
3156 3719 3251 3778 Sic
3282 3719 3347 3776 B.
3396 3719 3623 3777 Bodul-

106 3806 269 3880 bant,
304 3807 534 3866 dicente
572 3807 728 3865 Luca
756 3806 1013 3881 Hispano
1049 3806 1257 3864 Histor.
1298 3804 1612 3865 Romuald.
1644 3804 1748 3862 lib.
1782 3816 1822 3874 Ι,
1910 3811 2081 3885 phus,
2138 3817 2265 3883 post
2324 3810 2539 3883 primas
2597 3806 3054 3873 constitutiones,
3116 3804 3356 3863 alteram
3415 3805 3625 3865 deinde

104 3913 229 3971 cap.
270 3896 337 3954 1‘2
370 3920 383 3953 :
421 3920 447 3948 ιι
478 3896 625 3955 Nam
654 3896 772 3967 illa,
800 3912 934 3971 quae
968 3896 1122 3970 apud
1146 3896 1519 3969 Rodulplium
1548 3899 1652 3963 est,
1684 3893 1826 3953 sub-
1912 3899 2201 3957 mitiorem
2232 3897 2468 3956 vivendi
2494 3896 2756 3969 regulam
2781 3895 2903 3954 suis
2928 3894 3185 3954 eremitis
3209 3898 3526 3971 proposuit,
3559 3905 3626 3958 ut

99 3985 377 4059 jectionis
449 3986 778 4046 constitutio
846 3985 999 4046 ultra
1078 3985 1414 4045 Fontisboni
1482 3984 1827 4043 habitatores
1910 3992 2064 4062 patet
2090 4003 2165 4045 ex
2194 3983 2471 4044 Fortunio
2501 3982 2603 4042 lib.
2636 3997 2676 4055 Ι,
2707 3999 2830 4057 cap.
2873 3982 2942 4041 65
2975 3983 3181 4057 primae
3215 3985 3390 4059 partis
3427 3986 3625 4046 Histo-

104 4088 220 4133 non
272 4074 630 4138 extenditur.
660 4101 686 4125 ››
722 4074 882 4135 Nihil
933 4092 1073 4150 ergo
1119 4075 1371 4150 cogebat,
1405 4080 1471 4131 ut
1514 4075 1692 4132 unius
1717 4073 1826 4132 loci
1911 4077 2133 4135 riarum
2163 4072 2698 4133 Camaldulensium
2732 4092 2744 4131 :
2779 4072 2876 4132 cui
2904 4088 3227 4133 successere
3258 4077 3623 4149 postmodum

116 1222 358 1281 suasque
385 1209 842 1268 conversationis
872 1211 1212 1285 magistrum
1242 1219 1575 1286 agnoscant,
1601 1213 1833 1273 eodem-

115 1310 228 1369 que
256 1296 799 1357 Gamaldulensium
827 1300 1168 1373 cognomine
1194 1301 1537 1375 glorientur.

102 4163 553 4249 constitutiones
600 4165 670 4223 ad
724 4164 961 4249 alterius
999 4164 1109 4223 loci
1146 4162 1410 4223 notitiam
1464 4162 1821 4230 devenirent,
1913 4163 2130 4223 Placidi
2180 4168 2411 4233 statuta,
2461 4170 2585 4221 tum
2634 4160 2916 4221 Gherardi
2967 4163 3430 4234 constitutiones,
3484 4166 3624 4224 hinc

100 4247 326 4315 nedum
354 4261 420 4313 ut
445 4270 582 4329 quae
608 4255 671 4313 in
695 4271 812 4316 uno
842 4247 1366 4331 promulgarentur,
1396 4256 1457 4314 in
1486 4255 1602 4314 alio
1635 4256 1824 4314 statim

99 4350 368 4417 receptae,
402 4339 550 4401 inibi
592 4344 861 4418 degentes
890 4345 1168 4404 continuo
1201 4345 1538 4419 obligarent.

168 4430 306 4490 VII.
355 4431 569 4503 Tertio,
611 4434 661 4491 si
712 4448 830 4506 qua
880 4440 1026 4492 esset
1070 4433 1450 4492 Laderchiani
1497 4432 1821 4507 argumenti

102 4519 207 4590 vis,
242 4535 419 4595 aeque
455 4520 719 4595 probaret
745 4522 1213 4582 Camaldulenses
1241 4521 1573 4592 coenobitas,
1616 4520 1823 4597 nequi-

97 4608 232 4669 dem
300 4611 681 4686 primisrillis
735 4614 998 4688 quinque
1059 4613 1312 4682 saaculis,
1361 4613 1578 4686 quibus
1627 4611 1825 4673 sociali

100 4701 320 4760 findere
364 4718 497 4761 cum
536 4702 792 4763 eremitis
832 4720 1007 4764 sacrae
1052 4705 1231 4762 eremi
1276 4703 1528 4762 Etruria).
1577 4704 1823 4778 conjun-

88 4791 366 4864 ctissimi,
399 4792 511 4851 sub
539 4792 739 4851 eodem
778 4793 1034 4867 generali
1073 4795 1264 4869 priore
1301 4794 1601 4867 vixerunt,
1630 4795 1704 4852 ad
1732 4795 1819 4869 ip-

88 4889 350 4940 summet
400 4881 902 4941 Gamaldulensem
944 4883 1207 4942 ordinem
1251 4883 1639 4957 pertinuisse;
1682 4900 1819 4944 nam

87 4971 352 5029 eremitis
378 4970 618 5046 quidem
659 4970 873 5044 primas
910 4971 1353 5033 constitutiones
1383 4971 1444 5031 B.
1476 4971 1820 5047 Bodulphus

87 5060 271 5131 prior,
315 5062 529 5119 fatente
566 5058 906 5131 Laderchio,
956 5061 1300 5135 proposuit:
1344 5060 1648 5120 ccenobitae
1685 5078 1818 5122 vero

85 5159 275 5221 usque
303 5148 373 5206 ad
412 5147 731 5205 Martinum
762 5147 847 5206 Ill
885 5148 1103 5222 absque
1138 5148 1276 5207 ullis
1307 5148 1539 5221 scriptis
1568 5164 1816 5209 consue-

86 5241 391 5301 tudinibus
432 5240 851 5315 peculiaribus,
886 5241 1008 5301 sola
1034 5242 1091 5302 S.
1119 5242 1419 5302 Benedicti
1454 5241 1674 5313 regulae
1703 5243 1813 5302 ob.

88 5330 413 5390 servatione
468 5336 713 5401 retenta,
770 5337 901 5389 vota
958 5347 1064 5390 sua
1121 5330 1370 5389 Domino
1416 5329 1813 5404 reddiderunt,

91 5426 231 5477 teste
292 5420 575 5479 Fortuuio
640 5418 855 5479 Hister.
933 5418 1189 5478 Camald.
1264 5425 1410 5493 part.
1483 5431 1526 5487 I,
1592 5419 1811 5492 lib.-ll,

91 5523 213 5584 cap.
241 5511 328 5582 40,
363 5512 464 5573 ubi
493 5511 570 5569 de
601 5508 850 5569 Martino
882 5509 966 5568 III
998 5511 1122 5569 haec
1147 5508 1321 5568 habet
1350 5532 1363 5567 :
1400 5531 1427 5560 α
1459 5508 1527 5567 In
1556 5509 1813 5584 generali

92 5604 329 5666 concilio
369 5603 526 5679 apud
575 5616 798 5661 sacram
842 5614 1105 5663 eremum
1141 5616 1297 5662 anno
1338 5600 1475 5661 1254
1503 5600 1810 5673 celebrato,

1911 4254 2077 4315 Pauli
2128 4252 2444 4314 Justiniani
2481 4253 2680 4326 regula
2718 4252 2855 4310 vitas
2907 4251 3237 4324 eremiticm,
3275 4254 3623 4332 acdemum

1910 4359 2043 4418 quas
2083 4342 2193 4403 sub
2232 4342 2522 4401 Clemente
2568 4342 2620 4401 Χ
2664 4341 3006 4416 prodierunt
3041 4344 3379 4403 eorumdem
3410 4345 3624 4404 eremi-

1908 4441 2099 4494 tarum
2138 4432 2391 4491 Etruriae
2426 4432 2489 4489 in
2523 4430 2808 4505 Regulam
2844 4430 2903 4491 S.
2945 4431 3238 4490 Benedicti
3277 4432 3622 4491 declaratio-

1912 4538 2037 4591 nes,
2076 4522 2295 4595 quibus
2320 4522 2441 4594 jam
2470 4528 2746 4594 utuntur;
2784 4520 3275 4594 quemadmodum
3319 4530 3373 4580 et
3407 4523 3624 4579 consti-

1910 4612 2233 4673 tutionibus
2264 4612 2683 4671 monachorum
2709 4627 2743 4670 a
2762 4610 2828 4670 B.
2858 4611 3105 4671 Martino
3129 4611 3214 4670 III
3239 4611 3617 4684 concinnatis,

1906 4702 2042 4762 aliae
2089 4701 2198 4762 sub
2247 4700 2557 4762 Octaviano
2601 4702 2966 4776 imperatore,
3021 4703 3155 4761 alia;
3202 4702 3312 4761 sub
3359 4701 3620 4774 generali

1908 4792 2315 4853 Bonaventura
2358 4793 2691 4866 Ptolomaeo,
2746 4794 2879 4854 aliae
2935 4793 3043 4853 sub
3087 4792 3274 4853 Gallio
3318 4794 3620 4868 cardinali,

1906 4881 2039 4941 alia;
2066 4882 2306 4955 subPio
2338 4881 2407 4953 V,
2438 4882 2740 4941 nonnulla:
2777 4881 2953 4941 etiam
2989 4881 3100 4941 sub
3149 4882 3443 4942 Clemente
3482 4883 3619 4942 VIII

1904 4971 2140 5045 adjectaa
2168 4978 2322 5030 sunt.
2371 4970 2448 5029 Ut
2490 4970 2639 5030 nihil
2666 4972 2873 5030 addam
2920 4969 2992 5028 de
3022 4970 3268 5044 ipsemet
3312 4972 3476 5031 Petro
3505 4971 3616 5030 Da-

1904 5061 2122 5134 miano,
2166 5061 2268 5135 qui
2320 5059 2781 5133 congregationis
2822 5075 2945 5119 suae
2993 5060 3399 5120 Avellanensis
3448 5057 3618 5117 iusti.-

1906 5159 2029 5212 tuta
2109 5151 2201 5209 bis
2286 5150 2690 5224 conscripsisse
2769 5149 3239 5226 deprehenditur,
3333 5151 3610 5208 nimirum

1903 5256 2096 5314 opusc.
2141 5250 2248 5299 XIV
2277 5246 2331 5298 et
2360 5250 2467 5309 XV,
2494 5255 2569 5296 an
2600 5255 2721 5298 non
2758 5255 2894 5299 vero
2924 5241 3019 5299 hic
3044 5241 3254 5316 pariter
3294 5238 3483 5295 locum
3513 5237 3618 5295 ha-

1900 5330 2062 5388 beret
2109 5329 2504 5389 Laderchiana
2544 5330 2905 5401 exclamatio,
2941 5346 3017 5389 ex
3058 5326 3384 5388 inconsulto
3430 5326 3615 5385 simus

1903 5419 2131 5495 latoque
2158 5420 2328 5479 Judas
2355 5417 2663 5494 proditoris
2694 5420 2814 5479 zelo
2842 5421 3064 5479 imitata
3096 5437 3109 5476 :
3150 5419 3218 5475 Ut
3260 5418 3397 5488 quid
3418 5420 3615 5492 perdi-

1901 5512 1976 5566 tio
2004 5511 2112 5567 haec
2139 5513 2167 5566 ?
2198 5508 2678 5584 Quandoquidem
2719 5526 2822 5586 pro
2848 5508 3128 5578 eremitis,
3170 5522 3275 5581 pro
3314 5509 3614 5567 monachis

1900 5600 2465 5674 Camaldulensibus,
2526 5616 2629 5675 pro
2678 5601 2818 5674 ipsis
2864 5596 3218 5660 Avellanitis
3267 5597 3621 5659 suﬁicientes
