4034 6456
381 310 451 375 67

1296 316 1355 377 S.
1395 314 1688 375 PETRUS
1728 306 2120 372 DAMIANUS
2160 308 2219 368 S.
2263 308 2334 368 Β.
2374 308 2440 367 Ε.
2481 302 2967 406 CARDINALIS.

3829 293 3918 354 68

383 438 621 498 vivendi
651 439 806 513 leges
848 440 1242 498 monumentis
1261 440 1384 515 jam
1415 439 1642 498 traditae
1672 438 1919 495 fuerant.
1949 431 2155 492 TamA
2176 434 2274 492 sed
2324 432 2424 492 illa
2480 447 2659 507 pauca
2709 430 3013 499 duntaxat,
3063 441 3197 515 quae
3245 439 3531 515 expresse
3567 422 3637 481 ad
3698 422 3918 515 ipsum

386 544 504 587 non
535 529 799 587 diversus
833 528 1011 601 igitur
1040 529 1180 587 hinc
1211 529 1377 601 argui
1422 536 1605 602 potest
1631 528 1702 586 ab
1738 524 2099 585 Avellanita-

291 688 309 706 ο
381 634 511 678 rum
557 619 757 706 ordine
801 619 938 677 ordo
983 619 1465 690 Camaldulensis,
1503 634 1681 692 quam
1718 634 1832 675 non
1871 616 2103 689 ipsimet

387 705 857 766 Camaldulenses
893 724 927 764 a
964 706 1523 777 Camaldulensibus,
1556 715 1612 765 et
1648 705 1995 764 Avellanita:
2029 702 2100 761 ab

387 797 733 856 Avellanitis
760 798 976 857 diversi
1011 800 1350 872 probantur.

457 884 556 942 IX.
604 884 717 944 Sed
763 888 968 959 quinto
1005 886 1242 945 demum
1281 883 1619 957 respondeo,
1657 883 1764 941 etsi
1811 883 1955 941 alias
1997 899 2101 957 pro

384 971 654 1031 Avellani
689 973 888 1032 Fontis
931 974 1186 1032 alumnis
1239 972 1677 1031 constitutiones
1715 970 1957 1029 ediderit
1995 970 2103 1028 Pe-

387 1066 513 1118 trns
566 1058 856 1131 Damiani,
905 1061 1047 1119 alias
1093 1060 1438 1135 Rodnlphus
1490 1075 1595 1133 pro
1645 1056 2103 1116 Camaldulensi-
2150 1116 2153 1119 .

386 1146 517 1216 bus,
579 1162 693 1205 non
752 1156 944 1207 tamen
997 1149 1273 1221 diversas,
1340 1163 1443 1207 nec
1502 1149 1564 1206 in
1629 1146 2105 1205 substantialibus

385 1234 747 1308 dissidentes,
788 1237 908 1296 imo
948 1244 1223 1313 utrasque
1268 1238 1483 1311 pariter
1519 1254 1553 1295 a
1588 1235 1897 1296 llomualdi
1934 1235 2104 1293 insti-

389 1327 610 1385 tutione
653 1328 963 1401 derivatas,
1009 1330 1501 1405 quemadmodum
1548 1330 1677 1387 fuse
1729 1343 1850 1399 cap.
1901 1328 1931 1381 3
1980 1334 2036 1384 et
2071 1328 2104 1385 4

388 1430 564 1488 supra
600 1417 1005 1475 ostendimus:
1053 1433 1231 1490 quare
1272 1433 1344 1475 ex
1399 1414 1667 1474 Damiani
1717 1420 1773 1472 et
1810 1413 2105 1488 Bodulpbi

387 1506 920 1579 constitutionibus,
952 1524 1067 1566 non
1122 1508 1425 1566 diversitas
1472 1507 1572 1565 sed
1620 1505 1893 1563 identitas
1937 1504 2103 1562 insti-

388 1595 496 1654 tuti
543 1596 1026 1656 Avellanensium
1062 1603 1117 1655 et
1159 1594 1693 1655 Camaldulensium
1745 1592 2105 1650 demonstra-

387 1692 503 1743 tur.
574 1686 755 1758 quue
831 1687 1153 1760 praesertim
1228 1686 1472 1755 obtinet,
1541 1700 1615 1743 ex
1680 1697 1797 1756 quo
1856 1681 2109 1754 amplius

2182 520 2570 582 Romualdum
2610 521 2944 579 referuntur
2977 536 2989 574 :
3029 514 3086 573 id
3119 514 3288 589 plane
3335 512 3680 582 ostenderet,
3712 509 3921 569 multo

2184 612 2381 668 minus
2444 606 2712 667 eremitas
2770 622 2836 665 ac
2891 604 3202 662 monachos
3259 599 3733 659 Camaldulenses
3787 598 3920 653 sub

2182 697 2442 772 ejusdem
2483 696 2542 756 S.
2592 696 2773 755 Patris
2804 690 3132 758 Romualdi,
3168 688 3256 748 vel
3290 687 3429 747 olim
3473 686 3768 753 militasse,
3808 684 3915 741 vel

2182 803 2343 846 nunc
2386 785 2635 844 militare
2665 782 2932 852 vexillis;
2964 778 3262 837 enimvero
3292 776 3352 833 in
3382 776 3643 848 ipsorum
3682 772 3881 831 consti

2182 875 2506 935 tntionibus
2535 873 2635 932 vix
2665 872 2829 930 toties
2859 868 3252 930 Romualdum
3282 864 3445 923 citari
3478 860 3919 937 deprehendes,

2182 966 2407 1040 quoties
2456 966 2518 1023 in
2561 962 3025 1022 Avellanitarum
3078 956 3303 1030 legibus
3342 972 3375 1013 a
3415 953 3581 1012 Petro
3621 951 3921 1010 Damiano

2185 1055 2483 1129 descriptis
2514 1078 2527 1112 :
2558 1068 2765 1127 nempe
2806 1052 2870 1110 in
2914 1050 3006 1109 his
3037 1048 3298 1124 quidem,
3340 1049 3542 1118 quater
3583 1049 3684 1101 aut
3724 1040 3918 1115 quin-

2185 1146 2353 1220 quies
2404 1143 2715 1202 Bomualdi
2778 1141 3136 1199 mentionem
3192 1149 3523 1210 expressam
3582 1131 3923 1190 Damianus

2185 1236 2424 1310 ingerit;
2457 1235 2519 1293 in
2568 1234 2804 1293 illorum
2836 1244 2972 1290 vero
3008 1226 3312 1288 nonnullis
3348 1224 3547 1295 semel,
3593 1229 3767 1295 atque
3799 1222 3917 1277 ite-

2188 1341 2350 1394 rum;
2393 1325 2455 1382 in
2502 1322 2633 1381 aliis
2679 1338 2749 1380 ne
2795 1318 2973 1379 semel
3027 1318 3259 1395 quidem
3322 1311 3633 1374 Romualdi
3687 1325 3915 1368 nomen

2186 1414 2456 1482 auditur;
2498 1427 2678 1484 quare
2716 1411 2767 1468 si
2816 1406 3117 1467 Laderchii
3149 1405 3371 1480 judicio
3419 1401 3691 1461 standum
3734 1404 3919 1466 esset,

2188 1517 2296 1560 nec
2318 1499 2509 1559 omnis
2531 1495 3066 1556 Camaldulensium
3092 1492 3395 1566 disciplina
3420 1506 3453 1547 a
3476 1489 3542 1547 D.
3576 1484 3924 1546 Romualdo

2187 1591 2482 1666 penderet,
2523 1602 2630 1645 nec
2668 1595 2945 1660 tanquam
2986 1583 3246 1658 magistri
3276 1590 3331 1640 et
3369 1577 3719 1638 institutoris
3757 1591 3924 1649 prm-

2189 1686 2366 1753 cepta,
2407 1677 2502 1736 sed
2542 1683 2605 1735 ut
2651 1675 2955 1749 cujusdam
2989 1672 3298 1748 peculiaris
3343 1670 3524 1728 sancti
3574 1666 3819 1726 consilia
3861 1673 3925 1723 et

386 1774 603 1833 eaedem
649 1754 707 1835 Ξ.
755 1754 908 1835 Petri
944 1776 1206 1835 Damiani
1235 1754 1674 1834 constitutiones
1702 1754 1774 1829 Vin
1812 1785 1971 1828 sacra
2001 1768 2165 1851 Ca-B
2190 1767 2513 1838 sentcntiae,
2558 1765 2835 1839 quaslibet
2882 1759 3504 1851 Bomualdiuinstituta
3538 1757 3611 1815 ab
3649 1754 3925 1851 eremitis

386 1860 739 1920 maldnlensi
784 1878 978 1921 eremo
1031 1872 1269 1937 receptas
1326 1864 1574 1931 fuerant,
1615 1875 1681 1917 ac
1724 1855 1942 1929 regulae
1985 1843 2160 1913 vimﬁ
2191 1855 2401 1914 nostris
2435 1852 2699 1912 habenda
2742 1852 2972 1909 forent:
3005 1865 3120 1925 quo
3152 1847 3300 1906 nihil
3343 1847 3458 1905 dici
3492 1850 3675 1918 potest
3706 1843 3929 1901 absur-

386 1949 741 2020 obtinebant,
799 1958 924 2009 tum
980 1958 1113 2009 ante
1167 1952 1234 2009 B.
1292 1948 1697 2022 Rodulpbum,
1757 1951 1880 2004 tum
1932 1945 2106 2002 etiam

384 2045 511 2110 post
561 2038 774 2111 ipsum,
823 2038 926 2112 qui
977 2039 1108 2097 illas
1156 2040 1410 2111 (excepta
1457 2034 1694 2095 Sabbati
1741 2031 2101 2101 remissione,

384 2140 451 2184 ac
479 2126 674 2198 paucis
701 2126 853 2197 aliis,
888 2141 1021 2200 quas
1046 2140 1181 2186 cum
1213 2142 1388 2184 sacrae
1423 2126 1603 2183 eremi
1643 2121 2104 2182 tlamaldulensis

389 2213 597 2274 usibus
636 2229 753 2271 non
779 2214 1008 2287 penitus
1037 2215 1477 2286 conveniebant)
1508 2214 1698 2271 adhuc
1734 2211 1808 2269 ab
1850 2210 2108 2267 eremitis

392 2302 780 2361 observandas
812 2302 871 2361 in
920 2303 1042 2362 suis
1070 2305 1212 2377 ipsis
1249 2302 1762 2363 constitutionibus
1793 2301 2017 2373 statuit,
2046 2306 2112 2359 ut

394 2407 568 2466 supra
595 2408 717 2467 cap.
751 2395 805 2463 5,
836 2410 1002 2452 num.
1035 2395 1088 2461 5,
1117 2393 1151 2450 6
1180 2393 1288 2451 et7
1317 2394 1867 2455 demonstravimus.

469 2482 538 2539 Χ.
577 2482 664 2539 Ex
712 2497 829 2556 quo
875 2489 1023 2555 patet
1057 2480 1352 2555 responsio
1392 2481 1463 2539 ad
1496 2497 1581 2553 ea,
1616 2500 1749 2559 quae
1781 2486 1842 2544 in
1888 2495 2113 2548 senten-

398 2572 494 2631 tias
514 2587 639 2629 sum
662 2570 1159 2630 confirmationem
1190 2569 1545 2629 Ladercbius
1574 2572 1771 2631 subdit
1804 2591 1969 2636 num.
2003 2577 2106 2636 10:

401 2681 429 2714 α
497 2660 606 2719 Sed
670 2666 727 2718 et
801 2659 1280 2718 constitutionum
1335 2658 1598 2732 ipsarum
1662 2661 1815 2720 inter
1868 2680 1929 2722 se
1993 2666 2113 2724 col-

397 2748 647 2807 latarum
689 2748 884 2814 series,
936 2748 1100 2818 ordo,
1144 2755 1200 2805 et
1249 2755 1453 2806 caetera
1509 2749 1851 2823 bujusmodi
1886 2771 2000 2814 non
2042 2756 2115 2814 ab

400 2852 521 2895 uno
568 2837 722 2895 fonte
771 2836 1114 2910 processisse
1152 2836 1383 2894 abunde
1425 2837 1856 2911 demonstrant;
1899 2849 1954 2900 et
1984 2842 2117 2902 licet

403 2940 609 2983 verum
653 2925 726 2982 sit
772 2924 1056 2983 nonnulla
1088 2924 1269 2982 sancti
1312 2924 1624 2984 Boniualdi
1655 2931 1872 2988 monita
1902 2930 1960 2988 in
1995 2932 2117 2990 suis

401 3014 925 3084 constitutionibus,
954 3021 1007 3072 et
1026 3013 1196 3084 .alibi,
1226 3014 1459 3073 Petrum
1503 3016 1854 3089 inseruisse;
1905 3037 1978 3079 ex
2011 3022 2120 3081 hoc

2186 1945 2338 2005 dius.
2372 1946 2588 2003 Verum
2618 1959 2689 2002 an
2724 1943 3042 2002 Damianus
3069 1939 3401 2008 Romualdi,
3432 1938 3593 1996 velut
3623 1934 3923 2009 magistri,

2184 2034 2582 2093 auctoritatem
2642 2031 3000 2106 allegaverit,
3062 2030 3200 2088 satis
3271 2045 3345 2087 ex
3404 2026 3571 2085 dictis
3646 2023 3928 2099 superius

2185 2123 2497 2196 colligitur,
2525 2138 2591 2180 ac
2634 2121 2952 2195 praesertim
2994 2135 3070 2179 ex
3111 2118 3224 2189 his,
3255 2132 3389 2191 quae
3426 2132 3549 2189 cap.
3585 2116 3639 2188 5,
3675 2130 3846 2175 num.
3883 2113 3924 2170 2

2186 2218 2243 2271 et
2280 2212 2311 2270 3
2342 2210 2697 2270 notavimus.

2259 2316 2389 2375 XII.
2435 2315 2602 2375 Ratio
2635 2320 2849 2384 autem,
2882 2329 2986 2372 cur
3029 2328 3212 2387 pauca
3251 2312 3520 2387 quaedam
3549 2325 3580 2368 e
3610 2306 3815 2367 multis
3847 2307 3927 2365 ad

2188 2404 2501 2465 Romualdi
2541 2404 2968 2462 institutionem
3011 2417 3285 2476 expresse
3331 2417 3363 2459 a
3413 2399 3579 2458 Petro
3629 2395 3929 2455 Damiano

2192 2495 2537 2565 referantur,
2586 2500 2691 2564 est,
2744 2490 2899 2566 quod
2940 2490 3166 2565 reliqua
3210 2505 3325 2548 non
3361 2488 3432 2547 ab
3465 2488 3590 2561 ipso
3634 2485 3693 2545 S.
3749 2484 3931 2543 Patre

2194 2582 2491 2657 speciatim
2543 2581 2863 2653 excogitata
2905 2595 2971 2637 ac
3020 2578 3248 2637 noviter
3300 2575 3616 2634 adinventa
3660 2575 3928 2645 fuerant,

2194 2672 2294 2730 sed
2347 2671 2419 2729 ab
2470 2670 2847 2743 antiquorum
2902 2668 3385 2726 anachoretarum
3446 2662 3678 2722 vivendi
3744 2663 3929 2721 modo

2193 2759 2413 2817 imitata
2473 2774 2692 2831 suoque
2753 2758 3018 2816 instituto
3085 2755 3382 2829 aptissime
3454 2752 3921 2811 accommodata.

2198 2847 2402 2906 Narrat
2431 2847 2591 2905 enim
2629 2846 2946 2904 Damianus
2988 2846 3051 2902 in
3080 2844 3213 2903 Vita
3252 2844 3309 2903 S.
3352 2841 3665 2903 Romualdi
3704 2857 3829 2916 cap.
3865 2842 3926 2913 8,

2196 2937 2371 2996 illum
2416 2937 2477 2995 in
2524 2945 2785 2994 veterum
2825 2934 3059 2993 Patrum
3102 2932 3361 2991 historiis
3398 2931 3658 3004 legendis
3697 2933 3930 2989 versari

2199 3027 2457 3097 solitum,
2493 3039 2813 3099 eorumque
2855 3021 3142 3097 exemplis
3187 3036 3362 3080 usum
3410 3020 3592 3079 fuisse
3640 3019 3701 3076 in
3751 3020 3929 3076 resti-

406 3112 612 3204 ξεωθη,
648 3120 764 3204 "QP
814 3105 1076 3204 εθίιιξξιιιν
1105 3119 1324 3204 Pin-908
1375 3106 1816 3204 (iotIStilu‘tiones
1843 3126 1915 3204 ἐξ.
1957 3110 2117 3204 Petro
2146 3117 2414 3202 Ctuenda
2448 3112 2912 3187 perﬁciendaque
2949 3126 3050 3185 per
3088 3109 3455 3169 Occidentem
3495 3106 3791 3165 eremitica
3832 3108 3931 3165 di—

404 3194 531 3267 ipso
582 3192 1066 3250 Avellanensibus
1103 3192 1333 3249 traditas
1384 3192 1564 3251 fuisse
1608 3193 1938 3255 Romualdi.
1993 3198 2117 3257 Imo
2150 3192 2488 3278 “sciplina;
2518 3217 2633 3276 qua
2661 3200 2732 3259 de
2767 3216 2827 3257 re
2851 3200 2973 3274 jam
2998 3198 3223 3259 dissert.
3269 3199 3317 3268 1,
3351 3197 3673 3270 praesertim
3704 3211 3829 3268 cap.
3867 3197 3935 3268 5,

404 3282 731 3356 oppositum
777 3296 894 3339 non
942 3279 1141 3345 fuisse,
1179 3280 1290 3337 nisi
1331 3296 1446 3350 eas,
1495 3298 1638 3355 quas
1680 3286 1974 3356 signanter
2010 3303 2118 3346 ῃο-

406 3374 634 3433 minat:
667 3389 802 3431 nam
853 3372 900 3431 si
947 3388 1149 3431 omnes
1197 3374 1443 3431 fuissent
1490 3374 1819 3450 llomualdi,
1870 3395 1988 3439 non
2036 3389 2121 3440 est

405 3461 784 3534 excogitanda
839 3461 999 3530 ratio,
1052 3476 1159 3519 cur
1208 3460 1503 3520 debuisset
1550 3466 1861 3525 nonnullas
1898 3475 2121 3529 tantum

406 3551 729 3611 Bomualdo
785 3551 1056 3623 tribuere,
1105 3558 1159 3609 et
1206 3566 1325 3610 non
1377 3567 1601 3625 omnes,
1647 3556 1695 3612 si
1748 3572 1870 3615 sua;
1909 3566 2118 3618 essent.

412 3640 760 3714 Legentibus
787 3640 946 3697 enim
974 3639 1343 3713 perspicuum
1382 3649 1486 3711 est,
1518 3644 1674 3715 quod
1705 3659 1836 3702 cum
1886 3646 2121 3722 aliquod

408 3728 718 3789 Romualdi
760 3728 978 3787 dictum
1013 3728 1298 3800 enuntiat,
1331 3728 1476 3788 illud
1514 3746 1631 3789 non
1678 3739 1743 3790 ut
1773 3743 2123 3808 praeceptum

410 3819 689 3891 magistri,
728 3818 827 3875 sed
871 3818 1059 3890 potius
1098 3833 1165 3876 eo
1213 3833 1373 3875 more
1416 3819 1606 3890 refert,
1656 3835 1771 3893 quo
1810 3822 1869 3879 in
1924 3823 2124 3896 pleris-

410 3923 524 3982 que
567 3906 781 3980 regulis
827 3907 1160 3981 Augustini,
1191 3907 1560 3981 Hieronymi,
1594 3908 1682 3967 vel
1734 3909 1992 3983 Patrum,
2028 3914 2123 3973 vel

416 3996 707 4055 seniorum
766 3996 983 4053 monita
1039 4002 1095 4053 et
1161 3995 1312 4054 dicta
1365 3999 1941 4074 enuntiantur;quae
1996 4001 2125 4061 ideo

415 4085 489 4144 ob
542 4084 692 4142 hanc
740 4097 974 4141 causam
1028 4082 1268 4155 Begqu
1317 4085 1634 4157 Augustini
1685 4087 1775 4144 vel
1833 4088 2121 4164 Hierony-

414 4172 518 4242 mi,
570 4180 698 4245 etc.,
748 4172 878 4247 jure
930 4186 1042 4229 non
1091 4167 1446 4230 dicuntur.»
1507 4171 1678 4244 Patet,
1728 4172 1993 4247 inquam,
2051 4192 2127 4240 ex

2209 3292 2478 3367 pluribus
2496 3296 2689 3349 actum
2706 3296 2786 3347 est
2805 3306 2820 3359 ;
2848 3287 3003 3346 unde
3018 3294 3072 3344 et
3091 3286 3242 3344 idem
3260 3285 3579 3344 Damianus
3596 3300 3797 3357 epusc.
3816 3298 3907 3345 XV
3920 3334 3933 3357 ,

2210 3397 2333 3455 cap.
2385 3381 2437 3451 2,
2488 3378 2753 3437 altiorem
2799 3377 2935 3435 vita;
2980 3374 3290 3434 eremitica:
3340 3374 3624 3448 originem
3672 3391 3706 3432 a
3746 3374 3936 3434 Paulo

2211 3476 2268 3526 et
2312 3468 2565 3526 Antonio
2611 3465 2832 3539 repetit,
2864 3470 2919 3523 et
2947 3480 3070 3538 cap.
3118 3463 3228 3521 18:
3278 3487 3298 3515 ι
3347 3461 3662 3537 Quidquid,
3710 3463 3932 3537 inquit,

2211 3559 2275 3617 in
2314 3557 2377 3615 B.
2431 3556 2722 3615 Benedicti
2759 3557 2992 3629 regula;
3026 3552 3313 3629 quidquid
3362 3552 3425 3610 in
3461 3552 3761 3623 institutis,
3804 3554 3937 3613 sive

2211 3646 2272 3705 in
2302 3645 2705 3706 collationibus
2735 3644 2969 3702 Patrum
3008 3650 3094 3701 est
3135 3641 3376 3710 dictum,
3425 3641 3565 3700 huic
3604 3649 3937 3715 competere

2211 3734 2534 3808 disciplina:
2588 3732 3017 3807 perpendimus.
3058 3754 3080 3782 ι
3128 3730 3198 3788 Et
3247 3738 3438 3788 tamen
3489 3730 3662 3789 audet
3719 3730 3936 3791 Lader-

2211 3823 2382 3881 chius
2412 3821 2761 3882 Damianum
2790 3819 2954 3894 quasi
2984 3818 3293 3877 eremiticae
3326 3819 3461 3876 vitm
3504 3817 3730 3877 Patrem
3762 3820 3938 3879 nobis

2212 3912 2434 3986 ubique
2471 3910 2802 3984 depingere,
2848 3917 2912 3968 ut
2961 3925 3094 3968 cum
3142 3908 3243 3966 lib.
3298 3920 3339 3978 l,
3389 3923 3514 3981 cap.
3573 3907 3656 3979 14,
3700 3924 3869 3967 num.
3902 3911 3937 3967 7

2214 4001 2603 4075 pronuntiat:
2648 4020 2670 4051 ι
2725 3998 3159 4057 ΑΠῖθῬΟῐΓυΠΙ
3209 3996 3580 4066 Damianum,
3634 3995 3938 4057 neminem

2214 4108 2289 4150 ex
2329 4090 2530 4150 ordine
2582 4089 2641 4148 S.
2698 4088 3015 4160 Benedicti,
3064 4088 3125 4146 in
3174 4086 3341 4145 Italia
3383 4086 3607 4157 saltem,
3651 4095 3760 4145 tam
3812 4089 3939 4146 exi-

2217 4180 2362 4238 mias
2432 4176 2753 4237 ercmiticas
2834 4176 3226 4235 institutiones
3298 4174 3621 4234 tradidisse.
3683 4175 3937 4245 “Quod

422 4261 782 4359 supradictis,
833 4260 906 4318 ad
946 4260 1074 4359 bene
1120 4259 1317 4359 omnia
1366 4260 1682 4332 responsio,
1713 4276 1862 4359 nam.
1884 4279 2128 4359 prorsus
2214 4269 2407 4343 ipsum
2439 4268 2643 4342 potiori
2673 4270 2805 4341 jure
2836 4266 2913 4324 de‘
2942 4265 2999 4324 S.
3044 4265 3107 4323 P.
3142 4265 3468 4324 Romnaldo
3498 4281 3633 4324 vero
3658 4265 3937 4323 eremita-

415 4350 807 4449 commentitia
837 4357 988 4420 sunt,
1018 4356 1073 4406 et
1106 4356 1303 4449 contra
1331 4349 1728 4449 'apertam‘rei
1773 4350 2127 4449 evidentiam
2215 4373 2347 4417 rum
2401 4356 2723 4416 Occidentis
2774 4354 3150 4428 antesignano
3206 4353 3560 4412 censendum
3614 4359 3717 4422 est,
3759 4378 3778 4402 -
3826 4355 3934 4428 qui

412 4440 592 4539 gratis
617 4440 1133 4536 confictazverum
1163 4436 1383 4539 aliquid
1407 4438 1743 4539 donandum
1769 4446 1855 4497 est
1877 4440 2121 4539 homini,
2153 4453 2347 4539 nante
2410 4460 2611 4503 omnes
2669 4447 2754 4513 (ut
2809 4450 2966 4502 notat
3032 4442 3096 4500 B.
3161 4440 3377 4500 Paulus
3444 4439 3818 4501 Justinianus
3870 4442 3934 4500 in

414 4530 518 4603 qui
553 4543 744 4587 causae
775 4542 898 4584 suae
935 4525 1189 4583 nimium
1229 4524 1432 4596 ﬁdens,
1464 4533 1777 4601 antequam
1829 4530 1920 4587 vel
1953 4531 2129 4590 mini-
2156 4524 2553 4609 "praefatione
2593 4548 2715 4591 suae
2765 4531 3009 4605 regulae)
3056 4530 3347 4590 eremitice
3392 4529 3629 4591 vivendi
3678 4529 3935 4603 regulas,

417 4637 573 4680 mam
629 4619 1110 4679 constitutionum
1156 4616 1222 4676 B.
1275 4617 1571 4692 Rodulphi
1624 4620 1841 4679 lineam
1896 4623 2128 4696 legeret,
2216 4632 2271 4683 et
2299 4624 2710 4693 institutiones,
2739 4637 2856 4680 non
2896 4620 3143 4694 scriptis,
3178 4620 3277 4677 sed
3316 4635 3421 4678 suo
3459 4618 3697 4677 vivendi
3727 4634 3937 4677 exem-

418 4710 512 4767 vel
541 4716 779 4767 externa
816 4708 991 4767 etiam
1034 4706 1249 4766 codicis
1279 4707 1537 4780 ipsarum
1570 4715 1859 4782 tegmenta
1890 4711 2129 4783 videret,
2214 4714 2331 4787 plo,
2370 4711 2608 4786 suisque
2653 4708 3015 4769 documentis
3061 4717 3117 4766 et
3165 4708 3684 4779 admonitionibus,
3723 4715 3936 4765 coaeta-

418 4799 658 4873 perinde
700 4807 892 4857 tamen
922 4814 989 4856 ac
1022 4796 1074 4855 si
1115 4812 1248 4855 cum
1282 4795 1435 4854 Petri
1468 4796 1731 4857 Damiani
1765 4801 1964 4873 regula
2000 4800 2134 4860 illas

420 4886 773 4956 contulisset,
825 4890 1200 4961 pronuntiare
1243 4902 1422 4945 ausus
1465 4898 1595 4959 est,
1651 4889 1807 4963 quod
1851 4911 1880 4944 (ι
1918 4890 2133 4949 consti-

421 4977 713 5038 tutionum
754 4977 1011 5051 ipsarum
1062 4977 1215 5035 inter
1254 4992 1316 5034 se
1360 4975 1702 5035 collatarum
1754 4979 1949 5051 series,
1994 4980 2134 5038 ordo

418 5076 475 5127 et
528 5075 733 5125 caetera
778 5064 1112 5138 bujusmodi
1156 5081 1276 5124 non
1326 5065 1399 5124 ab
1444 5081 1561 5124 uno
1591 5067 1746 5125 fonte
1796 5068 2136 5141 processisse

422 5158 655 5218 abunde
682 5157 1100 5215 demonstrant.
1137 5179 1162 5205 η

492 5244 590 5304 ΧΙ.
621 5243 785 5315 Quod
828 5258 964 5302 vero
993 5243 1169 5313 addit,
1202 5243 1515 5302 Romualdi
1553 5246 1866 5304 sententias
1891 5246 1952 5304 in
1984 5247 2137 5305 Petri

423 5334 691 5392 Damiani
738 5333 1251 5393 constitutionibus
1293 5333 1553 5405 allegari,
1603 5350 1719 5392 non
1765 5343 1829 5393 ut
1878 5334 2131 5407 magistri

426 5428 728 5493 praecepta,
781 5423 877 5481 sed
926 5424 1091 5497 quasi
1133 5431 1466 5481 sanctorum
1520 5420 1792 5479 Ecclesiae
1839 5423 2134 5481 doctorum

428 5512 668 5582 monita,
700 5521 756 5570 et
800 5514 970 5585 dicta,
1010 5514 1261 5587 indeque
1308 5527 1426 5570 non
1455 5509 1653 5568 omnia
1697 5510 1846 5569 inibi
1872 5519 2137 5571 contenta

425 5600 499 5659 ab
552 5598 860 5658 Ilomnaldi
912 5601 1277 5660 institutione
1345 5597 1598 5671 profecta
1663 5598 1842 5658 asseri
1905 5599 2135 5672 debere,

2217 4802 2344 4860 neis
2389 4800 2513 4860 suis
2562 4798 2814 4868 tradidit,
2871 4805 2927 4857 et
2976 4797 3218 4871 posteris
3273 4797 3545 4856 omnibus
3597 4796 3935 4869 dereliquit,

2218 4890 2513 4949 Christum
2569 4889 2807 4947 fortasse
2862 4887 3180 4946 Dominum
3248 4886 3532 4955 imitatus,
3594 4885 3717 4957 qui,
3775 4885 3933 4959 quod

2217 4982 2339 5056 ipse
2373 4982 2653 5051 faciendo,
2682 4996 2747 5038 ac
2784 4978 3041 5038 docendo
3080 4977 3351 5048 instituit,
3398 4992 3509 5035 non
3559 4974 3783 5048 scriptis
3816 4983 3937 5031 tra-

2218 5070 2383 5139 didit,
2430 5069 2527 5126 sed
2576 5067 2707 5125 aliis
2750 5074 2878 5141 post
2922 5082 2983 5124 se
3033 5065 3339 5125 scribenda
3378 5064 3631 5137 reliquit.
3673 5083 3700 5114 »
3741 5061 3934 5141 Quare

2217 5136 2378 5235 patet
2402 5158 2551 5217 nihil
2589 5136 2812 5216 obstare
2858 5157 3176 5233 quominus
3224 5170 3299 5212 ex
3347 5152 3660 5213 Romualdi
3714 5136 3935 5226 proces-

2218 5252 2359 5307 sisse
2396 5245 2701 5316 disciplina
2742 5245 3178 5303 constitutiones
3218 5242 3371 5300 Petri
3409 5241 3677 5300 Damiani
3729 5239 3934 5298 dican-

2221 5344 2333 5408 tur,
2364 5337 2469 5394 etsi
2500 5350 2616 5394 non
2645 5334 2841 5393 omnia
2870 5333 2927 5393 S.
2961 5330 3273 5391 Romualdi
3301 5330 3528 5403 propria
3556 5328 3792 5397 fuerint,
3829 5330 3932 5387 sed

2217 5426 2342 5498 ipsa
2378 5424 2661 5483 duntaxat
2697 5439 2772 5481 ex
2827 5423 2897 5481 D.
2947 5419 3240 5479 Benedicti
3296 5425 3350 5475 et
3404 5417 3779 5492 antiquorum
3821 5415 3934 5474 Pa-

2218 5520 2372 5571 trum
2432 5511 2713 5570 institutis
2759 5510 2993 5570 collecta
3044 5506 3373 5577 methodus,
3426 5506 3804 5580 ejusdemque
3859 5506 3934 5564 ad

2221 5598 2534 5659 monachos
2565 5598 2711 5659 facta
2748 5595 3076 5673 applicatio,
3114 5592 3343 5669 propria
3381 5591 3690 5651 Romualdi
3728 5591 3937 5665 fuerit,
