4034 6482
117 342 178 403 69
1000 336 1574 400 PROLEGOMENA.
1620 373 1680 385 -
1724 340 1819 399 DE
1856 328 2262 400 INS'I‘ITUTO
2298 326 2730 400 CAMALDUL.

3568 339 3640 408 70

117 467 424 543 aliquibus
453 471 681 525 tantum
711 463 947 524 eximiis
980 464 1214 524 monitis
1242 465 1315 523 ab
1348 465 1550 523 eodem
1582 463 1642 523 S.
1677 463 1904 528 PatreA
1928 480 2112 538 quens
2167 464 2240 523 de
2285 464 2629 525 discretione
2675 467 2896 540 praelati
2945 469 3016 541 (et
3065 483 3170 527 nos
3223 470 3633 544 approbamus)

120 557 493 631 locupletata,
554 570 688 629 quae
744 553 817 612 ad
873 553 1065 628 ipsum
1122 569 1392 627 expresse
1470 554 1685 612 referre
1739 568 1843 612 vo-

120 647 223 706 luit
256 646 610 715 Damianus,
645 644 715 701 ad
748 644 1023 717 majorem
1070 642 1187 702 illis
1217 644 1616 703 auctoritatem
1646 644 1839 701 conci-

122 734 404 803 liandam,
434 750 571 793 cum
608 740 812 792 caetera
852 742 1110 791 veterum
1158 731 1266 791 PP.
1317 731 1841 791 consuetudinibus

122 830 455 882 consecrata
548 823 671 897 jam
752 829 963 892 essent,
1039 829 1209 895 atque
1285 820 1462 879 semel
1546 820 1627 889 (in
1711 820 1842 878 Vita

127 911 181 971 S.
237 911 561 971 Romualdi
612 927 734 985 cap.
766 910 801 968 8
835 912 990 983 et.9)
1048 926 1246 969 eorum
1300 910 1566 969 omnium
1623 910 1840 968 fontem

123 1000 461 1071 indicasset,
498 1016 573 1059 ex
600 1016 719 1075 quo
769 999 1128 1059 Romualdus
1174 998 1375 1057 eadem
1419 999 1482 1057 in
1516 998 1840 1066 occidenta-

125 1088 298 1160 lium,
329 1105 478 1164 quos
505 1089 792 1147 instruere
818 1103 1121 1161 aggressus
1146 1094 1249 1160 est,
1265 1085 1640 1145 eremitarum
1663 1101 1840 1145 usum

126 1177 486 1237 traduxerat.

192 1266 360 1325 XIII.
398 1266 594 1340 Pergit
643 1281 780 1326 vero
817 1265 1173 1324 Laderchius
1206 1266 1406 1324 eodem
1440 1280 1563 1340 cap.
1594 1263 1649 1336 8,
1684 1264 1836 1323 citat.

129 1373 298 1417 num.
332 1358 393 1415 tt
431 1377 443 1415 :
480 1379 507 1411 «
563 1357 634 1415 Et
674 1357 879 1416 Petrus
926 1357 1047 1429 ipse
1082 1356 1153 1415 de
1195 1371 1321 1415 suae
1378 1354 1841 1428 congregationis

128 1446 412 1506 institutis
452 1447 711 1507 scribens
766 1447 839 1506 ad
902 1446 1255 1521 Stephanum
1320 1448 1693 1517 monachum,
1732 1445 1843 1504 hoc

128 1539 414 1610 insinuat,
442 1538 589 1597 dum
618 1538 771 1598 dixit
813 1544 945 1607 (nec
970 1546 1087 1597 tam
1122 1539 1263 1613 quid
1313 1539 1386 1596 ab
1416 1537 1671 1596 eremitis
1712 1536 1843 1595 ﬁeri

127 1628 354 1695 debeat,
407 1629 666 1702 generali
736 1628 1076 1687 definitione
1156 1627 1608 1702 praescribimus,
1663 1641 1842 1702 quam

128 1717 287 1792 quod
314 1716 376 1775 in
406 1719 514 1776 hac
539 1733 734 1775 eremo
760 1716 879 1786 ﬁat,
896 1725 1019 1776 tum
1050 1718 1120 1775 de
1149 1716 1292 1788 loco,
1327 1725 1450 1775 tum
1477 1717 1549 1774 de
1577 1730 1839 1791 persona,

1922 554 2079 626 dicit,
2129 555 2284 630 quod
2354 556 2476 615 suis
2551 572 2703 629 saepe
2757 556 3060 630 discipulis
3133 557 3197 616 B.
3276 558 3639 619 Romualdus

1921 643 2143 702 dixisse
2172 644 2531 718 perhibetur,
2568 645 2711 704 dum
2748 648 3023 719 approbat
3060 647 3239 721 igitur
3278 649 3386 706 hoc
3425 664 3637 721 unum,

1920 735 2077 805 quOd
2109 734 2230 792 suis
2268 734 2567 808 discipulis
2600 735 2821 793 dicebat
2856 735 2912 795 S.
2952 736 3334 806 Romualdus,
3375 746 3432 795 et
3467 745 3637 796 caete-

1921 840 1985 882 ra
2035 840 2236 897 pauca,
2288 839 2424 898 quae
2466 823 2770 897 distinguit
2816 825 3130 898 signanter,
3160 841 3361 884 omnes
3398 828 3643 886 institu-

1923 910 2105 968 tiones
2142 926 2257 968 non
2314 911 2549 969 fuerunt
2606 909 2663 969 S.
2718 910 3052 983 Romualdi,
3096 919 3159 970 ut
3205 912 3504 984 diximus;
3533 930 3641 973 nec

1922 1001 2111 1060 dicere
2139 1002 2418 1060 debuerat
2461 1001 2858 1061 Romualdum
2908 1003 3032 1061 haec
3078 1003 3351 1062 docuisse
3382 1020 3517 1063 suos
3556 1005 3643 1064 di-

1921 1088 2193 1161 scipulos,
2228 1089 2366 1147 istos
2409 1096 2472 1148 ut
2517 1088 2589 1148 ad
2639 1105 2699 1148 se
2729 1090 2969 1149 omnino
2998 1106 3115 1150 non
3148 1093 3502 1165 pertinentes
3532 1108 3640 1151 no-

1922 1182 2177 1250 minans,
2210 1181 2257 1239 si
2296 1197 2498 1240 eorum
2538 1198 2597 1239 se
2637 1182 2968 1254 magisterio
3005 1183 3339 1256 subjecisset
3370 1208 3383 1241 :
3415 1198 3482 1242 eo
3512 1199 3639 1243 ma-

1921 1271 2031 1344 gis,
2070 1272 2223 1345 quod
2272 1279 2412 1331 tunc
2463 1273 2732 1347 temporis
2773 1273 3046 1332 videbant
3092 1273 3516 1348 quamplurimi
3563 1291 3639 1332 ex

1921 1359 2061 1430 illis,
2117 1376 2151 1418 a
2202 1360 2415 1435 quibus
2466 1371 2521 1420 et
2574 1362 2802 1436 egregia
2862 1362 3003 1420 tanti
3052 1362 3235 1421 Patris
3283 1369 3460 1436 gesta,
3503 1379 3636 1437 quae

1923 1450 2148 1524 scriptis
2200 1451 2516 1523 mandavit,
2564 1468 2625 1510 se
2670 1452 2939 1510 didicisse
2984 1453 3210 1511 fatetur.
3250 1452 3321 1511 Et
3367 1452 3520 1512 infra
3560 1453 3643 1511 di-

1923 1556 2058 1599 cens
2109 1540 2262 1615 quod
2313 1556 2487 1613 supra
2542 1539 2866 1610 retulimus,
2925 1540 3192 1603 videlicet
3245 1549 3388 1609 (non
3440 1542 3641 1600 omnia

1923 1628 2100 1704 hujus
2126 1628 2508 1687 institutionis
2556 1636 2836 1703 praecepta
2883 1629 3173 1689 minutius
3214 1646 3318 1689 nos
3360 1629 3640 1688 describi-

1924 1733 2080 1788 mus,
2108 1717 2207 1776 sed
2244 1717 2446 1788 multa,
2480 1734 2614 1793 quae
2657 1726 2713 1777 et
2744 1718 2958 1792 passim
3001 1718 3167 1777 nobis
3195 1724 3529 1790 occurrunt,
3562 1733 3640 1776 ex

129 1808 456 1881 specialiter
500 1807 864 1876 intimamus)
924 1832 936 1865 :
992 1808 1319 1867 Peculiares
1359 1807 1553 1882 itaque
1598 1808 1691 1866 sui
1734 1806 1903 1889 lociB
1930 1807 2122 1867 studio
2160 1808 2683 1881 praetermisimus:
2718 1807 3005 1883 quidquid
3042 1808 3200 1866 enim
3242 1808 3305 1865 in
3342 1807 3407 1866 B.
3448 1806 3641 1866 Bene-

131 1897 377 1955 fuerunt
405 1896 926 1955 institutionesillae
945 1912 1090 1971 quas
1106 1896 1351 1970 scripsit,
1368 1912 1484 1955 non
1506 1911 1845 1954 communes

132 1984 491 2060 quibuslibet
523 1986 633 2044 sub
668 1985 735 2044 B.
776 1984 1085 2045 Romualdi
1115 1983 1421 2057 disciplina
1463 1982 1839 2055 degentibus;

132 2089 269 2132 nam
296 2074 362 2132 in
395 2074 492 2132 tali
519 2090 655 2133 casu
685 2074 875 2133 dicere
906 2073 1096 2148 potius
1121 2072 1437 2141 debuisset,
1470 2071 1626 2145 quod
1669 2086 1844 2129 omne

132 2162 189 2221 id
243 2164 562 2236 intimaret,
604 2163 759 2239 quod
800 2170 856 2222 et
889 2180 922 2221 a
961 2178 1069 2222 suo
1117 2162 1258 2226 loco,
1291 2169 1347 2219 et
1393 2178 1427 2219 a
1460 2160 1684 2220 cunctis
1726 2175 1847 2218 ere-

134 2252 296 2311 mitis
336 2251 645 2311 Romualdi
690 2253 1065 2311 sectatoribus
1111 2249 1558 2319 custodiebatur,
1590 2264 1695 2307 nec
1751 2248 1844 2306 sui

130 2343 242 2401 loci
270 2341 549 2415 speciales
590 2349 807 2415 poterat
847 2354 1186 2414 nuncupare
1239 2338 1488 2413 regulas,
1521 2353 1664 2413 quas
1713 2336 1845 2394 aliis

134 2432 276 2491 locis
315 2432 702 2505 comperiebat
736 2447 859 2490 esse
899 2446 1259 2489 communes.
1294 2451 1314 2480 ι
1368 2427 1481 2487 Ubi
1531 2428 1845 2487 observan-

134 2518 278 2577 dum
328 2526 417 2576 est
443 2518 778 2592 scriptorem
806 2518 967 2576 hunc
1018 2517 1175 2575 haud
1223 2515 1359 2575 satis
1406 2515 1519 2574 sibi
1565 2523 1842 2585 constare,

134 2611 277 2669 dum
313 2626 489 2685 supra
522 2610 715 2669 verbis
752 2626 918 2670 num.
948 2614 1003 2680 4,
1033 2609 1233 2667 relatis
1269 2608 1591 2667 mirabatur
1623 2606 1843 2666 Rodul-

138 2702 320 2775 phum
358 2715 540 2759 novas
576 2700 897 2758 eremiticas
934 2698 1374 2757 constitutiones
1408 2712 1509 2771 pro
1546 2694 1848 2755 Camaldu-

139 2789 402 2849 lensibus
436 2788 763 2858 adornasse,
794 2803 929 2847 cum
964 2787 1096 2846 illas
1127 2787 1246 2860 jam
1288 2787 1489 2844 Petrus
1532 2784 1846 2843 Damianus

140 2886 295 2938 tanto
344 2885 516 2937 antea
555 2877 953 2936 monumentis
996 2875 1326 2946 tradiderat,
1357 2891 1516 2933 nunc
1563 2889 1698 2931 vero
1743 2886 1843 2929 no-

140 2968 361 3027 hiscum
398 2968 606 3025 fatetur
633 2965 901 3025 Damiani
930 2964 1160 3039 regulas
1187 2979 1291 3037 pro
1326 2963 1446 3021 sola
1473 2960 1848 3020 Avellanensi

140 3075 329 3119 eremo
366 3059 736 3133 conscriptas,
770 3056 1029 3132 adeoque
1086 3054 1275 3112 locum
1320 3054 1500 3111 fuisse
1538 3052 1669 3110 aliis
1709 3066 1848 3109 con-

1924 1897 2063 1955 dicti
2086 1897 2307 1970 regula,
2341 1897 2627 1972 quidquid
2668 1899 2731 1956 in
2775 1896 3077 1968 institutis,
3106 1897 3229 1956 sive
3273 1897 3334 1954 in
3378 1896 3641 1956 collatio-

1924 1986 2098 2044 nibus
2139 1986 2374 2044 Patrum
2405 1993 2487 2043 est
2527 1986 2766 2057 dictum,
2798 1986 2937 2045 huic
2964 1994 3285 2060 competere
3317 1986 3639 2060 disciplinae

1924 2074 2355 2148 perpendimus,
2384 2080 2574 2131 tamen
2602 2074 2665 2132 in
2715 2090 2906 2133 unum
2947 2075 3045 2132 hic
3092 2081 3297 2132 cuncta
3344 2074 3635 2147 colligere,

1925 2161 2287 2234 superﬂuum
2314 2161 2663 2236 judicamuS)
2691 2171 2888 2236 aperte
2911 2163 3114 2222 innuit
3142 2176 3203 2218 se
3230 2161 3505 2235 speciales
3537 2162 3634 2220 sui

1926 2251 2034 2310 loci
2063 2250 2312 2309 edidisse
2358 2250 2772 2321 institutiones,
2804 2266 2919 2308 non
2956 2250 3254 2323 signanter
3283 2267 3318 2309 a
3356 2250 3638 2311 Romual-

1925 2342 1998 2401 do
2048 2350 2270 2401 tantum
2304 2349 2581 2414 acceptas,
2634 2341 2732 2399 sed
2779 2342 2998 2416 regqu
3047 2341 3107 2401 S.
3156 2342 3473 2413 Benedicti,
3527 2342 3642 2401 Pa-

1928 2441 2084 2492 trum
2125 2432 2586 2491 institutionibus
2614 2440 2670 2489 et
2712 2433 3001 2507 praecipue
3027 2431 3227 2503 eremi,
3260 2448 3437 2507 quam
3484 2432 3640 2490 cole-

1927 2524 2041 2594 bat,
2094 2522 2306 2581 sanctis
2355 2522 2875 2581 consuetudinibus
2922 2529 2977 2580 et
3029 2522 3289 2581 moribus
3317 2522 3574 2580 innixas.
3612 2546 3639 2570 »ο

1928 2610 2110 2683 Quod,
2140 2612 2404 2685 inquam,
2440 2611 2537 2669 hic
2573 2610 2786 2671 subdit.
2819 2626 2893 2668 ex
2921 2617 3080 2683 parte
3102 2610 3224 2683 jam
3265 2610 3327 2667 in
3377 2611 3641 2684 superio-

1927 2700 2091 2758 ribus
2116 2698 2478 2756 confutatum
2506 2706 2611 2768 est,
2641 2714 2746 2756 nec
2794 2704 3047 2771 repetere
3100 2705 3263 2755 vacat
3291 2715 3425 2771 quae
3474 2701 3639 2759 toties

1930 2804 2105 2863 supra
2136 2787 2455 2846 clarissime
2486 2787 2847 2847 ostendimus
2881 2811 2893 2845 :
2928 2803 3004 2845 ex
3034 2796 3191 2859 parte
3220 2805 3356 2847 vero
3386 2790 3640 2861 facilem,

1929 2886 1983 2936 et
2021 2877 2255 2937 obviam
2310 2877 2738 2952 responsionem
2787 2876 2979 2949 habet,
3012 2876 3369 2936 observando
3408 2878 3643 2938 Damia-

1931 2985 2098 3040 num,
2116 2968 2239 3026 loco
2260 2984 2360 3042 per
2385 2966 2767 3026 Laderchium
2787 2966 2975 3036 citato,
3002 2980 3368 3041 nequaquam
3396 2968 3644 3028 innuere

1932 3073 1993 3116 se
2051 3055 2197 3115 illud
2237 3072 2422 3116 unum
2473 3057 2708 3131 praecise
2745 3056 3060 3131 approbare
3102 3056 3258 3130 quod
3304 3057 3375 3115 de
3426 3058 3646 3130 praelati

139 3148 559 3248 stitutiouibus,
605 3161 739 3246 quae
770 3145 913 3204 alios
940 3151 1107 3203 extra
1148 3142 1489 3202 Avellanam
1540 3140 1904 3248 RomualdiC
1932 3145 2273 3246 discretione
2323 3145 2381 3205 S.
2418 3146 2583 3205 Pater
2630 3145 2990 3205 Romualdus
3035 3147 3324 3216 docuerat,
3355 3145 3453 3204 sed
3500 3146 3643 3204 sim-

140 3246 438 3297 sectatores
457 3236 840 3294 devincirent.

204 3336 359 3396 XIV.
416 3337 702 3394 Caeterum
754 3334 955 3393 eodem
1014 3333 1207 3406 modo,
1272 3349 1387 3405 quo
1439 3330 1713 3405 speciales
1755 3344 1857 3403 pro

139 3423 567 3483 Camaldulensi
623 3439 836 3494 eremo,
887 3429 951 3482 ut
995 3439 1163 3482 num.
1227 3422 1261 3479 6
1309 3421 1855 3490 animadvertimus,

137 3514 572 3573 constitutiones
614 3513 680 3570 B.
732 3511 1029 3584 Rodulphi
1081 3527 1205 3569 esse.
1252 3516 1536 3585 poterant,
1582 3507 1858 3583 speciales

141 3605 277 3663 item
332 3619 436 3677 pro
497 3603 759 3662 coenobio
821 3600 879 3661 S.
923 3600 1157 3660 Mathiaa
1213 3601 1441 3660 Murani
1498 3601 1704 3674 primae
1740 3599 1860 3656 illae

143 3691 204 3751 Β.
235 3691 471 3751 Martini
501 3690 584 3749 ΙΙΙ
611 3690 1064 3760 constitutiones,
1081 3690 1151 3748 de
1177 3689 1391 3764 quibus
1418 3704 1580 3748 num.
1612 3689 1647 3745 8
1668 3693 1860 3746 actum

141 3787 242 3851 est,
301 3794 435 3851 quae
490 3784 804 3851 propterea,
857 3777 990 3835 licet
1049 3776 1374 3850 disciplinae
1430 3775 1490 3836 S.
1547 3774 1861 3835 Romualdi

144 3870 465 3929 conformes
491 3874 703 3938 essent,
731 3867 846 3925 alia
885 3875 1079 3925 tamen
1113 3868 1255 3939 loca,
1299 3866 1393 3924 vel
1427 3882 1461 3924 a
1493 3866 1552 3925 S.
1582 3863 1861 3924 Bomual-

146 3961 215 4020 do
248 3958 499 4029 condita,
525 3959 617 4017 vel
644 3958 715 4016 ad
744 3958 1252 4017 Camaldulensem
1297 3958 1562 4017 ordinem
1610 3962 1863 4030 spectan-

146 4050 241 4120 tia,
267 4048 527 4121 obligare
575 4063 942 4123 nequaquam
987 4047 1347 4114 debuerant;
1392 4047 1471 4104 ita
1502 4054 1557 4104 et
1600 4046 1665 4103 B.
1710 4044 1863 4103 Petri

148 4138 412 4198 Damiani
465 4138 921 4209 constitutiones,
960 4137 1091 4195 licet
1127 4152 1465 4197 communes
1518 4135 1864 4195 Romualdi-

150 4216 357 4287 norﬁm
393 4227 791 4287 observantias
844 4227 1412 4301 comprehenderent,
1445 4225 1624 4284 eremi
1673 4232 1865 4283 tamen

150 4317 343 4377 Fontis
369 4316 674 4376 Avellanae
704 4316 1044 4390 peculiares,
1074 4331 1146 4374 ex
1184 4314 1459 4389 primaria
1490 4314 1581 4372 sui
1617 4312 1865 4372 auctoris

150 4406 487 4473 intentione,
539 4421 664 4464 esse
717 4412 979 4478 poterant
1026 4423 1039 4462 :
1082 4419 1185 4461 seu
1241 4403 1399 4476 quia,
1452 4408 1663 4477 praeter
1706 4416 1862 4459 com-

149 4512 356 4555 munes
398 4495 620 4555 ordinis
660 4494 1123 4565 consuetudines,
1159 4493 1443 4553 nonnulla
1485 4492 1659 4551 etiam
1702 4505 1862 4550 com-

147 4584 571 4660 prehenderent
622 4584 881 4658 personis
927 4582 1090 4642 illius
1145 4583 1254 4642 loci
1308 4581 1593 4640 duntaxat
1645 4596 1863 4639 accom-

149 4673 396 4743 modata,
418 4672 642 4746 regioni
664 4672 1085 4741 convenientia,
1120 4676 1293 4743 atque
1321 4684 1435 4728 usu
1458 4676 1681 4742 recepta
1713 4688 1725 4726 :
1756 4684 1861 4727 seu

148 4762 304 4835 quia,
336 4762 444 4819 etsi
488 4760 720 4836 penitus
759 4758 901 4824 illic.
949 4765 1157 4834 praeter
1198 4773 1571 4817 communem
1626 4756 1862 4815 vivendi

148 4865 390 4919 morem,
444 4849 908 4923 praescriberent,
956 4864 1023 4907 eo
1066 4849 1190 4922 ipso
1235 4855 1452 4917 tamen,
1489 4845 1642 4920 quod
1682 4845 1755 4903 ab
1797 4861 1866 4904 eo

146 4939 385 5013 praelato
430 4937 913 5013 proponebantur,
967 4937 1070 5011 qui
1122 4935 1455 5009 particulari
1500 4935 1690 4992 eidem
1741 4933 1864 4992 loco

149 5034 413 5102 praeerat,
443 5040 561 5084 non
588 5024 862 5084 omnibus
892 5026 1023 5084 aliis
1049 5024 1122 5083 ad
1152 5022 1423 5082 eumdem
1454 5023 1720 5081 ordinem
1743 5037 1866 5095 spe-

147 5116 348 5186 ctanti,
375 5116 579 5190 utique
606 5114 700 5179 (ad
732 5116 853 5173 vim
881 5113 1177 5189 obligandi
1208 5112 1364 5190 quod
1391 5113 1617 5182 attinet)
1650 5112 1860 5185 specia-

151 5208 238 5266 les
282 5206 528 5265 evadere
576 5207 916 5277 debuerant,
950 5220 1057 5264 nec
1084 5204 1269 5263 veluti
1324 5204 1640 5277 generales,
1673 5201 1865 5260 omni-

156 5296 378 5370 busque
395 5310 739 5354 communes
765 5294 962 5353 haberi
983 5300 1266 5367 poterant,
1296 5298 1527 5366 propter
1559 5290 1866 5366 specialem

156 5384 544 5458 praecipientis
591 5383 1010 5451 auctoritatem,
1048 5381 1336 5455 certisque
1370 5395 1770 5455 personarum,
1800 5393 1870 5437 ac

162 5476 414 5533 locorum
470 5473 759 5531 limitibus
805 5475 1123 5531 restrictam
1161 5470 1652 5544 jurisdictionem.

230 5562 354 5622 XV.
380 5561 546 5633 Quod
594 5576 730 5619 vero
767 5560 965 5619 subdit
1006 5559 1363 5619 Laderchius
1418 5574 1583 5618 num.
1639 5558 1721 5630 12,
1768 5555 1869 5617 ubi

164 5651 234 5710 de
283 5651 449 5709 Petro
508 5648 777 5708 Damiani
824 5650 908 5708 sic
958 5649 1178 5709 habet:
1217 5669 1239 5700 ι
1292 5644 1519 5706 Ibidem
1570 5646 1745 5706 etiam
1793 5644 1872 5704 lo-

1942 3236 2074 3311 plici
2118 3237 2431 3295 assertione
2470 3237 2530 3294 id
2567 3237 2899 3311 approbare,
2935 3253 3042 3295 nec
3074 3244 3267 3295 tamen
3303 3246 3644 3296 caeterorum

1936 3343 1970 3384 a
2017 3325 2345 3384 Romualdo
2392 3325 2807 3386 derivationem
2846 3326 3123 3398 abnuere,
3173 3341 3350 3400 quam
3386 3342 3474 3385 res
3523 3327 3648 3401 ipsa

1937 3415 2200 3488 loquitur
2238 3430 2315 3480 ex
2353 3413 2660 3473 collatione
2702 3414 3015 3486 utriusque
3037 3413 3292 3473 instituti
3320 3429 3443 3487 cap.
3473 3413 3503 3470 3
3535 3422 3589 3472 et
3615 3416 3649 3474 4

1939 3502 2086 3561 facta
2138 3506 2369 3575 (praeter
2414 3518 2746 3575 expressam
2799 3503 3162 3562 mentionem
3203 3505 3270 3564 D.
3316 3504 3650 3574 Romualdi,

1938 3608 2075 3667 quae
2100 3592 2358 3650 occurrit
2388 3591 2541 3665 apud
2595 3590 2945 3651 Damianum
2990 3593 3053 3651 in
3093 3592 3430 3667 psalmodiaa
3476 3594 3653 3652 disci-

1942 3679 2121 3755 plina,
2165 3679 2497 3755 aliisque,‘a
2544 3680 2709 3738 nobis
2748 3696 2870 3755 cap.
2914 3681 2967 3749 5,
3001 3698 3168 3741 num.
3207 3680 3241 3739 2
3276 3690 3332 3740 et
3364 3684 3397 3741 3
3432 3683 3651 3755 ponde-

1939 3770 2098 3845 ratis)
2132 3786 2428 3845 quamque
2484 3770 2650 3827 tacite
2699 3770 2899 3828 saltem
2927 3770 3229 3843 designare
3264 3771 3497 3829 videtur
3532 3771 3643 3829 Da-

1941 3860 2176 3920 mianus
2250 3859 2323 3917 iis
2398 3857 2539 3931 ipsis
2610 3857 2803 3915 verbis
2853 3874 2887 3915 a
2938 3857 3258 3918 Laderchio
3313 3859 3575 3934 allegatis
3630 3877 3644 3917 :

1946 3973 1971 3998 .
2004 3947 2131 4005 Non
2170 3948 2367 4005 omnia
2412 3945 2591 4018 hujus
2621 3946 3005 4005 institutionis
3040 3956 3323 4022 praecepta
3363 3948 3648 4013 minutius

1946 4053 2048 4095 nos
2100 4035 2501 4106 describimus,
2531 4036 2631 4093 sed
2690 4035 2889 4106 multa,
2933 4052 3064 4110 quae
3116 4046 3172 4095 et
3216 4037 3432 4110 passim
3482 4037 3649 4096 nobis

1942 4130 2273 4194 occurrunt,
2332 4140 2409 4182 ex
2467 4124 2657 4183 studio
2712 4125 3115 4198 praaterimus,
3177 4149 3200 4178 ι
3258 4142 3456 4200 opusc.
3521 4137 3648 4196 XV,

1941 4230 2063 4287 cap.
2096 4213 2180 4273 18.
2206 4214 2348 4283 Quae
2374 4214 2533 4273 enim
2558 4213 2673 4272 alia
2694 4219 2816 4271 erat
2844 4213 3179 4285 hujusmodi
3206 4214 3503 4272 eremitica
3522 4214 3643 4273 ins-

1946 4301 2155 4374 titutio,
2188 4302 2304 4361 nisi
2353 4317 2486 4377 quze
2514 4318 2547 4360 a
2582 4301 2647 4360 B.
2684 4300 3003 4360 Romualdo
3032 4308 3170 4361 tunc
3200 4318 3401 4361 recens
3432 4305 3647 4362 instau-

1946 4399 2068 4450 rata
2093 4388 2375 4463 vigebat?
2406 4390 2551 4449 Nam
2584 4389 2691 4448 etsi
2720 4389 2792 4447 ab
2819 4389 3077 4462 antiquis
3103 4389 3354 4450 Orientis
3386 4391 3649 4449 Patribus

1944 4479 2244 4553 complura
2265 4479 2338 4537 ad
2363 4481 2513 4537 hanc
2538 4477 2904 4551 disciplinam
2929 4479 3278 4552 pertinentia
3289 4478 3652 4538 Romualdus

1945 4570 2121 4627 fuerit
2152 4569 2430 4640 imitatus,
2459 4570 2532 4627 ad
2567 4567 2867 4626 certiorem
2901 4574 3093 4627 tamen
3129 4569 3489 4638 methodum,
3520 4584 3649 4642 per-

1942 4659 2265 4732 fectamque
2293 4657 2640 4731 regulariter
2666 4655 2904 4714 vivendi
2932 4672 3225 4733 normam,
3256 4657 3455 4715 omnia
3480 4672 3653 4715 revo-

1944 4748 2117 4817 cavit,
2173 4754 2230 4805 et
2307 4746 2368 4804 in
2420 4745 2512 4804 his
2563 4743 3017 4804 occidentalibus
3066 4744 3251 4818 plagis
3301 4745 3529 4818 primus
3582 4747 3655 4805 ad

1946 4836 2179 4908 praxim
2222 4834 2498 4894 reduxit:
2529 4834 2755 4893 dicente
2802 4833 2979 4893 Paulo
3010 4834 3342 4895 Justiniano
3376 4835 3441 4894 in
3484 4837 3651 4912 praef.

1946 4942 2070 4986 suae
2129 4926 2347 5000 regulae
2404 4925 2715 4984 eremiticas
2747 4944 2758 4983 :
2794 4950 2820 4973 α
2878 4922 3005 4983 Vita
3057 4940 3193 4984 vero
3245 4926 3538 4986 eremitica
3592 4926 3655 4984 in

1946 5015 2289 5075 occidentali
2328 5015 2582 5074 Ecclesia
2628 5022 2964 5073 sectatorem
2998 5013 3145 5074 forte
3172 5015 3454 5091 aliquem,
3485 5015 3653 5073 insti-

1949 5113 2196 5165 tutorem
2222 5113 2417 5163 autem
2448 5103 2684 5163 nullum
2716 5102 2992 5174 habebat;
3031 5103 3253 5177 primus
3275 5112 3468 5162 autem
3496 5101 3557 5159 in
3594 5117 3661 5160 ea

1949 5203 2166 5264 auctor,
2192 5201 2249 5252 et
2285 5194 2583 5252 institutor
2612 5194 2724 5253 fuit
2755 5193 2850 5251 vir
2887 5193 3049 5252 omni
3088 5192 3385 5252 sanctitate
3420 5190 3656 5264 conspi-

1950 5301 2118 5348 cuus.
2143 5291 2315 5358 atque
2354 5297 2457 5357 per
2482 5282 2683 5341 omnia
2708 5281 3257 5342 admirabilissimus
3286 5278 3659 5339 beatissimus

1952 5374 2331 5443 Romualdus,
2361 5397 2387 5422 ιο
2413 5380 2519 5430 etc.

2022 5462 2179 5522 XVI.
2209 5462 2495 5522 Caeterum
2543 5477 2619 5520 an
2670 5461 2986 5537 discipulos
3026 5460 3087 5520 S.
3127 5460 3463 5531 Romualdi,
3496 5460 3658 5521 velut

1953 5554 2026 5612 ad
2056 5569 2117 5612 se
2152 5552 2393 5610 minime
2429 5550 2737 5610 attinentes
2773 5551 3034 5611 nominet
3061 5548 3403 5623 Damianus,
3443 5557 3510 5609 ut
3548 5550 3656 5609 La-

1955 5643 2229 5703 derchius
2251 5642 2574 5714 cavillatur,
2603 5642 2724 5717 jam
2750 5640 2890 5700 alibi
2918 5639 3381 5707 observavimus,
3417 5654 3664 5715 praeser-
