4034 6464
362 307 428 368 71

1278 301 1340 363 S.
1378 298 1671 362 PETRUS
1711 296 2103 360 DAMIANUS
2142 299 2201 359 S.
2243 297 2314 358 R.
2358 299 2421 357 E.
2463 292 2940 358 CABDINALIS.

3830 286 3910 353 72

366 436 472 494 tim
494 449 615 507 cap.
649 432 704 504 5,
734 447 901 491 num.
939 430 1005 490 10
1029 436 1084 490 et
1106 446 1229 505 cap.
1258 429 1312 500 6,
1347 445 1513 489 num.
1549 430 1597 488 3.
1636 428 1781 487 Nam
1811 426 1873 484 in
1900 427 2144 501 prooe-A
2167 423 2318 482 disse
2374 424 2604 495 asserat)
2656 421 2899 481 memini
2935 436 3029 480 me
3068 426 3195 481 tum
3235 420 3437 481 Romae
3476 419 3777 495 degentem
3820 420 3904 478 ab
3986 394 3987 423 ξ

364 525 483 583 mio
539 521 684 580 Vitae
734 520 793 580 S.
846 517 1156 578 Romualdi
1200 516 1333 577 illos
1379 533 1515 577 suos
1562 518 1764 575 fratres
1814 513 2079 587 appellat,

366 626 685 686 eorumque
734 609 1002 683 precibus
1051 606 1366 666 adductum
1415 622 1477 664 se
1526 605 1747 676 asserit,
1810 619 2085 675 germana

366 701 642 760 charitate
684 704 943 772 urgente,
986 695 1059 754 ad
1112 694 1174 755 S.
1215 694 1402 754 Patris
1439 699 1594 768 gesta
1655 691 1859 750 litteris
1895 690 2085 750 consi-

367 789 613 863 gnanda.
666 786 829 857 Quod
883 785 932 844 si
980 784 1039 842 id
1084 798 1201 843 non
1262 798 1485 856 semper
1537 796 1808 855 expresse
1861 779 2083 852 repetit,

368 880 596 952 quoties
619 877 690 936 de
715 875 1015 950 discipulis
1046 874 1104 934 S.
1134 872 1444 933 Bomualdi
1473 874 1829 931 mentionem
1852 869 2085 945 ingerit,

369 973 424 1024 et
454 965 598 1039 quid
633 964 725 1023 vir
761 961 1160 1022 sanctissimus
1199 959 1513 1033 discipulos
1552 975 1685 1018 suos
1723 960 1968 1028 doceret,
1995 973 2085 1015 re-

373 1053 522 1112 ferre
554 1052 799 1127 satagit:
838 1067 953 1110 non
994 1057 1291 1124 propterea
1329 1048 1461 1107 illos
1499 1048 1658 1107 velut
1690 1064 1725 1107 a
1762 1063 1822 1106 se
1867 1046 2088 1106 alienos

370 1156 821 1202 commemorare
858 1137 1179 1198 censendus
1213 1143 1334 1208 est;
1369 1136 1485 1194 nisi
1523 1136 1807 1208 dicamus,
1836 1150 2086 1207 evange-

375 1232 536 1290 listas
585 1247 646 1289 se
694 1245 729 1287 a
784 1228 997 1287 Christi
1048 1226 1357 1299 disciplina
1411 1224 1633 1283 alienos
1685 1224 2086 1299 pronuntiare,

371 1319 598 1392 quoties
635 1322 904 1374 enarrant
960 1312 1279 1389 parabolas,
1320 1327 1463 1386 quas
1516 1314 1666 1368 dixit
1700 1316 1855 1369 Iesus
1915 1314 2088 1367 disci-

377 1409 527 1481 pulis
578 1408 726 1474 suis;
768 1409 869 1463 aut
902 1402 1018 1460 nisi
1054 1416 1381 1462 asseramus
1409 1400 1680 1459 eumdem
1714 1399 1949 1459 Petrum
1986 1399 2091 1457 Da-

377 1496 645 1556 mianum
685 1493 859 1551 etiam
886 1509 918 1550 a
955 1492 1015 1552 S.
1059 1490 1353 1550 Benedicti
1400 1488 1709 1563 disciplina
1739 1505 1799 1547 se
1828 1487 2091 1546 alienum

380 1585 586 1656 facere,
615 1584 758 1643 dum
787 1582 845 1642 S.
875 1581 1169 1641 Benedicti
1196 1580 1510 1655 discipulos
1541 1578 1801 1637 nominat
1842 1584 1981 1636 tom.
2011 1577 2089 1649 II,

384 1690 558 1734 serm.
614 1672 669 1746 8,
726 1687 835 1731 nec
890 1686 949 1730 se
1003 1670 1123 1730 illis
1176 1686 1445 1746 expresse
1500 1668 1820 1744 conjungit,
1880 1683 2092 1742 eosque

2164 511 2424 587 ejusdem
2455 511 2706 572 auctoris
2735 528 2834 570 ore
2860 509 3175 580 audivisse,
3206 509 3348 568 dum
3385 510 3642 569 invicem
3669 509 3742 569 de
3783 512 3905 569 hac

2166 603 2286 677 ipsa
2324 603 2714 661 controversia
2764 601 3245 676 colloqueremur,
3281 600 3436 675 quod
3488 617 3561 661 ex
3610 601 3905 661 omnibus
3988 652 3989 681 ἶ

2165 694 2542 766 argumentis,
2598 710 2732 767 quae
2781 709 2884 768 pro
2944 700 3138 752 nostra
3196 692 3480 751 sententia
3540 694 3898 763 afferuntur,

2167 795 2355 838 unum
2385 780 2492 838 hoc
2522 780 2631 839 sibi
2660 780 3007 844 maximum.
3039 796 3158 855 prae
3189 779 3434 852 caeteris,
3473 781 3775 854 negotium
3806 782 3902 839 fa-

2167 876 2427 939 cesseret,
2464 869 2593 928 licet
2619 872 2745 945 ejus
2773 871 2829 929 vi
2869 888 2902 929 a
2940 879 3337 946 praeconcepta
3376 870 3661 929 sententia
3700 887 3760 930 se
3802 872 3904 929 di-

2170 962 2390 1021 moveri
2416 979 2531 1021 non
2566 971 2877 1037 pateretur.

2241 1050 2316 1110 II.
2350 1050 2446 1110 Sic
2484 1052 2661 1127 igitur
2690 1052 2977 1127 proponit,
3010 1060 3181 1127 atque
3233 1052 3481 1111 enodare
3534 1052 3903 1113 Laderchius

2170 1142 2504 1217 aggreditur
2538 1145 2823 1218 ejusmodi
2864 1143 3263 1203 difﬁcultatem
3306 1158 3472 1201 num.
3513 1145 3575 1202 [ἀ
3612 1162 3625 1201 :
3668 1168 3691 1196 ι
3725 1144 3905 1203 Dices

2172 1229 2563 1290 Romualdum
2603 1248 2865 1291 eremum
2909 1232 3100 1292 Sitriae
3139 1231 3434 1302 fundasse,
3474 1230 3535 1289 in
3574 1246 3690 1305 qua
3731 1231 3907 1290 dein-

2172 1343 2304 1402 ceps
2340 1328 2450 1387 fuit
2490 1327 2826 1387 Dominicus
2857 1327 3175 1399 Loricatus,
3212 1325 3484 1386 Damiani
3533 1326 3899 1402 discipulus;

2175 1419 2284 1478 sub
2310 1420 2820 1479 constitutionibus
2847 1435 2983 1493 ergo
3012 1418 3346 1489 Romualdi,
3380 1424 3572 1492 utpote
3598 1417 3657 1475 in
3700 1434 3905 1476 eremo

2175 1510 2248 1568 ab
2294 1510 2401 1569 hoc
2444 1510 2706 1569 fundata.
2750 1532 2778 1565 »
2840 1511 2946 1569 Cui
2993 1526 3129 1584 ergo
3180 1517 3522 1582 argumento
3566 1509 3649 1568 sic
3699 1512 3904 1568 statim

2176 1599 2480 1672 respondet
2511 1623 2523 1657 :
2559 1620 2587 1653 ‹‹
2620 1600 2727 1658 Sed
2764 1605 3007 1672 negatur
3035 1613 3395 1673 consequens
3422 1614 3496 1657 ex
3526 1614 3699 1671 supra
3747 1598 3905 1657 alla-

2178 1688 2270 1759 tis,
2301 1688 2456 1758 quod
2504 1688 2868 1748 Bomualdus
2912 1687 3355 1746 constitutiones
3400 1702 3516 1745 non
3571 1686 3728 1745 dedit
3781 1687 3905 1761 (sed

377 1770 675 1852 Propterea
704 1768 786 1852 Ant
834 1761 905 1820 ad
946 1777 1007 1819 se
1049 1760 1288 1819 omnino
1309 1776 1446 1852 _D0_11
1491 1760 1860 1852 Ρθτῐίοξθυίέεν
1888 1757 2151 1852 ῙλὶιάξῗῖῖΒ
2177 1757 2399 1837 tacente
2444 1776 2664 1850 lingua,
2712 1786 2766 1836 et
2814 1777 3162 1852 praedicante
3208 1776 3347 1845 vita)
3399 1774 3616 1845 docuit,
3658 1783 3712 1833 et
3763 1757 3905 1833 licet

379 1852 499 1912 chii
530 1850 775 1926 judicio,
817 1854 1245 1908 commemorat.
1304 1848 1418 1907 Sed
1456 1847 1743 1923 quomodo
1781 1845 2096 1904 Romualdi

380 1940 713 2015 discipulos,
746 1940 908 2000 velut
937 1940 1008 1997 ad
1050 1955 1111 1997 se
1155 1937 1397 1996 minime
1431 1936 1739 1995 attinentes
1793 1935 2096 1994 nominare

383 2028 701 2090 Damianus
738 2034 957 2104 poterat
985 2028 1012 2088 ?
1048 2044 1143 2087 eos
1178 2044 1408 2101 nempe,
1438 2026 1788 2101 quibuscum
1821 2028 2094 2100 frequen-

381 2121 604 2182 tissime
632 2121 883 2193 vivebat,
912 2127 978 2180 ut
1020 2125 1132 2178 toto
1161 2134 1286 2193 cap.
1314 2119 1347 2177 6
1373 2125 1670 2177 ostensum
1710 2124 1812 2188 est,
1847 2132 2099 2192 quorum

384 2211 559 2269 etiam
596 2208 923 2283 magisterio
961 2216 1014 2266 et
1051 2206 1364 2265 directione
1401 2206 1686 2279 utebatur,
1725 2211 1790 2265 ut
1841 2213 2101 2279 respectu

385 2298 454 2359 B.
478 2298 689 2358 Leonis
736 2296 1032 2356 Sitriensis
1078 2311 1201 2370 cap.
1234 2295 1354 2366 cit.,
1388 2310 1554 2353 num.
1592 2294 1657 2352 16
1705 2310 1779 2353 ex
1820 2293 2102 2352 Damiano

386 2387 800 2463 probavimus;
862 2386 967 2460 qui
1018 2393 1211 2443 tamen
1269 2385 1408 2457 Leo,
1441 2400 1515 2442 ex
1567 2385 1767 2443 eodem
1829 2383 2102 2443 Damiano

386 2473 492 2533 lib.
526 2486 607 2545 vr,
636 2490 726 2548 ep.
761 2475 821 2533 l7
854 2493 866 2532 :
903 2495 930 2527 ιι
968 2472 1099 2532 Jam
1134 2488 1235 2547 per
1269 2471 1630 2553 septuaginta
1661 2472 1779 2530 fere
1817 2488 2004 2531 annos
2041 2474 2103 2531 in

388 2563 704 2624 monastico
734 2562 938 2622 habitu
976 2561 1253 2635 degebat:
1292 2582 1319 2614 »
1362 2560 1620 2635 adeoque
1654 2560 1980 2620 Romualdo
2010 2562 2103 2619 vi-

389 2658 582 2723 vente,
599 2659 655 2710 et
674 2649 785 2710 sub
812 2650 937 2724 ejus
962 2649 1238 2723 auspiciis
1274 2649 1585 2708 eremiticae
1606 2649 1742 2709 vitae
1771 2648 2105 2708 tirocinium

390 2749 677 2819 posuerat,
709 2742 861 2800 inter
886 2741 1014 2814 ejus
1039 2738 1352 2813 discipulos
1378 2740 1529 2813 apud
1558 2738 1793 2799 Sitriam
1827 2739 2107 2815 supersti-

391 2840 496 2905 tes,
523 2833 791 2891 omnium
818 2830 1056 2889 fortasse
1085 2829 1549 2903 antiquissimus.

1043 2947 1286 3007 CAPUT
1308 2946 1465 3005 VIII.

608 3042 841 3112 Reliqua
867 3056 903 3095 a
929 3039 1227 3096 Laderchio
1256 3038 1465 3107 objecta
1495 3037 1886 3096 discutiuntur.

2183 1867 2366 1925 multa
2413 1867 2526 1926 sub
2568 1869 2771 1940 regula
2812 1867 2870 1927 S.
2921 1865 3216 1925 Benedicti
3259 1864 3591 1925 fundaverit
3631 1864 3781 1935 loca;
3814 1872 3905 1923 ta-

2184 1971 2317 2013 men
2359 1971 2494 2030 quae
2541 1956 2605 2014 in
2652 1955 2724 2013 iis
2767 1972 2943 2029 supra
2988 1955 3246 2029 regulam
3303 1953 3796 2022 custodiebantur,
3826 1954 3906 2011 ab

2183 2043 2308 2117 ipso
2356 2044 2651 2117 magistro,
2699 2044 2968 2120 exemplo
3014 2044 3225 2117 potius,
3266 2058 3444 2117 quam
3486 2041 3685 2111 verbo,
3717 2040 3810 2099 vel
3853 2043 3908 2101 si

2184 2133 2381 2204 verbo,
2422 2134 2597 2192 verbo
2647 2140 2839 2193 tamen
2886 2132 3397 2193 constitutionibus
3436 2132 3604 2190 certis
3648 2147 3764 2190 non
3811 2130 3904 2189 a1-

2186 2225 2380 2297 ligato,
2406 2225 2783 2299 jubebantur,
2814 2233 2880 2284 ut
2924 2225 2998 2283 ab
3041 2224 3264 2294 abbate,
3295 2239 3410 2281 non
3452 2223 3525 2280 ab
3574 2221 3908 2281 institutore

2186 2331 2355 2375 nova)
2405 2313 2641 2385 regulae,
2672 2315 2769 2374 sed
2825 2314 3016 2388 potius
3071 2319 3135 2373 ut
3186 2330 3219 2371 a
3266 2313 3545 2387 peculiari
3601 2312 3785 2384 illius,
3814 2311 3905 2368 vel

2188 2404 2354 2463 istius
2383 2404 2495 2463 loci
2529 2410 2879 2477 praeceptore
2915 2409 2972 2461 et
3009 2403 3304 2475 magistro.
3337 2402 3503 2471 Quod
3537 2401 3737 2474 utique
3767 2416 3906 2473 per-

2188 2494 2437 2563 duravit,
2470 2508 2774 2568 usquequo
2810 2492 2967 2552 ducti
3007 2493 3214 2566 spiritu
3251 2490 3582 2559 Bomualdi,
3622 2489 3909 2548 constitu-

2191 2582 2373 2641 tiones
2425 2581 2549 2655 ejus
2592 2580 3061 2641 Camaldulenses
3106 2581 3370 2655 apicibus
3426 2579 3823 2651 tradiderunt;
3851 2584 3910 2637 et

2192 2671 2393 2731 Petrus
2422 2672 2560 2730 item
2608 2687 2741 2729 suas
2777 2671 2953 2741 dedit,
2987 2687 3061 2729 ex
3105 2671 3322 2745 quibus
3362 2670 3564 2743 utique
3604 2668 3677 2727 ab
3728 2668 3908 2727 Avel-

2189 2762 2417 2821 lanensi
2468 2761 2846 2833 distinguitur
2894 2759 3353 2819 Camaldulensis
3400 2758 3785 2830 congregatio,
3821 2760 3911 2818 uti

2191 2850 2301 2908 sub
2336 2850 2534 2921 regula
2575 2847 2632 2907 S.
2674 2848 2966 2907 Benedicti
3006 2847 3431 2918 Cistercienses,
3470 2845 3909 2917 Cluniacenses,

2192 2936 2694 2996 Vallumbrosanaa
2747 2936 3220 3012 congregationes
3267 2942 3607 3008 separantur
3648 2935 3721 2994 ab
3756 2936 3914 2994 invi-

2191 3043 2337 3086 cem.
2371 3048 2399 3081 »
2442 3027 2582 3085 Haec
2607 3026 2729 3085 ille.

400 3134 700 3196 SYNOPSIS.
759 3166 827 3177 —
882 3132 1182 3205 Quodnam
1234 3139 1642 3205 argumentum
1704 3119 2160 3205 ,Laderchiumc

2261 3117 2365 3175 ΙΙΙ.
2411 3116 2481 3175 In
2528 3116 2761 3191 quibus,
2812 3114 2954 3189 quid
2998 3114 3193 3205 prius.
3220 3113 3363 3189 quid
3419 3113 3601 3205 magis
3633 3113 3907 3185 admirer,

466 3209 724 3267 maxime
739 3212 989 3335 fremat.
1018 3203 1225 3286 _Nu_m..
1253 3205 1295 3262 l.
1338 3203 1407 3261 Ut
1445 3203 1594 3284 illud
1635 3204 1859 3283 solvere
1890 3205 2107 3285 nitatur
2129 3203 2159 3205 “”
2190 3206 2482 3281 ambigere
2521 3222 2615 3264 me
2643 3206 2867 3276 fateor;
2912 3220 3050 3263 num
3097 3204 3334 3274 scilicet,
3370 3205 3524 3279 quod
3567 3204 3911 3265 Sitriensem

466 3287 681 3335 auctor.
779 3320 791 3333 .
848 3275 1164 3335 Solutionis
1210 3284 1592 3335 impugnatio.
1647 3274 1700 3333 3.
1745 3276 1833 3333 Ad
1888 3276 2110 3333 ordinis
2192 3312 2450 3335 nmmum
2493 3311 2521 3335 ρ
2567 3295 2604 3335 ς
2667 3295 2990 3335 Ὡηηηιειιιῖη
3028 3295 3327 3335 fundatum
3393 3296 3639 3335 ninennn
3678 3296 3911 3335 habita-

464 3287 681 3338 auctor.
739 3274 791 3335 2.
848 3275 1164 3335 Solutionis
1210 3275 1592 3344 impugnatio.
1647 3274 1700 3333 3'.
1745 3276 1833 3333 Ad
1888 3275 2110 3333 ordinis

467 3351 559 3409 sui
593 3348 1010 3414 fundationem,
1034 3345 1357 3405 Romualdo
1389 3346 1768 3404 necessariam
1797 3362 1911 3404 non
1933 3347 2110 3404 fuisse

466 3420 902 3498 institutionum
929 3417 1316 3498 :propriarum
1361 3418 1763 3498 scriptionem._
1798 3420 1941 3498 Ibid,
1985 3418 2110 3498 Duo

465 3493 581 3552 alia
664 3489 970 3549 Laderchii
1043 3489 1194 3548 dicta
1267 3489 1657 3548 confutantur.
1741 3489 1794 3547 4.
1866 3489 2112 3548 Ulterior

469 3563 664 3636 evasio
692 3562 951 3636 primarii
982 3561 1392 3636 argumentiha
1440 3559 1761 3636 Laderchio
1788 3567 2018 3620 tentata.
2054 3562 2106 3618 5.

471 3630 772 3693 Classeiise
808 3630 1139 3691 cmnoliium
1183 3647 1287 3689 cur
1312 3630 1743 3689 Camaldulensi
1786 3648 1980 3690 eremo
2012 3648 2107 3690 co-

468 3708 736 3783 pulatum
770 3701 996 3762 fuerit?
1025 3703 1075 3783 ti.
1107 3703 1189 3761 De
1224 3703 1356 3783 aliis
1404 3703 2109 3783 monasteriorum_uni_o-_

469 3773 645 3836 hibus
694 3778 847 3834 intra
890 3775 1160 3834 eumdem
1213 3774 1495 3831 ordinem.
1531 3773 1584 3832 7.
1625 3774 1755 3831 Alia
1806 3774 2110 3833 Ladercliii

466 3848 761 3908 cavillatio
789 3848 1091 3905 refutatur.
1125 3845 1179 3903 8.
1212 3845 1493 3903 Instantia
1524 3861 1731 3903 rursus
1761 3845 1875 3903 alia
1901 3847 2109 3904 adver-

468 3920 607 3991 sarii
643 3925 1134 3991 contra_nos_tram_
1168 3919 1535 3991 sententiam,
1568 3917 1713 3991 falso
1746 3917 1937 3975 nitens
1968 3934 2107 3991 sup-

466 3989 669 4067 posito:
724 3989 782 4067 9.
816 3988 1065 4067 Duplex
1102 3988 1426 4067 diaparitas,
1466 3988 1538 4046 ad
1592 3988 1712 4067 hoc“
1753 3988 2108 4067 propositum

467 4059 503 4120 a
550 4059 881 4131 Laderchio,
906 4059 1171 4131 adducta,
1210 4059 1607 4131 impugnatur.
1654 4059 1928 4131 10fde
1977 4061 2111 4118 alite

474 4104 1230 4210 assigna'abigasna
1244 4104 1607 4210 resistis
1652 4104 1928 4210 ίῇέιτῑέπῑῑῖ
1951 4104 2110 4210 εδῑῖῖζ

468 4204 567 4263 tio.
602 4202 681 4259 l2.
716 4200 998 4260 Secundae
1016 4200 1350 4259 confutatio.
1379 4201 1463 4259 1'3.
1493 4200 1782 4259 Ultimum
1808 4202 2114 4260 Laderchii

471 4281 882 4349 argumentum
910 4272 1173 4331 diluitur.
1209 4271 1290 4330 14.

472 4363 521 4422 Ι.
564 4362 709 4422 Tam
755 4362 972 4436 potenti
1026 4362 1154 4421 luce
1202 4360 1290 4419 vis
1340 4359 1598 4421 veritatis
1649 4360 1901 4431 irradiat,
1944 4368 2007 4420 ut
2055 4361 2119 4419 in

400 4456 600 4516 oculos
646 4454 821 4513 etiam
870 4469 930 4511 se
977 4452 1329 4526 fugientium
1381 4451 1640 4510 incurrat
1675 4476 1687 4510 :
1720 4452 1851 4512 ideo
1895 4451 2112 4511 Lader—

404 4548 605 4606 chium
650 4551 915 4603 nostrum
957 4542 1134 4601 latere
1182 4557 1550 4618 nequaquam
1581 4542 1785 4616 potuit,
1819 4558 2008 4602 unum
2038 4559 2113 4601 ex

404 4635 716 4710 praecipuis
766 4632 1148 4708 argumentis,
1207 4633 1422 4709 quibus
1469 4632 1909 4692 Camaldulense
1963 4633 2116 4692 Petri

406 4724 672 4785 Damiani
727 4724 1061 4785 institutum
1111 4723 1342 4796 probari
1393 4723 1554 4795 solet,
1596 4740 1670 4783 ex
1726 4740 1793 4784 eo
1851 4726 2114 4798 petitum,

404 4813 560 4889 quod
602 4813 663 4873 S.
701 4812 1041 4872 Dominicus
1081 4811 1383 4871 Loricatus
1421 4810 1614 4871 Sitriae
1652 4814 1827 4887 prior,
1857 4814 2119 4888 ejusdem

304 4922 309 4926 ·
406 4901 561 4962 Petri
612 4900 878 4959 Damiani
918 4900 1244 4975 discipulus
1289 4900 1481 4973 fuerit,
1524 4903 2014 4976 quemadmodum
2064 4908 2121 4961 et

407 5008 514 5052 nos
542 5005 666 5063 cap.
698 4991 752 5057 6,
784 5007 948 5049 num.
986 4992 1046 5050 14
1080 4991 1623 5051 demonstravimus.
1657 4994 1899 5053 Nullum
1927 4994 2121 5066 itaque

406 5097 527 5144 non
562 5090 755 5142 movet
793 5079 1041 5155 lapidem
1075 5085 1316 5157 scriptor
1344 5089 1555 5156 noster,
1584 5091 1647 5143 ut
1682 5086 1789 5143 hoc
1827 5100 1950 5143 suae
1981 5099 2118 5143 cau-

407 5189 489 5233 sae
526 5170 933 5247 praejudicium
969 5171 1300 5236 amoliatur.
1332 5179 1509 5246 atque
1546 5174 1607 5231 in
1642 5189 1873 5232 omnem
1904 5190 1963 5232 se
1990 5189 2121 5231 ver-

407 5273 496 5323 sat
522 5273 762 5338 partem,
793 5271 857 5322 ut
888 5262 1112 5322 obicem
1144 5264 1300 5322 hunc
1337 5265 1448 5323 sibi
1481 5265 1957 5324 molestissimum
1990 5280 2122 5337 pro-

414 5361 578 5414 terat.
607 5356 753 5414 Nam
803 5371 990 5430 usque
1033 5355 1106 5413 ab
1151 5370 1302 5414 anno
1358 5356 1491 5414 1699
1530 5373 1644 5430 quo
1693 5364 1945 5430 tempore
1990 5357 2125 5413 vitae

412 5440 472 5501 S.
502 5440 656 5500 Petri
686 5444 955 5503 Damiani
993 5441 1332 5518 colligendae
1359 5444 1732 5503 incumbebat
1773 5444 2125 5502 Laderchius

409 5528 564 5597 (licet
603 5530 666 5587 in
701 5532 875 5604 hujus
911 5533 1102 5607 operis
1134 5549 1289 5594 anno
1324 5534 1459 5592 1702
1486 5532 1625 5592 editi
1675 5532 2032 5607 praefatione,
2065 5547 2125 5591 se

407 5617 481 5675 ad
513 5617 641 5692 ejus
670 5618 1131 5695 lucubrationem
1172 5630 1287 5683 tres
1324 5637 1554 5683 menses
1589 5623 1875 5684 duntaxat
1906 5623 2129 5697 impen-

2192 3312 2453 3356 eremum
2492 3311 2526 3354 a
2567 3295 2624 3355 S.
2667 3295 2990 3355 Romualdo
3028 3295 3352 3367 fundatam,
3393 3296 3640 3370 ejusque
3678 3296 3911 3355 habita-

2195 3392 2341 3444 tores
2384 3385 2455 3442 ad
2504 3383 2767 3442 ordinem
2801 3382 3301 3440 Camaldulensem
3349 3384 3635 3457 pertinere
3680 3384 3912 3442 inlicia-

2194 3480 2306 3544 tur,
2340 3465 2487 3548 quia
2532 3470 2589 3531 S.
2640 3471 2805 3530 Pater
2842 3471 3281 3530 constitutiones
3329 3487 3464 3530 suas
3517 3472 3743 3545 scriptis
3791 3488 3912 3531 non

2192 3564 2489 3634 exaravit;
2530 3578 2675 3621 num
2711 3561 2867 3636 quod
2905 3560 3176 3620 eumdem
3218 3562 3275 3621 S.
3318 3563 3564 3633 Patrem,
3595 3578 3709 3620 non
3748 3562 3909 3621 velut

2190 3652 2501 3711 eremiticas
2547 3650 2683 3708 vitae
2722 3650 3185 3720 instauratorem,
3224 3649 3320 3707 sed
3364 3649 3522 3709 velut
3557 3651 3913 3725 peculiarem

2194 3741 2391 3815 hujus,
2422 3740 2513 3797 vel
2551 3739 2713 3797 illius
2760 3737 2869 3797 loci
2926 3743 3333 3812 praeceptorem
3385 3739 3553 3797 nobis
3593 3740 3909 3812 exhibeat;

2196 3848 2338 3890 num
2376 3830 2645 3904 deniQue,
2680 3829 2833 3904 quod
2885 3830 3043 3889 hunc
3090 3846 3287 3888 rerum
3330 3837 3543 3891 statum
3589 3832 3913 3892 obtinuisse

2195 3926 2503 3990 asseveret,
2533 3918 2861 3992 usquedum
2902 3918 3372 3979 Camaldulenses
3401 3920 3913 3982 constitutionibus

2196 4008 2319 4068 suis
2370 4007 2798 4067 conscribendis
2843 4007 3107 4066 animum
3155 4009 3578 4082 applicuerunt.
3632 4012 3707 4068 At
3753 4012 3914 4070 enim

2197 4115 2330 4175 quae
2372 4105 2629 4158 monstra
2681 4099 2807 4158 hth
2845 4107 2983 4157 sunt
3016 4114 3212 4157 rerum
3248 4105 3301 4156 et
3339 4099 3800 4159 sententiarum?
3832 4101 3915 4161 De

2197 4189 2383 4265 primo
2406 4189 2526 4263 jam
2553 4203 2677 4261 cap.
2714 4187 2957 4262 praeced.
2981 4205 3149 4247 num.
3173 4187 3257 4260 12,
3282 4188 3544 4247 diximus
3568 4206 3698 4248 cum
3732 4186 3916 4251 Paulo

2196 4280 2526 4340 Justiniano
2572 4279 2968 4339 Bomualdum
3028 4280 3233 4353 utique
3284 4279 3724 4339 constitutiones
3775 4296 3917 4340 suas

2198 4370 2425 4443 scriptis
2462 4384 2573 4427 non
2613 4369 2951 4442 prodidisse,
2983 4367 3195 4426 Christi
3232 4368 3417 4441 ipsius
3456 4368 3687 4427 Domini
3730 4371 3917 4429 nostri

2199 4456 2466 4531 exemplo
2513 4480 2525 4516 :
2580 4481 2599 4507 ι
2662 4458 2791 4528 Qui,
2844 4456 2996 4532 quod
3051 4456 3174 4529 ipse
3227 4456 3486 4517 faciendo
3537 4473 3602 4515 ac
3657 4458 3917 4517 docendo

2207 4547 2478 4617 instituit,
2533 4562 2652 4605 non
2722 4546 2950 4619 scriptis
3028 4545 3281 4617 tradidit,
3340 4546 3438 4605 sed
3493 4545 3625 4603 aliis
3676 4553 3801 4619 post
3856 4564 3919 4606 se

2206 4635 2523 4694 scribendis
2552 4635 2829 4710 reliquit;
2859 4661 2884 4685 ››
2919 4634 3015 4693 sed
3056 4624 3171 4693 nec
3199 4635 3445 4708 Magnus
3483 4636 3776 4694 Antonius
3814 4636 3924 4695 ab-

2204 4724 2323 4793 bas,
2388 4729 2465 4781 tot
2518 4724 2938 4783 monachorum
2995 4724 3179 4796 Pater,
3240 4724 3424 4782 ullam
3478 4722 3761 4796 regulam,
3821 4732 3925 4784 aut

2206 4814 2627 4874 institutionem
2662 4814 2870 4887 scripto
2908 4813 3225 4884 mandavit,
3259 4821 3316 4872 at
3364 4814 3498 4873 vitae
3547 4830 3672 4873 suae
3718 4829 3926 4873 exem-

2206 4904 2336 4977 plis,
2368 4911 2424 4961 et
2450 4903 2810 4961 documentis
2862 4902 2926 4960 in
2969 4902 3097 4976 ejus
3141 4903 3558 4978 discipulorum
3606 4912 3799 4963 mente
3836 4905 3927 4963 al-

2208 4994 2322 5052 tius
2364 4991 2683 5066 impressis,
2716 4997 3018 5049 sectatores
3071 5007 3207 5051 suos
3259 4993 3487 5053 abunde
3533 4994 3805 5064 erudivit,
3862 5001 3929 5053 ut

2206 5090 2406 5141 auctor
2433 5088 2519 5139 est
2550 5080 2904 5139 Athanasius
2933 5100 2945 5139 :
2976 5102 3005 5135 «
3040 5080 3140 5139 Est
3174 5083 3352 5154 enim,
3380 5083 3592 5157 inquit,
3625 5082 3927 5143 monachis

2209 5171 2500 5231 sufﬁciens
2569 5170 2860 5227 character
2910 5171 2979 5228 ad
3030 5172 3327 5229 asceticam
3408 5173 3648 5231 Antonii
3722 5173 3923 5231 vita.»

2210 5262 2373 5333 Quod
2420 5262 2610 5334 ipsum
2650 5261 2721 5318 de
2770 5260 3092 5320 ltomualdo
3126 5261 3241 5319 dici
3281 5268 3482 5335 potest,
3516 5264 3618 5337 qui
3656 5263 3926 5321 omnium

2210 5350 2652 5414 occidentalium
2688 5353 3062 5411 ercmitaruni
3103 5351 3304 5422 Patris,
3347 5358 3402 5409 et
3438 5350 3784 5409 institutoris
3852 5351 3926 5408 ti-

2213 5442 2402 5501 tulum
2429 5456 2533 5498 suo
2559 5438 2796 5497 vivendi
2826 5438 3369 5512 exemplo,suisque
3394 5439 3630 5497 monitis
3659 5437 3925 5496 saluber-

2212 5530 2378 5589 rimis
2427 5528 2763 5603 promeruit,
2802 5534 2866 5589 ut
2919 5529 3143 5587 dissert.
3190 5529 3239 5600 1,
3292 5543 3413 5600 cap.
3457 5527 3489 5585 5
3526 5528 3922 5602 probavimus,

2213 5627 2269 5682 et
2296 5634 2468 5695 quem
2498 5618 2815 5680 Damianus
2840 5617 2964 5692 ipse
2998 5616 3063 5677 in
3106 5617 3232 5694 ejus
3272 5616 3398 5678 Vita
3446 5632 3568 5693 cap.
3600 5619 3635 5680 9
3677 5618 3927 5680 asseruit
