4034 6480
179 281 247 337 73
1089 276 1660 339 l'ROLEGOMENA.
1705 307 1770 318 —
1811 273 1906 332 DE
1946 270 2348 332 INSTITUTO
2388 272 2822 340 CAMALDUL.

3635 289 3706 350 74

181 405 586 466 nihilominus
616 423 629 464 :
663 427 685 458 ι
725 405 963 464 vivendi
1018 406 1283 479 regulam
1324 404 1549 464 cunctis
1592 401 1974 477 singularisA
1994 398 2119 472 ejus
2173 401 2598 474 congregationi
2653 406 2926 466 traditum
2987 407 3112 469 fuit.
3155 409 3301 472 Nam
3358 429 3508 474 nova
3559 424 3712 479 certe

183 497 332 555 vitae
390 495 773 556 sectatoribus
820 495 1161 570 praeﬁxisse,
1196 516 1224 548 »
1271 509 1446 569 quam
1502 494 1564 551 in
1612 492 1737 566 ipsa
1784 491 1911 564 ejus

183 583 531 644 admirabili
569 583 826 643 Historia
872 584 1228 643 relucentem
1275 583 1618 658 accepimus,
1651 581 1806 640 unde
1857 588 1914 639 et

186 677 250 736 B.
295 675 652 750 Bodulpbus
686 674 749 734 in
781 675 1008 734 constit.
1049 677 1189 734 anni
1241 674 1374 735 1085
1416 675 1631 750 primos
1685 669 1916 731 Camal-

186 764 462 824 dulensis
490 765 671 823 eremi
695 764 914 823 incolas
943 763 1110 823 nobis
1139 763 1434 836 describit,
1460 788 1486 818 (ι
1507 764 1725 838 jugiter
1746 778 1916 820 vene-

188 854 396 914 rabilis
453 854 763 913 Romualdi
813 853 992 912 vitam
1042 861 1216 928 atque
1285 854 1604 913 doctrinam
1662 867 1914 912 comme-

191 949 511 1003 morantes.
544 966 572 999 »
607 944 818 1005 Omitto
856 943 1011 1019 quod
1061 960 1164 1002 nec
1203 943 1262 1004 S.
1287 944 1542 1004 Joannes
1570 943 1917 1003 Gualbertus

192 1033 706 1093 Vallumbrosanae
771 1034 1046 1107 familiae,
1105 1050 1211 1093 nec
1267 1034 1326 1094 S.
1380 1034 1665 1093 Robertus
1739 1032 1917 1090 abbas

189 1122 679 1183 Cisterciensibus
745 1125 981 1198 scriptas
1047 1125 1480 1184 constitutiones
1529 1123 1907 1199 reliquerunt,

190 1228 298 1271 nec
351 1211 411 1272 S.
448 1213 778 1287 Stephanus
830 1213 1440 1274 Grandimontensium
1468 1213 1634 1273 Pater
1678 1214 1910 1272 institu-

192 1301 380 1361 tiones
427 1318 564 1362 suas
607 1305 818 1378 scripto
861 1303 1253 1377 consignavit;
1285 1319 1428 1378 quas
1455 1304 1527 1362 ab
1577 1303 1704 1378 ejus
1741 1303 1919 1362 disci-

193 1390 353 1464 pulis
404 1391 549 1450 olim
597 1391 878 1462 collectas,
927 1399 983 1450 et
1023 1391 1086 1450 in
1133 1391 1422 1451 Gallicum
1467 1392 1679 1451 idioma
1733 1407 1918 1465 nuper

195 1497 529 1555 conversas,
588 1484 742 1558 apud
812 1483 1209 1558 Augustinum
1275 1483 1514 1542 Mercier
1570 1498 1724 1542 anno
1784 1483 1918 1542 1701

194 1572 508 1646 impressas
557 1573 918 1632 audivimus.
954 1573 1120 1632 Unde
1160 1579 1330 1648 patet,
1367 1573 1515 1631 nihil
1560 1571 1799 1630 omnino
1836 1587 1919 1630 re-

196 1662 366 1732 ferre,
397 1662 553 1736 quod
591 1663 1028 1722 constitutiones
1059 1677 1193 1721 suas
1225 1661 1590 1721 Romualdus
1628 1676 1744 1720 non
1774 1659 1918 1718 scri-

1998 490 2105 548 ista
2145 490 2374 550 traditio
2421 492 2712 566 superﬂua
2761 501 2901 569 erat,
2933 497 2982 557 si
3020 515 3095 557 ex
3134 507 3271 561 tunc
3309 509 3530 565 tantum
3562 513 3708 569 tem-

1999 578 2367 671 poris-locus
2431 580 2584 640 idem
2637 585 2954 646 beatissimi
3020 589 3370 652 institutoris
3427 604 3711 671 praecepta

2002 667 2324 742 recepisset,
2353 685 2490 729 cum
2541 671 2807 733 videlicet
2853 683 2918 734 ut
2953 675 3128 737 abbas
3166 680 3220 739 ei
3257 667 3510 754 praefuit.
3545 667 3712 746 Sicut

2001 757 2179 831 igitur
2233 773 2318 848 ex,
2373 759 2482 818 hoc
2547 768 2790 836 constat,
2847 762 3315 829 Camaldulenses
3377 774 3708 848 nuncupari

2002 862 2119 905 non
2162 847 2416 921 potuisse
2449 851 2777 922 monachos,
2813 853 2904 912 vel
2951 861 3203 931 tempore
3252 847 3708 933 Romualdi,ivel

1999 945 2126 1012 post
2166 940 2290 1013 ejus
2337 938 2736 998 felicissimum
2775 942 3024 1016 obitum,
3079 963 3266 1022 usque
3312 951 3383 1010 ad
3437 952 3706 1028 supradi-

2001 1036 2158 1088 ctum
2204 1045 2431 1088 annum
2481 1029 2616 1088 1138
2665 1031 2725 1088 in
2771 1035 3034 1094 coenobio
3078 1038 3365 1099 Classensi
3403 1042 3706 1116 degentes;

2005 1118 2085 1177 ita
2113 1118 2234 1192 pari
2266 1119 2455 1187 modo,
2493 1136 2600 1179 nec
2637 1122 3139 1184 Camaldulensem
3169 1131 3361 1189 vocari
3402 1147 3569 1206 posse
3597 1132 3711 1194 Do-

2006 1209 2291 1267 minicum
2337 1208 2666 1268 Loricatum
2721 1227 2795 1270 ex
2837 1228 2902 1271 eo
2953 1221 3195 1290 tantum,
3229 1220 3384 1292 quod
3432 1222 3605 1282 fuerit
3647 1223 3708 1283 in

2003 1314 2196 1357 eremo
2246 1297 2438 1358 Sitriae
2472 1315 2506 1356 a
2550 1299 2871 1360 Romualdo
2905 1303 3161 1375 fundata,
3200 1307 3572 1382 arbitramur,
3609 1313 3708 1371 sed

2000 1385 2191 1458 potius
2266 1386 2671 1446 Avellanensis
2732 1391 3226 1465 congregationis,
3286 1403 3481 1472 utpote
3535 1398 3712 1458 disci-

2003 1475 2212 1548 pulum
2273 1474 2426 1533 Petri
2484 1474 2771 1547 Damiani,
2809 1478 2912 1552 qui
2963 1495 3097 1540 eum
3146 1483 3538 1555 peculiaribus
3587 1487 3709 1548 suis

2002 1563 2494 1636 Institutionibus,
2530 1581 2565 1623 a
2603 1566 3138 1629 Camaldulensium
3169 1576 3256 1642 (ut
3286 1574 3570 1647 videmus)
3599 1577 3712 1636 dis-

2002 1653 2195 1712 tinctis
2221 1652 2579 1739 informavit,
2605 1671 2740 1716 cum
2767 1657 3023 1732 seipsum
3052 1659 3390 1722 Dominicus
3419 1664 3545 1739 ejus
3583 1680 3708 1726 ma-

196 1751 378 1826 pserit
450 1751 522 1810 ad
596 1751 1014 1811 monasterium
1094 1750 1286 1811 Sitriae
1362 1751 1438 1809 ab
1506 1751 1633 1826 ejus
1714 1745 2235 1833 ordineBgisterio
2262 1737 2524 1818 subjecit.
2557 1768 2585 1801 ››

199 1841 646 1914 secernendum,
705 1858 821 1915 qua
880 1841 1102 1900 ratione
1164 1838 1620 1900 Camaldulensis
1687 1855 1918 1916 quoque

200 1946 436 1990 eremus
489 1937 637 1990 esset
674 1929 941 1989 similiter
986 1928 1389 2002 adjudicanda,
1425 1944 1558 1987 cum
1605 1943 1794 2002 neque
1833 1929 1918 1987 ibi

203 2018 570 2086 Romualdus
617 2017 798 2077 ullam
854 2017 1114 2091 regulam
1166 2016 1476 2090 scripserit,
1506 2031 1612 2074 nec
1671 2031 1918 2089 usquam

203 2109 450 2167 omnino
482 2106 800 2182 peculiares
828 2121 951 2167 suae
985 2105 1307 2180 disciplinae
1356 2120 1603 2165 canones
1655 2121 1922 2164 exarasse

206 2195 689 2270 deprehendatur.
863 2190 870 2192 “

277 2285 380 2346 IV.
416 2287 497 2346 De
524 2286 778 2346 secundo
807 2302 966 2358 vero,
994 2285 1103 2343 hoc
1135 2290 1220 2344 est
1239 2300 1313 2343 an
1343 2282 1726 2356 Romualdus,
1760 2284 1922 2343 velut

210 2376 390 2436 unius
416 2378 657 2451 privatae
679 2377 886 2435 domus
909 2375 1178 2448 magister
1200 2374 1578 2434 Sitriensibus
1604 2375 1919 2448 prmfuerit,

210 2484 285 2528 an
332 2466 526 2542 potius
581 2473 648 2527 ut
704 2466 1035 2526 communis
1087 2467 1353 2525 omnium
1407 2465 1825 2535 cmnobiarcha,
1868 2471 1924 2524 et

211 2556 525 2616 eremiticae
576 2556 903 2631 disciplinae
950 2555 1247 2614 institutor
1302 2554 1628 2625 haberetur,
1677 2554 1924 2612 videnda

213 2653 350 2705 sunt
389 2661 523 2722 quae
567 2644 794 2704 dissert.
828 2647 878 2714 1,
910 2660 1032 2718 cap.
1066 2644 1118 2715 3,
1150 2660 1315 2702 num.
1357 2645 1439 2715 14,
1478 2649 1674 2703 contra
1701 2644 1809 2702 hoc
1835 2644 1923 2717 ip~

213 2752 347 2795 sum
417 2735 720 2794 Laderchii
798 2735 1033 2794 effatum
1065 2779 1080 2806 ,
1137 2750 1406 2810 expresse
1467 2736 1923 2808 observavimus,

215 2840 405 2899 neque
453 2825 562 2884 hoc
618 2825 742 2883 loco
798 2825 1013 2884 frustra
1064 2831 1199 2884 sunt
1246 2825 1572 2899 repetenda.
1627 2826 1710 2884 De
1763 2825 1928 2884 tertio

217 2916 455 2976 demum
498 2916 640 2991 quid
695 2915 924 2988 addam,
957 2915 1072 2973 nisi
1125 2915 1279 2990 quod
1325 2915 1612 2989 ejusmodi
1659 2915 1928 2976 observa-

220 3005 372 3064 tione
428 3005 698 3066 videatur
743 3006 954 3065 inferre
997 3005 1371 3079 Laderchius,
1407 3023 1510 3066 nos
1563 3023 1932 3084 nequaquam

220 3113 252 3154 a
307 3096 635 3156 Romualdo
667 3143 682 3168 ,
741 3097 838 3155 sed
888 3096 960 3155 ab
1017 3095 1091 3154 iis
1147 3096 1254 3171 qui
1311 3097 1438 3171 ejus
1491 3099 1933 3159 constitutiones

220 3185 450 3258 scriptis
515 3185 891 3255 tradiderunt,
925 3185 1210 3260 originem
1267 3187 1524 3246 ducere?
1572 3189 1728 3262 quod
1781 3196 1933 3248 esset

218 3275 448 3353 insigne
477 3277 818 3351 patriarchae
849 3276 1103 3350 elogium
1128 3277 1453 3337 Romualdo
1486 3281 1729 3353 eripere,
1757 3280 1934 3338 illud-

219 3383 333 3441 que
373 3368 436 3428 in
475 3367 857 3442 Rodulphum
907 3370 1253 3442 transferre;
1294 3386 1400 3428 nec
1428 3371 1617 3430 solum
1653 3371 1934 3430 Romual-

221 3456 328 3518 dus
379 3475 412 3516 e
462 3458 865 3531 religiosarum
919 3457 1273 3518 familiarum
1331 3459 1769 3530 fundatoribus,
1831 3460 1938 3517 hac

219 3551 459 3622 ratione,
491 3551 804 3624 exsularet,
839 3551 937 3611 sed
967 3557 1024 3610 et
1058 3552 1313 3612 Joannes
1339 3553 1702 3624 Gualbertus,
1735 3558 1791 3611 et
1820 3552 1935 3612 Ro-

220 3639 439 3712 bertus,
483 3647 538 3698 et
588 3640 935 3715 Stephanus,
963 3645 1019 3698 et
1046 3656 1248 3699 omnes
1277 3641 1456 3700 ferme
1488 3641 1939 3700 monasticarum

224 3728 609 3804 propaginum
657 3729 1038 3799 institutores,
1073 3730 1174 3805 qui
1242 3729 1453 3804 pariter
1505 3730 1656 3789 nihil
1715 3731 1941 3806 scriptis

227 3817 606 3890 tradiderunt,
641 3833 962 3893 eorumque
984 3818 1107 3877 loco
1131 3819 1386 3893 ipsorum
1409 3819 1704 3893 discipuli,
1733 3827 1788 3878 et
1817 3835 1940 3878 suc-

225 3924 498 3979 cessores,
520 3915 800 3981 quotquot
825 3914 1033 3968 statuta
1062 3909 1258 3984 aliqua
1295 3909 1526 3969 ordines
1557 3926 1690 3969 suos
1715 3925 1942 3969 concer-

227 3998 424 4058 nentia
477 3997 881 4069 condiderunt,
921 3998 1234 4072 reponendi
1287 4004 1499 4069 essent,
1540 4014 1605 4056 ac
1649 4015 1752 4072 pro
1805 3997 1942 4056 Val-

227 4089 774 4160 lumbrosanorum,
853 4089 1358 4159 Cisterciensium,
1445 4095 1546 4148 aut
1629 4089 1944 4162 respective

231 4178 847 4239 Grandimontensium
875 4177 1216 4252 patriarchis
1252 4177 1508 4237 habendi
1535 4183 1746 4237 essent.
1781 4177 1942 4248 Quod

229 4276 313 4326 est
342 4267 554 4342 oppido
579 4267 1017 4341 perridiculum.

304 4358 375 4418 V.
406 4359 782 4434 Prosequitur
809 4367 999 4418 autem
1031 4358 1387 4420 Laderchius
1410 4375 1574 4420 num.
1601 4360 1665 4418 14
1691 4383 1704 4416 :
1743 4380 1764 4410 ι
1789 4358 1946 4417 Prae-

2075 1836 2175 1896 VI.
2203 1837 2345 1907 Quae
2397 1838 2568 1912 plane
2621 1839 2936 1900 concidunt
2981 1859 3058 1902 ex
3109 1843 3278 1905 dictis
3317 1848 3544 1909 dissert.
3579 1862 3601 1911 Ι
3639 1851 3711 1912 de

2000 1925 2217 2000 duplici
2247 1926 2709 1987 Camaldulensis
2747 1931 3003 1990 nominis
3030 1935 3376 2008 acceptione,
3413 1955 3590 2014 quam
3628 1942 3712 2002 ibi

2000 2033 2122 2090 cap.
2160 2029 2221 2087 ιι,
2251 2032 2415 2075 num.
2459 2017 2521 2074 '21
2568 2017 2966 2091 distinximus,
3007 2026 3063 2078 et
3093 2022 3447 2083 Laderchius
3495 2027 3711 2101 passim

2001 2106 2307 2166 confundit
2333 2127 2348 2179 ;
2388 2123 2576 2180 neque
2604 2109 2762 2168 enim
2790 2110 2951 2170 aliud
2981 2113 3195 2173 evincit
3229 2115 3477 2177 adducta
3511 2119 3712 2181 obser-

2003 2197 2174 2266 vatio,
2209 2196 2322 2255 nisi
2352 2197 2505 2271 quod
2531 2215 2564 2256 a
2591 2201 3027 2273 congregatione
3064 2220 3241 2263 sacrae
3277 2207 3456 2266 eremi
3485 2209 3711 2270 Gamal-

2005 2286 2266 2346 dulensis
2318 2286 2420 2346 diu
2472 2289 2796 2362 sejunctum
2849 2293 3128 2351 manserit
3176 2295 3473 2357 Classense
3517 2315 3714 2360 emno-

2005 2377 2172 2436 bium
2202 2422 2219 2447 ,
2279 2378 2773 2451 quemadmodum
2854 2387 2908 2440 et
2976 2388 3057 2451 tot
3107 2384 3220 2444 alia
3267 2385 3389 2448 loca
3440 2405 3474 2447 a
3527 2392 3585 2451 S.
3647 2393 3710 2451 P.

2011 2449 2336 2553 Romualdo
2369 2463 2672 2553 mdificata,
2710 2483 2826 2541 quo
2873 2449 3156 2532 niniirum
3191 2481 3440 2549 tempore
3485 2449 3717 2553 singula

2011 2551 2358 2610 monasteria
2384 2551 2620 2612 totidem
2659 2559 3126 2629 congregationes
3152 2561 3405 2622 invicem
3433 2551 3714 2638 indepen-

2013 2639 2243 2711 dentes,
2300 2641 2432 2699 licet
2486 2642 2744 2717 ejusdem
2805 2645 3084 2719 instituti,
3140 2651 3602 2727 constituebant,
3655 2663 3721 2716 ut

2015 2730 2180 2788 toties
2205 2730 2582 2803 monuimus;
2612 2738 2668 2789 at
2696 2748 2814 2793 non
2844 2735 3065 2808 probat,
3089 2737 3160 2796 ad
3191 2741 3462 2801 eumdem
3488 2742 3719 2804 Camal-

2014 2820 2316 2880 dulensem
2371 2819 2634 2880 ordinem
2669 2866 2684 2895 ,
2743 2831 3033 2898 quatenus
3098 2828 3222 2888 loca
3285 2833 3482 2892 omnia
3512 2879 3527 2904 ,
3588 2852 3723 2910 quae

2015 2913 2084 2972 D.
2114 2912 2428 2972 Romualdi
2475 2921 2810 2988 acceperant
2865 2916 3252 2993 disciplinam,
3301 2924 3722 3000 complectitur,

2016 3001 2388 3061 referendum
2435 3019 2551 3062 non
2599 3019 2724 3063 esse
2761 3004 2917 3064 idem
2953 3007 3248 3069 Classense
3287 3015 3724 3075 monasterium.

1955 3095 2314 3200 C‘Nimirum
2365 3097 2430 3195 in
2485 3098 2593 3155 hoc
2635 3097 2853 3200 insigni
2909 3101 3184 3161 asceterio
3234 3103 3549 3178 primordia
3604 3124 3729 3169 suae

2024 3185 2418 3245 conversionis
2471 3194 2738 3260 posuerat
2794 3189 3190 3263 Romualdus,
3249 3192 3436 3253 eidem
3490 3195 3730 3257 biennio

2015 3275 2318 3349 praefuisse
2365 3275 2592 3348 legitur,
2647 3293 3119 3354 successoresque
3162 3281 3434 3342 habuisse
3485 3286 3730 3346 Ardet‘a-

2015 3366 2178 3437 dum,
2211 3373 2266 3425 et
2303 3366 2531 3426 Bonum
2586 3383 2720 3427 suos
2757 3368 3092 3445 discipulos,
3131 3378 3371 3434 testatur
3414 3374 3734 3438 Fortunius

2017 3455 2166 3514 Hist.
2219 3453 2402 3528 Cam.,
2461 3463 2604 3530 part.
2663 3471 2723 3528 II,
2777 3458 2877 3516 lib.
2908 3471 2949 3530 Ι,
2979 3476 3102 3534 cap.
3156 3461 3243 3520 15.
3285 3462 3547 3538 Ejusquc
3601 3465 3736 3525 licet

2019 3543 2258 3602 dimisso
2307 3545 2613 3617 regimine,
2674 3563 2736 3606 se
2799 3547 3160 3609 Romualdus
3222 3552 3366 3611 adeo
3421 3553 3734 3615 sollicitum

2023 3633 2289 3709 praebuit,
2329 3640 2395 3692 ut
2430 3649 2565 3693 cum
2596 3634 2799 3694 Veneti
2834 3637 3137 3711 cujusdam
3165 3639 3386 3700 abbatis
3423 3640 3738 3703 Simoniaci

2020 3726 2323 3786 invasione
2371 3728 2648 3788 foedatum
2705 3731 3136 3793 nobilissimum
3183 3732 3514 3792 coenobium
3560 3735 3734 3796 inau-

2022 3817 2201 3876 disset
2231 3840 2244 3874 :
2275 3839 2299 3868 ι
2332 3815 2476 3875 Illuc
2500 3818 2765 3891 protinus
2793 3819 2878 3878 ire
2903 3820 3070 3878 miles
3096 3821 3310 3880 Christi
3335 3821 3581 3896 impiger
3608 3830 3734 3885 stu-

2023 3906 2168 3976 duit,
2201 3904 2563 3978 diversisque
2593 3905 2780 3964 modis
2825 3923 2900 3966 ex
2942 3923 3010 3966 eo
3049 3911 3463 3970 monasterium
3491 3927 3742 3988 purgare

2025 3995 2286 4067 tentavit,
2324 4015 2352 4048 »
2385 4001 2452 4052 ut
2500 3994 2673 4054 refert
2723 3995 3044 4058 Damianus
3090 3999 3156 4058 in
3210 4000 3355 4072 Vita,
3385 4017 3509 4076 cap.
3542 4003 3633 4063 41.
3663 4006 3741 4064 At

2025 4086 2171 4146 illud
2201 4086 2356 4144 idem
2381 4085 2683 4143 Classense
2724 4088 3056 4148 ccenobium
3088 4089 3519 4152 Camaldulensi
3545 4108 3740 4154 eremo

2029 4176 2088 4238 S.
2129 4176 2295 4235 Pater
2350 4191 2466 4234 non
2515 4175 2884 4250 copulaverat
2918 4197 2932 4236 :
2964 4179 3107 4252 quid
3163 4181 3380 4240 mirum
3433 4182 3636 4256 igitur,
3691 4182 3742 4242 si

2030 4265 2362 4326 Gualterius
2440 4265 2849 4327 Ravennatum
2919 4269 3382 4346 archiepiscopus
3455 4273 3744 4348 ejusmodi

2029 4357 2308 4416 unionem
2346 4355 2497 4414 inire
2538 4354 2768 4416 voluit?
2807 4357 3010 4418 Exstat
3037 4361 3191 4436 apud
3231 4362 3577 4422 Fortunium
3618 4363 3742 4422 loco

232 4453 317 4507 ter
364 4464 544 4522 quam
596 4447 751 4522 quod
797 4448 1235 4508 constitutiones
1276 4449 1608 4521 Romualdi,
1650 4449 1744 4508 vel
1797 4448 2153 4526 vivaencitq
2184 4447 2287 4506 lib.
2316 4459 2379 4517 II,
2418 4461 2540 4519 cap.
2591 4446 2674 4517 17,
2726 4445 3020 4522 integrum
3071 4451 3307 4511 unionis
3356 4451 3629 4526 diploma,
3665 4467 3740 4510 ex

235 4539 394 4597 vocis
428 4537 682 4609 oraculo,
717 4537 810 4596 vel
848 4537 1058 4596 deinde
1108 4538 1369 4612 apicibus
1411 4539 1676 4610 traditas,
1704 4555 1821 4598 non
1855 4555 1944 4597 re-

231 4634 510 4703 ceperunt
559 4627 756 4686 omnia
793 4626 934 4697 loca,
964 4627 1057 4686 vel
1107 4643 1240 4702 quae
1277 4628 1568 4699 fundasse,
1598 4625 1692 4687 vel
1733 4627 1946 4701 quibus

234 4717 540 4793 praefuisse
583 4722 892 4789 narratur;
932 4716 1090 4776 unde
1112 4717 1185 4776 ad
1231 4734 1398 4778 suam
1445 4719 1945 4793 congregationem

235 4807 739 4869 Camaldulensem
785 4822 904 4866 non
951 4807 1239 4880 pertinere
1268 4824 1386 4880 eos,
1416 4809 1519 4884 qui
1557 4809 1621 4867 in
1659 4808 1820 4882 ipsis,
1853 4808 1945 4868 vel

235 4898 468 4968 eremis,
496 4898 591 4955 vel
624 4896 987 4956 monasteriis
1012 4897 1268 4964 fuerunt,
1296 4897 1590 4956 evidenter
1618 4897 1946 4972 colligimus

233 4985 367 5046 aliis
395 4985 820 5062 praetermissis,
850 5001 925 5044 ex
962 5002 1028 5046 eo
1069 4987 1224 5062 quod
1258 4987 1391 5046 licet
1422 4987 1709 5048 Classensi
1742 5003 1948 5046 mona-

236 5074 410 5134 sterio
458 5074 762 5149 praefuisse
808 5089 882 5132 ex
915 5073 1198 5149 jussione,
1228 5082 1344 5134 tam
1381 5075 1740 5150 imperatoris
1769 5073 1945 5134 Otho-

237 5165 352 5234 nis,
413 5179 591 5239 quam
645 5163 830 5238 ipsius
889 5165 1073 5223 sancti
1125 5165 1482 5238 Apollinaris
1560 5163 1948 5223 infallibiliter

238 5255 566 5314 habeantur
620 5279 634 5313 :
695 5255 1085 5315 nihilominus
1140 5255 1297 5315 idem
1359 5253 1801 5326 monasterium,
1852 5254 1948 5314 cui

238 5344 469 5418 praefuit
499 5350 736 5403 sanctus
767 5343 1151 5418 Romualdus,
1181 5345 1419 5404 nonnisi
1448 5361 1605 5405 anno
1634 5345 1948 5405 centesimo

240 5433 538 5506 trigesimo
576 5440 775 5492 octavo
816 5439 943 5507 post
976 5432 1378 5504 millesimum,
1411 5443 1646 5495 centum
1682 5434 1951 5494 videlicet

239 5531 294 5580 et
322 5522 580 5598 amplius
609 5537 793 5585 annos
818 5531 946 5601 post
991 5525 1251 5600 ejusdem
1287 5525 1946 5610 Romualdipdecessum,

239 5614 310 5674 ab
336 5616 768 5692 archiepiscopo
814 5616 1152 5680 Ravennate
1193 5619 1492 5683 Gualterio
1521 5619 1950 5686 Camald‘ulensi

558 5732 815 5795 PATROL.
849 5735 1094 5796 CXLIV.

2034 4554 2150 4612 quo
2225 4541 2377 4611 patet
2447 4536 2962 4611 Archiepiscopum
3026 4539 3210 4598 Azoni
3285 4539 3744 4600 Camaldulensis

2027 4626 2206 4688 eremi
2232 4625 2414 4699 priori
2449 4624 2746 4686 Classense
2776 4628 3194 4688 monasterium
3231 4644 3366 4688 cum
3396 4629 3518 4689 suis
3547 4630 3740 4691 omni-

2027 4718 2139 4776 bus
2197 4714 2565 4789 pertinentiis
2606 4715 2986 4790 commisisse,
3045 4733 3164 4776 non
3209 4717 3373 4792 quasi
3409 4717 3484 4776 ab
3513 4734 3633 4780 uno
3670 4720 3743 4779 ad

2027 4809 2212 4870 alium
2240 4807 2503 4868 ordinem
2533 4806 2684 4866 illud
2720 4806 3134 4879 transferendo,
3164 4807 3262 4866 sed
3293 4815 3358 4867 ut
3377 4808 3746 4872 uberioribus

2028 4897 2411 4960 observantiae
2465 4897 2748 4956 fructibus
2786 4912 2888 4970 per
2929 4895 3056 4970 ejus
3105 4896 3376 4959 alumnos
3413 4901 3746 4960 reﬂoresce-

2030 4996 2134 5060 ret,
2167 5004 2232 5048 ac
2259 4987 2476 5060 majora
2510 4986 2794 5045 virtutum
2829 4985 3184 5046 incrementa
3213 4989 3524 5063 susciperet
3551 5007 3564 5046 :
3600 5011 3627 5039 α
3653 4988 3745 5048 Ad

2031 5078 2460 5138 reformandam
2493 5076 2694 5146 (verba
2725 5082 2861 5135 sunt
2896 5075 3261 5151 Diplomatis)
3307 5084 3363 5137 et
3404 5092 3747 5137 conservan-

2030 5171 2164 5229 dam
2210 5165 2568 5240 religionem,
2602 5186 2631 5218 »
2665 5172 2718 5223 et
2747 5166 2900 5225 infra
2929 5185 2941 5226 :
2975 5188 3004 5221 α
3038 5166 3174 5226 Solo
3219 5166 3457 5235 intuitu,
3490 5171 3545 5222 et
3570 5179 3745 5226 causa

2032 5257 2414 5321 reformandaa
2491 5255 2810 5330 religionis.
2857 5281 2885 5307 ››
2950 5256 3067 5316 Nec
3119 5274 3256 5316 sane
3310 5255 3489 5314 ullam
3544 5271 3746 5317 mona-

2032 5351 2276 5409 chorum
2328 5344 2755 5405 distractionem
2787 5390 2802 5419 ,
2855 5353 2955 5407 aut
3011 5347 3240 5405 habitus
3310 5344 3748 5406 innovationem

2032 5443 2330 5514 propterea
2360 5434 2421 5494 in
2451 5434 2738 5494 Classensi
2775 5436 3038 5495 coenobio
3073 5436 3146 5493 ob
3183 5432 3473 5510 ejusmodi
3511 5433 3749 5495 unionis

2036 5525 2490 5597 exsecutionem,
2530 5525 2780 5599 legimus
2805 5522 3214 5586 intercessisse.

2115 5616 2236 5678 VII.
2285 5616 2357 5674 Et
2417 5631 2574 5688 vero,
2607 5615 2656 5676 si
2709 5631 2843 5689 quae
2887 5613 3110 5674 dissert.
3145 5626 3186 5691 I,
3218 5631 3341 5691 cap.
3370 5616 3430 5692 2,
3458 5631 3625 5679 num.
3661 5614 3749 5686 14,

3438 5733 3470 5791 3
