4034 6460
320 267 390 326 75
1231 263 1286 322 S.
1334 262 1624 323 PETRUS
1664 261 2056 322 DAMIANUS
2097 261 2170 321 Si
2199 262 2268 321 Β.
2312 262 2375 322 Ε.
2423 261 2898 321 CARDINALIS.

3753 261 3832 319 76

314 393 390 458 de
430 390 778 451 monasterio
844 389 1196 449 Valliscastri
1237 391 1414 464 (quod
1452 387 1512 448 S.
1550 388 1615 449 P.
1665 386 2351 450 BomualdusAlanitam
2430 388 2619 460 hunc,
2686 392 2742 446 et
2824 384 2997 444 illum
3073 383 3205 456 quis
3275 383 3506 454 fecerit,
3589 345 3840 456 perinde

317 481 738 553 aediﬁcaverat,
789 486 964 555 atque
1025 478 1130 539 ubi
1184 478 1550 540 mortalitatis
1611 494 1734 540 sum
1777 477 2030 551 spolium
2114 479 2573 539 Camaldulensis
2614 476 2866 538 instituti
2918 479 3253 560 sectatorem
3299 479 3618 547 utrumque
3671 472 3838 533 indi-

317 576 581 643 exuerat)
614 578 740 647 post
785 569 890 630 360
926 586 1113 630 annos
1137 571 1425 630 duntaxat
1454 584 1633 628 sacree
1672 568 1852 627 eremi
1887 567 2029 627 locis

314 668 636 740 aggregato,
663 662 992 734 docuimus,
1024 661 1142 721 huc
1186 663 1531 732 referantur,
1565 674 1771 734 quaeve
1807 658 2026 718 ibidem

312 768 479 813 num.
511 752 599 824 23,
627 751 698 810 de
726 751 905 810 variis
943 751 1222 810 emnobiis
1256 750 1476 810 ordinis
1514 748 1782 824 alicujus,
1826 750 1890 807 in
1926 765 2027 823 pe-

311 843 590 903 culiarem
653 841 915 917 ejusdem
971 842 1195 901 ordinis
1251 840 1750 915 congregationem
1813 855 2022 899 conve-

314 933 634 1004 nientibus,
689 931 1008 1007 generatim
1083 931 1556 1001 observavimus,
1615 936 1812 989 nostro
1887 929 2026 988 huic

313 1022 603 1098 proposito
664 1021 1026 1097 applicentur
1076 1043 1089 1079 :
1144 1019 1359 1095 patebit
1411 1020 1642 1094 utique,
1703 1025 1818 1077 tam
1874 1017 2025 1076 nihil

310 1113 538 1172 obstare
577 1112 824 1172 uniones
855 1109 1140 1185 ejusmodi
1171 1110 1680 1180 monasteriorum,
1713 1107 2024 1168 Camaldu-

309 1202 462 1261 lensi
491 1203 824 1262 eorumdem
853 1202 1137 1274 instituto,
1178 1202 1353 1261 etiam
1384 1201 1456 1260 ad
1490 1208 1744 1276 tempora
1776 1199 2024 1260 uniones

311 1292 416 1350 has
471 1291 870 1366 pracedentia,
902 1290 1100 1363 relato,
1141 1305 1319 1366 quam
1375 1290 1540 1349 nulla
1595 1305 1830 1364 prorsus
1867 1289 2023 1347 diﬂi-

307 1381 496 1443 cultas
547 1381 610 1440 in
657 1398 724 1442 eo
774 1383 1043 1454 occurrit,
1069 1382 1224 1456 quod
1276 1381 1506 1454 ipsimet
1553 1381 2023 1441 Camaldulenses

309 1473 614 1534 caenobitze
658 1475 845 1549 primo
889 1489 1102 1534 novem
1133 1472 1416 1542 locorum,
1453 1471 1661 1530 deinde
1699 1471 2020 1546 septemde-

310 1565 428 1625 cim
457 1566 937 1626 monasteriorum
987 1565 1492 1640 congregationem
1536 1563 1889 1638 collegerint,
1926 1562 2022 1624 cui

311 1656 560 1718 subinde
615 1656 745 1716 aliis
799 1655 1023 1717 ordinis
1074 1655 1354 1717 emnobiis
1412 1655 1753 1730 aggregatis,
1805 1655 1863 1715 S.
1907 1655 2021 1713 Mi-

310 1745 529 1805 chaelis
561 1748 921 1821 congregatio
967 1746 1179 1806 coaluit
1241 1770 1254 1805 :

311 1837 546 1898 tendere
608 1838 762 1897 ausit
816 1838 1016 1897 eadem
1071 1836 1336 1897 cmnobia
1403 1836 1478 1895 ad
1533 1835 1863 1896 institutum
1923 1833 2022 1894 Ca-

309 1928 694 2000 maldulense,
727 1927 822 1989 vel
846 1935 981 1988 ante
1012 1928 1224 1988 Leonis
1253 1927 1306 1986 X
1335 1932 1611 2001 tempora,
1645 1925 1862 2000 quibus
1895 1925 2020 1984 haec

305 2019 669 2094 congregatio
749 2021 996 2092 perfecte
1049 2018 1283 2091 coaluit,
1330 2017 1734 2093 pertinuisse;
1769 2017 2017 2088 tametsi,

305 2114 374 2170 ut
420 2107 739 2170 Fortunius
791 2109 1054 2186 loquitur
1107 2117 1252 2184 part.
1299 2124 1340 2183 Ι,
1375 2109 1476 2170 lib.
1509 2122 1593 2181 IlI,
1626 2125 1750 2183 cap.
1795 2109 1846 2181 1,
1877 2109 2018 2167 adeo

307 2199 520 2260 veteris
541 2201 974 2261 communionis
1009 2201 1285 2274 pleraque
1310 2199 1489 2260 oblita
1518 2199 1706 2259 videri
1732 2202 2015 2274 poterant,

307 2290 732 2365 pristinamque
755 2289 1081 2350 libertatem
1113 2304 1430 2363 resumere,
1460 2294 1634 2364 atque
1659 2286 1731 2347 ad
1759 2287 2017 2347 nativam

305 2379 814 2454 independentiam
868 2377 1150 2452 paulatim
1199 2377 1387 2437 redire
1446 2377 1826 2437 nitebantur:
1889 2397 1911 2428 σι
1944 2375 2019 2433 Ut

304 2474 389 2532 tot
435 2477 626 2530 essent
674 2467 1100 2544 quodammodo
1151 2467 1215 2526 in
1253 2466 1535 2541 religione
1581 2463 2016 2525 Camaldulensi

303 2577 556 2638 corpora,
586 2567 726 2637 quot
749 2560 1101 2633 debuissent,
1125 2561 1261 2633 jure
1297 2575 1552 2633 summo,
1585 2561 1649 2618 in
1680 2559 1857 2619 unico
1885 2574 2014 2618 cor-

299 2666 437 2726 pore
472 2650 784 2711 consistere
813 2650 1092 2710 membra.
1135 2673 1156 2703 ι

371 2740 528 2803 VIII.
566 2741 678 2801 Sed
705 2741 1010 2801 audiamus
1048 2741 1191 2817 quid
1221 2756 1387 2802 num.
1428 2741 1494 2800 15
1545 2740 1753 2800 subdat
1795 2739 2012 2800 Lader-

297 2829 489 2891 chius.
549 2855 576 2882 «
608 2830 910 2902 Praeterea,
969 2831 1203 2905 inquit,
1259 2831 1394 2891 licet
1442 2830 1812 2901 admittatur,
1857 2829 2011 2905 quod

295 2919 474 2982 fuerit
520 2921 585 2979 in
630 2935 823 2979 eremo
869 2919 1060 2980 Sitriaa
1105 2919 1466 2992 Dominicus,
1497 2925 1554 2978 et
1599 2918 1754 2994 quod
1810 2918 2010 2977 eadem

296 3025 529 3075 aremus
552 3009 625 3069 ad
655 3008 1148 3082 Camaldulenses,
1186 3024 1306 3070 non
1333 3011 1406 3068 ad
1431 3008 1853 3069 Avellanenses
1879 3025 2015 3083 per-r

295 3100 493 3174 tinuit,
520 3115 639 3160 non
675 3116 751 3159 ex
786 3100 896 3159 hoc
930 3105 1125 3159 tamen
1157 3099 1486 3171 deducitur,
1517 3098 1634 3158 nisi
1675 3101 1827 3176 quod
1865 3101 2005 3159 olim

290 3187 446 3250 inter
471 3188 943 3249 Camaldulenses
973 3189 1148 3249 fuerit
1177 3206 1191 3258 ;
1247 3204 1384 3248 nam
1412 3205 1548 3249 cum
1579 3206 1638 3249 se
1669 3190 1836 3250 Petro
1865 3191 2004 3250 sub-

293 3275 461 3351 didit,
487 3294 606 3340 non
647 3294 872 3353 semper
915 3279 977 3337 in
1025 3292 1219 3337 eremo
1257 3276 1450 3337 Sitrim
1488 3278 1657 3350 vixit,
1694 3280 1814 3338 imo
1843 3283 2004 3350 (teste

292 3370 495 3430 eodem
519 3370 707 3441 Petro)
735 3371 908 3429 modo
935 3368 998 3428 in
1023 3369 1418 3443 Avellanensi,
1446 3371 1567 3429 solo
1595 3369 1858 3430 Basilicze
1888 3387 2005 3430 me-

290 3456 504 3519 diantis
530 3459 854 3532 interstitio,
879 3458 952 3517 ab
982 3457 1084 3517 illo
1106 3458 1350 3530 divisus,
1374 3459 1545 3518 modo
1567 3460 1641 3518 ab
1665 3460 1789 3534 ipso
1808 3476 2002 3519 remo-

292 3552 404 3620 tus,
447 3548 620 3608 modo
653 3548 824 3622 juxta
851 3547 1269 3608 monasterium
1313 3548 1686 3622 Conjunctuli
1731 3549 2002 3609 cellulam

287 3637 512 3711 habuit,
543 3643 600 3697 et
625 3639 1002 3698 conﬁrmatur
1028 3651 1104 3696 ex
1131 3651 1221 3709 eo,
1250 3637 1404 3712 quod
1442 3653 1560 3696 non
1591 3638 1654 3696 in
1681 3653 1874 3697 eremo
1909 3637 2002 3697 Si-

287 3730 414 3792 trite
461 3730 768 3791 defunctus
811 3737 915 3802 est,
950 3734 1006 3788 et
1055 3728 1335 3804 sepultus,
1365 3730 1464 3788 sed
1513 3729 1705 3804 potius
1748 3731 1811 3789 in
1855 3731 1998 3803 loco,

283 3822 389 3896 qui
444 3823 517 3880 ad
568 3825 866 3897 praefatam
921 3837 1179 3882 eremum
1229 3822 1396 3882 nullo
1441 3828 1604 3897 pacto
1656 3821 2001 3898 pertinuisse

282 3910 588 3984 reperitur.
625 3933 650 3965 ι
683 3911 885 3987 Itaque
913 3913 1084 3971 modo
1126 3929 1199 3972 ne
1240 3912 1474 3972 Petrum
1511 3913 1862 3974 Damianum
1891 3914 1999 3972 Ca-

283 3998 704 4060 maldulensem
765 3999 1028 4071 fateatur,
1077 4001 1446 4062 Dominicum
1498 4003 1828 4065 Loricatum
1875 4004 2002 4077 ejus

2112 571 2282 630 cabit.

2182 667 2282 726 IX.
2328 666 2612 726 Dominici
2652 666 2832 742 igitur
2872 664 3122 725 Loricati
3159 663 3390 737 negotio
3428 661 3510 721 sic
3546 661 3830 733 confecto,

2111 759 2181 816 ad
2235 758 2348 819 alia
2383 773 2507 816 sese
2543 772 2701 816 arma
2738 756 3016 816 convertit
3052 754 3426 823 Laderchius,
3462 757 3526 810 ut
3567 757 3832 810 nostram

2110 848 2430 907 doctrinam
2458 851 2766 922 oppugnet.
2803 868 2831 901 (t
2857 847 3124 916 Demum,
3157 841 3349 917 inquit
3377 857 3539 902 num.
3569 841 3654 914 16,
3686 856 3832 915 quo—

2111 937 2282 997 modo
2319 937 2792 996 strenuissimum
2815 933 3162 995 humilitatis
3189 931 3568 1008 professorem
3587 931 3832 990 Petrum

2112 1026 2181 1085 N.
2209 1025 2478 1086 Damiani
2513 1027 2803 1085 crebuisse
2835 1024 3219 1094 censebimus,
3253 1024 3619 1096 magistrum,
3646 1037 3680 1079 a
3705 1036 3828 1094 quo

2111 1122 2316 1189 totum,
2352 1117 2504 1192 quod
2532 1117 2829 1187 didicerat,
2866 1131 2971 1174 sua
3015 1113 3214 1172 Fontis
3247 1111 3549 1170 Avellanaa
3580 1126 3826 1185 congre-

2108 1208 2260 1280 gatio
2295 1206 2571 1278 ebiberat,
2606 1205 2828 1266 nullam
2865 1204 2936 1262 de
2968 1219 3066 1276 eo,
3105 1204 3169 1261 in
3207 1201 3525 1261 scribendis
3563 1200 3687 1274 ejus
3725 1200 3824 1258 in-

2109 1295 2531 1367 stitutionibus,
2585 1295 2926 1354 memoriam
2973 1291 3254 1363 faciendo,
3310 1289 3634 1364 praesertim
3683 1303 3827 1348 cum

2107 1385 2302 1458 ipsum
2331 1389 2448 1444 tam
2477 1383 2722 1444 mirifice
2742 1382 3004 1455 coluerit,
3032 1381 3454 1456 ipsiusquemet
3481 1378 3660 1438 vitam
3691 1393 3834 1437 con-.

2110 1474 2443 1550 scripserit?
2474 1500 2497 1528 ιο
2543 1476 2619 1534 At
2654 1479 2806 1550 patet
2851 1473 2913 1532 id
2955 1473 3168 1533 falsum
3207 1488 3350 1545 esse,
3379 1487 3516 1530 nam
3555 1487 3632 1531 ex
3668 1486 3826 1545 saepe

2108 1566 2292 1637 dictis,
2353 1567 2557 1626 Petrus
2611 1565 2932 1624 Damianus
2986 1565 3050 1623 in
3103 1569 3350 1637 utraque
3403 1561 3623 1636 regula,
3688 1577 3827 1636 quae

2109 1671 2303 1730 opusc.
2337 1669 2440 1716 XIV
2490 1663 2546 1716 et
2592 1669 2680 1716 XV
2727 1655 3077 1725 continetur,
3140 1652 3352 1728 saepius
3387 1650 3466 1710 'S.
3505 1650 3827 1711 Romualdi

1303 1762 1410 1805 nec
1456 1752 1649 1805 tamen
1694 1745 1827 1820 quis
1873 1746 2464 1824 prta-Bmentionem
2512 1745 2720 1821 injicit,
2749 1744 2906 1818 quod
2952 1749 3008 1802 et
3059 1759 3234 1818 supra
3283 1743 3563 1801 idemmet
3599 1740 3824 1799 Lader-

2102 1838 2272 1899 chius
2315 1841 2423 1898 hoc
2467 1840 2594 1913 ipso
2633 1855 2780 1913 cap.,
2821 1853 2987 1897 num.
3040 1837 3123 1906 10,
3171 1833 3656 1895 animadverterat
3700 1831 3824 1890 illis

2101 1930 2292 1992 verbis
2327 1949 2340 1990 :
2377 1951 2406 1985 ‹‹
2437 1931 2508 1988 Et
2547 1930 2680 1989 licet
2709 1945 2914 1989 verum
2951 1926 3044 1999 sit,
3085 1925 3370 1986 nonnulla
3403 1925 3463 1985 S.
3502 1922 3819 1983 Romualdi

2099 2020 2318 2079 monita
2357 2019 2420 2077 in
2458 2019 2581 2078 suis
2615 2015 3144 2089 constitutionibus,
3184 2021 3239 2074 et
3275 2013 3417 2073 alibi
3451 2013 3687 2072 Petrum
3717 2012 3818 2070 in-

2101 2112 2370 2182 seruisse,
2401 2130 2430 2163 »
2463 2117 2570 2168 etc.
2613 2115 2678 2168 ut
2713 2108 3022 2169 retulimus
3049 2123 3174 2181 cap.
3205 2104 3477 2180 praeced,
3517 2117 3686 2163 num.
3725 2102 3815 2174 10,

2101 2206 2167 2260 ut
2192 2201 2412 2260 mirum
2443 2200 2536 2271 sit,
2569 2205 2685 2258 tam
2714 2200 2824 2258 cito
2856 2215 2932 2257 ex
2969 2199 3148 2273 hujus
3178 2196 3460 2256 memoria
3493 2193 3811 2268 scriptoris,

2100 2308 2232 2366 quae
2267 2298 2399 2350 ante
2437 2291 2702 2366 quinque
2741 2291 3129 2364 paragraphos
3168 2289 3588 2359 enuntiaverat,
3632 2284 3815 2344 dilabi

2099 2381 2373 2454 potuisse.
2412 2379 2576 2439 Unde
2625 2385 2800 2454 patet,
2841 2379 3020 2439 telum
3071 2379 3182 2438 hoc
3231 2377 3468 2437 imbelle
3520 2375 3646 2436 sine
3698 2374 3818 2433 ictu

2098 2488 2332 2548 prorsus
2389 2470 2732 2530 concidere:
2765 2469 2920 2545 quod
2955 2475 3011 2527 et
3053 2467 3280 2527 nullius
3334 2483 3435 2542 per
3475 2482 3536 2524 se
3591 2464 3820 2525 roboris

2098 2570 2264 2635 esset,
2323 2561 2549 2621 etiamsi
2605 2574 2898 2634 nusquam
2952 2557 3264 2618 Romualdi
3321 2556 3638 2616 Damianus
3688 2570 3816 2613 me-

2097 2653 2386 2725 minisset,
2419 2666 2557 2711 cum
2599 2657 2653 2709 et
2705 2665 2794 2708 res
2839 2649 2963 2723 ipsa
3005 2664 3104 2722 per
3153 2664 3213 2707 se
3252 2647 3542 2722 loquatur,
3574 2645 3816 2720 ipsaque

2097 2743 2405 2819 utriusque
2441 2741 2691 2801 instituti
2722 2739 3153 2814 comparatione
3190 2754 3310 2812 cap.
3347 2737 3401 2810 3,
3435 2738 3468 2796 4
3495 2741 3552 2796 et
3585 2737 3616 2794 5
3643 2735 3808 2802 facta,

2097 2834 2308 2895 veritas
2359 2835 2486 2894 haec
2543 2833 2826 2892 elucescat
2858 2850 2870 2890 :
2905 2837 2960 2890 et
3014 2829 3352 2903 exemplum
3400 2827 3467 2885 B.
3511 2826 3813 2900 Ludulphi

2095 2924 2393 2984 Avellanae
2424 2921 2790 2995 institutoris,
2820 2920 2986 2995 cujus
3026 2919 3241 2994 pariter
3272 2932 3565 2994 nusquam
3602 2914 3815 2975 memi-

2096 3015 2202 3086 nit,
2240 3014 2466 3072 nullam
2516 3018 2821 3088 praetensae
2875 3009 3189 3069 mentionis
3237 3006 3638 3068 necessitatem
3685 3021 3813 3065 esse

2093 3104 2518 3181 agnoscendum
2550 3104 2803 3164 evincat.

2164 3199 2233 3258 X.
2265 3199 2410 3270 Quia
2443 3215 2580 3258 vero
2627 3200 2777 3257 hanc
2811 3197 2996 3273 ipsam
3024 3196 3326 3273 paritatem
3363 3193 3474 3254 sibi
3514 3207 3808 3268 opponen-

2091 3289 2223 3348 dam
2254 3287 2612 3348 Laderchius
2639 3287 3002 3363 praeviderat,
3034 3285 3115 3345 sic
3151 3285 3313 3345 illam
3336 3285 3538 3344 eodem
3565 3297 3812 3342 numero

2091 3395 2431 3454 proponere,
2463 3385 2633 3454 atque
2676 3378 2918 3452 elevare,
2961 3375 3179 3451 duplici
3231 3376 3552 3449 excogitato
3602 3372 3811 3432 discri-

2091 3471 2269 3543 mine,
2318 3470 2544 3529 nititur.
2594 3492 2615 3522 α
2645 3471 2720 3528 At
2774 3485 2878 3528 nec
2927 3466 2999 3525 de
3052 3466 3359 3540 Lodulpho
3409 3463 3680 3538 (inquies)
3745 3467 3813 3520 ut

2092 3562 2439 3636 supponitur
2465 3557 2924 3635 congregationis
2954 3557 3257 3617 Avellanee
3282 3554 3631 3625 institutore,
3651 3566 3814 3609 men-

2092 3651 2307 3710 tionem
2352 3651 2505 3710 fecit.
2541 3650 2652 3710 Sed
2695 3648 2888 3708 simile
2927 3663 3046 3707 non
3095 3647 3476 3716 admittimus,
3509 3659 3614 3702 nec
3652 3642 3811 3700 enim

2091 3742 2334 3816 aqualis
2375 3740 2644 3814 ponderis
2686 3746 2806 3799 erat
2850 3738 3161 3799 auctoritas
3202 3734 3515 3810 Lodulphi,
3563 3732 3714 3792 sicut
3755 3739 3812 3791 et

2093 3831 2403 3892 Bomualdi
2458 3833 2579 3905 jam
2637 3847 2671 3888 a
2721 3830 2779 3890 S.
2828 3830 2976 3890 Sede
3027 3828 3335 3904 apostolica
3385 3826 3538 3885 inter
3584 3828 3809 3883 sanctos

2091 3922 2296 3994 relati;
2329 3921 2422 3981 vel
2451 3921 2784 3994 dicendum,
2815 3926 3049 3995 propter
3076 3918 3229 3991 illos,
3259 3917 3362 3992 qui
3390 3917 3579 3976 adhuc
3600 3915 3807 3974 vivum

2091 4009 2502 4083 Lodulphum,
2549 4010 2688 4069 dum
2734 4009 2938 4068 Petrus
2984 4007 3054 4066 N.
3097 4007 3362 4067 Damiani
3415 4003 3807 4064 institutiones

283 4088 637 4164 discipulum
668 4089 1207 4150 Camaldulensium
1237 4092 1407 4165 quasi
1442 4093 1802 4166 transfugam
1832 4092 2001 4150 nobis
2090 4100 2391 4160 Avellante
2442 4097 2622 4158 edidit
2654 4142 2669 4170 ,
2699 4098 2918 4156 faciunt
2964 4116 2975 4155 :
3013 4097 3217 4156 merito
3258 4097 3328 4156 de
3381 4093 3688 4167 Lodulpho
3723 4092 3806 4149 si-

283 4179 541 4240 οδῐΐιιάίῖ
578 4179 676 4238 hic
719 4185 936 4252 auctor,
971 4195 1177 4240 verum
1212 4180 1377 4239 inani
1403 4196 1595 4254 Opera,
1627 4197 1694 4240 ac
1732 4197 2002 4254 superva-
2091 4191 2288 4263 luisse,
2317 4189 2455 4263 quia
2483 4187 2661 4246 nimis
2698 4189 3088 4261 incongruum
3121 4184 3404 4260 judicavit
3433 4183 3668 4243 laudare
3697 4182 3806 4240 ho-

284 4283 395 4331 0110
443 4274 654 4328 conatu
719 4267 940 4328 laborat
990 4293 1003 4327 ε
1057 4269 1346 4345 Siquidem
1397 4286 1519 4344 cap.
1581 4271 1634 4342 6,
1684 4285 1852 4328 num-
1913 4270 1999 4339 14,
2091 4279 2312 4337 minem
2341 4282 2472 4335 ante
2510 4283 2751 4336 mortem
2789 4280 2948 4346 (nam
2984 4275 3357 4350 Lodulphum
3389 4274 3580 4348 ipsum
3619 4287 3809 4344 usque

283 4359 647 4420 ostendimus
675 4358 1046 4419 Dominicum
1078 4358 1409 4419 Loricatum
1439 4359 1548 4418 sub
1579 4359 1847 4418 Damiani
1875 4374 2001 4417 ma-
2090 4368 2163 4426 ad
2208 4381 2434 4426 annum
2483 4367 2992 4441 quadragesimum
3038 4364 3349 4439 septimum
3397 4379 3569 4438 supra
3611 4363 3807 4423 mille.

283 4450 520 4524 gisterio
554 4448 794 4522 vixisse,
831 4449 971 4510 dum
1020 4449 1255 4510 Sitriam
1293 4450 1662 4523 inhabitaret,
1693 4466 1811 4509 non
1846 4455 2068 4531 pOSt-_
2092 4459 2309 4517 simum
2357 4457 2576 4517 vixisse
2599 4501 2614 4530 ,
2661 4466 2717 4517 et;
2772 4457 3009 4517 Petrum
3063 4455 3504 4531 quadragesimo
3555 4454 3809 4514 secundo

287 4558 464 4617 quam
515 4558 551 4600 ει
599 4518 787 4601 δὶῑΐίθί
824 4539 1074 4611 recessu,
1123 4545 1189 4599 ut
1224 4546 1377 4615 Palat
1415 4557 1487 4599 ex
1531 4518 1770 4615 θρὶέιοιᾶ
1822 4518 1882 4600 3-1
1927 4518 2246 4608 li-Danno
2279 4565 2454 4624 supra
2496 4518 2878 4608 millesimum
2911 4518 3316 4606 institutiones
3331 4547 3483 4620 ipsas
3509 4544 3808 4618 scripsisse

286 4634 379 4693 bri
423 4645 508 4706 VI,
551 4648 727 4708 quam
771 4631 1095 4691 Damianus
1150 4631 1220 4690 ad
1269 4632 1640 4692 Dominicum
1698 4632 1756 4692 S.
1792 4632 2011 4690 ‘Mariw
2089 4643 2366 4708 censent).
2411 4663 2437 4688 ››
2472 4638 2612 4697 Haec
2648 4637 2785 4708 ille;
2834 4644 2892 4696 at
2922 4643 3127 4696 neutra
3159 4636 3461 4710 disparitas
3491 4633 3809 4695 subsistere

177 4714 180 4716 I
291 4722 487 4783 ὃίῖΐίεθ
543 4723 793 4795 Priorem
860 4719 1130 4795 SCPiDSit;
1188 4721 1432 4794 ipsemet
1486 4722 1687 4781 Petrus
1739 4721 2008 4781 Damiani
2091 4728 2540 4804 deprehenditur
2573 4754 2584 4787 :
2617 4744 2754 4788 cum
2799 4728 2957 4787 enim
3007 4727 3172 4787 toties
3224 4727 3288 4786 in
3336 4723 3457 4786 suis
3511 4723 3804 4798 operibus,

292 4810 601 4874 Sitrienses
626 4812 788 4872 velut
813 4828 950 4872 suos
976 4817 1414 4884 commemorat,
1458 4819 1525 4872 ut
1547 4829 1624 4872 ex
1649 4829 1846 4887 opusc.
1876 4827 2007 4887 XIII,
2092 4826 2263 4895 atque
2297 4819 2362 4877 in
2390 4819 2531 4893 ipsis
2567 4817 3076 4878 constitutionibus
3119 4815 3380 4891 opusculi
3410 4828 3516 4886 XV,
3559 4831 3681 4890 cap.
3715 4814 3804 4886 14,

291 4918 419 4978 cap.
445 4901 538 4972 22,
569 4900 693 4959 ibi:
729 4923 752 4951 ι
779 4899 1077 4961 Habemus
1105 4901 1361 4975 denique
1390 4917 1590 4960 senem
1631 4903 1692 4960 in
1722 4911 2012 4962 monaste-
2095 4908 2301 4968 Petrus
2342 4908 2612 4967 Damiani
2655 4907 2725 4965 de
2767 4906 2832 4965 B.
2872 4905 3173 4965 Dominico
3215 4906 3476 4965 Loricato
3511 4903 3688 4963 verba
3718 4902 3806 4960 fa-

293 4993 382 5054 rio
435 4989 650 5060 Sitrim,
698 5014 719 5041 ι
773 4995 901 5062 etc.,
940 4990 1164 5051 ostendi
1222 4991 1346 5050 loco
1396 4991 1516 5063 cit.,
1573 5007 1737 5052 num.
1787 4995 1869 5064 l6,
1912 4994 2016 5054 ubi
2097 4998 2248 5068 ciat;
2307 4996 2623 5071 itidemque
2671 5011 2821 5069 saepe
2869 5001 3279 5054 commemoret
3329 4995 3473 5053 alios
3518 4992 3805 5063 viventes,

295 5085 471 5144 etiam
496 5081 695 5144 notavi
721 5082 1260 5156 frequentissimum
1287 5083 1440 5157 apud
1469 5083 1778 5143 Sitrienses
1803 5085 2019 5144 vixisse
2098 5089 2352 5147 Leonem
2405 5089 2763 5158 Prezensem,
2812 5085 3200 5159 Mainardum,
3239 5086 3556 5146 Martinum
3612 5083 3808 5142 Stora-

299 5177 572 5236 eumdem
599 5175 970 5249 Damianum,
1005 5191 1072 5232 ac
1121 5175 1334 5234 Leonis
1363 5176 1620 5234 eremitaa
1659 5176 2018 5250 spiritualem
2099 5195 2245 5251 cem,
2278 5178 2535 5254 Lupum,
2581 5179 2832 5236 Leonem
2869 5175 3076 5250 Sitrim,
3109 5185 3240 5251 etc.,
3282 5178 3386 5252 qui
3425 5192 3540 5236 non
3573 5175 3809 5248 majoris

299 5269 513 5340 ﬁlium,
543 5276 597 5328 et
622 5267 975 5343 discipulum
1006 5265 1216 5338 fuisse;
1261 5268 1519 5342 adeoque
1553 5268 1749 5343 potius
1781 5268 2013 5328 Petrum
2099 5276 2264 5329 erant
2315 5267 2671 5328 auctoritatis
2723 5283 2788 5324 ac
2844 5267 3036 5339 fama},
3097 5281 3273 5341 quam
3323 5267 3388 5325 B.
3455 5263 3809 5338 Ludulphus

302 5357 570 5417 Damiani
598 5375 674 5417 ex
700 5359 1028 5420 Avellanita
1055 5358 1560 5420 Camaldulensem
1579 5360 1817 5432 factum,
1841 5375 2019 5433 quam
2100 5359 2212 5420 loci
2263 5357 2557 5418 institutor
2589 5380 2600 5414 :
2634 5355 2852 5432 quique
2900 5359 3092 5417 adhuc
3129 5357 3190 5415 in
3226 5355 3498 5416 humanis
3537 5354 3804 5428 agebant,

304 5450 674 5510 Dominicum
709 5452 1043 5512 Loricatum
1083 5466 1160 5509 ex
1189 5449 1622 5512 Camaldulensi
1667 5450 1739 5508 ad
1785 5451 2020 5512 Avella-
2103 5467 2220 5510 non
2271 5455 2493 5524 poterat
2543 5453 2774 5510 sanctus
2819 5449 3012 5508 doctor
3061 5465 3095 5505 a
3153 5446 3452 5520 Ludulphi
3509 5443 3807 5504 mentione

303 5540 456 5600 nitas
494 5556 555 5599 se
592 5542 891 5614 recepisse,
933 5557 1189 5602 asserere
1231 5542 1451 5600 Auctor
1489 5539 1783 5599 debuerat.
1825 5540 2018 5612 Quan—
2102 5538 2439 5614 injicienda,
2480 5538 2601 5599 sive
2638 5540 2712 5598 ob
2743 5540 3030 5598 minorem
3070 5535 3195 5609 ejus
3233 5537 3650 5608 auctoritatem,
3684 5535 3808 5595 sive

303 5645 505 5707 quam,
531 5633 598 5692 ut
624 5628 786 5690 toties
818 5630 1105 5703 diximus,
1135 5631 1259 5691 sive
1291 5628 1649 5702 Sitriensem,
1682 5629 1806 5691 sive
1845 5631 2020 5693 Avel-
2101 5630 2259 5705 quod
2291 5628 2484 5692 adhuc
2529 5636 2815 5704 superstes
2844 5629 3082 5699 viveret,
3118 5625 3394 5690 deterreri
3426 5645 3440 5700 ;
3482 5627 3802 5701 praesertim
