4034 6480
218 250 288 307 77

1124 245 1698 308 PROLEGOMENA.
1746 275 1806 290 -
1849 245 1944 304 DE
1983 243 2386 306 INSTITUTO
2424 247 2855 308 CAMALDUL.

3667 259 3738 319 78

217 391 364 437 cum
406 375 613 434 eodem
645 386 846 448 opuse.
881 386 989 447 xv,
1028 389 1152 450 cap.
1189 375 1279 446 28,
1311 373 1601 434 efﬁcacius
1630 388 1753 432 esse
1787 371 2204 444 vivo-Atinus,
2248 375 2350 450 qui
2389 375 2450 433 in
2480 375 2910 436 Camaldulensi
2954 391 3148 437 eremo
3189 387 3597 456 commoratur,
3646 387 3738 446 vir

223 483 379 538 rum,
413 483 594 541 quam
617 472 986 526 mortuorum
1011 465 1369 541 exemplum,
1397 464 1468 524 ad
1495 465 1721 523 animos
1741 462 1945 524 cohor-

224 561 457 630 tandos,
505 560 924 619 arbitraretur:
955 586 981 610 ‹‹
1014 559 1340 630 Eflicacius,
1390 557 1603 632 inquit,
1640 555 1949 615 moderno-

225 666 364 710 rum
388 650 764 709 cohortantur
782 650 1070 724 exempla,
1099 664 1278 724 quam
1306 654 1566 708 veterum
1597 664 1609 705 :
1641 653 1699 705 et
1723 661 1951 720 magna:

229 739 598 799 confusionis
644 740 828 814 pudor
865 745 968 811 est,
1022 738 1071 797 si
1120 755 1253 798 cum
1294 739 1504 797 sanctis
1545 737 1688 796 viris
1723 736 1786 794 in
1831 751 1951 794 una

231 831 414 891 simul
452 836 622 888 aetate
654 829 936 900 viventes,
978 829 1040 886 in
1080 834 1249 887 rectm
1279 825 1733 886 conversationis
1761 824 1953 886 studio

232 921 322 980 eis
348 921 413 980 in
454 921 656 997 aliquo
687 936 806 980 non
830 919 1193 994 reperiantur
1217 920 1489 993 aequales.
1524 944 1550 968 ››

313 1010 415 1070 XI.
448 1011 577 1070 Duo
609 1009 848 1082 insuper
881 1007 990 1066 tela
1021 1008 1082 1066 in
1122 1012 1380 1067 nostram
1411 1007 1757 1066 sententiam
1789 1022 1950 1066 num.

249 1103 318 1162 17
353 1101 712 1161 Laderchius
741 1104 1124 1174 contorquet:
1154 1099 1402 1159 alterum
1434 1116 1507 1158 ex
1534 1116 1650 1173 quo
1676 1099 1955 1160 1101111101-

239 1193 388 1252 dum
440 1206 748 1264 nunquam
801 1191 954 1265 apud
994 1190 1338 1250 Avellanam
1381 1191 1703 1251 constitisse
1734 1189 1796 1248 in
1833 1189 1958 1263 ejus

245 1285 374 1345 Vita
431 1284 756 1344 Damianus
807 1288 1024 1342 asserat
1057 1306 1069 1342 :
1102 1283 1372 1354 alterum,
1443 1282 1597 1357 quod
1649 1280 1957 1340 Gamaldu-

242 1377 456 1447 lenses,
493 1374 655 1434 velut
689 1373 762 1433 ad
792 1389 852 1432 se
884 1373 1224 1433 nullatenus
1261 1374 1570 1432 attinentes
1602 1385 1960 1431 commemo-

243 1472 353 1524 rat.
397 1465 488 1524 Eu
533 1465 829 1539 primum:
864 1490 890 1513 «
922 1463 1032 1524 Sed
1076 1470 1133 1523 et
1170 1464 1242 1523 ab
1286 1463 1430 1538 ipsa,
1474 1461 1683 1537 inquit,
1733 1460 1793 1521 S.
1841 1459 1960 1519 Ro-

243 1554 470 1615 mualdi
512 1554 657 1625 Vita,
701 1570 898 1630 quam,
933 1559 998 1614 ut
1035 1553 1315 1626 diximus,
1351 1554 1553 1612 Petrus
1587 1552 1657 1611 N.
1691 1548 1960 1610 Damiani

243 1645 496 1720 scripsit,
553 1645 724 1704 facile
780 1645 990 1720 conjici
1050 1651 1254 1720 potest,
1319 1644 1714 1705 Romualdum
1769 1641 1961 1717 ipsum

2035 463 2301 525 videlicet
2346 467 2590 527 diversis
2630 466 2943 528 virtutibus
2983 468 3315 544 adornatus,
3353 479 3407 533 et
3449 475 3738 550 praecipue

2029 555 2270 630 jugibus
2316 557 2710 632 lacrymarum
2756 556 2990 617 ﬂuentis
3031 559 3310 635 irriguus,
3357 563 3503 623 mihi
3543 566 3741 626 retulit

2035 648 2191 722 quod
2242 662 2430 708 narro.
2466 672 2492 696 »
2528 646 2702 716 Quid,
2743 661 2961 722 quasso,
3007 649 3070 708 in
3119 651 3212 709 his
3255 652 3449 711 verbis
3499 655 3738 728 relucet,

2038 739 2192 798 unde
2227 737 2508 797 Martinus
2537 754 2570 796 a
2603 737 2886 797 Damiano
2912 744 3226 799 extraneus
3252 739 3590 803 indicetur?
3627 744 3740 806 Sed

2037 834 2158 887 esto
2182 827 2481 902 quidpiam
2510 827 2867 887 discriminis
2913 828 3064 888 inter
3107 829 3641 894 Camaldulensium
3685 843 3742 896 et

2038 918 2502 978 Avellanitarum
2533 917 2891 976 mentionem
2919 934 2953 976 a
2978 919 3258 979 Damiano
3285 920 3515 996 factam,
3543 923 3744 986 adver-

2041 1008 2228 1068 sarius
2265 1007 2640 1066 acutissimus
2679 1007 3070 1080 deprehendat
3097 1026 3109 1067 :
3135 1010 3244 1068 hoc
3303 1009 3412 1070 tale
3453 1011 3528 1070 ad
3575 1030 3740 1074 sum-

2041 1113 2205 1158 mum
2243 1097 2370 1167 erit,
2411 1095 2567 1170 quod
2609 1096 2868 1155 subditos
2911 1113 3107 1162 anon
3153 1099 3404 1160 subditis
3437 1100 3740 1178 discernat,

2041 1189 2195 1264 quod
2223 1188 2401 1247 unius
2429 1187 2889 1261 congregationis
2920 1187 3192 1252 alumnos
3219 1191 3293 1250 ab
3315 1192 3572 1254 alumnis
3596 1197 3743 1257 alte-

2045 1282 2168 1341 rius
2235 1279 2697 1354 congregationis
2769 1280 3029 1353 ejusdem
3101 1282 3324 1342 ordinis
3386 1284 3742 1360 distinguat;

2044 1387 2233 1446 neque
2263 1370 2424 1429 enim
2450 1369 2619 1428 aliter
2652 1369 2837 1443 magis
2881 1369 3162 1431 Damiano
3203 1373 3403 1433 afﬁnes
3443 1375 3557 1436 dici
3587 1385 3750 1452 pote-

2045 1467 2177 1521 rant
2223 1459 2588 1532 Avellanitaa,
2637 1465 2738 1519 aut
2777 1459 3086 1520 Sitrienses
3129 1477 3250 1535 pra:
3294 1462 3750 1528 Camaldulensi-

2046 1553 2178 1625 bus,
2210 1565 2388 1625 quam
2413 1566 2481 1609 eo
2516 1550 2705 1622 modo,
2737 1565 2853 1624 quo
2881 1550 3031 1609 mihi
3053 1551 3236 1626 magis
3262 1553 3467 1614 afﬁnes
3490 1563 3628 1616 sunt
3650 1557 3753 1619 alii
3791 1555 3795 1563 ’

2048 1643 2517 1704 Gamaldulenses
2549 1641 2841 1714 monachi,
2865 1658 3041 1716 quam
3063 1643 3320 1704 eremitae
3345 1663 3356 1704 :
3391 1651 3448 1705 et
3465 1645 3536 1706 ad
3559 1664 3756 1722 quem-

247 1751 558 1810 nunquam
615 1735 818 1795 Fontis
859 1735 1164 1795 Avellanze
1219 1750 1482 1794 eremum
1532 1735 1762 1794 adiisse.
1816 1732 2192 1810 NamBlibet
2236 1749 2413 1793 sacrm
2450 1731 2909 1792 Camaldulensis
2955 1733 3136 1792 eremi
3178 1733 3430 1796 incolam
3470 1738 3759 1810 pertinere

247 1841 390 1886 cum
431 1826 618 1885 multa
656 1831 771 1884 tam
814 1825 1082 1884 distincte
1128 1825 1336 1883 referat
1365 1824 1486 1884 loco
1525 1823 1586 1882 in
1615 1825 1741 1898 ipso
1770 1823 1964 1882 Monte

251 1915 480 1990 Gatrize,
525 1932 659 1990 qua:
695 1914 962 1976 circuivit
995 1914 1238 1974 dilectus
1272 1914 1370 1972 ille
1408 1913 1718 1986 Altissimi,
1752 1913 1964 1972 saliens

254 2007 320 2064 in
379 2006 696 2078 montibus,
755 2006 1090 2065 transiliens
1155 2005 1362 2074 colles;
1416 2020 1722 2079 nunquam
1774 2009 1966 2062 tamen

255 2097 458 2158 Fontis
485 2096 782 2157 Avellanaa
807 2096 1164 2156 mentionem
1192 2095 1346 2166 facit,
1373 2111 1506 2154 cum
1538 2098 1730 2153 tamen
1759 2093 1966 2167 hujus-

255 2188 416 2248 modi
451 2188 798 2248 vocabulum
843 2188 972 2259 loci,
1021 2204 1195 2262 quem
1234 2189 1357 2260 ipse
1395 2185 1639 2258 colebat,
1686 2187 1970 2260 cujusque

256 2287 376 2342 tam
415 2281 746 2356 frequenter
779 2279 843 2339 in
881 2279 1004 2339 suis
1050 2279 1276 2354 scriptis
1310 2277 1596 2349 meminit,
1629 2293 1767 2336 eum
1796 2275 1970 2334 latere

258 2390 378 2434 non
413 2373 669 2447 potuisse
708 2373 1082 2431 manifestum
1122 2371 1213 2432 sit.
1246 2397 1271 2420 »
1309 2371 1396 2429 En
1429 2386 1566 2430 vero
1595 2368 1922 2428 secundum
1953 2386 1965 2424 :

264 2488 292 2512 α
330 2463 440 2522 Cui
471 2463 703 2523 tandem
738 2461 1069 2521 addendum
1100 2461 1350 2533 videtur,
1383 2459 1539 2535 quod
1568 2459 1630 2517 in
1662 2459 1972 2517 Gamaldu-

261 2553 410 2610 lensi
447 2568 641 2612 eremo
675 2557 1114 2623 commorantes,
1149 2557 1424 2626 tanquam
1470 2549 1543 2606 ad
1571 2565 1633 2606 se
1667 2547 1817 2606 nihil
1847 2562 1975 2606 om-

264 2642 406 2703 nino
470 2642 845 2716 pertinentes,
918 2645 1352 2712 commemorat,
1407 2644 1471 2698 ut
1522 2639 1718 2697 videre
1775 2642 1860 2695 est
1911 2636 1975 2693 in

264 2737 432 2810 epist.
467 2735 560 2808 29,
603 2735 704 2794 lib.
739 2747 803 2794 VI
841 2734 1271 2808 Epistolarum;
1297 2731 1450 2807 quod
1483 2737 1633 2788 certe
1662 2739 1783 2788 non
1821 2727 1977 2796 facit,

266 2841 406 2887 cum
442 2825 516 2884 ad
549 2841 608 2884 se
644 2824 1064 2899 pertinentium
1103 2823 1475 2883 eremitarum
1517 2817 1803 2887 meminit,
1844 2833 1979 2876 nam

269 2932 367 2975 eos
406 2917 702 2990 signanter
751 2931 885 2974 suos
913 2914 1072 2985 dicit,
1114 2919 1178 2974 ut
1216 2928 1290 2972 ex
1327 2908 1600 2984 Epistolis
1627 2907 1884 2981 ejusdem
1913 2905 1979 2966 34

271 3013 329 3064 et
359 3005 449 3077 56,
478 3005 580 3064 lib.
614 3017 696 3076 v1,
723 3005 1038 3078 colligitur.
1073 3028 1100 3053 »

2054 1826 2239 1899 magis
2274 1825 2374 1884 alii
2407 1824 2664 1898 ejusdem
2696 1823 3156 1898 congregationis
3185 1827 3439 1887 eremitae
3467 1827 3763 1904 videntur,

2055 1931 2230 1991 quam
2250 1916 2623 1985 Coronenses,
2644 1929 2821 1988 quam
2842 1913 3131 1986 monachi,
3153 1929 3331 1988 quam
3346 1916 3597 1978 aliarum
3617 1920 3766 1994 ejus-

2055 2008 2190 2068 dem
2219 2005 2675 2066 tiamaldulensis
2700 2005 2924 2065 ordinis
2952 2009 3461 2081 congregationum
3488 2010 3733 2071 alumni.

2129 2095 2282 2156 XIV.
2327 2094 2614 2154 Ultimum
2663 2092 2938 2166 denique,
2981 2109 3046 2152 ac
3090 2098 3544 2171 peremptorium
3592 2116 3770 2175 argu-

2060 2192 2346 2255 mentum,
2376 2199 2542 2243 num.
2579 2185 2663 2256 18,
2707 2189 3006 2257 promovet
3034 2183 3392 2247 Laderchius
3419 2188 3514 2250 his
3538 2192 3764 2253 verbis:

2067 2303 2093 2328 «ε
2122 2278 2368 2350 Insuper
2405 2275 2716 2335 monachos
2743 2276 2815 2334 de
2841 2275 3122 2336 Avellana
3149 2293 3254 2338 suo
3293 2285 3546 2355 tempore
3580 2285 3772 2344 unitos

2063 2366 2493 2441 congregationi
2524 2364 2982 2426 Camaldulensis
3011 2366 3218 2428 fatetur
3243 2370 3542 2432 Arnoldus
3567 2365 3774 2450 Wion,

2064 2475 2200 2534 ergo
2238 2460 2401 2534 prius
2449 2458 2691 2534 separati
2735 2464 2899 2519 erant
2933 2459 3008 2520 ab
3041 2459 3334 2522 invicem:
3371 2463 3632 2541 alioquin
3672 2485 3774 2528 su-

2065 2549 2356 2625 perfluum
2402 2554 2540 2619 erat,
2579 2555 2635 2607 et
2684 2564 2898 2609 vanum
2945 2551 3070 2624 jam
3123 2552 3290 2612 unita
3341 2557 3709 2631 conjungere.
3747 2585 3774 2610 ιο

2069 2639 2287 2699 Verum
2322 2638 2448 2695 111Βο
2485 2638 2762 2697 instantia
2801 2654 2877 2697 ex
2925 2639 3093 2698 dictis
3131 2641 3225 2700 hic
3261 2658 3455 2717 supra,
3500 2662 3666 2706 num.
3722 2649 3776 2718 6,

2068 2731 2366 2792 occasione
2395 2729 2629 2790 unionis
2661 2731 2910 2790 coenobii
2947 2731 3282 2806 Classensis,
3323 2739 3379 2794 et
3405 2750 3481 2794 ex
3508 2736 3779 2798 observa-

2072 2824 2145 2884 tis
2181 2823 2410 2882 dissert.
2445 2835 2485 2894 I,
2519 2838 2639 2896 cap.
2674 2823 2728 2895 2,
2760 2839 2926 2886 num.
2968 2824 3056 2898 23,
3100 2826 3406 2887 manifeste
3442 2831 3731 2890 evanescit
3765 2855 3778 2890 :

2071 2918 2312 2988 possunt
2339 2912 2497 2971 enim
2527 2912 2706 2972 unius
2742 2913 3200 2988 congregationis
3235 2918 3584 2978 monasteria
3617 2919 3784 2980 alteri

2072 3001 2505 3077 congregationi
2547 3001 2808 3076 ejusdem
2846 3001 3069 3062 ordinis
3097 3005 3375 3080 copulari,
3406 3009 3784 3083 quemadmo-

347 3095 480 3155 XlI.
516 3097 726 3169 Aperta
762 3100 846 3155 est
874 3100 1067 3152 tamen
1096 3093 1170 3183 ad
1197 3097 1516 3183 utrumque
1551 3087 1851 3183 responsiq
1875 3106 1886 3145 ε
1912 3086 1983 3145 ad
2010 3121 2053 3183 α
2075 3094 2218 3154 (111111
2273 3094 2484 3152 nostris
2519 3092 2746 3183 diebus
2795 3093 2972 3183 regia:
3011 3095 3391 3183 celsitudinis
3447 3098 3638 3160 Cosmi
3677 3101 3783 3169 III,

279 3185 537 3261 primum
581 3185 838 3261 quidem,
890 3183 1047 3258 quod
1081 3207 1108 3233 ‹‹
1144 3181 1296 3241 Loca
1345 3179 1448 3238 illa
1503 3179 1564 3236 in
1616 3177 1740 3251 ipso
1795 3176 1975 3236 Montc

2144 3184 2273 3257 agni
2313 3183 2478 3243 ducis
2515 3181 2762 3243 Etruriae
2802 3182 3050 3260 insignis
3097 3186 3298 3260 pietas,
3344 3189 3789 3250 celeberrimum

276 3278 507 3348 Catrim,
535 3293 669 3352 quae
697 3274 967 3335 circuivit
998 3272 1378 3334 Romualdus.
1407 3293 1432 3320 ιο
1469 3270 1774 3344 ipsammet
1812 3269 1986 3327 Avel-

279 3368 429 3427 lanze
457 3366 830 3426 solitudinem
853 3364 1129 3435 indicant,
1157 3362 1260 3421 ubi
1282 3363 1669 3420 commoratus
1690 3364 1775 3416 est
1805 3357 1862 3416 S.
1889 3357 1989 3415 Pa-

281 3464 366 3518 ter
393 3474 470 3517 ex
499 3473 620 3532 cap.
659 3456 722 3516 19
753 3455 922 3529 Vitae,
951 3461 1015 3514 ut
1044 3471 1167 3529 cap.
1197 3455 1254 3527 2,
1283 3468 1447 3512 num.
1482 3452 1516 3510 6
1552 3457 1608 3510 et
1645 3451 1698 3523 7,
1742 3449 1990 3508 ostendi-

279 3567 430 3611 mus.
459 3550 621 3620 Quod
649 3550 699 3608 si
723 3546 896 3608 etiam
918 3546 1235 3606 Laderchio
1259 3546 1549 3614 daremus,
1573 3541 1987 3611 Romualdum,

277 3658 391 3702 non
465 3641 703 3716 quidem
755 3639 909 3714 apud
961 3637 1324 3707 Avellanam,
1385 3634 1482 3693 sed
1543 3635 1697 3706 apud
1756 3631 1990 3690 Sitriam

277 3735 567 3794 duntaxat
604 3731 966 3804 constitisse;
1003 3746 1077 3790 an
1117 3728 1332 3789 exinde
1367 3725 1712 3793 ostenderet,
1740 3737 1856 3781 non
1888 3737 1990 3796 p0-

279 3822 462 3881 tuisse
507 3820 889 3894 Ludulphum
929 3819 1229 3878 Avellanae
1260 3815 1638 3884 conditorem,
1681 3810 1993 3871 Romualdi

278 3912 592 3975 eremiticis
630 3911 1100 3972 institutionibus
1136 3908 1354 3976 imbui,
1385 3911 1440 3966 et
1469 3905 1540 3964 ad
1576 3905 1701 3979 ejus
1731 3901 1990 3975 discipli-

281 4020 440 4077 nam,
476 4020 653 4078 quam
681 4003 774 4063 vel
811 4002 874 4062 in
917 4001 1110 4073 Silria,
1153 3998 1245 4058 vel
1283 3996 1424 4056 alibi
1473 4012 1506 4054 a
1545 3995 1602 4054 S.
1641 3995 1803 4052 Patre
1841 3991 1992 4050 didi-

278 4097 471 4168 cisset,
501 4111 636 4155 suos
663 4095 933 4154 alumnos
973 4093 1249 4167 exigere?
1301 4089 1418 4147 Nec
1459 4093 1608 4145 certe
1650 4087 1713 4144 in
1757 4084 1995 4145 Polonia

281 4186 646 4247 Romualdus
685 4185 807 4245 ullo
850 4189 1102 4257 tempore
1146 4179 1460 4250 habitavit;
1499 4175 1768 4251 nunquid
1819 4175 1996 4250 igitur

281 4277 389 4339 SS.
438 4278 567 4353 ejus
615 4276 1037 4351 discipulorum
1086 4275 1327 4335 Joannis
1374 4277 1429 4330 et
1471 4268 1764 4329 Benedicti
1815 4271 1996 4326 secta-

284 4377 453 4442 tores,
490 4369 593 4444 qui
622 4370 775 4444 apud
804 4368 1269 4428 Casimiritanam
1314 4380 1579 4425 eremum
1611 4359 1996 4421 sanctimonia

2076 3277 2215 3336 boni
2256 3276 2458 3336 Solatii
2490 3274 2844 3347 cmnobium,
2877 3276 3033 3349 quod
3059 3292 3093 3335 a
3122 3276 3596 3342 Cisterciensibus
3633 3282 3795 3342 Italis

2079 3366 2379 3426 monachis
2437 3365 2972 3437 administrabatur,
3042 3366 3472 3444 Trappensibus
3530 3372 3792 3448 ejusdem

2079 3454 2300 3517 ordinis
2331 3454 2623 3529 solitariis,
2657 3471 2804 3530 quos
2830 3471 2906 3514 ex
2934 3455 3122 3515 Gallia
3148 3457 3210 3516 in
3240 3459 3538 3521 Etruriam
3562 3463 3794 3523 munifi-

2078 3546 2451 3610 centissimus
2497 3561 2563 3603 ac
2602 3543 3074 3618 religiosissimus
3121 3545 3388 3624 princeps
3427 3550 3637 3611 adduci
3690 3569 3793 3613 vo-

2080 3637 2212 3709 luit,
2259 3633 2653 3710 copulandum
2704 3635 2957 3706 curavit;
3009 3636 3092 3696 sic
3133 3629 3293 3696 enim
3342 3638 3480 3698 Pius
3537 3640 3585 3698 V
3628 3647 3788 3714 pont.

2082 3741 2241 3785 max.
2276 3723 2665 3784 Avellanense
2697 3725 3136 3796 monasterium,
3170 3725 3325 3798 quod
3351 3726 3461 3784 sub
3483 3725 3795 3788 Romualdi

2082 3815 2378 3875 eremitica
2415 3814 2742 3888 disciplina,
2779 3813 2932 3872 Petri
2967 3813 3238 3872 Damiani
3277 3815 3650 3891 temporibus,
3690 3818 3795 3878 fio-

2083 3907 2269 3968 ruisse
2327 3919 2666 3978 persuasum
2721 3903 2984 3976 habebat,
3031 3903 3256 3965 dudum
3300 3921 3438 3966 vero
3483 3924 3517 3967 a
3563 3907 3796 3982 pristini

2085 3995 2330 4056 fervoris
2405 3993 2772 4054 observantia
2845 3993 3183 4067 desciverat,
3261 3996 3797 4062 Camaldulensium

2085 4084 2339 4163 generali
2374 4083 2734 4144 visitandum
2770 4085 3085 4157 commisit,
3139 4085 3212 4144 ad
3256 4085 3510 4164 denique
3555 4105 3801 4165 congre-

2087 4175 2303 4252 gationi
2346 4180 2558 4234 nostrae
2599 4173 2828 4249 penitus
2869 4175 3097 4234 addixit
3134 4177 3217 4250 (ut
3258 4179 3432 4250 paulo
3467 4185 3619 4253 ante,
3655 4182 3797 4241 For-

2090 4267 2255 4326 tunio
2292 4272 2430 4325 teste
2477 4265 2626 4324 Hist.
2665 4265 2905 4336 Camal.,
2954 4270 3099 4339 part.
3149 4278 3188 4338 I,
3241 4266 3338 4326 lib.
3387 4281 3474 4340 III,
3523 4287 3645 4346 cap.
3681 4271 3793 4333 27:

2093 4382 2121 4407 «
2162 4356 2625 4416 Exstinctionem
2647 4355 3125 4415 conventualium
3154 4355 3688 4421 Camaldulensium
3722 4362 3798 4420 fe-

282 4463 552 4534 f'loruere,
605 4461 674 4520 ad
717 4460 1030 4521 Romualdi
1075 4459 1412 4520 institutum
1466 4455 1662 4515 minus
1711 4453 1997 4528 pertinere
2025 4498 2069 4560 D
2089 4455 2243 4509 cerat
2269 4449 2428 4549 idem
2459 4448 2743 4524 pontifex,
2776 4447 3108 4507 sacerdotiis
3136 4464 3337 4510 eorum
3368 4455 3796 4527 congregationi

277 4552 697 4628 judicabuntur
717 4553 743 4608 ?

358 4640 517 4702 XIII.
552 4642 641 4702 Ad
673 4641 921 4702 alterum
952 4642 1190 4716 pariter,
1221 4655 1503 4715 negamus
1529 4633 2000 4696 Camaldulenses

286 4753 321 4795 a
351 4735 654 4804 Damiano,
691 4735 857 4795 velut
885 4737 956 4794 ad
989 4752 1049 4796 se
1085 4725 1256 4794 nihil
1281 4734 1611 4801 attinentes,
1648 4727 1994 4803 significari;

287 4842 424 4885 nam
463 4843 529 4886 eo
571 4826 697 4901 ipso
730 4826 886 4901 quod
935 4825 1244 4885 Sitrienses
1273 4825 1344 4883 ad
1377 4840 1436 4882 se
1467 4825 1724 4897 spectare
1760 4818 1994 4888 indicat,

288 4923 355 4978 ut
378 4919 778 4994 probavimus,
811 4918 1286 4977 Gamaldulenses
1329 4915 1531 4989 utique
1570 4911 1681 4972 sibi
1729 4915 2000 4985 cognatos

289 5009 522 5068 asserit:
557 5025 694 5068 nam
721 5009 784 5068 hi
812 5026 947 5069 vere
978 5027 1010 5068 a
1038 5008 1360 5070 Romualdo
1386 5004 1632 5066 instituti
1661 5003 1908 5072 fuerant,
1936 5015 2000 5058 ac

288 5105 589 5174 propterea
626 5096 882 5174 generali
931 5096 1462 5158 Camaldulensium
1513 5091 1792 5154 vocabulo
1843 5105 2000 5148 com-

291 5189 762 5264 prehenduntur.
795 5187 960 5259 Quod
994 5188 1043 5246 si
1089 5189 1162 5247 de
1205 5181 1749 5247 Camaldulensibus
1776 5182 1836 5240 in
1873 5194 2000 5253 spe-

291 5281 425 5340 ciali
471 5278 894 5353 significatione
923 5279 1185 5353 acceptis,
1229 5277 1334 5336 hoc
1384 5281 1468 5334 est
1504 5275 1574 5334 de
1607 5289 1783 5333 sacrm
1822 5271 2001 5331 eremi

296 5369 755 5430 Camaldulensis
810 5369 1023 5429 incolis
1082 5367 1437 5427 Laderchius
1514 5365 1797 5440 loquitur,
1857 5380 2004 5437 nego

297 5459 401 5518 hos
450 5458 605 5534 ipsos
651 5477 682 5519 a
725 5460 1008 5518 Damiano
1065 5459 1228 5519 velut
1273 5459 1492 5518 alienos
1542 5457 2003 5531 commemorari,

296 5565 433 5610 nam
489 5551 806 5612 Martinum
859 5551 1360 5610 Camaldulensem
1416 5549 1478 5608 in
1547 5550 1714 5609 citata
1767 5563 1856 5621 ep.
1912 5545 2004 5617 20,

299 5640 400 5702 lib.
436 5653 523 5716 v1,
561 5642 642 5702 sic
673 5648 894 5704 tantum
928 5641 1202 5704 describit
1231 5660 1244 5703 :
1277 5666 1304 5693 «
1334 5639 1619 5702 Dominus
1643 5641 1812 5715 plane
1850 5637 2004 5697 Mar-

2086 4539 2468 4613 adjudicatis).
2509 4565 2534 4588 ›ι
2567 4539 2693 4608 Quo
2744 4543 3073 4598 nostrorum
3129 4541 3546 4601 monachorum
3603 4558 3792 4618 opera,

2084 4636 2252 4691 vetus
2305 4629 2661 4702 institutum,
2720 4644 2786 4687 ac
2833 4629 3116 4704 primaeva
3160 4629 3270 4689 loci
3329 4630 3530 4706 religio
3580 4639 3797 4695 restau-

2087 4727 2334 4780 raretur.

2159 4814 2432 4874 Constare
2459 4814 2638 4886 igitur
2660 4813 2909 4873 arbitror
2937 4827 3012 4871 ex
3040 4812 3320 4874 hactenus
3345 4814 3534 4892 dictis,
3567 4816 3793 4879 nullam

2085 4907 2209 4964 vim
2261 4904 2324 4964 P.
2367 4904 2672 4963 Laderchii
2726 4903 2962 4976 objectis
3004 4903 3297 4965 residuam
3345 4924 3471 4968 esse
3517 4910 3794 4970 adversus

2089 4996 2433 5057 sententiam
2477 5011 2652 5070 quam
2695 4995 2967 5072 praesenti
3017 4995 3427 5058 Dissertatione
3488 4999 3608 5058 suis
3666 5014 3790 5058 mo-

2089 5086 2299 5148 mentis
2340 5085 2597 5145 stabilire
2639 5085 2826 5146 conati
2869 5101 3092 5146 sumus.
3136 5087 3208 5146 Et
3239 5093 3390 5148 certe
3424 5086 3595 5160 longe
3642 5087 3792 5147 vali-

2089 5178 2253 5240 diora
2289 5181 2517 5250 possent
2551 5181 2894 5250 argumenta
2928 5182 3126 5237 contra
3154 5179 3346 5237 varias
3373 5176 3497 5251 ejus
3525 5179 3792 5241 assertio-

2092 5289 2194 5332 nes
2221 5272 2283 5331 in
2313 5272 2422 5329 hac
2445 5270 2569 5344 ipsa
2595 5268 2848 5328 Historia
2879 5271 2962 5343 (ut
2992 5270 3062 5329 de
3093 5269 3314 5328 caeteris
3342 5266 3794 5331 Lucubrationi-

2091 5365 2203 5425 bus
2243 5363 2370 5437 ejus
2407 5362 2645 5422 nomine
2677 5361 3044 5436 postmodum
3077 5361 3265 5433 editis,
3293 5358 3527 5423 interim
3561 5367 3796 5440 taceam)

2094 5459 2481 5525 occurrentes,
2509 5453 2874 5527 intorquere;
2909 5451 3006 5510 sed
3038 5459 3158 5508 tum
3184 5466 3257 5510 ne
3287 5459 3565 5530 susceptae
3593 5455 3795 5516 defen-

2098 5547 2279 5606 sionis
2309 5544 2523 5603 limites
2551 5542 2962 5612 transiliamus,
2994 5541 3344 5614 aggressoris
3365 5561 3672 5620 personam
3701 5546 3796 5604 in-

2097 5636 2373 5706 duentes;
2417 5640 2542 5697 tum
2589 5650 2662 5694 ne
2703 5638 2894 5693 actum
2924 5645 3092 5704 agere
3120 5632 3270 5694 velte
3299 5635 3620 5712 videamur,
3662 5641 3799 5698 cum
