4034 6468
275 259 345 318 79

1196 261 1256 321 S.
1299 258 1590 321 PETRUS
1629 255 2021 320 DAMIANUS
2065 256 2122 317 S.
2168 259 2238 317 Β.
2282 260 2345 319 Ε.
2393 261 2868 324 CARDINALIS.

3714 277 3788 334 80

278 389 473 466 Sejani
501 395 557 450 et
581 387 783 450 Rufini
814 386 1081 460 Dialogus
1106 402 1316 462 magna
1339 404 1415 447 ex
1449 392 1610 461 parte
1638 387 1787 444 hanc
1817 383 2238 454 mate-AQuod
2271 393 2330 444 ut
2359 389 2686 460 perfectius,
2713 391 2784 448 ad
2817 392 2962 452 tanti
3003 392 3186 452 Patris
3222 395 3491 468 gloriam,
3529 397 3700 470 cujus
3729 406 3789 458 et

275 483 424 541 riam
457 481 811 552 exhauserit,
863 495 1051 553 neque
1097 478 1266 538 nobis
1315 477 1373 536 id
1405 477 1711 538 incumbat
1745 473 1982 548 negotii,

277 580 346 634 ut
379 573 639 647 singulas
683 568 986 629 Laderchii
1023 569 1337 628 sententias
1367 568 1438 626 ad
1469 582 1714 627 examen
1750 581 1982 625 revoce-

277 682 430 739 mus,
481 665 587 722 hac
635 677 774 721 cura
829 674 1109 734 perquam
1167 659 1412 718 libenter
1456 657 1980 732 supersedebimus,

273 755 540 830 aliisque,
573 767 720 827 quos
751 758 942 810 noster
982 755 1183 809 auctor
1218 749 1430 823 pariter
1466 746 1774 816 lacessivit,
1807 753 1983 819 atque

275 849 392 908 otio
424 845 628 919 magis,
661 859 840 918 quam
870 858 994 913 nos,
1023 840 1341 910 abundant,
1373 854 1503 896 eam
1527 837 1980 897 sollicitudinem

275 936 432 998 ultro
483 935 904 1008 relinquemus.
968 931 1092 989 Imo
1159 930 1232 988 ob
1293 929 1520 988 easdem
1579 929 1850 999 rationes,
1909 928 1979 986 de

272 1032 519 1088 venusto
550 1021 928 1085 Laderchiani
969 1018 1104 1094 styli
1143 1019 1468 1077 charactere
1494 1017 1640 1076 nihil
1673 1019 1770 1076 hic
1796 1016 1978 1075 adno-

273 1119 545 1187 tabimus,
575 1116 646 1174 de
677 1130 793 1189 quo
824 1113 959 1170 satis
991 1112 1115 1175 erit,
1153 1115 1272 1168 tum
1300 1109 1640 1183 praedictum
1683 1109 1978 1182 dialogum

269 1207 592 1275 consulere,
627 1213 748 1263 tum
795 1201 1085 1275 judicium
1131 1199 1370 1269 (ibidem
1424 1200 1693 1268 relatum)
1726 1199 1978 1258 auctoris

268 1297 437 1360 diarii
465 1293 825 1354 eruditorum
865 1289 1089 1362 Galliae,
1123 1290 1183 1348 in
1216 1289 1416 1365 Operis
1449 1289 1752 1349 Laderchii
1775 1303 1974 1348 recen-

268 1389 431 1448 sione
455 1385 603 1444 facta
630 1382 774 1440 diar.
816 1380 904 1450 34,
944 1395 1038 1438 an.
1079 1373 1235 1447 1704,
1272 1378 1567 1437 attendere
1602 1398 1613 1436 :
1651 1385 1717 1437 ut
1744 1393 1976 1437 necesse

266 1494 386 1538 non
415 1476 509 1544 sit,
539 1488 674 1534 cum
705 1471 976 1544 temporis
1013 1467 1336 1542 dispendio,
1368 1468 1438 1527 ad
1470 1469 1576 1527 ista
1600 1484 1703 1527 nos
1727 1468 1971 1544 digredi,

263 1573 365 1629 aut
391 1565 651 1626 eamdem
682 1559 954 1620 incudem
989 1558 1243 1632 repetitis
1267 1557 1477 1617 ictibus
1507 1558 1765 1618 tundere.
1803 1558 1970 1617 Ami-

261 1671 464 1717 corum
527 1661 717 1712 tamen
778 1647 928 1708 votis
989 1645 1211 1721 aliquid
1272 1645 1599 1719 largientes,
1661 1647 1969 1713 nonnulla,

2070 490 2175 533 nos
2214 473 2621 535 studiosissimi
2662 494 2886 548 sumus,
2924 482 3159 556 assequi
3198 484 3398 558 possit,
3441 492 3651 559 prater
3693 504 3784 560 ea,

2067 579 2199 638 quae
2227 571 2426 624 auctor
2457 564 2679 639 Dialogi
2712 567 2986 641 Sejanum
3018 570 3168 630 inter
3194 581 3250 631 et
3277 573 3562 633 Rufinum
3596 574 3784 636 aduo-

2067 655 2227 724 tavit,
2258 656 2557 728 sequentia
2582 659 2808 731 pariter,
2842 675 2974 733 quae
3001 661 3071 719 ad
3108 678 3215 721 nos
3245 662 3427 736 magis
3466 665 3778 738 pertinent,

2065 745 2175 819 ipsi
2205 746 2583 820 expendenda
2615 765 2932 824 proponere
2964 753 3162 812 visum
3190 754 3322 813 fuit.

2135 836 2214 896 II.
2266 839 2351 897 Ac
2404 839 2611 911 primo,
2650 839 2799 899 circa
2846 857 3158 903 numerum
3212 846 3458 905 fratrum
3515 844 3579 904 B.
3623 845 3777 905 Petri

2063 926 2367 1000 Damiani,
2418 931 2550 1002 jure
2603 944 2636 986 a
2693 928 2899 1006 Sejano
2970 933 3358 994 Laderchium
3431 935 3778 1008 reprehendi

2063 1019 2438 1090 aliirmamus,
2464 1021 2683 1079 nedum
2727 1037 2795 1080 ea
2842 1024 3083 1096 ratione,
3114 1041 3292 1099 quam
3338 1025 3420 1084 ibi
3468 1025 3777 1085 adductam

2062 1107 2250 1180 legere
2304 1109 2552 1184 quisque
2600 1110 2826 1183 poterit,
2881 1112 3033 1185 quod
3081 1129 3292 1187 nempe
3345 1115 3522 1173 frater
3568 1113 3691 1182 ille,
3739 1131 3777 1173 a

2061 1213 2176 1271 quo
2225 1197 2426 1256 Petrus
2469 1207 2661 1258 noster
2707 1206 2822 1258 tam
2857 1199 3002 1261 dure
3035 1202 3270 1264 habitus
3324 1209 3430 1273 est,
3460 1210 3774 1280 antequam

2060 1287 2123 1344 in
2177 1285 2414 1347 alterius
2464 1288 2657 1348 fratris
2713 1290 2982 1351 Damiani
3044 1293 3528 1370 archipresbyteri
3573 1311 3775 1354 curam

2060 1373 2358 1446 incideret,
2389 1393 2514 1435 esse
2562 1393 2679 1437 non
2716 1381 2902 1454 potuit
2952 1381 3214 1442 Marinus
3259 1382 3357 1442 ille
3395 1389 3594 1458 (quem
3632 1385 3774 1444 reli-

2059 1465 2287 1538 giosum
2315 1465 2493 1524 fuisse
2521 1466 2675 1525 idem
2707 1466 2955 1541 Sejanus
2983 1486 3116 1530 cum
3146 1471 3347 1530 multis
3373 1471 3506 1532 aliis
3531 1474 3770 1547 scripto-

2058 1552 2223 1613 ribus
2277 1556 2521 1627 censuit,
2558 1572 2663 1616 nos
2714 1574 2851 1618 vero
2899 1559 3137 1634 laicum,
3193 1561 3252 1620 id
3304 1567 3388 1622 est
3433 1561 3769 1623 saecularem

2057 1641 2267 1703 obiisse
2313 1644 2682 1716 arbitramur,
2712 1661 2788 1706 ex
2829 1647 3278 1709 circumstantiis
3324 1650 3452 1723 ejus
3493 1651 3693 1711 mortis
3733 1668 3770 1710 a

260 1763 398 1822 quae
441 1758 548 1804 nos
589 1740 824 1816 propius
881 1737 1213 1812 respiciunt,
1251 1743 1422 1813 atque
1450 1753 1485 1795 a
1520 1739 1759 1810 praefato
1786 1737 1968 1796 dialo-
1991 1730 2222 1824 BPetro
2265 1734 2533 1793 Damiani
2562 1735 2665 1795 lib.
2696 1749 2759 1807 II,
2788 1754 2874 1812 ep.
2915 1739 2999 1809 14,
3030 1740 3294 1811 narratis)
3325 1741 3428 1815 qui
3462 1739 3768 1801 timoratus

258 1821 408 1916 gista
457 1833 546 1895 vel
600 1832 796 1891 minus
851 1835 1114 1888 accurate
1163 1843 1434 1903 expensa,
1484 1827 1576 1888 vel
1623 1845 1697 1888 ex
1742 1821 2282 1916 integro—epiritu,
2321 1840 2387 1882 ac
2540 1824 2616 1884 M.
2650 1824 2718 1884 V.
2750 1826 3044 1901 obsequiis
3090 1829 3232 1890 adeo
3285 1829 3648 1906 mancipatus
3689 1830 3764 1890 ab

258 1927 648 2007 praetermissa
671 1921 1188 1984 animadvertimus
1207 1936 1308 1996 per
1337 1921 1578 1981 modum
1608 1921 1962 1995 appendicis,

257 2019 523 2095 supplere
554 2031 671 2073 non
708 2011 1100 2086 gravabimur,
1130 2010 1364 2082 quando
1393 2025 1512 2068 non
1543 2010 1726 2083 magis
1756 2025 1964 2084 oppor-

256 2119 458 2171 tunam
512 2101 784 2164 Veritatis
837 2097 1200 2159 illustrandte
1257 2098 1616 2158 occasionem
1667 2098 1808 2159 alibi
1859 2115 1964 2159 nos

256 2199 556 2260 habituros
583 2206 905 2268 speramus.

919 2311 1296 2374 APPENDIX

251 2413 558 2478 Nonnullas
609 2407 1122 2467 Animadversiones
1177 2407 1236 2460 in
1291 2405 1592 2478 Historiam
1650 2401 1800 2458 Petri
1850 2403 1962 2457 Da-

418 2487 593 2543 miani
623 2501 657 2539 a
685 2481 980 2539 Laderchio
1012 2479 1342 2549 descriptam
1372 2477 1743 2546 complectens.

249 2578 551 2638 SYNOPSIS.
585 2602 653 2615 -—
684 2570 917 2628 Errores
944 2564 1238 2638 nonnulli,
1269 2564 1342 2638 ad
1380 2563 1774 2638 perfectiorem
1813 2559 1961 2638 Vitae

2047 1910 2172 1986 ipso
2218 1920 2414 1973 sancto
2451 1914 2681 1975 doctore
2731 1916 3093 1992 describitur,
3124 1927 3191 1979 ut
3235 1920 3491 1982 moriens
3539 1921 3612 1982 ab
3656 1922 3762 1983 illa

2045 2003 2267 2064 visitari
2317 2006 2632 2079 meruerit;
2683 2008 2840 2067 unde
2873 2024 3231 2085 consequens
3258 2019 3366 2085 est,
3406 2017 3472 2071 ut
3507 2017 3618 2070 tres
3656 2011 3763 2071 sal-

2046 2097 2159 2153 tem
2214 2097 2416 2154 fratres
2454 2096 2620 2156 Petro
2651 2104 2846 2158 nostro
2877 2099 3147 2158 Damiani
3177 2100 3459 2175 assignari
3491 2100 3758 2174 debeant,

2046 2198 2163 2242 non
2191 2184 2306 2244 duo
2340 2191 2585 2258 tantum,
2616 2195 2680 2246 ut
2710 2188 2914 2247 asserit
2947 2190 3304 2250 Laderchius
3335 2189 3436 2250 lib.
3471 2203 3512 2263 Ι,
3545 2208 3667 2266 cap.
3702 2192 3760 2264 2,

2045 2287 2208 2330 num.
2247 2273 2299 2347 1,
2328 2271 2524 2332 dicens
2562 2297 2574 2333 :
2617 2296 2642 2328 α
2677 2275 2800 2335 Hoc
2831 2283 3051 2336 certum
3091 2278 3260 2337 nobis
3295 2279 3572 2351 innotuit,
3613 2280 3760 2339 duos

2044 2377 2253 2436 nempe
2317 2362 2518 2422 fratres
2573 2363 2866 2438 habuisse,
2937 2365 3287 2425 Damianum
3353 2367 3639 2440 videlicet,
3704 2374 3762 2428 et

2045 2451 2354 2523 Marinum,
2386 2468 2637 2527 quorum
2677 2454 2798 2528 ipse
2828 2455 3097 2514 meminit
3128 2455 3228 2514 lib.
3272 2469 3314 2514 ιι
3344 2457 3758 2531 Epistolarum,

2042 2539 2207 2614 epist.
2249 2541 2311 2599 14
2342 2541 2414 2599 ad
2442 2541 2826 2602 Desiderium.
2863 2566 2883 2595 ι»
2916 2543 3038 2602 Non
3067 2560 3154 2615 ea,
3182 2545 3445 2618 inquam,
3469 2545 3762 2606 duntaxat

2043 2630 2264 2688 ratione
2317 2631 2600 2691 refellitur
2642 2634 2769 2692 haec
2815 2635 3053 2692 assertio
3105 2634 3435 2707 Laderchii,
3483 2636 3582 2694 sed
3629 2652 3758 2695 am-

2042 2717 2213 2792 plius,
2243 2721 2401 2794 quia,
2442 2722 2494 2780 si
2535 2722 2711 2781 verba
2747 2723 3156 2798 expendantur
3186 2723 3428 2782 Joannis
3463 2726 3758 2800 scriptoris

2047 2811 2190 2872 Vita)
2245 2813 2397 2872 Petri
2463 2816 2643 2874 nostri
2701 2816 2994 2889 Damiani,
3052 2817 3123 2876 ab
3184 2817 3384 2876 eodem
3436 2817 3756 2877 Laderchio

2039 2901 2211 2960 allata
2262 2919 2383 2977 cap.
2419 2904 2472 2976 3,
2504 2921 2668 2964 num.
2715 2906 2768 2975 3,
2803 2906 2966 2965 facile
3013 2907 3318 2977 constabit,
3353 2909 3558 2968 saltem
3603 2924 3753 2982 qua-

2040 2995 2172 3048 tuor
2217 2991 2418 3050 fratres
2463 2992 2617 3052 Petri
2660 2993 2876 3064 fuisse;
2925 2996 3006 3053 ait
3058 2996 3215 3054 enim
3273 2996 3524 3058 Joannes
3572 2997 3755 3056 sancti

2038 3081 2280 3152 pastoris
2324 3080 2642 3156 discipulus
2681 3084 2741 3141 in
2776 3084 2900 3158 ejus
2949 3083 3078 3142 Vita
3109 3101 3232 3160 cap.
3269 3085 3319 3158 1,
3349 3088 3506 3161 quod
3545 3087 3753 3147 Petrus

309 3175 1620 3290 ξῑὶξῖῑέρῖευῑῑξιζυρξἀλῖιῖδξιῖδυῖρίξέδῖαιῖι·
1662 3175 1949 3264 ῑοῑξιεξίιῑῖε
1970 3175 2014 3194 ν
2037 3177 2250 3290 postea
2307 3193 2330 3222 ·
2378 3179 2629 3290 utroque
2671 3175 2980 3290 ίηιηῑειιιξνθ
3035 3175 3272 3276 orbatus
3329 3184 3586 3277 parente

308 3264 552 3349 565763
573 3264 1703 3344 Eupheme-etisSJDominiciLoricati
1736 3279 1946 3337 rectius

2135 3277 2212 3320 121‘-
2262 3278 2417 3322 curae
2467 3264 2703 3322 relictus
2733 3272 2838 3335 est,
2869 3271 2924 3322 et
2955 3281 3110 3324 unus
3139 3265 3421 3339 ipsorum,
3450 3266 3551 3342 qui
3581 3273 3750 3329 atrox

305 3356 800 3430 determinandus.
835 3355 887 3430 7_.
921 3351 1507 3430 et8.ADiﬂic‘u‘ltatum
1555 3351 1945 3430 quarumdam
2033 3351 2182 3410 inter
2220 3362 2456 3414 caeteros
2494 3356 2758 3416 honestis
2805 3355 3064 3415 moribus
3105 3357 3373 3430 praeditos
3418 3358 3527 3418 sub
3571 3359 3750 3420 ovina

348 3429 637 3505 ropositio,
675 3437 757 3521 ett
785 3423 1112 3521 solutio‘.m9.
1154 3431 1211 3521 et
1477 3421 1757 3503 Joannem
1789 3421 1941 3521 {lau-

2135 3442 2179 3502 le
2227 3443 2456 3518 latebat,
2489 3445 2860 3505 fraudulenta
2910 3460 3071 3503 nunc
3107 3421 3323 3518 pietate
3364 3463 3465 3521 pro
3510 3453 3750 3520 paterna

302 3449 637 3562 gl'OPOSIUO,
675 3449 757 3558 ει]
785 3449 1112 3554 summa-1.:-
1154 3449 1211 3554 ξι
1240 3449 1330 3552 1“!-
1477 3449 1757 3503 JW‘EUW!
1789 3449 1941 3550 itm”
2030 3449 2179 3516 pelle
2227 3449 2456 3518 latebat,
2489 3449 2860 3505 fraudulenta
2910 3460 3071 3503 nunc
3115 3449 3323 3518 pietate
3364 3463 3465 3521 pro
3510 3453 3748 3520 paterna

303 3513 952 3612 me'tllieﬂgnggﬂdf’ame
1009 3511 1183 3612 ,ln‘fm
1204 3511 1350 3612 “nam
1646 3509 1939 3612 Sfffﬁofﬁi
2031 3532 2176 3603 vice,
2203 3551 2336 3594 eum
2378 3536 2490 3595 sibi
2528 3537 2901 3596 educandum
2947 3537 3218 3610 suscepit,
3248 3544 3425 3612 atque
3464 3538 3603 3598 dum
3632 3539 3748 3600 sibi

2027 3622 2387 3683 cohaeredem
2413 3626 2683 3700 adoptare
2721 3643 2782 3685 se
2822 3624 3009 3698 ﬁngit,
3049 3624 3192 3682 dirae
3224 3625 3382 3684 velut
3411 3628 3745 3700 emptitium

2025 3712 2290 3770 servituti
2342 3713 2598 3773 addicit:
2640 3715 2737 3773 cui
2795 3715 2948 3773 socia
3006 3715 3221 3789 conqu
3275 3716 3546 3788 merebat,
3603 3733 3742 3793 qua:

2023 3801 2205 3861 nullis
2232 3804 2458 3876 pietatis
2483 3805 2805 3864 visceribus
2829 3806 2903 3864 ab
2930 3805 3090 3864 illius
3115 3805 3340 3864 saevitia
3365 3806 3683 3868 differebat.
3706 3835 3734 3860 ὀ

2025 3891 2086 3951 Si
2117 3894 2276 3953 enim
2304 3896 2451 3955 duos
2481 3897 2684 3956 fratres
2722 3897 3021 3956 habuisset
3061 3895 3262 3955 Petrus
3291 3905 3504 3970 noster,
3532 3898 3737 3974 utique

318 2632 471 2708 Pet—ri
515 2642 778 2704 Damiani
831 2639 1142 2698 editionem
1189 2632 1582 2708 obtinendam,
1627 2633 1690 2691 in
1746 2632 1960 2708 Lader-

316 2706 520 2778 chiana
572 2712 833 2787 histor_ia_
857 2709 1111 2787 notandi.
1171 2708 1345 2787 Num.
1390 2707 1448 2787 1.⁶
1484 2706 1804 2764 Numerum
1844 2706 1959 2787 fra-

317 2777 477 2860 trum,
502 2787 565 2846 B.
609 2785 761 2845 Petri
799 2781 1139 2860 Damianiha
1172 2778 1492 2860 Laderchio
1519 2792 1835 2860 perperam
1857 2777 1957 2834 de-

318 2847 689 2921 terminatum
745 2872 889 2914 esse.
948 2853 1024 2928 2._
1056 2851 1216 2928 Circa
1272 2847 1722 2928 institutum—Dr
1778 2847 1959 2928 glarze

315 2919 669 2992 Laderchius
716 2928 963 3000 fallit_ur._
1002 2925 1053 3000 3.
1097 2923 1242 3000 Item
1283 2920 1536 3000 circaS.
1574 2919 1727 2978 Petri
1773 2919 1958 3000 Caele-

313 2991 451 3063 stini
520 3000 779 3074 regulam
844 2996 1150 3074 decipitur.
1216 2994 1280 3074 ξε...
1339 2991 1676 3074 Albiaonem
1735 2991 1956 3074 socium

313 3062 377 3135 Β.
415 3062 873 3134 PetriuDamiani
913 3062 1174 3126 abbatem
1216 3064 1541 3122 Theuzonis
1571 3063 1768 3135 fuisse
1814 3062 1956 3121 falso

309 3130 776 3207 traditis—(Ain
831 3137 1314 3198 hallucinationes
1348 3137 1515 3207 rcirca
1562 3133 1620 3193 S.
1669 3130 2014 3194 JoannemC

300 3571 824 3647 male_confundi._
868 3571 951 3647 1_l.
1009 3567 1188 3626 Illum
1233 3573 1354 3647 post
1409 3581 1630 3647 annum
1655 3565 1838 3647 “107d
1869 3565 1940 3623 ad

297 3645 667 3720 Eugubinam
720 3641 1048 3720 cathedram
1107 3636 1597 3720 vocatummlbid.
1652 3636 1939 3716 Eumdem

300 3709 466 3792 Retro
506 3715 772 3792 Damiani
811 3714 874 3792 in
915 3713 1176 3792 prioratu.
1209 3709 1544 3792 immediate
1574 3712 1934 3792 successisse,

295 3791 543 3860 ideoque
570 3789 672 3862 ,ab_
695 3790 800 3862 hoc
843 3782 1067 3862 Joanne
1119 3782 1811 3862 distingui,“utpote.q_ui
1861 3796 1938 3860 ex

295 3852 620 3921 obedientia
653 3857 924 3930 Liprandi
957 3855 1164 3930 prioris
1199 3852 1384 3911 Vitam
1422 3852 1932 3930 Damianidescri-

294 3933 426 4006 psit.
823 3923 1103 4000 Vlta'pOSl
1134 3933 1377 3984 mortem
1419 3923 1478 3984 So
1508 3923 1748 3983 Joannis
1780 3923 1934 3982 Lau.
2025 3923 2086 3951 οι
2117 3923 2276 3953 cuiu).
2304 3923 2451 3955 υιιυδ
2481 3923 3021 4001 ιι’ᾶ,ιιύδ.ιωυυιδδει
3048 3923 3262 4006 Τυιζύδ
3291 3923 3504 3970 υυδιυη
3529 3923 3540 3999 .l

295 3986 491 4064 densis
516 3986 748 4060 exarata
777 3986 1118 4057 ostenditur.
1158 3998 1240 4068 l3.
1273 3996 1406 4054 Alia
1434 3997 1738 4068 utriusque
1765 3995 1936 4054 Joan-
2021 3997 2222 4042 eorum
2269 4001 2450 4056 unus,
2480 3987 2579 4062 qui
2619 3990 2806 4062 primo
2838 4003 2974 4046 eum
3012 3986 3290 4046 alendum
3319 3989 3586 4062 suscepit,
3617 4005 3734 4049 non

293 4092 386 4136 nis
407 4072 761 4132 discrimina.
797 4070 880 4128 li.
914 4067 1240 4127 Conclusio.
1276 4069 1361 4127 15.
1642 4067 1658 4068 ί
2019 4078 2182 4130 atrox
2226 4078 2370 4132 inter
2416 4083 2648 4143 exteros,
2680 4078 2778 4137 sed
2827 4083 2988 4135 atrocc
3032 4094 3151 4150 pm
3197 4079 3309 4133 alio
3359 4075 3450 4135 vel
3495 4082 3734 4136 atrocior

291 4175 342 4233 Ι.
375 4172 448 4233 Ut
490 4171 721 4230 Petrum
759 4166 1109 4227 Damianum
1148 4165 1306 4224 velut
1343 4163 1806 4224 Camaldulensis
1835 4164 1932 4224 in-
2018 4167 2188 4223 altero
2259 4168 2718 4241 describeretur;
2753 4169 2968 4228 indicat
3018 4184 3152 4242 ergo
3207 4167 3353 4226 Vitae
3407 4165 3561 4227 Petri
3617 4170 3732 4229 Da-

222 4262 408 4326 stituti
461 4267 797 4320 sectatorem
847 4256 1235 4332 agnoscimus,
1289 4271 1354 4313 ac
1400 4254 1459 4314 S.
1511 4254 1574 4313 P.
1617 4253 1930 4314 Romualdi
2017 4253 2200 4312 miani
2247 4257 2506 4330 scriptor,
2563 4265 2771 4332 praeter
2831 4259 2988 4316 hunc
3043 4257 3298 4329 fratrem,
3351 4258 3519 4331 cujus
3571 4275 3733 4319 curae

222 4356 572 4416 imitatorem
625 4348 985 4424 praecipuum
1027 4346 1398 4421 suspicimus,
1431 4346 1510 4404 ita
1539 4361 1770 4404 summa
1795 4360 1929 4419 erga
2017 4343 2219 4404 Petrus
2273 4349 2620 4408 commissus
2665 4355 2769 4420 est,
2803 4349 2947 4407 alios
3000 4347 3175 4406 etiam
3206 4354 3334 4406 tum
3371 4351 3726 4422 superstites,

222 4445 392 4506 illum
426 4439 731 4501 devotione
747 4437 1054 4508 aﬂicimur,
1081 4438 1320 4512 ejusque
1345 4437 1777 4496 venerationem
1804 4450 1996 4514 pro-ﬁ
2016 4435 2137 4496 imo
2172 4446 2227 4496 et
2264 4448 2577 4514 prmsentes
2625 4441 2825 4511 fuisse,
2857 4440 2954 4499 sed
2995 4439 3144 4497 inter
3173 4438 3278 4497 hos
3307 4440 3730 4513 computandus

223 4532 444 4595 moveri
501 4544 867 4602 summopere
917 4528 1258 4603 gaudemus.
1311 4527 1581 4600 Magnam
1635 4526 1850 4585 idcirco
1893 4498 2134 4586 annon
2180 4498 2302 4588 esse
2350 4529 2672 4588 Damianus
2711 4527 3171 4603 archipresbyter
3222 4498 3496 4600 videtur;
3552 4545 3728 4603 nam,

2016 4626 2080 4678 ut
2131 4620 2305 4678 refert
2355 4619 2710 4681 Laderchius
2755 4636 2883 4695 pag.
2921 4619 3033 4676 2‘2:
3071 4641 3091 4670 α
3127 4618 3407 4677 Abfuerat
3431 4618 3482 4677 is
3508 4618 3731 4694 aliquot

2016 4726 2198 4770 annos
2231 4730 2265 4770 a
2290 4715 2493 4787 patria,
2527 4713 2599 4774 ad
2627 4728 2804 4788 quam
2841 4726 3105 4770 reversus
3133 4709 3286 4768 Petri
3323 4710 3516 4768 fratris
3553 4709 3730 4768 mise-

2018 4809 2176 4860 ratus
2223 4818 2536 4874 aerumnas,
2580 4809 2818 4874 paterno
2870 4805 3053 4859 tactus
3113 4815 3330 4869 amore,
3382 4813 3520 4858 mox
3561 4798 3734 4860 illum

2018 4892 2238 4950 exemit
2284 4891 2354 4950 de
2387 4890 2704 4950 miserabili
2749 4889 3049 4959 servitute,
3093 4887 3262 4947 novis
3317 4887 3510 4946 induit
3556 4888 3734 4947 vesti-

2019 4985 2251 5056 mentis,
2284 4990 2340 5042 et
2373 4983 2444 5042 ad
2481 4981 2738 5042 scholam
2785 4981 2963 5050 misit,
3001 5003 3022 5030 ι
3059 4985 3187 5052 etc.,
3233 4978 3387 5053 quod
3420 4977 3622 5051 utique
3663 4976 3737 5037 ab

2019 5073 2188 5133 initio
2246 5073 2543 5148 piissimus
2605 5070 3063 5145 archipresbyter
3109 5077 3420 5129 exsecutus
3470 5075 3638 5138 esset,
3687 5067 3738 5126 si

2020 5180 2214 5224 coram
2259 5164 2577 5234 adfuisset;
2627 5178 2762 5235 ergo
2814 5161 2864 5220 si
2919 5161 3198 5220 Damiano
3242 5159 3738 5234 archipresbytero

2019 5255 2255 5315 fratrem
2300 5255 2468 5313 illum
2509 5260 2842 5324 uxoratum,
2874 5268 2907 5310 a
2945 5268 3063 5326 quo
3103 5257 3220 5308 tam
3259 5250 3592 5308 immaniter
3629 5248 3736 5308 Pe-

225 5342 364 5402 huic
412 5340 665 5399 historiae
711 5357 835 5401 suae
887 5330 1125 5400 editioni
1182 5359 1299 5402 non
1358 5343 1670 5402 admodum
1724 5343 1928 5414 fidens,
2023 5352 2148 5404 trus
2180 5344 2410 5403 habitus
2447 5351 2549 5415 est,
2591 5341 3034 5417 conjungamus,
3064 5345 3118 5398 et
3147 5340 3295 5398 duos
3325 5339 3530 5398 saltem
3563 5338 3730 5410 alios,

225 5430 466 5491 alteram
509 5444 570 5487 se
605 5431 1008 5492 exhibiturum
1054 5431 1358 5507 pollicetur
1397 5433 1482 5500 (in
1518 5431 1931 5493 Admonitione
2022 5435 2235 5511 quibus
2263 5436 2422 5494 hunc
2445 5434 2795 5508 comparavit
2835 5433 3086 5492 Joannes
3121 5428 3270 5487 Vitae
3303 5430 3562 5503 scriptor,
3589 5428 3727 5486 dum

222 5520 296 5580 ad
337 5519 607 5578 lectorem
650 5519 773 5592 ejus
821 5521 999 5582 indici
1048 5523 1332 5590 subnexa)
1372 5524 1574 5593 majori
1615 5525 1927 5594 diligentia,
2021 5530 2164 5582 inter
2202 5530 2414 5582 caeteros
2461 5527 2696 5581 honestis
2734 5523 2972 5582 moribus
3005 5519 3268 5592 praeditos
3307 5524 3539 5575 atrocem
3573 5531 3728 5575 nun-

223 5619 274 5672 et
329 5613 661 5672 accuratio-ri
712 5614 912 5678 studio,
971 5632 1172 5672 necnon
1231 5618 1288 5669 in
1335 5615 1618 5684 aliquibus
1686 5623 1922 5678 auctam.
2021 5617 2274 5691 cupavit,
2303 5631 2450 5690 quos
2480 5615 2659 5676 fuisse
2698 5620 2856 5690 puto,
2887 5609 3134 5670 alterum
3172 5606 3407 5682 quidem
3434 5605 3726 5668 Marinum

225 4627 393 4686 nobis
418 4623 661 4698 gratiam
699 4622 923 4682 iniisset
962 4620 1338 4691 Laderchius,
1369 4621 1418 4680 si
1451 4628 1505 4680 et
1542 4619 1930 4681 commodiore

223 4715 371 4791 stylo
421 4714 636 4788 egregii
686 4713 863 4788 hujus
901 4710 1148 4772 doctoris
1184 4711 1374 4771 Vitam
1419 4712 1740 4772 describere
1784 4717 1931 4771 esset

223 4819 547 4879 aggressus,
576 4809 630 4861 et
657 4803 728 4862 ab
753 4801 914 4861 omni
945 4800 1212 4860 falsitatis
1234 4818 1402 4862 naevo
1433 4802 1696 4862 eamdem
1724 4819 1928 4877 repur-

222 4900 430 4971 gasset.
461 4891 701 4958 Verum,
737 4897 802 4950 ut
848 4908 914 4952 ea
944 4907 1138 4952 rerum
1173 4899 1257 4950 est
1307 4893 1698 4952 humanarum
1730 4891 1931 4952 condi-

224 4985 322 5056 tio,
363 4999 497 5060 qua:
533 4979 737 5054 primis
775 4996 1080 5056 nunquam
1113 4981 1416 5042 conatibus
1444 4983 1723 5043 absolutae
1751 4981 1933 5055 perfe-

221 5074 429 5134 ctionis
483 5071 858 5145 assequendae
916 5080 1165 5147 sortem,
1225 5071 1320 5133 vel
1373 5089 1534 5150 Spem
1602 5073 1933 5147 relinquere

223 5167 387 5234 solet,
434 5163 533 5221 sed
585 5165 770 5221 multa
813 5177 1039 5235 semper
1074 5161 1228 5222 curis
1267 5162 1537 5222 secundis
1570 5162 1933 5221 emendanda

225 5253 551 5324 committit,
575 5253 655 5311 ita
688 5268 806 5311 non
835 5252 1072 5322 mirum,
1097 5254 1145 5313 si
1174 5253 1527 5314 Laderchius
1554 5255 1697 5328 ipse,
1728 5253 1932 5327 primat
