4034 6538
339 344 403 402 81
1223 353 1800 417 PROLEGOMENA.
1842 388 1909 401 —-
1948 359 2044 417 DE
2084 357 2486 421 INSTITUTO
2525 363 2954 426 CAMALDUL.

3769 372 3840 432 82

336 487 373 530 a
423 477 623 572 sancto
697 473 926 572 doctore
975 479 1304 572 laudatum,
1356 484 1602 545 alterum
1679 502 1817 545 vero
1879 485 2052 560 paulo
2070 486 2201 547 Aut
2249 503 2322 546 ex
2374 487 2616 565 Morigia
2654 508 2826 568 supra
2868 493 3306 556 observavimus
3345 512 3472 572 pag.
3514 500 3582 559 64
3615 503 3670 558 et
3708 500 3837 560 Dis-

335 561 618 635 majorem
647 570 788 624 natu
819 566 944 641 ipso
973 570 1160 643 Petro,
1195 574 1299 647 qui
1329 575 1549 633 czeteris
1588 575 1866 635 fratribus
1894 575 2049 635 invi-

333 650 498 721 dens,
531 652 784 723 querelis
820 657 943 716 suis
995 659 1055 717 in
1105 677 1276 720 causa
1325 663 1455 733 fuit,
1495 679 1598 722 cur
1641 670 1822 723 mater
1857 665 2050 738 ipsum

338 739 575 800 Petrum
621 742 931 806 immature
967 748 1313 810 oblactatum
1356 752 1534 827 impie
1572 753 1880 824 desereret,
1911 770 2047 813 nar-

337 838 499 889 rante
548 831 608 890 id
645 835 844 895 eodem
899 838 1121 902 Joanne
1166 845 1438 920 scriptore
1488 845 1636 906 Vitae
1685 849 1866 907 sancti
1910 848 2044 920 viri,

337 922 578 1014 ejusque
607 924 892 1001 discipulo
917 934 1071 1006 apud
1097 934 1484 997 Laderchium
1527 955 1655 1014 pag.
1692 940 1756 998 17
1788 959 1800 998 :
1839 962 1861 991 ι
1897 939 2047 998 Cum

335 1013 492 1103 enim
536 1030 694 1081 unus
731 1017 1070 1098 liberorum,
1112 1027 1214 1100 qui
1265 1034 1402 1087 tunc
1429 1029 1550 1103 jam
1595 1013 2048 1103 grandiusculus

332 1101 680 1177 adoleverat,
736 1119 1086 1195 conquestus
1137 1101 1488 1176 exclamaret
1543 1138 1556 1178 :
1602 1101 1760 1179 Proh
1816 1120 2040 1195 pudor!

333 1209 460 1254 ecce
492 1197 618 1270 jam
650 1203 727 1257 tot
755 1215 977 1274 sumus,
1003 1193 1077 1263 ‘ilt
1113 1205 1175 1264 in
1206 1206 1312 1266 hac
1355 1207 1526 1267 domo
1556 1209 1660 1268 vix
1693 1193 1976 1284 capimur,
2012 1235 2039 1260 ι»

333 1291 440 1346 etc.
495 1285 756 1356 Quatuor
795 1293 1045 1364 profecto
1084 1294 1307 1367 fratres,
1341 1306 1492 1356 certe
1545 1298 1740 1372 plures
1789 1298 2040 1370 duobus,

333 1375 607 1436 habuisse
638 1378 872 1440 Petrum
904 1382 1192 1459 Damiani,
1225 1388 1387 1447 fateri
1415 1404 1645 1448 necesse
1673 1388 1798 1448 erit.

403 1464 512 1524 III.
551 1464 817 1528 Secundo
847 1471 1096 1547 insignis
1123 1482 1227 1548 est,
1256 1483 1321 1536 ut
1346 1478 1560 1552 optimc
1595 1477 1839 1553 Sejanus
1868 1478 2041 1536 etiam

330 1554 764 1630 animadvertit,
810 1561 1190 1626 hallucinatio
1233 1583 1452 1642 eorum,
1491 1585 1637 1644 quos
1685 1570 2042 1629 Laderchius

328 1645 481 1736 bona
508 1647 619 1707 fide
659 1658 892 1712 secutus
921 1661 1007 1713 est
1037 1657 1138 1716 lib.
1183 1671 1222 1731 I,
1251 1675 1374 1736 cap.
1411 1662 1496 1734 14,
1527 1678 1691 1721 num.
1730 1663 1783 1726 3,
1815 1663 2041 1722 tradens

331 1735 393 1798 S.
439 1737 666 1801 Claram
697 1744 986 1822 virginem
1032 1735 1390 1825 Assisiatem,
1422 1753 1489 1812 D.
1538 1753 1830 1814 Francisci
1880 1771 2038 1814 soro-

2136 583 2271 634 sert.
2311 589 2394 650 III,
2443 595 2569 654 pag.
2629 582 2712 648 11,
2759 583 3006 642 caeruleo
3058 584 3290 658 palliolo
3339 594 3684 647 uterentur:
3733 592 3838 664 qui

2134 667 2306 738 color,
2359 685 2492 729 cum
2541 672 2694 746 apud
2738 672 2912 733 Italos
2964 679 3190 733 caelestis
3240 678 3578 752 appelletur,
3638 694 3839 738 ansam

2133 755 2353 829 ignarae
2398 759 2550 833 plebi
2607 761 2812 822 offerre
2869 764 3073 837 potuit,
3130 773 3197 825 ut
3251 767 3433 826 nostri
3489 767 3839 828 Avellanitaa

2133 849 2404 905 Caelestini
2475 849 2732 924 primum
2813 855 3132 927 nuncupati
3207 855 3545 930 inciperent,
3631 857 3839 916 deinde

2130 939 2361 1012 ipsimet
2417 941 2539 999 veri
2596 944 2867 1000 Calestini
2923 960 3024 1018 pro
3103 944 3449 1004 Avellanitis
3519 946 3722 1020 accipi,
3785 952 3840 1005 et

2129 1029 2312 1088 veluti
2361 1046 2396 1088 a
2453 1032 2618 1091 Petro
2671 1032 2948 1092 Damiano
3000 1041 3054 1094 et
3101 1035 3213 1110 ipsi
3267 1037 3562 1109 propagati
3621 1037 3835 1107 forent,

2129 1119 2370 1192 ejusque
2415 1119 2697 1192 Regulam
2741 1130 3145 1197 sequerentur,
3190 1125 3413 1182 Ordinis
3459 1127 3519 1184 S.
3577 1127 3838 1181 Damiani

2128 1208 2321 1266 vocari
2350 1223 2384 1264 a
2406 1209 2709 1268 nonnullis
2732 1216 3158 1273 consueverint.

2200 1296 2269 1356 V.
2332 1297 2543 1368 Quarto
2598 1301 2746 1359 circa
2800 1302 3164 1363 Theuzonem
3222 1303 3538 1363 Eremitam
3615 1303 3836 1361 nedum

2127 1385 2351 1444 fallitur
2376 1387 2753 1462 Laderchius,
2787 1393 2944 1466 quod
2968 1393 3139 1452 illum
3166 1392 3476 1452 Florentiae
3503 1407 3638 1451 cum
3667 1393 3834 1451 Petro

2129 1473 2406 1534 Damiano
2478 1475 2828 1538 collocutum
2889 1491 3074 1557 neget,
3138 1489 3336 1542 contra
3404 1481 3637 1540 Baronii
3709 1491 3836 1540 sen-

2128 1563 2385 1636 tentiam,
2443 1581 2478 1624 a
2527 1566 2733 1641 Sejano
2792 1571 3006 1645 Optime
3054 1569 3427 1642 vindicatam,
3463 1570 3561 1629 sed
3594 1569 3835 1642 insuper

2125 1657 2625 1718 animadversione
2666 1661 2914 1737 dignum
2961 1669 3061 1734 est,
3119 1663 3332 1722 falsum
3379 1676 3503 1720 esse
3541 1657 3696 1734 quod
3735 1659 3834 1718 Al-

2124 1746 2251 1808 bizo
2277 1749 2425 1808 Petri
2458 1749 2727 1810 Damiani
2756 1767 2948 1812 comes
2985 1753 3162 1813 fuerit
3208 1751 3468 1826 ejusdem
3509 1749 3832 1809 Theuzonii

327 1843 473 1922 rem,
510 1833 728 1906 regulae
786 1836 843 1898 S.
879 1837 1030 1898 Petri
1080 1840 1345 1900 Damiani
1383 1858 1596 1902 nomen
1625 1844 1868 1915 dedisse,
1903 1847 2101 1922 quiaB
2127 1838 2323 1909 abbas,
2377 1844 2444 1898 ut
2492 1847 2684 1899 noster
2738 1842 3070 1914 historicus,
3138 1842 3346 1916 Sejano
3417 1839 3830 1913 consentiente,

326 1934 362 1976 a
405 1919 678 1996 Gregorio
717 1925 798 1985 IX
844 1934 970 1988 tum
1025 1931 1169 2005 ipsa,
1207 1939 1329 1992 tum
1380 1936 1506 2007 ejus
1562 1950 1785 1993 sorores
1831 1919 2043 1993 ordinis

325 2009 387 2066 S.
407 2013 1042 2088 Damianiappellantur
1065 2038 1077 2078 ε
1107 2020 1405 2080 enimvero
1430 2022 1511 2080 ibi
1537 2023 1606 2081 de
1627 2023 1831 2081 ordine
1849 2039 2044 2082 mona-

325 2097 493 2156 sterii
534 2102 595 2158 S.
632 2106 895 2162 Damiani
929 2111 1197 2180 Martyris
1226 2125 1399 2184 prope
1445 2110 1735 2170 Assisium
1762 2113 2041 2172 exstructi

324 2202 518 2250 sermo
556 2199 658 2264 est,
687 2209 805 2252 non
841 2196 912 2254 de
950 2197 1414 2258 institutionibus
1465 2203 1524 2258 S.
1568 2205 1718 2258 Petri
1759 2207 2036 2268 Damiani,

325 2282 395 2335 ut
440 2281 816 2353 perspicuum
847 2293 932 2344 est
961 2302 1034 2345 ex
1080 2287 1271 2346 Bullis
1305 2305 1339 2347 a
1390 2287 1684 2363 Wadingo
1733 2291 1924 2350 relatis
1969 2291 2042 2350 ad

323 2366 506 2426 finem
546 2372 687 2430 tomi
714 2372 740 2431 Ι
763 2379 822 2432 et
854 2375 908 2433 II
938 2377 1259 2436 Annalium
1304 2378 1621 2440 Minorum.
1653 2380 2039 2440 Verissimum

325 2462 412 2515 est
449 2465 664 2533 tamen,
697 2465 976 2525 moniales
1016 2466 1076 2526 S.
1111 2467 1293 2526 Clarae
1335 2485 1437 2543 per
1484 2470 1788 2529 duodecim
1835 2470 2038 2530 saltem

319 2563 533 2622 annos,
597 2569 804 2630 nempe
858 2558 930 2616 ab
980 2574 1133 2617 anno
1188 2557 1326 2618 1212
1378 2560 1452 2617 ad
1509 2560 1644 2620 1224
1698 2562 2038 2630 (nonnullas

321 2641 497 2700 etiam
538 2659 724 2717 usque
772 2647 843 2704 ad
879 2647 1035 2720 1239,
1066 2656 1131 2707 ut
1157 2649 1404 2708 ostendit
1441 2649 1773 2723 Wadingus
1803 2652 1926 2711 loco
1963 2651 2038 2710 ci-

2127 1927 2226 1986 lib.
2266 1941 2349 2000 III,
2390 1944 2512 2003 cap.
2556 1929 2610 2001 5,
2647 1945 2810 1990 num.
2858 1930 2910 2001 9,
2938 1931 3203 1990 asseruit.
3253 1930 3426 1989 Enim
3470 1945 3608 1988 vero
3632 1928 3834 1988 nullus

2122 2016 2325 2074 Albizo
2372 2017 2550 2075 abbas
2597 2020 2946 2078 monasterio
2996 2020 3056 2078 S.
3090 2019 3289 2077 Mariae
3326 2018 3636 2077 Florentiae
3681 2031 3831 2090 prie-

2122 2105 2254 2178 fuit,
2279 2105 2376 2163 sed
2394 2105 2724 2167 Theuzonis
2750 2113 3004 2182 tempore
3027 2109 3230 2166 Petrus
3257 2113 3379 2166 erat
3402 2107 3649 2165 abbatiae
3671 2105 3834 2166 illius

2120 2197 2446 2271 praefectus,
2507 2203 2572 2256 ut
2622 2199 2828 2257 docent
2872 2206 3250 2258 monumenta
3291 2215 3325 2258 a
3357 2197 3685 2258 Puccinello
3729 2196 3833 2256 ad-

2121 2286 2296 2345 ducta
2353 2286 2414 2344 in
2472 2287 2733 2360 ejusdem
2818 2287 3070 2347 coenobii
3124 2285 3426 2346 Chronicis
3484 2303 3637 2346 anno
3695 2285 3833 2345 1664

2120 2373 2334 2445 editis;
2384 2379 2444 2432 et
2483 2390 2620 2433 sane
2664 2374 2838 2433 verba
2869 2374 3021 2433 Petri
3078 2375 3348 2434 Damiani
3403 2375 3463 2433 in
3519 2375 3684 2448 epist.
3743 2374 3830 2445 30,

2119 2463 2220 2522 lib.
2256 2476 2340 2535 VI,
2386 2464 2457 2522 ad
2507 2464 2896 2535 Theuzonem,
2927 2463 3052 2522 sive
3094 2464 3156 2522 in
3205 2478 3400 2538 opusc.
3432 2475 3488 2522 LI
3523 2463 3670 2522 nihil
3722 2463 3834 2523 tale

2119 2551 2404 2626 signiﬁcat
2447 2571 2460 2610 :
2517 2576 2544 2603 α
2577 2551 2692 2609 Vix
2733 2553 2995 2622 demum,
3032 2552 3245 2626 inquit,
3288 2559 3563 2626 tanquam
3611 2553 3829 2626 impor-

2121 2649 2264 2701 tune
2290 2642 2492 2715 capitis
2519 2643 2786 2700 homines
2812 2642 3050 2700 admissi
3072 2658 3276 2701 sumus
3303 2635 3645 2713 (Damianu's
3666 2642 3829 2700 enim

324 2735 462 2801 tato,
494 2739 550 2790 et
587 2737 893 2795 conﬁrmat
941 2737 1254 2799 Jacobillus
1310 2745 1450 2799 tom.
1499 2738 1607 2810 IlI)
1660 2741 1919 2815 regulam
1973 2741 2033 2802 s.
2116 2732 2261 2792 mihi
2305 2739 2444 2790 tunc
2481 2731 2685 2791 Albizo
2713 2732 3087 2804 adhaerebat).
3118 2731 3327 2790 intenti
3373 2738 3586 2801 autem.
3620 2738 3826 2790 etnon

325 2818 387 2876 P.
420 2819 738 2897 Benedicti,
771 2833 824 2885 et
869 2829 1134 2888 ordinem
1167 2830 1550 2889 mouasticum
1588 2832 1897 2905 professus;
1931 2848 2037 2891 nec
2117 2820 2480 2879 mediocriter
2528 2819 2686 2879 avidi
2722 2819 3123 2878 aedificationis
3152 2818 3497 2880 documenta
3532 2819 3826 2893 suscipere

321 2909 532 2970 desunt
560 2914 663 2988 qui
713 2914 785 2973 ad
816 2917 1255 2978 Camaldulense
1307 2919 1641 2979 institutum
1673 2920 1801 2980 illas
1846 2937 1945 2994 per
1975 2922 2035 2980 id

2233 2911 2358 2984 ipso
2423 2916 2644 2968 mutuae
2703 2909 3029 2969 collationis
3087 2909 3328 2968 exordio
3379 2909 3557 2967 coacti
3619 2925 3825 2970 sumus

322 3003 554 3072 tempus
594 3002 925 3064 referendas
951 3023 1075 3066 esse
1111 3007 1490 3080 arbitrentur,
1522 3024 1639 3068 non
1671 3010 1910 3086 quidem
1960 3011 2034 3070 ob
2115 3004 2380 3080 protinus
2405 3003 2685 3076 jurgiosis
2733 3002 3084 3076 quibusdam
3124 3001 3591 3062 contentionibus
3627 3001 3824 3060 deser-

321 3090 587 3164 regulam
619 3092 678 3154 S.
712 3093 864 3155 Petri
910 3098 1199 3168 Damiani,
1232 3100 1328 3159 cui
1368 3115 1581 3159 nomen
1623 3101 1906 3173 dederint,
1934 3103 2032 3161 sed
2115 3097 2258 3166 vire,
2297 3119 2318 3147 ι
2363 3100 2468 3152 etc.
2508 3092 2620 3151 Ubi
2667 3098 2818 3167 patet
2866 3091 2937 3150 de
2978 3107 3061 3163 se,
3105 3097 3160 3148 et
3209 3091 3510 3162 Albizone,
3543 3098 3826 3166 tanquam

321 3178 396 3237 ob
441 3184 879 3246 constitutiones
919 3187 1406 3262 Camaldulenses,
1469 3207 1614 3266 quas
1666 3190 1784 3250 illis
1835 3183 2346 3285 obscr-Citinel‘is
2401 3183 2574 3252 SOCiO.
2627 3186 2683 3240 et
2729 3179 3003 3254 οοιιοίιιιίί
3053 3186 3334 3250 οοΠεΟΓῑθ,
3390 3196 3508 3239 non
3549 3187 3825 3285 ιῧηίξιξᾶῐη

322 3271 541 3330 vandas
589 3276 1016 3350 praescripserat
1064 3279 1376 3338 cardinalis
1433 3285 1626 3338 noster
1679 3279 2028 3355 Hugolinus,
2050 3269 2092 3285 ’⁸
2117 3275 2445 3335 Theuzonis
2471 3273 2658 3347 ipsius
2686 3271 2922 3346 praelato
2951 3270 3113 3343 loqui
3151 3291 3164 3327 :
3196 3276 3252 3328 et
3275 3285 3409 3328 cum
3437 3270 3591 3328 infra
3616 3269 3775 3328 addit
3807 3290 3822 3328 :

321 3361 424 3436 qui
457 3363 653 3436 (juxta
698 3365 1068 3440 Jacobillum)
1094 3386 1168 3430 ex
1215 3371 1417 3429 abbate
1446 3372 1781 3430 monasterii
1820 3371 1878 3431 S.
1915 3372 2031 3431 Sil-
2118 3389 2144 3418 α
2175 3366 2352 3423 Erant
2394 3361 2609 3438 αιιὶρρθ
2649 3363 2801 3420 inter
2829 3376 2912 3433 se»
2953 3366 3008 3419 εί
3054 3359 3320 3419 abbatem
3359 3360 3445 3419 mi
3490 3360 3826 3420 monas‘erii

323 3451 496 3509 vestri
543 3452 616 3511 de
646 3453 836 3516 Monte
867 3457 1133 3531 Subasio,
1161 3475 1195 3518 α
1235 3461 1295 3520 s,
1339 3459 1509 3520 Patre
1534 3461 1858 3522 Romualdo
1887 3478 2030 3522 con-
2112 3472 2230 3516 non
2273 3453 2508 3516 ferenda
2562 3452 2847 3524 simultas,
2904 3458 2961 3511 et
3003 3453 3320 3512 inveterata
3367 3452 3671 3513 discordia.
3717 3453 3826 3512 Ille

319 3543 547 3615 structi,
575 3551 632 3602 et
652 3547 760 3606 sub
781 3548 982 3607 ordine
1013 3549 1440 3611 Camaldulensi
1467 3559 1607 3611 tunc
1635 3553 1807 3612 etiam
1835 3555 2032 3628 vigen-
2112 3546 2310 3620 igitur.
2366 3549 2561 3618 utpote
2613 3541 2870 3614 VirtutiS,
2899 3559 2964 3602 ac
2999 3541 3280 3616 simplicis
3327 3543 3530 3612 animi,
3561 3540 3822 3617 sponsio-

321 3627 409 3700 tis,
442 3631 513 3691 ad
549 3648 865 3710 purpuram
894 3639 1082 3698 fuerat
1125 3648 1434 3712 evocatus;
1483 3647 1540 3699 et
1576 3648 1727 3700 certe
1757 3627 2030 3703 videutur
2111 3634 2286 3695 nibus
2321 3633 2446 3693 suis
2474 3639 2684 3693 cuncta
2713 3632 2905 3704 dignm
2939 3631 3362 3703 satisfactionis,
3394 3637 3451 3690 et
3476 3628 3824 3690 humilitatis

317 3717 585 3781 Clarissaa
632 3741 704 3783 ex
757 3725 1292 3791 Camaldulensium
1323 3731 1642 3791 imitatione
1682 3732 2028 3794 inclusionis
2104 3727 2240 3801 jura
2277 3722 2646 3793 transcendit:
2681 3729 2739 3780 ει
2780 3737 2886 3781 n03
2929 3721 3006 3794 (id
3054 3727 3139 3779 θεῖ
3182 3720 3376 3794 ipsum
3425 3718 3663 3777 Patrum
3710 3718 3822 3776 Da”

316 3811 505 3884 legem
540 3828 641 3887 per
677 3813 735 3873 id
778 3821 1004 3892 tempus
1042 3836 1320 3893 servasse,
1357 3822 1512 3880 unde
1541 3822 1693 3880 idem
1719 3823 2027 3883 cardinalis
2109 3816 2396 3885 mianum.
2428 3820 2484 3872 θι
2528 3811 2864 3870 ΑῙῦίΖοηθῐη
2913 3809 3200 3880 comitem)
3255 3808 3536 3882 εθίῐυθεῐνί
3589 3808 3825 3867 Ϊωάενίε

316 3899 668 3977 Hugolinus,
718 3913 908 3979 postea
947 3907 1258 3983 Gregorius
1295 3911 1396 3982 IX,
1433 3927 1634 3971 earum
1682 3912 2024 3987 privilegiis,
2108 3907 2259 3965 inter
2287 3920 2347 3964 se
2398 3909 2454 3961 et
2484 3908 2540 3960 te
2567 3907 2932 3961 exsecutores
2978 3897 3250 3957 instituit.
3281 3896 3504 3956 Verum
3531 3911 3637 3956 nos
3679 3898 3822 3956 dum

315 3991 613 4070 Wadingo
641 4003 781 4057 teste
811 3999 871 4058 in
894 4001 1264 4076 Apologetico
1290 4001 1360 4060 de
1386 4001 1732 4062 Monachatu
1762 4002 1819 4062 S.
1850 4003 2027 4062 Fran-
2106 3996 2314 4055 alienis
2365 3993 2636 4054 amicitiis
2681 3990 3008 4051 inconsulte
3055 3989 3439 4061 consulimus,
3472 4014 3500 4039 ››
3546 3997 3652 4048 etc.
3686 3988 3824 4049 Per-

314 4083 471 4155 uisci,
501 4091 634 4145 sect,
666 4085 718 4157 6,
766 4089 798 4162 §
826 4088 878 4159 5,
932 4105 1098 4149 num,
1144 4090 1195 4162 9,
1227 4092 1374 4150 hanc
1406 4091 1728 4152 clausulam
1751 4094 2025 4153 insertam
2107 4085 2372 4160 spicuum
2412 4081 2662 4152 videtur,
2698 4080 2965 4139 abbatem
2997 4077 3329 4138 Theuzonis
3364 4077 3664 4137 diversum
3697 4091 3822 4137 esse

313 4176 500 4236 voluit
534 4196 546 4235 :
595 4197 624 4231 α
655 4176 805 4238 Ordo
841 4183 1214 4254 monasticus,
1252 4184 1354 4260 qui
1384 4185 1708 4244 secundum
1736 4185 1942 4259 Deum,
1971 4191 2027 4246 et
2106 4175 2179 4233 ab
2217 4180 2461 4248 utroque
2495 4170 2652 4247 PaCiS
2688 4170 2842 4229 inter
2889 4171 3044 4244 ipsos
3081 4168 3461 4260 εοηοίίῖᾷηάφ
3500 4175 3822 4260 ξθίῖυξθβῐτοι

313 4265 465 4324 beati
494 4265 790 4327 Benedicti
823 4271 1104 4344 regulam,
1134 4257 1309 4347 atque
1339 4275 1765 4335 institutionem
1797 4257 2024 4336 monia-
2107 4267 2389 4325 Damiano
2439 4263 2732 4334 Videlicet,
2788 4267 2844 4319 ει
2903 4261 3202 4319 Αιῦἱῑοηθο
3264 4259 3337 4318 Ut
3385 4257 3535 4318 nihil
3591 4257 3819 4328 addam.

313 4356 460 4416 lium
487 4370 867 4420 mcwsannu
884 4375 931 4419 s.
961 4366 1880 4437 DAMIANIASSISIATIS,inSIitulus
1899 4383 2024 4426 esse
2106 4358 2261 4435 QUOd
2290 4356 2492 4416 Albizo
2533 4355 2641 4413 iste
2679 4367 2798 4411 non
2847 4351 3044 4422 abbas,
3077 4351 3175 4409 sed
3221 4351 3461 4409 eremita
3507 4349 3712 4420 fuerat.
3758 4355 3820 4407 11t

315 4445 689 4520 dignoscitur.
728 4472 750 4500 ι
795 4449 981 4521 Quare
1030 4467 1104 4510 ex
1143 4451 1207 4510 D.
1244 4454 1425 4512 Clarae
1467 4454 1708 4526 familia,
1763 4455 2024 4527 ejusdem
2105 4453 2258 4524 patet
2309 4463 2384 4505 ex
2436 4459 2633 4518 Opusc.
2691 4453 2779 4500 XII
2828 4443 2968 4500 tomi
3011 4438 3096 4498 III
3133 4439 3204 4497 ad
3251 4440 3444 4514 ipsum
3479 4439 3821 4498 Albizonem

314 4536 577 4613 Gregorii
624 4541 704 4600 1x
740 4543 929 4617 jussu,
972 4543 1038 4604 Β,
1087 4543 1351 4620 Ρθείίίρει,
1383 4551 1439 4604 οι
1487 4546 1552 4608 Β,
1596 4546 1861 4618 Balbina,
1893 4535 2505 4621 ejusnvenerabilem
2548 4531 2870 4600 eremitam,
2917 4537 2992 4621 et;
3031 4529 3266 4587 Petrum
3319 4529 3673 4621 monachum
3732 4527 3823 4585 di-

314 4635 571 4694 nominis
599 4635 752 4695 inter
791 4637 1176 4698 Damianistas
1218 4617 1425 4718 prima,
1451 4641 1522 4700 ad
1551 4617 1881 4701 coenobium
1914 4617 2284 4719 Ila-Ufecto.
2321 4623 2425 4682 Ubi
2476 4620 2647 4719 illum
2700 4645 2727 4670 ιι
2755 4619 3106 4719 imitandum
3157 4617 3467 4719 eremiticae
3513 4631 3821 4719 conversa-

316 4723 772 4786 maldulensium
822 4728 1169 4788 monialium
1213 4709 1272 4788 s.
1324 4709 1524 4789 Mariae
1573 4731 1754 4790 Vallis
1807 4732 2020 4792 Gloriae
2110 4716 2286 4810 tionis
2316 4712 2680 4810 exemplum.
2714 4735 2740 4759 »
2793 4709 2962 4810 sicut
3008 4709 3167 4810 hanc
3220 4730 3242 4760 α
3281 4712 3516 4766 teretem
3575 4709 3820 4766 formam

314 4817 481 4891 {quod
526 4818 637 4877 sub
690 4819 913 4878 abbatis
964 4819 1024 4881 S.
1083 4821 1348 4881 Silvestri
1396 4821 1468 4880 de
1523 4822 1717 4882 Monte
1776 4822 2020 4883 Subasio
2107 4806 2547 4875 οωῐιοδίῐότιιῐηι
2583 4824 2612 4858 ³)
2644 4802 2892 4876 appellat
2920 4802 3257 4860 Damiaﬂus-

306 4905 709 4979 jurisdictione
743 4908 995 4984 ﬂorebat)
1037 4911 1474 4973 reformandum
1519 4917 1656 4971 sunt
1698 4913 2020 4988 destinatae,

2200 4901 2279 4960 VI.
2335 4901 2570 4973 Quinto,
2622 4897 2776 4974 quod
2820 4896 2900 4956 ait
2949 4894 3309 4988 Laderchius
3361 4897 3564 4956 eodem
3602 4911 3725 4988 cap.
3766 4895 3820 4988 β,

305 4995 697 5057 utJacobillus
721 4999 987 5060 ostendit.
1999 4985 2009 4988 ’
2105 5008 2269 5053 num.
2303 4992 2336 5050 6
2368 4997 2424 5050 et
2465 4991 2520 5064 7,
2555 4990 2615 5050 S.
2646 4989 2930 5050 Joannem
2961 4987 3342 5048 Gualbertum
3395 5003 3548 5046 anno
3600 4985 3731 5045 1003
3761 4985 3824 5044 in

374 5084 474 5144 IV.
511 5086 706 5148 Tertio
745 5088 974 5163 lapsum
1019 5089 1288 5151 similiter
1325 5091 1718 5156 Laderchium
1773 5094 2019 5169 Sejanus
2108 5084 2167 5144 S-
2221 5081 2478 5143 Miﬂiatis
2510 5081 2773 5140 COBDObiO
2819 5080 3176 5169 11100301111111,
3202 5078 3483 5169 ίηᾶμίεεθ,
3505 5075 3823 5169 fidemque

307 5177 576 5245 ostendit,
609 5179 759 5240 circa
801 5181 872 5240 D.
914 5181 1068 5242 Petri
1117 5181 1411 5244 leestini
1457 5185 1788 5246 institutum
1810 5166 2019 5259 {hunc

2200 5188 2478 5234 euzonem
2524 5172 2826 5230 eremitam
2880 5167 3181 5231 simoniaci
3231 5168 3454 5228 abbatis
3504 5166 3725 5239 Uberti,
3768 5173 3823 5225 et

308 5268 482 5337 enirn,
514 5268 757 5343 ejusque
806 5277 1110 5330 sectatores
1155 5273 1268 5334 sub
1317 5273 1472 5333 Petri
1518 5275 1785 5334 Damiani
1810 5256 2018 5349 regula

2200 5263 2355 5337 scopi
2419 5261 2663 5321 Athonis
2728 5262 3241 5336 proclamationem
3296 5256 3592 5335 publicam
3669 5271 3825 5316 anno

303 5356 645 5417 nullatenus
665 5359 964 5430 militasse,
993 5363 1264 5438 quamvis
1287 5364 1502 5438 vulgus
1523 5364 1861 5424 Ctelestinos
1881 5381 2016 5424 cum

2200 5359 2243 5415 l7
2295 5354 2564 5425 suasisse,
2617 5353 2892 5428 quodque
2951 5353 3107 5412 Atho
3161 5354 3340 5427 hujus
3391 5349 3648 5411 nominis
3701 5349 3826 5424 pri-

302 5447 649 5508 Avellanitis
697 5451 1012 5527 aliquando
1045 5453 1390 5513 confuderit.
1433 5453 1871 5514 Observandum
1909 5471 2015 5515 au-
2107 5464 2240 5508 mus
2287 5445 2682 5506 Hildebl‘aﬂdO
2723 5444 3058 5504 FIOPeﬂliDO
3096 5444 3362 5518 episcopo
3408 5439 3823 5502 antecesserit:

302 5542 438 5610 tem,
478 5547 690 5613 prater
727 5542 1088 5602 confusionis
1132 5542 1313 5615 hujus
1362 5544 1645 5604 rationem
1700 5561 1776 5604 ex
1829 5544 2013 5621 Pape-
2105 5538 2162 5598 id
2219 5539 2392 5616 plane
2451 5535 2915 5598 commentitium
2955 5539 3061 5604 est,
3093 5547 3158 5591 ac
3221 5532 3385 5592 falsis
3433 5528 3829 5621 fundamentis

302 5624 541 5686 brochio
586 5643 620 5686 a
669 5629 878 5704 Sejano
905 5632 1161 5704 allatam,
1189 5633 1443 5707 potuisse
1471 5635 1772 5710 tequivoce
1816 5619 2014 5709 appel-
2107 5631 2337 5700 nititur,
2369 5634 2435 5688 ut
2464 5635 2616 5702 patet
2643 5643 2718 5685 ex
2741 5633 2936 5685 nostra
2961 5623 3190 5684 dissert.
3223 5636 3286 5695 II,
3309 5639 3430 5698 cap.
3466 5625 3520 5695 4,
3543 5639 3576 5682 a
3603 5619 3826 5710 numgi

303 5712 540 5777 lationis
580 5719 867 5794 originem
914 5738 986 5782 ex
1033 5739 1101 5783 eo
1147 5721 1397 5799 pendere
1443 5707 1596 5798 quod
1641 5707 2010 5795 Avellanitae,
2103 5728 2161 5779 et
2205 5720 2477 5792 deinceps
2490 5738 2511 5791 ,-
2543 5713 2864 5792 praesertim
2911 5728 3046 5775 cum
3093 5729 3207 5774 non
3257 5719 3390 5772 ante
3426 5725 3650 5772 annum
3692 5707 3834 5768 1020
