4034 6468
253 321 325 382 83
1171 319 1232 380 S.
1275 320 1565 383 PETBUS
1605 322 1997 384 DAMIANUS
2041 323 2099 384 S.
2142 326 2211 387 R.
2257 327 2323 388 E.
2367 326 2845 391 CARDINALIS.
3691 333 3761 392 81

253 445 526 507 cellulam
557 460 725 508 suam
755 443 1108 505 eremiticam
1144 443 1444 518 ingressus
1486 445 1659 506 fuerit
1705 446 1956 519 Theuzo,
1980 446 2288 524 Ascopum
2337 449 2552 511 scilicet
2593 452 2972 528 Eugubinum
3020 467 3145 512 esse
3191 452 3554 528 defunctum,
3590 479 3616 503 »
3649 461 3761 515 etc.

256 542 326 597 ut
385 538 672 610 num.13,
720 537 888 610 ibid.,
949 536 1364 611 probavimus;
1424 553 1530 597 nec
1585 539 1714 599 ideo
1769 545 1959 598 tamen
2057 538 2328 611 Superest
2376 555 2529 614 ergo,
2584 548 2650 601 ut
2702 541 2993 602 Dominici
3056 541 3308 601 Loricati
3362 541 3555 601 obitus
3603 558 3764 602 anno

256 627 563 688 decernere
605 627 766 699 libet,
810 644 883 686 an
936 627 1236 687 occasione
1279 627 1682 687 controversiae
1722 629 1964 688 Floren-

257 717 366 778 tini
411 717 552 777 cieri
600 717 748 777 circa
805 717 1038 777 Petrum
1087 717 1454 777 Ticinensem
1500 719 1833 795 episcopum
1881 720 1963 780 si-

255 808 609 882 moniacum,
667 807 817 868 Petri
867 809 1138 868 Damiani
1191 824 1321 868 cum
1363 808 1675 870 Theuzone
1728 813 1964 871 eremita

253 899 612 973 colloquium
664 899 1009 974 contigerit:
1049 915 1241 976 neque
1295 914 1370 958 an
1423 915 1558 961 cum
1618 901 1675 961 S.
1725 902 1965 963 Joannis

253 989 554 1051 Gualberti
633 992 936 1052 monachis
1009 1007 1075 1052 ea
1137 992 1454 1064 occasione,
1509 997 1610 1052 aut
1657 993 1801 1052 alias
1872 994 1966 1052 de-

255 1088 560 1146 certaverit
603 1087 942 1159 Damianus,
1001 1085 1208 1146 illosve
1261 1087 1362 1146 lib.
1423 1101 1526 1147 VIII
1581 1105 1669 1162 ep.
1731 1089 1790 1148 1.1
1850 1104 1967 1147 car-

253 1181 451 1253 pserit,
499 1180 783 1238 curiosius
835 1179 1157 1252 disquirere
1197 1180 1384 1253 juvat.
1442 1179 1736 1253 Quidquid
1784 1195 1848 1238 ea
1895 1181 1966 1238 de

249 1287 313 1330 re
360 1270 434 1329 sit
488 1270 875 1343 sentiendum,
922 1270 1025 1329 alii
1077 1269 1378 1340 indicent;
1419 1285 1527 1328 nos
1578 1271 1811 1330 interim
1859 1271 1964 1330 Pe-

250 1365 406 1418 trum
439 1359 793 1420 Damianum
822 1377 854 1418 a
884 1359 1084 1419 Didaci
1117 1357 1370 1418 Franchi
1411 1360 1727 1419 calumniis
1763 1361 1878 1434 hic,
1913 1369 1964 1421 et

201 1499 204 1502 _
249 1447 391 1506 alibi
422 1448 787 1509 vindicatum
816 1449 1018 1520 fuisse,
1054 1447 1376 1508 Ladcrchio
1405 1449 1793 1522 gratulamur.

321 1536 452 1597 VII.
494 1537 670 1598 Sexto
720 1539 1057 1613 diligentius
1103 1538 1355 1612 expendi
1399 1544 1670 1610 meretur,
1708 1555 1783 1599 an
1834 1555 1967 1599 vere

249 1643 404 1688 anno
434 1628 562 1688 1061
603 1629 663 1688 S.
712 1629 1049 1689 Dominicus
1092 1628 1390 1689 Loricatus
1434 1629 1646 1689 obiisse
1683 1630 1966 1689 dicendus

248 1717 344 1790 sit,
389 1722 454 1779 ut
497 1719 598 1779 lib.
627 1731 689 1792 II,
715 1736 836 1794 cap.
866 1721 952 1792 24,
997 1735 1030 1778 a
1068 1734 1235 1779 num.
1275 1721 1330 1792 2,
1371 1724 1428 1779 et
1473 1719 1574 1778 lib.
1605 1733 1690 1794 III,
1737 1737 1860 1796 cap.
1914 1722 1963 1795 1,

2056 628 2192 689 1066
2241 631 2498 706 adeoque
2549 634 2608 693 S.
2664 634 2958 710 Bodulphi
3017 649 3172 694 mors
3226 648 3381 692 anno
3447 634 3583 692 1067
3633 650 3766 694 eve-

2053 721 2208 780 nisse
2265 722 2520 798 dicatur;
2576 726 2732 785 unde
2785 727 3056 785 machina
3105 725 3229 798 illa,
3286 739 3462 799 quam
3514 725 3616 783 lib.
3673 737 3764 800 III,

2051 825 2174 884 cap.
2213 812 2264 883 5,
2299 829 2462 872 num.
2500 813 2586 887 12,
2628 816 2983 877 Laderehius
3010 816 3250 890 probare
3284 815 3512 888 nititur,
3543 815 3764 890 episto-

2054 901 2170 960 lam
2218 902 2484 963 Damiani
2539 906 2612 965 ad
2688 906 3056 968 Theuzonem
3108 905 3377 978 scriptam
3453 920 3578 963 esse
3631 910 3767 964 ante

2052 998 2499 1058 controversiam
2546 999 2616 1058 de
2663 999 2910 1061 simonia
2965 1001 3116 1061 Petri
3171 1000 3471 1075 Papiensis
3520 1000 3764 1060 Floren-

2054 1088 2161 1146 tini
2215 1089 2464 1163 episcopi
2521 1095 2800 1164 exortam,
2855 1089 2993 1165 quia
3051 1089 3199 1149 inibi
3250 1089 3539 1149 Dominici
3593 1091 3767 1148 Lori-

2054 1177 2184 1249 cati,
2245 1179 2403 1238 velut
2457 1180 2779 1253 superstitis
2834 1165 3076 1239 mentio.
3130 1185 3408 1252 occurrat,
3462 1181 3770 1239 concidere

2056 1267 2300 1326 videtur.

2125 1357 2224 1415 IX.
2281 1357 2409 1417 Scio
2445 1360 2716 1432 positioni
2752 1361 2890 1420 huic
2934 1361 3159 1420 obstare
3203 1377 3386 1435 posse,
3438 1361 3592 1436 quod
3647 1360 3769 1420 Bo-

2054 1445 2331 1520 dulphus,
2383 1448 2584 1507 eodem
2631 1448 2912 1509 Damiano
2956 1455 3114 1520 teste,
3152 1472 3177 1500 α
3211 1454 3342 1508 ante
3391 1450 3508 1508 fere
3545 1454 3770 1523 septen-

2052 1535 2220 1593 nium
2275 1535 2572 1612 (adeoque,
2621 1539 2684 1597 in
2739 1540 2845 1599 hac
2888 1540 3213 1616 hypothesi,
3266 1555 3420 1599 anno
3478 1539 3638 1610 1060)
3693 1539 3768 1598 ad

2052 1638 2314 1682 eremum
2370 1625 2633 1700 veniens,
2687 1628 2950 1687 habitum
3005 1629 3338 1688 monasticae
3391 1627 3768 1703 professionis

2053 1719 2362 1788 acceperat.
2390 1735 2418 1769 »
2455 1717 2598 1776 Cum
2626 1722 2814 1776 tamen
2845 1716 3123 1792 Ughellus
3155 1718 3218 1777 in
3253 1718 3534 1793 episcopis
3565 1718 3764 1792 Eugu-

248 1824 416 1867 num.
457 1809 541 1880 12,
583 1810 938 1870 Laderchius
984 1826 1118 1870 cum
1165 1809 1412 1870 Baronio
1467 1811 1729 1872 asseruit.
1789 1803 2206 1887 EnimeiniS
2257 1810 2508 1878 testetur,
2553 1806 2928 1881 Rodulphum
2981 1824 3138 1868 anno
3189 1807 3326 1868 1059
3379 1807 3599 1883 synodo
3647 1807 3764 1866 Bo-

247 1915 386 1960 vero
431 1916 568 1960 cum
616 1907 811 1960 narret
841 1903 1045 1963 Petrus
1075 1903 1392 1962 Damianus
1423 1902 1526 1962 lib.
1572 1917 1613 1977 I,
1645 1905 1809 1978 epist.
1868 1905 1954 1977 19,

248 1992 619 2052 Deminicum
652 1994 839 2068 pridie
878 1994 1020 2053 Idus
1046 1995 1304 2055 Octobris
1329 1995 1501 2054 morti
1529 1996 1787 2068 cessisse,
1819 1995 1867 2054 si
1896 1995 1955 2053 id

244 2094 398 2138 anno
438 2079 568 2139 1061
607 2081 959 2155 contigisset,
985 2097 1104 2156 quo
1130 2081 1328 2157 cyclus
1371 2081 1508 2141 solis
1539 2089 1659 2142 erat
1695 2082 1750 2156 6,
1783 2083 1957 2142 adco-

244 2184 358 2243 que
412 2169 599 2228 littera
653 2171 1030 2231 Dominicalis
1082 2173 1146 2231 in
1228 2178 1419 2232 vetere
1475 2175 1801 2234 calendario
1867 2174 1958 2233 illi

247 2261 600 2333 respondens
639 2267 760 2320 erat
791 2263 860 2322 G.
899 2262 1101 2336 utique
1147 2263 1241 2322 die
1288 2264 1592 2324 Dominico
1633 2266 1696 2322 in
1745 2265 1958 2324 coelum

244 2350 563 2423 migrasset,
619 2349 807 2410 littera
866 2353 1023 2411 enim
1069 2355 1194 2412 haec
1241 2354 1473 2430 ipsimet
1518 2354 1634 2414 diei
1677 2355 1758 2414 14
1791 2355 1956 2414 Octo-

2048 1912 2240 1962 manaa
2275 1899 2459 1958 Nicol.
2491 1898 2545 1957 II
2589 1915 2749 1974 papae
2789 1899 3181 1976 subscriptum
3217 1900 3479 1974 reperiri,
3511 1907 3567 1959 et
3608 1916 3764 1960 anno

2054 1987 2188 2048 1062
2228 1987 2289 2046 in
2333 1989 2494 2048 bulla
2551 1991 2870 2049 Alexandri
2914 1991 2969 2050 ΙΙ
3015 2008 3118 2066 pro
3164 1991 3417 2051 Ecclesia
3461 1993 3763 2052 Forosem-

2047 2079 2364 2151 proniensi,
2407 2081 2762 2140 mentionem
2809 2097 3108 2142 occurrere
3157 2083 3423 2156 Hugonis
3467 2082 3766 2157 Euguhini

2051 2169 2320 2243 episcopi,
2352 2185 2526 2244 quem
2564 2185 2684 2227 non
2714 2171 3065 2242 immediate,
3097 2172 3194 2229 sed
3227 2177 3352 2244 post
3379 2171 3766 2248 Maynardum

2050 2274 2201 2317 anno
2288 2257 2418 2317 1061
2489 2264 2578 2327 (ut
2652 2259 2762 2333 ipsi
2814 2260 3068 2330 videtur)
3127 2261 3395 2335 electum,
3455 2261 3767 2335 Iiodulpho

2051 2345 2394 2406 successisse
2421 2347 2749 2408 arbitratur.
2785 2353 2860 2409 At
2889 2351 3070 2409 nimis
3099 2351 3338 2410 evidens
3367 2360 3470 2424 est,
3505 2353 3769 2411 Alexan-

245 2438 366 2498 bris
399 2439 656 2516 apposita
703 2441 1189 2516 deprehenditur;
1241 2449 1296 2502 et
1350 2460 1540 2505 nonus
1586 2445 1960 2518 depositionis
2051 2435 2141 2493 dri
2187 2436 2240 2493 Π
2275 2443 2552 2511 tempore.
2599 2440 2855 2514 adeoque
2907 2445 3032 2514 POSt
3079 2456 3299 2500 annum
3343 2442 3497 2514 1061,
3542 2441 3765 2502 ROdlll"

245 2528 385 2602 dies,
419 2547 630 2607 nempe
661 2532 731 2592 22
770 2533 1028 2609 ejusdem
1061 2534 1296 2606 mensis,
1330 2535 1454 2593 dies
1496 2536 1654 2595 lunae
1681 2553 1783 2596 seu
1818 2534 1960 2594 feria
2050 2525 2234 2598 Phum
2271 2541 2346 2584 ΘΧ
2390 2527 2497 2586 hac
2535 2527 2664 2588 Ῑιιοθ
2701 2530 3008 2603 migrasse;
3049 2530 3189 2603 (ΙΠίά
3235 2530 3284 2588 Si
3334 2532 3512 2605 igitur
3558 2533 3765 2606 ἀεῖ)Γᾶ-

242 2621 494 2681 secunda
533 2621 756 2697 fuisset,
789 2639 923 2698 quas
951 2623 1138 2683 littera
1171 2623 1219 2681 A
1253 2625 1632 2700 consignatur
1664 2651 1675 2685 :
1706 2641 1959 2701 quorum
2051 2622 2243 2674 Villam
2276 2633 2401 2676 esse
2429 2619 2538 2676 hoc
2571 2619 2692 2678 loco
2740 2619 2925 2678 dicam
2955 2619 3407 2691 Eugubinorum
3442 2621 3764 2695 prtesulum

245 2716 563 2789 utrumque
597 2711 809 2772 falsum
842 2719 962 2786 est;
997 2713 1373 2775 Dominicum
1408 2715 1566 2774 enim
1595 2715 1688 2774 die
1726 2715 1960 2775 Sabbati
2052 2709 2256 2765 seriem
2284 2708 2436 2781 apud
2468 2708 2797 2780 Ughellum,
2833 2725 2951 2768 non
2979 2711 3176 2769 minus
3202 2727 3375 2785 quam
3406 2712 3580 2786 paulo
3606 2717 3762 2786 ante,

246 2798 319 2857 ab
347 2800 624 2861 humanis
656 2803 972 2862 excessisse
1020 2809 1260 2863 testatur
1308 2810 1544 2864 sanctus
1601 2805 1796 2863 doctor
1849 2805 1956 2864 loc.
2051 2796 2152 2856 ubi
2206 2798 2584 2871 Ludulpllum
2645 2799 2891 2858 electum
2955 2817 3108 2860 anno
3181 2800 3319 2860 1012
3375 2816 3764 2860 successorem

245 2889 366 2961 cit.,
407 2891 500 2950 his
529 2892 763 2952 verbis;
816 2917 841 2944 (ι
871 2893 1049 2952 Sexta
1087 2894 1267 2968 igitur
1299 2895 1441 2953 feria
1469 2911 1572 2970 per
1614 2895 1960 2954 continuum
2050 2887 2351 2959 assignat?
2390 2887 2584 2959 Porro,
2616 2905 2748 2947 cum
2782 2906 2968 2964 neque
3014 2892 3168 2965 apud
3198 2891 3541 2963 Baronium,
3573 2905 3767 2966 neque

247 2976 402 3037 diem
451 2979 556 3038 vix
603 2981 771 3040 desiit
819 2982 911 3041 vel
956 2983 1328 3042 modulandis
1379 2984 1618 3058 psalmis
1676 2984 1957 3058 insistere,
2050 2979 2203 3053 apud
2236 2979 2553 3039 Labbzeum
2573 2987 2832 3040 occurrat
2853 2982 3148 3057 Bodulphi
3170 2983 3462 3056 Eugubini
3485 2981 3764 3056 episcopi,

247 3068 341 3128 vel
392 3070 772 3145 corrigiarum
840 3087 901 3129 se
964 3071 1180 3131 ictibus
1227 3071 1535 3146 llagellare.
1600 3073 1776 3132 Nocte
1825 3089 1960 3132 vero
2053 3075 2330 3142 tanquam
2379 3085 2534 3127 anno
2590 3068 2746 3142 1059,
2787 3069 3067 3129 Romanae
3121 3071 3340 3145 synodo
3393 3069 3767 3129 subscriben-

249 3173 451 3233 sopore
500 3159 779 3236 deposito,
837 3162 1087 3238 suscepit
1130 3161 1476 3269 autidotpm,
1526 3162 1736 3222 deinde
1790 3163 1960 3238 coepit
1984 3159 2148 3269 Gt‘is,
2197 3159 2480 3269 meinprira
2513 3183 2523 3217 :
2559 3159 2657 3217 sed
2697 3175 2886 3262 neque
2928 3161 3084 3269 apud
3131 3158 3765 3269 Ughellumin'baulla

249 3249 589 3324 angustiari,
645 3255 701 3309 et
781 3251 850 3309 de
932 3251 1210 3312 stomachi
1277 3250 1471 3311 dolore
1518 3252 1770 3325 graviter
1819 3268 1957 3311 con-
1984 3248 2028 3269 υ
2051 3248 2374 3307 Alexandri
2403 3249 2477 3321 II,
2511 3266 2685 3324 quam
2716 3251 2988 3310 insertam
3016 3252 3187 3311 alteri
3227 3252 3471 3310 Honorii
3503 3250 3586 3309 III
3617 3252 3767 3309 datae

251 3339 437 3414 queri.
475 3341 609 3401 Post
642 3341 952 3402 decursum
991 3341 1186 3418 itaque
1220 3346 1521 3402 nocturna;
1557 3341 1800 3417 synaxis
1832 3341 1960 3399 0111-
2055 3337 2119 3396 14
2147 3337 2273 3396 Kal.
2307 3338 2470 3397 Junii
2498 3355 2652 3398 anno
2687 3341 2822 3400 1224
2864 3344 3036 3401 refert
3066 3344 3161 3401 hic
3189 3348 3386 3402 auctor
3429 3348 3567 3402 tom.
3599 3341 3654 3401 II
3683 3342 3766 3400 De

247 3431 426 3504 cium,
463 3437 590 3505 post
627 3432 944 3491 matutinos
975 3433 1245 3507 hymnos,
1279 3448 1413 3492 cum
1451 3433 1638 3508 prima
1663 3433 1785 3506 jam
1817 3432 1961 3490 hora
2052 3427 2314 3502 Episc‘op.
2360 3429 2720 3506 Forosempr.
2756 3449 3064 3507 expressus
3092 3435 3376 3494 habeatur
3404 3451 3596 3494 annus
3629 3433 3768 3495 1062

248 3521 361 3580 sibi
404 3538 438 3580 a
496 3522 771 3582 fratribus
833 3524 937 3599 qui
1003 3523 1237 3582 aderant
1291 3529 1634 3596 cautaretur,
1693 3529 1958 3582 sanctum
2049 3518 2143 3576 vel
2191 3518 2380 3589 alius;
2422 3520 2542 3580 imo
2596 3523 2721 3580 haec
2772 3528 2906 3582 nota
2959 3525 3244 3583 duntaxat
3300 3524 3381 3583 ibi
3434 3525 3762 3584 habeatur:

250 3611 368 3671 Deo
404 3611 677 3688 spiritum
717 3613 985 3672 reddidit.
1027 3635 1055 3669 ››
1109 3614 1178 3672 Et
1225 3613 1380 3673 diem
1420 3613 1796 3688 depositionis
1850 3628 1957 3670 no-

249 3715 415 3773 num,
444 3700 818 3763 Dominicum
855 3703 1034 3762 fuisse
1066 3707 1301 3762 testatur
1336 3727 1348 3760 :
1400 3722 1424 3752 α
1464 3702 1585 3762 Ηο8
1619 3707 1835 3772 autem,
1863 3701 1959 3758 in-

251 3790 398 3864 quit,
425 3789 551 3866 ipso
581 3791 674 3851 die
697 3792 1019 3867 Dominico,
1043 3809 1160 3869 quo
1188 3791 1710 3867 eremumingressi
1731 3807 1958 3863 sumus,

250 3883 515 3940 sanctum
563 3897 771 3956 corpus
817 3882 954 3939 inde
1005 3882 1299 3942 sublatum
1358 3887 1705 3954 reverenter,
1755 3887 1822 3942 ut
1870 3881 1958 3938 di-

251 3984 439 4041 gnum
489 3974 628 4043 erat,
659 3969 723 4027 in
770 3969 1020 4044 capitulo
1067 3971 1461 4046 sepelivlmus,
1527 3978 1736 4031 etcum
1769 3987 1963 4031 nonus

250 4066 401 4120 esset
448 4061 827 4136 depositionis
874 4062 999 4137 ejus
1052 4063 1195 4135 dies,
1225 4064 1567 4138 praedictum
1626 4079 1833 4138 corpus
1868 4080 1962 4123 sa-

251 4166 416 4224 num,
448 4151 855 4228 illibatumque
881 4153 1222 4228 reperimus.
1253 4177 1280 4202 »

323 4241 479 4303 VIII.
516 4243 684 4304 Unde
730 4245 1031 4320 perspicue
1066 4251 1240 4321 patet,
1272 4244 1367 4306 vel
1410 4245 1483 4305 ad
1531 4261 1751 4307 annum
1801 4247 1960 4324 1060,

251 4333 344 4394 vel
377 4334 448 4394 ad
497 4334 655 4409 1066,
683 4337 973 4397 Dominici
1017 4337 1266 4398 Loricati
1326 4343 1571 4398 mortem
1629 4355 1751 4398 esse
1810 4341 1961 4399 refe-

225 4425 510 4502 __rendam,
563 4433 630 4487 ut
681 4426 938 4487 invicem
984 4427 1079 4487 hae
1119 4429 1568 4488 circumstantiae
1610 4428 1960 4504 cohaereant,

250 4530 459 4590 nempe
493 4521 559 4578 ut
600 4515 724 4576 dies
775 4515 840 4574 14
872 4515 1130 4577 Octobris
1183 4515 1450 4591 Sabbato,
1485 4524 1542 4577 et
1589 4517 1711 4578 dies
1742 4519 1811 4576 22
1855 4520 1962 4579 Do-

251 4581 482 4669 minicze
528 4609 646 4669 diei
695 4609 1018 4670 conveniat.
1053 4608 1164 4669 Sed
1206 4626 1361 4670 anno
1425 4581 1559 4671 1060
1612 4611 1672 4670 id
1725 4581 2037 4672 aliundeD

249 4698 582 4772 contingere
622 4716 740 4760 non
783 4700 1007 4774 potuit;
1053 4715 1192 4758 nam
1245 4699 1310 4758 B.
1355 4700 1653 4774 Rodulphi
1709 4700 1960 4775 episcopi

248 4785 552 4861 Eugubini
575 4802 751 4862 mors,
788 4805 924 4864 quae
957 4788 1256 4863 (Damiano
1295 4790 1453 4863 teste)
1497 4805 1652 4850 anno
1691 4793 1958 4865 sequenti

245 4883 374 4953 post
396 4878 622 4938 obitum
660 4879 953 4941 Dominici
983 4881 1234 4941 Loricati
1264 4881 1503 4956 contigit
1531 4881 1624 4941 die
1653 4880 1721 4941 26
1771 4881 1956 4957 Junii,

244 4968 307 5026 in
361 4984 584 5029 annum
651 4968 780 5028 1061
843 4970 1157 5044 incidisset,
1215 4988 1330 5047 quo
1381 4977 1636 5046 tempore
1692 4975 1953 5035 nondum

230 5060 518 5124 ,Nicolaus
570 5061 628 5122 II
679 5067 837 5138 pont.
893 5078 1051 5124 max.
1113 5082 1145 5124 e
1193 5066 1348 5125 vivis
1397 5073 1739 5138 excesserat,
1786 5067 1958 5140 cujus

245 5165 400 5211 mors
429 5153 523 5212 die
554 5154 586 5213 3
613 5153 759 5215 Julii
787 5153 1046 5228 contigit,
1072 5162 1126 5214 et
1165 5172 1364 5216 mense
1403 5157 1663 5218 Octobris
1695 5158 1954 5216 Alexan—

244 5238 344 5298 der
404 5242 459 5300 II
513 5251 598 5302 est
647 5243 710 5303 in
778 5243 1110 5304 Romanum
1169 5246 1499 5319 pontiﬁcem
1554 5251 1952 5318 consecratus;

244 5336 299 5390 et
335 5336 526 5391 tamen
559 5335 881 5395 Alexandri
913 5335 966 5395 II
993 5335 1340 5410 jamdudum
1373 5339 1669 5414 regnantis
1701 5344 1956 5411 tempore

246 5422 620 5498 Bodulphum
650 5427 860 5488 obiisse
900 5430 1054 5503 patet
1082 5443 1157 5487 ex
1202 5429 1353 5489 dicta
1392 5430 1661 5489 Damiani
1696 5428 1950 5502 epistola,

243 5512 307 5571 in
336 5528 452 5587 qua
489 5515 758 5574 eumdem
787 5520 1117 5592 pontiﬁcem
1164 5519 1245 5580 sic
1294 5521 1611 5596 alloquitur
1651 5537 1665 5577 :
1716 5539 1743 5571 α
1778 5517 1955 5578 Vobis

242 5603 436 5677 itaque
465 5619 650 5678 nuper
679 5605 961 5681 egres'sus,
991 5625 1126 5670 cum
1164 5609 1516 5670 Florentium
1546 5607 1709 5666 urbis
1738 5609 1953 5667 moenia

234 5693 410 5766 subii,
465 5693 708 5754 nuntius
753 5696 901 5756 mihi
946 5713 1083 5756 mox
1143 5700 1477 5773 repentinus
1525 5699 1792 5770 occurrit,
1824 5701 1946 5772 epi-

2055 3627 2083 3660 ‹‹
2109 3609 2320 3669 Actum
2351 3614 2454 3682 est,
2487 3611 2596 3670 hoc
2625 3627 2825 3672 mense
2855 3613 3012 3686 Maii,
3050 3613 3144 3672 die
3169 3629 3306 3672 vero
3338 3614 3423 3688 10,
3449 3614 3766 3673 indictione

2054 3699 2140 3771 13,
2180 3723 2201 3752 ι
2266 3716 2399 3775 qum
2445 3702 2684 3762 indictio
2753 3721 2859 3763 nec
2910 3721 3064 3764 anno
3121 3705 3394 3779 praadicto
3463 3705 3600 3764 1062
3658 3721 3767 3764 nec

2052 3789 2160 3847 ulli
2216 3806 2369 3850 anno
2440 3794 2806 3867 pontiﬁcatus
2882 3795 3202 3855 Alexandri
3287 3797 3342 3855 ΙΙ
3421 3796 3765 3869 respondere

2053 3886 2254 3954 potest,
2309 3883 2403 3942 sed
2460 3885 2631 3944 annis
2688 3891 2910 3945 tantum
2958 3884 3096 3946 1060
3154 3891 3209 3945 et
3269 3886 3404 3945 1075
3475 3886 3762 3960 congruit,

2051 3971 2202 4030 inter
2255 3987 2402 4047 quos
2458 3972 2639 4044 hujus
2695 3976 2984 4049 pontiﬁcis
3065 3975 3227 4034 sedes
3277 3974 3464 4046 cadit;
3524 3991 3768 4034 consen-

2054 4064 2290 4123 taneum
2337 4067 2589 4139 profecto
2644 4085 2760 4127 non
2800 4068 3054 4141 videtur,
3117 4074 3183 4127 ut
3244 4068 3316 4128 ob
3372 4069 3590 4127 incerta
3639 4070 3768 4127 haec

2053 4163 2427 4216 monumenta
2498 4159 2571 4217 ab
2658 4159 2897 4233 Ughello
2974 4159 3170 4232 relata,
3245 4160 3530 4219 ratiocinii
3586 4161 3768 4219 nostri

2054 4247 2321 4320 superius
2387 4247 2617 4308 adducti
2690 4250 3042 4309 evidentiam
3106 4249 3466 4324 abjiciamus,
3526 4255 3581 4308 et
3645 4249 3767 4308 vim

2053 4335 2508 4398 dissimulemus.

2124 4428 2198 4489 X.
2227 4429 2466 4505 Verum,
2493 4432 2760 4497 admissis
2799 4431 3033 4506 Ughelli
3064 4432 3476 4505 monumentis,
3513 4431 3769 4506 apposite

2057 4519 2323 4594 componi
2367 4521 2493 4580 haec
2533 4524 2922 4584 controversia
2964 4524 3202 4583 fortasse
3261 4523 3484 4596 poterit,
3545 4521 3593 4580 si
3646 4520 3769 4580 Hu-

2057 4623 2287 4681 gODem,
2335 4628 2509 4686 quem
2553 4622 2679 4689 post
2720 4615 3102 4691 Maynardum
3159 4630 3314 4673 anno
3372 4614 3506 4673 1062
3570 4611 3765 4686 Eugu—

2049 4697 2205 4759 binae
2242 4703 2544 4777 praefuisse
2585 4704 2858 4764 Ecclesia:
2893 4706 3061 4778 juxta
3098 4704 3318 4765 bullam
3354 4702 3675 4762 Alexandri
3703 4701 3759 4759 II

2049 4791 2121 4848 ab
2176 4791 2420 4864 Ughello
2477 4794 2811 4867 indicatam,
2842 4811 2946 4870 pro
2997 4811 3154 4855 nunc
3205 4794 3513 4854 concedere
3563 4807 3762 4866 possu-

2051 4895 2200 4952 mus,
2256 4881 2662 4944 immediatum
2713 4886 2895 4945 nostri
2951 4884 3245 4959 Bodulphi
3318 4889 3757 4955 antecessorem,

2049 4985 2164 5028 non
2223 4988 2360 5030 vero
2417 4977 2738 5035 secundum
2803 4990 3190 5034 successorem
3264 4973 3523 5047 ejusdem
3579 4971 3761 5030 fuisse

2049 5075 2418 5123 asseramus:
2465 5067 2607 5124 adeo
2657 5071 2722 5125 ut
2771 5071 2899 5138 post
2946 5081 3171 5126 annum
3226 5064 3363 5125 1062
3412 5062 3759 5136 Rodulphus

2049 5149 2144 5206 hic
2198 5152 2268 5210 ad
2329 5153 2700 5226 Eugubinam
2753 5155 3088 5215 cathedram
3176 5158 3475 5229 promotus
3558 5153 3756 5224 fuerit,

2047 5245 2186 5312 puta
2214 5257 2367 5301 anno
2400 5244 2535 5303 1063
2562 5245 2654 5304 vel
2692 5242 2847 5319 1064,
2882 5250 2936 5303 et
2980 5260 3168 5320 usque
3207 5244 3277 5302 ad
3325 5245 3571 5305 Junium
3618 5243 3760 5302 anni

2055 5331 2195 5397 1067
2215 5334 2623 5410 supervixerit,
2646 5335 2968 5410 Dominico,
2989 5341 3089 5394 aut
3109 5333 3222 5392 alio
3242 5334 3490 5407 praesule
3512 5333 3602 5392 illi
3629 5348 3758 5392 suc-

2049 5427 2320 5491 cedente;
2353 5439 2690 5498 quanquam
2730 5441 2835 5499 ego
2875 5425 3066 5499 potius
3120 5421 3485 5494 crediderim,
3533 5421 3758 5482 bullam

2047 5517 2210 5576 illam
2264 5514 2582 5574 Alexandri
2623 5515 2680 5574 II
2729 5517 2804 5574 ad
2838 5529 3065 5575 annum
3113 5510 3251 5573 1070
3297 5514 3606 5588 pertinere,
3655 5515 3756 5589 qui

2049 5608 2363 5668 indictione
2383 5606 2417 5664 8
2445 5609 2894 5682 consignabatur
2923 5625 2934 5664 :
2968 5604 3124 5664 unde
3147 5621 3184 5664 v
3213 5605 3276 5663 in
3307 5617 3350 5663 X
3379 5611 3752 5677 commutato,

2046 5699 2284 5758 indictio
2318 5696 2380 5757 13
2409 5697 2481 5755 ab
2509 5697 2963 5758 amanuensibus
2993 5695 3192 5755 effecta
3229 5694 3425 5768 fuerit,
3457 5710 3588 5770 qum
3629 5695 3751 5769 jam
