4034 6488
205 297 274 354 85

1110 293 1685 358 PROLEGOMENA.
1724 325 1792 338 —
1825 293 1928 354 DE
1971 291 2375 366 INSTITUTO
2415 247 2846 356 CAMALDIJL.

3659 292 3732 354 86

203 425 362 502 apud
417 423 731 500 Ughellum
775 425 841 484 in
879 425 988 485 hoc
1025 423 1337 500 diplomate
1381 425 1628 500 legitur;
1669 425 1811 485 adeo
1859 424 2262 491 utAoﬂicium
2297 426 2454 502 apud
2484 426 2825 486 Avellanam
2856 425 3214 486 ministrasse
3239 423 3592 484 demonstrat
3618 435 3730 483 an-

202 516 400 590 Hugo,
455 516 582 588 post
627 513 1033 587 Maynardum,
1080 513 1387 588 Rodulpho
1425 513 1547 587 jam
1586 530 1739 574 anno
1790 513 1927 575 1067

204 612 465 677 mortuo,
515 605 821 665 succedere
861 605 920 663 in
971 605 1285 681 Eugubino
1333 607 1659 682 episcopatu
1712 609 1928 680 optime

203 697 481 773 potuerit.
508 695 672 766 Quod
701 699 894 755 autem
922 711 1076 755 anno
1109 697 1246 757 1059
1277 695 1619 773 Rodulphus
1650 699 1928 758 Romanae

205 786 437 863 synodo
484 785 843 860 subscriptus
892 785 1137 858 legatur,
1168 785 1455 861 siquidem
1494 787 1553 846 id
1589 803 1793 847 verum
1832 789 1924 860 sit,

205 878 282 937 de
328 877 443 936 alio
484 877 899 950 praedecessore
945 874 1254 950 Rodulpho
1289 880 1411 948 (aut
1447 877 1787 952 Reginaldo,
1829 882 1929 937 aut

210 967 526 1042 Raynerio,
554 965 746 1026 aliove
781 966 961 1026 simili
1012 966 1249 1026 nomine
1281 982 1382 1041 per
1421 968 1668 1028 litteram
1697 969 1744 1028 B
1779 969 1928 1027 inci-

208 1059 427 1134 piente,
457 1063 790 1133 nuncupato
830 1057 1134 1132 episcopo;
1168 1057 1452 1133 ejusmodi
1492 1060 1649 1118 enim
1676 1059 1929 1119 subscri-

208 1148 354 1222 ptio,
386 1152 452 1207 ut
491 1145 620 1206 ﬁeri
663 1147 827 1220 solet,
866 1146 946 1205 ita
996 1147 1235 1206 fortasse
1281 1163 1553 1223 expressa
1602 1149 1711 1208 fuit
1757 1173 1769 1208 :
1816 1153 1931 1220 Ego

209 1243 276 1298 Η.
312 1239 636 1308 Eugubinus
673 1241 974 1310 episcopus,
1011 1242 1185 1312 atque
1231 1239 1510 1311 Rodulphi
1547 1239 1800 1297 nominis
1836 1239 1930 1297 in-

211 1325 607 1402 terpretationi
641 1341 844 1385 ansam
895 1325 1152 1401 praebere
1197 1327 1416 1399 debuit,
1459 1333 1524 1386 ut
1561 1344 1635 1386 ex
1678 1328 1931 1388 subscri-

208 1416 405 1492 ptione
444 1420 534 1476 W.
565 1419 864 1475 Humanat.
905 1420 1114 1490 Episc.,
1161 1417 1348 1476 eidem
1394 1418 1670 1478 Romanae
1709 1420 1932 1495 synodo

211 1507 352 1566 anni
381 1505 519 1566 1059
547 1507 716 1580 facta,
733 1508 976 1582 ipsemet
1001 1507 1280 1581 Ughellus
1305 1513 1442 1568 tom.
1472 1508 1518 1582 Ι,
1535 1525 1662 1583 pag.
1692 1509 1928 1577 804,1[1ο

211 1600 552 1670 terpretatus
581 1603 705 1656 erat
741 1600 1071 1664 Willelmus,
1089 1603 1145 1656 et
1168 1614 1306 1659 mox
1331 1599 1393 1659 in
1419 1599 1747 1675 Appendice
1777 1601 1931 1675 ejus-

207 1686 344 1747 dem
385 1689 527 1748 tomi
560 1704 691 1765 pag.
722 1689 830 1750 419
867 1706 941 1749 ex
983 1691 1149 1750 Petro
1192 1691 1472 1751 Damiano
1522 1692 1932 1767 corrigendum

2017 517 2334 578 thenticum
2379 516 2783 578 transactionis
2823 515 3125 591 cujusdam
3169 515 3626 574 instrumentum
3664 511 3728 571 in

2014 607 2274 667 archivio
2329 607 2616 667 Classensi
2669 605 2901 682 capsula
2954 607 3045 679 94,
3093 619 3258 665 num.
3300 605 3387 674 67,
3439 603 3593 679 quod
3647 601 3730 660 sic

2015 696 2229 756 habet:
2265 720 2288 750 ι
2323 697 2391 756 111
2447 697 2684 756 nomine
2737 695 2968 755 Domini
3017 718 3030 753 :
3091 693 3478 768 Temporibus
3526 691 3730 752 domni

2015 786 2275 862 Gregorii
2306 789 2520 848 summi
2550 788 2860 862 pontiﬁcis,
2893 801 3047 846 anno
3075 785 3148 845 ab
3176 783 3575 844 incarnatione
3612 782 3729 841 Do-

2013 876 2162 936 mini
2191 877 2374 936 nostri
2403 877 2435 937 J
2438 893 2540 936 esu
2563 877 2776 936 Christi
2804 875 3118 936 millesimo
3142 875 3532 948 octuagesimo
3553 886 3730 948 quar-

2017 974 2091 1039 to,
2123 971 2396 1040 regnante
2440 965 2712 1038 Henrico,
2749 964 2871 1024 ﬁlio
2917 963 3214 1041 quondam
3258 961 3496 1021 Henrici
3540 962 3730 1035 impe-

2015 1057 2240 1127 ratoris,
2292 1056 2606 1114 indictione
2655 1054 2899 1128 septima
2963 1052 3250 1128 Eugubio.
3309 1051 3428 1126 Ego
3497 1050 3561 1108 in
3624 1048 3731 1108 Dei

2016 1147 2255 1206 nomine
2289 1145 2598 1212 Tebaldus,
2633 1145 2791 1205 ﬁlius
2824 1144 3122 1219 quondam
3151 1141 3369 1217 Pagani
3399 1141 3471 1200 de
3501 1139 3731 1199 Nartia-

2016 1240 2181 1312 nula,
2210 1237 2637 1308 refutationem,
2660 1241 2716 1294 et
2747 1233 3016 1294 transacti
3028 1248 3222 1304 onem,
3253 1236 3308 1290 et
3329 1228 3731 1288 deﬁnitionem

2016 1329 2162 1390 facio
2225 1327 2483 1387 ecclesiae
2539 1324 2596 1386 S.
2655 1324 2857 1384 Crucis
2907 1321 3108 1382 Fontis
3161 1319 3455 1392 Avellani,
3514 1324 3570 1376 et
3623 1316 3729 1375 tibi

2015 1419 2226 1481 Joanni
2265 1419 2354 1493 (de
2405 1417 2624 1489 Laudo)
2681 1413 2880 1490 priori,
2913 1412 3144 1488 tuisque
3191 1409 3615 1470 successoribus
3661 1407 3728 1466 in

2017 1514 2381 1585 perpetuum,
2417 1508 2476 1566 id
2524 1512 2610 1566 est
2651 1505 2721 1564 de
2754 1505 2878 1580 ipsa
2923 1501 3162 1562 ecclesia
3202 1497 3386 1560 sancti
3423 1497 3730 1573 Apollina-

2016 1601 2120 1676 ris,
2144 1601 2327 1676 posita
2379 1600 2442 1658 in
2491 1597 2853 1668 Nartianula,
2894 1617 2915 1648 ι
2973 1600 3079 1654 etc.
3128 1591 3406 1665 Idemque
3449 1593 3602 1665 patet
3655 1602 3732 1645 ex

2015 1691 2145 1751 aliis
2198 1691 2322 1765 ejus
2376 1689 2560 1750 aetatis
2649 1684 3065 1757 monumentis,
3120 1687 3291 1757 atque
3343 1694 3420 1739 ex
3471 1677 3730 1753 ejusdem

208 1792 334 1870 esse
374 1780 558 1846 Wido,
601 1779 1027 1854 animadvertit)
1076 1779 1326 1855 intelligi
1366 1781 1536 1840 facile
1566 1784 1772 1856 potuit.
1817 1782 1933 1843 Nec
1950 1809 1997 1870 B
2017 1783 2075 1844 SI
2106 1781 2347 1843 Joannis
2377 1780 2701 1842 Laudensis
2725 1778 2998 1870 Historia,
3024 1791 3099 1835 ex
3119 1771 3338 1870 quibus
3362 1770 3504 1830 item
3524 1769 3728 1870 liquet,

208 1869 456 1929 deerunt
495 1876 858 1945 argumenta,
903 1885 1038 1945 qum
1089 1871 1238 1929 hanc
1287 1871 1674 1945 conjecturam
1722 1873 1932 1932 conﬁr-

208 1966 392 2031 ment,
440 1961 630 2034 primo
687 1976 763 2019 ex
820 1961 912 2019 his
961 1975 1098 2036 quae
1158 1977 1350 2035 supra,
1409 1961 1478 2020 de
1527 1977 1681 2021 anno
1730 1963 1932 2022 mortis

211 2049 271 2110 S.
324 2051 640 2126 Rodulphi,
708 2051 1114 2126 expendimus,
1179 2051 1428 2111 secundo
1494 2068 1569 2110 ex
1637 2053 1802 2127 epist.
1874 2053 1927 2126 2,

211 2140 312 2198 lib.
356 2151 424 2199 IV
464 2140 616 2200 Petri
653 2140 920 2200 Damiani
961 2143 1035 2197 ad
1079 2145 1145 2200 It.
1187 2145 1516 2215 Episcopum
1556 2144 1926 2212 Eugubinum,

209 2244 386 2306 quem
418 2230 599 2291 alium
632 2231 810 2291 fuisse
837 2247 871 2290 a
897 2236 1094 2292 nostro
1129 2232 1438 2306 Rodulpho
1474 2239 1733 2292 constare
1770 2232 1929 2293 vide-

211 2327 338 2394 tur;
369 2321 508 2396 quia
532 2323 835 2396 episcopus
852 2321 953 2381 ille
982 2323 1100 2382 R...
1125 2339 1243 2382 non
1275 2322 1588 2383 admodum
1619 2323 1784 2383 Petro
1813 2324 1930 2383 Da-

208 2410 405 2470 miano
440 2411 724 2485 propitius
763 2411 1085 2483 videbatur,
1121 2413 1288 2486 cujus
1321 2412 1621 2472 ecclesiam
1662 2413 1930 2473 ecclesia-

207 2502 349 2560 stico
393 2500 703 2560 interdicto
745 2501 1099 2576 subjecera’t;
1149 2503 1307 2562 unde
1356 2503 1526 2562 illum
1562 2503 1639 2562 ita
1685 2505 1928 2564 humilis

209 2593 588 2666 deprecatur:
626 2611 649 2644 α
685 2589 1068 2652 Obsecramus
1098 2593 1295 2666 igitur,
1327 2593 1722 2668 dilectissime,
1757 2595 1929 2654 inter-

208 2682 427 2744 dictum
470 2687 682 2743 nostrae
720 2684 991 2744 Ecclesiae
1026 2685 1281 2745 officium
1329 2686 1567 2759 reddite,
1603 2692 1658 2745 et
1686 2703 1803 2746 non
1836 2703 1928 2746 so-

211 2775 329 2833 lum
355 2773 533 2847 {illam
581 2776 1130 2850 possessiunculam,
1164 2793 1298 2854 qum
1338 2784 1544 2837 vestra:
1589 2778 1788 2853 procul
1817 2779 1926 2837 du-

210 2863 301 2922 bio
345 2863 614 2923 dimcesis
666 2869 770 2937 est,
804 2866 900 2925 sed
953 2871 1009 2924 et
1055 2865 1341 2940 quidquid
1391 2867 1694 2940 habemus,
1739 2872 1928 2927 vestra

208 2955 565 3028 auctoritate,
608 2955 916 3030 defendite,
979 2979 1002 3010 ι
1060 2963 1164 3016 etc.
1194 2959 1297 3016 -At
1344 2965 1536 3017 noster
1583 2959 1926 3035 Rodulphus

210 3041 445 3104 Petrum
506 3043 877 3119 Damianum,
940 3051 1003 3107 ut
1062 3052 1284 3120 patrem
1340 3063 1516 3107 suum
1573 3049 1745 3107 etiam
1802 3053 1926 3121 post

209 3133 590 3210 episcopalem
635 3135 1144 3209 consecrationem,
1190 3152 1415 3212 semper
1464 3139 1748 3212 suspexit,
1800 3139 1925 3212 ejus

2014 1889 2134 1932 non
2182 1873 2249 1932 36
2288 1887 2472 1931 annos
2514 1870 2687 1930 illum
2728 1871 2792 1929 in
2829 1868 3160 1944 episcopatu
3202 1862 3443 1933 vixisse,
3475 1860 3573 1921 sed
3610 1873 3730 1920 uno

2014 1963 2296 2021 duntaxat
2333 1977 2506 2033 anno,
2537 1966 2639 2020 aut
2669 1959 2870 2036 paucis
2900 1958 3142 2032 insuper
3187 1952 3511 2024 mensibus,
3538 1964 3732 2024 neque

2013 2067 2166 2110 anno
2224 2050 2378 2122 1116,
2435 2050 2533 2108 sed
2591 2049 2748 2120 1106,
2808 2047 2994 2106 Deum
3053 2044 3283 2115 adiisse,
3336 2046 3401 2101 ut
3447 2037 3730 2113 Ughellus

2013 2143 2188 2201 etiam
2219 2142 2544 2201 conﬁrmat.

2085 2233 2214 2293 ΧΙΙ.
2248 2231 2426 2291 Porro
2460 2229 2732 2290 eumdem
2763 2229 3048 2289 Joannem
3085 2224 3477 2297 Laudensem,
3507 2222 3728 2283 nedum

2015 2324 2373 2384 Ladercbius
2430 2324 2554 2399 ipse
2597 2321 2701 2381 lib.
2752 2334 2836 2394 III,
2889 2335 3012 2396 cap.
3057 2317 3148 2391 27,
3191 2333 3360 2378 num.
3408 2317 3462 2389 2,
3516 2315 3733 2375 fatetur

2013 2419 2180 2479 Petro
2211 2419 2483 2478 Damiani
2514 2417 2852 2478 immediate
2880 2417 2943 2476 in
2974 2413 3233 2490 prioratu
3261 2411 3564 2472 Avellanae
3595 2425 3727 2470 suc-

2013 2511 2269 2584 cessisse,
2301 2526 2507 2570 verum
2558 2509 2620 2568 id
2667 2507 2840 2567 habet
2897 2506 3071 2566 etiam
3122 2507 3323 2564 auctor
3351 2502 3501 2562 Vitae
3544 2500 3727 2575 ipsius

2011 2601 2274 2674 Joannis,
2310 2602 2477 2675 cujus
2516 2600 2908 2673 fragmentum
2953 2596 3127 2654 refert
3169 2591 3583 2654 Constantinus
3620 2590 3730 2650 Ca-

2007 2691 2238 2765 jetanus
2267 2689 2435 2749 initio
2466 2689 2605 2748 tomi
2637 2688 2692 2747 ΙΙ
2723 2702 2966 2762 operum
2997 2685 3065 2746 B.
3103 2684 3256 2742 Petri
3286 2681 3557 2742 Damiani
3594 2701 3607 2740 :
3642 2685 3726 2740 te-

2013 2788 2193 2842 statur
2252 2782 2412 2841 enim
2478 2782 2635 2856 quod
2709 2786 2836 2856 post
2899 2783 3144 2838 mortem
3214 2774 3397 2835 sancti
3452 2773 3722 2845 doctoris,

2016 2897 2042 2926 σι
2076 2872 2300 2932 Fratres
2350 2871 2616 2944 inspirati
2665 2887 2699 2928 a
2743 2869 2989 2928 Domino
3033 2862 3410 2935 concorditer,
3465 2868 3521 2920 et
3572 2877 3724 2922 una-

2013 2965 2248 3024 nimiter
2287 2969 2552 3023 sanctum
2590 2963 2786 3022 virum
2823 2960 3109 3021 Joannem
3137 2956 3209 3016 de
3235 2953 3434 3015 Laudo
3467 2953 3531 3012 in
3566 2953 3723 3029 prio-

2012 3071 2134 3115 rem
2191 3053 2551 3129 praecipuum
2600 3051 2898 3126 elegerunt
2953 3074 2967 3107 :
3025 3052 3090 3108 ut
3129 3046 3281 3106 sicut
3333 3048 3527 3104 sancto
3573 3043 3722 3119 patri

2014 3142 2177 3203 Petro
2205 3143 2486 3214 Damiano
2521 3143 2583 3201 in
2629 3141 2944 3212 sanctitate,
2975 3143 3030 3196 et
3072 3134 3352 3212 sapientia
3401 3131 3724 3194 consimilis

209 3229 353 3284 nutu
411 3229 470 3284 et
517 3225 758 3286 consilio
807 3231 1014 3286 cuncta
1068 3227 1448 3299 decernebat;
1505 3232 1560 3286 et
1612 3227 1674 3285 in
1728 3224 2145 3306 eremouerat,
2209 3233 2288 3292 ita
2346 3233 2399 3292 ei
2448 3233 2511 3290 in
2564 3231 2822 3307 prioratu
2884 3228 3229 3288 succederet.
3291 3250 3318 3275 ι»
3377 3224 3522 3283 Cum
3585 3237 3722 3284 vero

207 3317 410 3392 magis,
438 3332 616 3392 quam
660 3319 723 3377 in
766 3319 1022 3379 ecclesias
1071 3335 1195 3380 suae
1235 3319 1446 3394 palatio
1476 3317 1702 3390 vivens,
1740 3342 1765 3370 α
1811 3319 1919 3377 Ec-
2005 3326 2259 3385 Joannes
2316 3323 2555 3398 scriptor
2607 3322 2755 3382 Vita).
2814 3320 2967 3380 Petri
3023 3317 3294 3379 Damiani
3360 3315 3605 3374 fateatur
3648 3327 3718 3371 se

201 3406 433 3466 clesiam
503 3409 812 3481 deputabat
894 3410 1229 3484 hospitium,
1319 3408 1651 3468 solitudinis
1728 3414 1920 3470 autem
2005 3417 2356 3474 monachum
2385 3431 2507 3473 esse
2535 3414 2646 3473 sub
2677 3411 2952 3487 Liprandi
2990 3409 3199 3486 prioris
3225 3407 3552 3468 obedientia
3578 3419 3717 3464 con-

198 3496 470 3556 cellulam
519 3499 919 3560 habitaculum
970 3501 1330 3572 decernebat,
1376 3525 1403 3550 »
1452 3506 1516 3558 ut
1558 3506 1753 3559 narrat
1799 3501 1921 3576 ipse
2005 3503 2293 3576 stitutum,
2322 3504 2582 3579 ejusque,
2614 3507 2668 3561 et
2697 3501 2948 3561 aliorum
2988 3500 3284 3559 seniorum
3311 3495 3511 3556 Fontis
3538 3495 3717 3553 Avel-

203 3588 406 3648 Petrus
454 3588 742 3661 Damiani,
778 3589 882 3664 qui
933 3594 987 3648 et
1034 3589 1189 3648 infra
1235 3591 1439 3650 addit:
1480 3616 1502 3645 α
1539 3592 1629 3650 Me
1670 3593 1792 3651 vim
1834 3594 1922 3652 in-
2004 3593 2156 3652 lanae
2202 3595 2392 3669 jussu,
2439 3593 2511 3652 ad
2566 3607 2693 3651 eam
2743 3590 3046 3650 historiam
3109 3585 3490 3662 colligendam
3538 3582 3718 3641 fuisse

199 3684 436 3753 gerente
489 3685 743 3753 coactus,
804 3680 1124 3749 ecclesiam,
1183 3698 1361 3756 quam
1419 3684 1715 3743 dimiserat
1766 3691 1919 3757 voto,
2004 3683 2374 3759 compulsum
2426 3683 2519 3757 (ait
2567 3683 2726 3741 enim
2778 3682 2843 3740 in
2897 3679 3177 3756 prooemio
3223 3701 3236 3736 :
3280 3696 3310 3731 «
3348 3676 3572 3734 Domno
3623 3671 3718 3731 Li-

204 3775 486 3834 retinebat
514 3775 743 3834 ofﬁcio:
777 3775 839 3835 in
865 3791 1057 3836 eremo
1095 3781 1285 3836 tamen
1320 3777 1788 3853 perseverantius
1814 3779 1920 3839 ha-
2003 3775 2222 3850 prando
2271 3773 2468 3849 priori,
2516 3777 2572 3830 et
2626 3770 2846 3846 cmteris
2900 3768 3226 3829 senioribus
3289 3764 3469 3824 eremi
3517 3763 3716 3821 Fontis

206 3868 445 3928 bitabat.
490 3890 513 3919 ι
548 3867 738 3938 Quare
780 3867 1188 3928 verosimiliter
1231 3868 1384 3927 Petri
1423 3869 1690 3928 Damiani
1737 3871 1920 3928 eccle-
2003 3868 2323 3939 Avellanae,
2382 3867 2654 3926 Joannes.
2724 3865 2879 3938 Opus
2945 3859 3232 3931 mirabile,
3280 3858 3494 3926 Patres,
3558 3853 3713 3930 quod

207 3958 350 4016 siam
385 3957 694 4016 interdicto
744 3971 863 4016 non
911 3958 1268 4032 subjecisset,
1316 3964 1625 4033 antequam
1674 3957 1746 4016 ab
1794 3959 1921 4032 ipso
2003 3957 2289 4017 sanctitati
2335 3960 2542 4014 vestra)
2586 3951 2799 4028 placuit
2836 3965 2983 4009 mea)
3030 3948 3338 4022 injungere
3373 3943 3710 4020 parvitati...

208 4048 489 4107 rationem
542 4046 907 4122 intelligeret,
932 4062 1039 4107 cur
1089 4047 1252 4105 illam
1299 4063 1504 4122 passus
1550 4052 1698 4105 esset
1738 4047 1772 4104 a
1820 4046 1921 4106 Fo-
2003 4049 2077 4106 At
2126 4047 2263 4122 quia
2309 4061 2428 4104 non
2481 4057 2776 4118 praesumo
2830 4045 3021 4100 vestro
3069 4037 3391 4114 quidquam
3431 4035 3713 4108 abnegare

209 4135 696 4212 rosemproniensi
739 4135 1002 4211 episcopo
1045 4135 1386 4195 consecrari.
1417 4135 1588 4195 Alius
1627 4150 1762 4209 ergo
1797 4135 1919 4209 epi-
2001 4139 2314 4214 imperio...
2356 4134 2510 4194 Petri
2546 4132 2816 4192 Damiani
2855 4130 3096 4201 meritis,
3135 4128 3207 4187 ad
3245 4127 3414 4201 cujus
3450 4139 3555 4185 vos
3590 4128 3715 4183 acta

208 4243 412 4301 scopus
468 4227 588 4285 Ρι...
641 4233 774 4285 ante
836 4230 1102 4284 nostrum
1158 4225 1539 4301 Rodulphum
1589 4224 1921 4300 Eugubinze
2001 4228 2294 4289 exaranda
2331 4240 2520 4286 meam
2546 4221 2935 4283 obedientiam
2971 4217 3314 4294 provocatis,
3350 4219 3400 4289 η)
3429 4221 3535 4276 etc.
3572 4214 3712 4274 Evi-

202 4316 433 4396 Ὼπὶθῗυίί
488 4315 763 4390 θοοῘθείεΒν
795 4322 966 4392 atque
1021 4317 1071 4374 is
1120 4317 1306 4391 Ροῐυίῑ
1364 4316 1643 4376 Romam)
1697 4317 1920 4388 SYDOdO
2002 4325 2143 4383 dens
2183 4322 2384 4395 utique
2427 4322 2704 4390 remanet,
2737 4313 3010 4375 eumdem
3039 4327 3162 4372 esse
3198 4326 3318 4371 non
3340 4325 3508 4385 posse
3533 4307 3712 4368 Joan-

201 4407 309 4466 sub
339 4407 575 4466 Nicolao
609 4406 666 4465 II
693 4405 1075 4466 subscribere.

2118 4428 2136 4470 1
2175 4413 2333 4470 hunc
2370 4408 2518 4467 Vitae
2555 4405 2823 4466 Damiani
2878 4403 3211 4478 scriptorem
3241 4415 3379 4460 cum
3417 4397 3518 4457 illo
3557 4397 3711 4455 Lau-

270 4498 370 4558 ΧΙ.
406 4496 662 4572 Septimo
735 4498 884 4557 circa
948 4501 1227 4572 Joannem
1283 4498 1436 4556 Petri
1487 4497 1756 4556 Damiani
1828 4496 2167 4573 (li-“densi
2196 4497 2508 4573 Eugubino
2536 4497 2821 4571 episcopo,
2848 4493 2951 4569 qui
2986 4497 3112 4566 post
3149 4489 3416 4550 Damiani
3455 4485 3715 4560 ejusdem

196 4589 512 4666 scipulum,
568 4591 809 4664 ejusque
858 4590 1006 4649 Vitae
1059 4590 1416 4664 scriptorem,
1467 4605 1584 4649 non
1636 4588 1783 4648 levis
1836 4576 1984 4648 est‘J
2008 4591 2254 4663 obitum,
2286 4587 2478 4648 statim
2528 4585 2830 4644 Avellanaa
2885 4583 3071 4674 prior,
3123 4587 3178 4639 et
3228 4593 3367 4638 mox
3398 4576 3718 4674 episcopus

201 4664 506 4742 Laderchii
552 4683 952 4756 hallucinatio,
996 4684 1136 4744 dum
1188 4684 1360 4743 illum
1409 4699 1542 4744 cum
1592 4684 1650 4742 S.
1698 4682 1920 4740 Joanne
2011 4681 2192 4741 factus
2235 4685 2341 4748 est,
2381 4691 2688 4752 nunquam
2730 4690 2867 4734 vero
2905 4672 3155 4746 simplex
3194 4667 3512 4728 monachus
3543 4664 3715 4735 vixit,

205 4775 497 4835 Laudensi
525 4774 837 4851 Eugubino
864 4775 1129 4851 episcopo
1154 4775 1254 4833 lib.
1285 4786 1367 4847 VI,
1396 4789 1516 4850 cap.
1548 4772 1636 4846 28,
1669 4773 1917 4831 confun-
2008 4777 2074 4829 ut
2107 4769 2359 4829 aliorum
2386 4765 2687 4842 praeceptis
2719 4769 2867 4823 esset
2893 4760 3205 4851 obnoxius.

205 4865 286 4924 dit
319 4891 331 4925 :
367 4848 642 4942 idemque
664 4848 958 4925 asserendi
989 4848 1114 4924 tum
1143 4848 1511 4923 Machiarello
1541 4867 1754 4933 nostro,
1792 4867 1918 4919 tum
2079 4858 2238 4918 ΧΙΙΙ.
2271 4857 2381 4918 Sed
2437 4861 2494 4915 et
2542 4852 2901 4915 luculentius
2930 4850 3114 4942 fidem
3154 4848 3608 4942 demonstratur,
3633 4859 3716 4942 ex

209 4953 424 5016 auctori
481 4935 656 5014 Diarii
699 4953 925 5028 Gallici,
959 4953 1208 5029 przebuit
1249 4953 1607 5014 occasionem
1647 4971 1658 5011 :
1700 4965 1815 5025 qua
1854 4949 1919 5007 in
2008 4966 2125 5026 quo
2183 4947 2314 5008 Vita
2370 4948 2498 5006 haec
2550 4944 2704 5004 Petri
2772 4941 3044 5003 Damiani
3097 4944 3227 5016 post
3274 4953 3502 5000 annum
3555 4935 3713 5029 1110,

214 5061 292 5117 re,
345 5045 480 5105 licet
529 5048 728 5104 auctor
781 5026 1006 5118 Dialogi
1058 5043 1194 5103 satis
1245 5043 1587 5103 historicum
1655 5047 1920 5100 nostrum
2007 5043 2266 5116 adeoque
2300 5042 2473 5112 longe
2515 5042 2644 5112 post
2682 5040 2928 5096 mortem
2967 5032 3027 5096 S.
3076 5031 3323 5094 Joannis
3357 5026 3715 5126 .Laudensi‘s,

211 5133 614 5207 confutaverit,
648 5133 1009 5208 argumentis
1065 5138 1257 5192 tamen
1315 5139 1398 5190 est
1450 5147 1616 5204 usus,
1665 5147 1797 5207 quae
1848 5133 1922 5188 ad
2007 5149 2142 5209 quae
2194 5130 2352 5202 1106,
2383 5135 2447 5189 ut
2497 5126 2782 5198 diximus,
2839 5123 3101 5199 contigit,
3151 5119 3468 5184 certissime
3509 5119 3720 5209 scripta

209 5225 474 5284 hominem
527 5206 616 5298 (ut
667 5206 782 5285 dici
824 5225 1004 5299 solet),
1051 5237 1167 5282 non
1218 5225 1292 5279 ad
1343 5224 1637 5295 judicium,
1689 5206 1921 5280 intento
2010 5206 2184 5282 fuerit
2225 5239 2238 5277 :
2277 5224 2500 5277 tantum
2547 5216 2728 5294 abest,
2782 5221 2854 5305 ut
2889 5215 3120 5305 ipsimet
3161 5210 3372 5305 Joanni
3408 5206 3720 5305 ‘Laudensi

204 5317 501 5393 probando
527 5294 877 5377 conducunt.
909 5294 1224 5374 Enimvero
1246 5294 1358 5372 non
1393 5329 1548 5372 anno
1580 5310 1716 5372 1076
1744 5327 1921 5386 quem
2007 5311 2187 5371 tribui
2233 5308 2454 5368 debeat.
2486 5305 2799 5365 Enimvero
2837 5302 3117 5379 Liprandi
3146 5297 3354 5393 prioris
3402 5300 3631 5393 tempus
3659 5294 3719 5354 id

206 5384 562 5467 Laderchius
602 5423 676 5466 ex
718 5405 980 5465 Ferrario
1016 5403 1382 5476 determinat,
1411 5403 1511 5462 sed
1551 5401 1720 5475 longe
1763 5384 1918 5484 ipost,
2007 5403 2159 5461 clare
2205 5399 2440 5471 evincit,
2484 5397 2640 5472 quod
2686 5396 2749 5456 in
2791 5396 3046 5468 catalogo
3089 5390 3352 5468 priorum
3399 5384 3724 5484 Avellanae,

206 5511 411 5571 nempe
439 5511 594 5556 anno
623 5496 780 5570 1105,
813 5501 879 5557 ut
905 5496 1080 5555 habet
1113 5475 1413 5568 Ughellus,
1445 5493 1731 5554 Joannem
1765 5475 1920 5551 111111-
2003 5494 2174 5568 juxta
2204 5489 2466 5568 ejusdem
2495 5487 2828 5578 monasterii
2877 5486 3257 5578 monumenta
3282 5477 3616 5578 composito,
3649 5475 3722 5578 ad

206 5588 445 5648 densem
492 5587 866 5664 Eugubinam
915 5587 1246 5648 cathedram
1289 5586 1612 5645 ascendisse
1657 5589 1918 5644 constat:
2007 5583 2350 5660 praedictum
2407 5594 2632 5640 annum
2692 5574 2832 5636 1110
2883 5571 3278 5664 consignatur.
3345 5571 3594 5664 Joannes
3641 5571 3724 5664 si-

207 5679 297 5739 vel
327 5696 403 5740 ex
427 5695 518 5752 eo,
554 5657 705 5754 quod
733 5695 888 5740 anno
923 5680 1060 5739 1084
1087 5677 1359 5740 eumdem
1401 5678 1685 5737 Joannem
1712 5674 1925 5750 prioris
2008 5657 2247 5747 quidem
2301 5669 2645 5739 Laudensis,
2678 5671 2742 5726 ut
2767 5662 3142 5740 notavimus,
3173 5659 3504 5722 immediate
3555 5657 3722 5717 Petro
