4034 6500
248 293 322 350 87

1168 289 1225 347 S.
1271 285 1560 347 PETRUS
1600 284 1992 345 DAMIANUS
2033 288 2091 347 S.
2135 289 2203 348 R.
2247 291 2312 350 Ε.
2356 291 2836 354 CARDINALIS.

3687 298 3766 357 88

253 417 535 479 Damiano
583 419 933 491 subrogatus
976 414 1229 490 legitur:
1261 411 1400 472 huic
1442 424 1579 469 vero
1621 423 1773 466 anno
1825 410 2446 491 1105Afundamento,
2505 419 2780 480 adversus
2835 429 2953 480 tam
3007 419 3352 495 multiplicis
3395 417 3767 482 discriminis

253 507 327 566 ad
356 508 748 582 episcopatum
784 503 1160 580 Eugubinum
1193 508 1475 578 promoto,
1509 499 1711 557 Petrus
1739 497 1964 556 Arimi—

255 600 456 659 nensis
508 600 570 658 in
624 599 881 671 prioratu
932 594 1224 665 successit,
1284 600 1403 652 tum
1458 605 1611 649 anno
1685 589 1844 659 1110,
1875 587 1967 646 Li-

257 689 515 764 prandus
564 687 732 746 Petro
765 687 1042 746 suffectus
1083 691 1186 757 est,
1218 684 1386 758 cujus
1433 685 1584 739 nutu
1636 684 1966 752 susceptum

259 782 345 837 est
370 793 406 835 a
432 775 652 835 Joanne
697 775 963 834 Damiani
990 773 1272 847 discipulo
1315 768 1628 829 consilium
1656 767 1803 826 Vitae
1845 784 1971 826 san-

260 869 336 927 cti
384 866 632 926 doctoris
676 865 1122 934 conscribendas,
1179 862 1405 935 ipsique
1453 857 1746 932 Liprando
1790 857 1969 932 priori

261 956 629 1028 dedicandis;
685 971 817 1014 cum
864 953 1041 1028 igitur
1089 952 1148 1011 S.
1177 951 1429 1010 Joannes
1473 947 1793 1007 Laudensis
1838 962 1972 1021 qua-

263 1045 530 1104 driennio
563 1050 696 1104 ante
737 1041 1100 1102 mortalitatis
1142 1038 1388 1098 exuvias
1420 1037 1799 1110 deposuisset,
1831 1051 1968 1094 con-

263 1141 373 1195 stat
425 1135 594 1208 longe
640 1134 937 1193 diversum
985 1145 1108 1190 esse
1151 1129 1432 1189 Joannem
1462 1127 1611 1186 Vitas
1667 1127 1820 1186 Petri
1863 1127 1972 1184 Da-

263 1225 450 1284 miani
505 1224 836 1297 scriptorem
888 1238 920 1280 a
976 1219 1034 1280 S.
1085 1219 1308 1280 Joanne
1361 1217 1657 1278 Laudensi
1712 1216 1974 1292 episcopo

264 1313 595 1386 Eugubina.
624 1311 786 1383 Quod
830 1311 879 1369 si
919 1310 1092 1369 etiam
1141 1306 1405 1368 Jacobilli
1443 1306 1730 1366 calculum
1769 1320 1974 1380 seque-

266 1418 490 1476 remur,
547 1402 648 1475 qui
705 1400 1065 1476 Liprandum
1126 1397 1340 1457 alicubi
1394 1395 1593 1454 scribit
1651 1395 1977 1454 immediate

263 1491 474 1552 Joanni
503 1490 794 1550 Laudensi
819 1491 880 1566 in
911 1490 1168 1564 prioratu
1206 1485 1566 1555 successisse,
1607 1483 1807 1558 liquet,
1847 1482 1982 1541 huic

262 1583 384 1656 jam
409 1580 673 1656 episcopo
709 1580 878 1650 facto,
909 1586 966 1637 et
989 1595 1090 1652 per
1119 1592 1364 1644 annum,
1399 1591 1464 1634 ac
1501 1589 1716 1648 paucos
1755 1589 1980 1632 menses

267 1669 579 1746 superstiti,
608 1686 725 1728 non
763 1668 1016 1744 potuisse
1059 1668 1132 1725 ab
1175 1665 1275 1724 illo
1323 1663 1470 1724 Vitae
1512 1663 1664 1723 Petri
1710 1663 1981 1722 Damiani

267 1759 653 1835 compilandae
683 1755 1044 1835 provinciam
1073 1755 1322 1830 injungi.

339 1846 494 1911 XIV.
520 1847 708 1921 Addo,
748 1845 900 1922 quod
940 1845 1244 1919 utriusque
1279 1843 1520 1902 Joannis
1557 1842 1866 1900 discrimen
1906 1857 1983 1900 ex

267 1935 496 1996 diversa
547 1936 753 2012 patria,
806 1936 1149 2007 diversoque
1203 1933 1404 1992 mortis
1462 1938 1715 2005 tempore
1757 1930 1981 2005 colligi-

266 2032 407 2085 tur:
448 2026 679 2086 tradunt
721 2040 931 2098 nempe
981 2024 1308 2096 scriptores,
1357 2023 1641 2081 Joannem
1680 2021 1831 2078 Petri
1870 2021 1984 2078 Da-

265 2115 451 2178 miani
498 2116 876 2192 discipulum,
911 2115 1156 2188 ejusque
1205 2111 1354 2172 Vitae
1405 2113 1762 2187 scriptorem,
1799 2111 1985 2184 ipsius

266 2209 443 2268 etiam
480 2207 800 2275 concivem,
831 2219 1040 2277 nempe
1065 2203 1467 2263 Ravennatem
1497 2203 1698 2272 fuisse,
1733 2203 1988 2262 Joannes

266 2304 460 2358 autem
514 2295 866 2367 Eugubinus
917 2293 1240 2366 episcopus,
1295 2292 1481 2365 patria
1537 2291 1874 2358 Laudensis,
1925 2291 1990 2349 in

266 2385 559 2454 Insubria,
589 2400 708 2443 non
747 2384 809 2442 in
855 2381 1094 2440 jEmilia
1131 2386 1306 2441 natus
1355 2388 1456 2440 est.
1490 2382 1596 2441 Ille
1636 2383 1873 2457 quidem
1925 2383 1990 2441 in

269 2473 598 2536 calendario
655 2473 957 2533 Avellanaa
1008 2471 1219 2530 obiisse
1285 2477 1517 2530 notatur
1580 2471 1674 2529 die
1731 2471 1799 2528 ‘26
1853 2470 1992 2529 Maii

275 2567 432 2628 1115.
463 2567 574 2625 Hic
627 2581 762 2625 vero
813 2564 1000 2623 Deum
1046 2563 1187 2622 adiit
1225 2562 1318 2623 die
1357 2563 1392 2622 2
1424 2562 1778 2637 Septembris
1830 2562 1985 2621 1106.

269 2657 378 2718 Ille
413 2657 567 2732 apud
601 2654 905 2714 Avellanaa
943 2669 1229 2724 eremum,
1269 2654 1363 2712 hic
1398 2654 1552 2728 apud
1602 2652 1990 2712 cathedralem

273 2747 522 2820 Eugubii
551 2765 566 2817 ;
608 2745 707 2804 ille
739 2745 1001 2819 privatus
1036 2744 1373 2816 monachus,
1411 2744 1506 2801 hic
1545 2758 1619 2800 ex
1654 2741 1846 2816 priore
1877 2741 1992 2814 epi-

276 2851 501 2910 scopus.
536 2834 643 2894 llle
685 2834 925 2910 quidem
974 2833 1171 2908 aliqua
1209 2833 1610 2892 sanctimoniae
1647 2830 1818 2890 laude
1851 2832 1992 2890 insi-

273 2929 426 3004 gnis,
459 2926 558 2986 sed
599 2941 791 3000 neque
827 2925 1032 2996 sancti,
1073 2940 1263 2999 neque
1302 2924 1452 2983 beati
1491 2923 1808 2998 aliquando
1849 2922 1987 2981 titu-

273 3018 402 3077 lum
428 3017 708 3092 adeptus;
743 3016 839 3075 hic
868 3031 1006 3076 vero
1036 3016 1235 3076 multis
1276 3021 1400 3090 post
1432 3016 1657 3075 obitum
1689 3015 1989 3075 miraculis

272 3107 484 3173 clarus,
515 3121 550 3164 a
594 3105 857 3166 Paschali
905 3105 962 3165 II
1011 3111 1344 3166 sanctorum
1391 3103 1647 3178 catalogo
1687 3111 1772 3163 est
1808 3105 1988 3162 ascri-

2048 513 2390 577 argumenta
2417 505 2678 584 allegato.

2120 593 2242 652 XV.
2293 597 2485 670 Atque
2526 598 2652 658 haec
2692 615 2722 658 e
2764 599 2964 658 multis
3009 615 3070 657 1n
3122 599 3516 659 Laderchiana
3563 599 3768 660 Histo-

2050 685 2136 742 ria
2178 684 2480 746 adnotasse
2519 688 2784 761 suﬂiciat,
2815 689 2946 750 aliis
2984 689 3140 747 enim
3181 690 3357 759 curis,
3391 691 3464 748 ab
3495 690 3602 750 hoc
3635 697 3770 750 stu-

2051 770 2282 831 diorum
2335 790 2545 847 genere
2597 793 2691 836 me
2746 777 3034 852 potentius
3091 779 3484 850 avocantibus,
3561 780 3773 838 cedere

2053 875 2240 934 cogor.
2277 861 2339 921 Si
2372 864 2693 926 desiderato
2733 882 2940 926 rursus
2975 866 3091 926 otio
3121 867 3242 926 frui
3279 867 3592 941 aliquando
3625 868 3771 928 lice-

2054 948 2156 1021 bit,
2208 958 2380 1026 atque
2434 953 2644 1015 iterum
2719 955 3072 1014 Laderchius
3123 955 3245 1030 ipse
3303 955 3552 1031 lapidem
3607 956 3776 1016 hunc

2055 1055 2285 1098 versare
2315 1042 2574 1115 jusserit,
2603 1044 2666 1101 in
2701 1043 2812 1116 his,
2843 1061 2975 1118 quas
3017 1060 3173 1103 nunc
3216 1047 3625 1120 praetermissa,
3665 1051 3776 1105 aut

2054 1130 2310 1203 neglecta
2355 1132 2534 1202 volui,
2565 1134 2902 1208 supplendis
2940 1151 3174 1209 operam
3216 1151 3406 1196 meam
3450 1136 3775 1196 desiderari

2055 1235 2172 1278 non
2225 1221 2424 1295 patiar.
2488 1222 2665 1298 IEqui
2721 1223 2972 1300 bonique
3030 1224 3320 1297 consulat,
3375 1242 3544 1299 rogo,
3601 1226 3778 1286 lucu-

2056 1310 2380 1369 brationem
2427 1312 2577 1370 hanc
2621 1313 2682 1372 P.
2734 1313 3107 1385 Laderchius,
3150 1329 3326 1390 quam
3381 1315 3642 1374 veritatis
3688 1331 3782 1373 ze-

2059 1396 2171 1466 lus,
2225 1403 2281 1456 et
2317 1400 2636 1459 amicorum
2680 1402 2920 1461 consilia
2958 1419 2992 1460 a
3040 1417 3133 1460 me
3180 1403 3582 1476 impetrarunt,
3619 1419 3778 1479 prae-

2063 1485 2260 1546 sertim
2291 1503 2425 1547 cum
2455 1489 2619 1548 illam
2651 1506 2766 1550 non
2796 1491 2998 1563 livido,
3030 1498 3085 1550 et
3109 1507 3332 1563 averso,
3367 1492 3463 1550 sed
3504 1492 3775 1564 candido,

2061 1583 2116 1635 et
2158 1577 2344 1637 amico
2389 1580 2586 1638 animo
2633 1582 2900 1655 scriptam
2949 1582 3232 1652 inveniat,
3264 1599 3370 1640 nec
3398 1598 3510 1642 non
3541 1583 3613 1642 ab
3643 1599 3778 1643 om-

2061 1668 2235 1727 nibus
2276 1669 2393 1727 illis
2435 1671 2648 1730 amaris
2686 1671 2835 1747 jocis
2884 1671 3156 1743 alienam,
3208 1672 3425 1746 quibus
3476 1672 3670 1749 Sejani
3718 1679 3779 1732 et

1998 1757 2264 1848 BRutini
2297 1758 2575 1834 Dialogus
2607 1767 2798 1831 scatet,
2828 1770 3001 1836 atque
3030 1761 3507 1836 intemperantius
3555 1763 3778 1822 redun-

2065 1849 2161 1907 dat
2226 1868 2240 1905 :
2298 1849 2438 1923 quid
2492 1850 2650 1909 enim
2696 1851 2971 1910 conviciis
3019 1867 3167 1926 opus
3223 1857 3306 1910 est
3355 1853 3426 1910 ad
3478 1853 3785 1912 veritatem

2067 1937 2517 1997 vindicandam?
2542 1941 2618 1998 At
2646 1939 2963 2014 dialogistae
3002 1940 3092 1998 illi
3134 1943 3370 1999 fortasse
3399 1942 3782 2015 parcendum,

2067 2029 2171 2102 qui
2213 2029 2283 2098 (si
2321 2029 2460 2102 quid
2505 2031 2849 2104 conjecturis
2893 2033 3285 2106 assequimur)
3312 2038 3412 2091 aut
3443 2031 3494 2090 is
3523 2032 3643 2106 ipse
3672 2038 3783 2103 est,

2067 2124 2167 2176 aut
2197 2133 2271 2176 ex
2303 2134 2369 2175 ea
2400 2120 2612 2193 prodiit
2641 2121 2855 2194 schola,
2891 2121 3059 2195 cujus
3100 2121 3445 2195 magistrum
3480 2121 3636 2194 prior
3667 2121 3786 2180 La-

2069 2207 2342 2267 derchius
2411 2215 2547 2267 tom.
2602 2209 2704 2281 III,
2765 2227 2894 2284 pag.
2960 2211 3062 2268 315
3115 2217 3171 2268 et
3225 2209 3352 2281 3'23,
3414 2209 3789 2269 acerbissime

2072 2297 2484 2369 exagitaverat.
2537 2300 2739 2358 Causae
2789 2316 2926 2374 vero
2975 2306 3189 2358 nostrze
3243 2301 3414 2373 longe
3461 2299 3658 2372 dispar
3699 2308 3790 2360 est

2071 2387 2233 2455 ratio,
2288 2387 2644 2461 proindeque
2698 2394 2754 2446 et
2807 2389 3005 2447 mitior
3059 2395 3145 2447 est
3197 2389 3443 2460 indoles,
3519 2388 3789 2463 quandiu

2073 2476 2290 2534 scilicet
2321 2477 2738 2535 sententiarum
2771 2463 3076 2549 duntaxat,
3111 2494 3229 2536 non
3261 2477 3630 2535 voluntatum
3663 2477 3786 2536 dis-

2074 2563 2340 2624 sensione
2369 2563 2778 2638 discrepamus.
2817 2566 3051 2624 Utinam
3091 2565 3216 2624 hzec
3246 2566 3316 2624 ad
3351 2566 3607 2624 veritatis
3645 2565 3790 2624 illu-

2073 2656 2431 2725 strationem,
2497 2661 2666 2728 atque
2718 2655 2925 2714 eximii
2986 2655 3231 2714 doctoris
3286 2654 3466 2713 PETRI
3519 2654 3790 2714 DAMIANI

2074 2746 2336 2820 gloriam,
2368 2743 2535 2803 nobis
2583 2746 2646 2803 in
2701 2746 2808 2804 hac
2854 2746 3255 2805 dissertatione
3304 2746 3477 2803 unice
3525 2746 3792 2818 proposi-

2071 2843 2210 2908 tam,
2241 2835 2473 2907 cedant;
2509 2852 2614 2894 nec
2638 2837 2868 2910 jurgiis,
2899 2853 2932 2894 a
2961 2837 3173 2911 quibus
3228 2852 3454 2910 semper
3479 2836 3787 2909 abhorrui,

2070 2941 2178 2984 nec
2231 2925 2622 2996 contumeliis,
2650 2941 2683 2982 a
2714 2925 2927 2999 quibus
2956 2926 3234 2985 hactenus
3277 2926 3556 2996 abstinui,
3587 2940 3792 2984 ansam

2069 3015 2249 3073 ullam
2281 3014 2609 3072 ministrent
2642 3038 2653 3072 :
2687 3030 2843 3088 qum,
2874 3021 2938 3074 ut
2972 3031 3234 3075 meorum
3267 3032 3498 3076 summa
3523 3021 3795 3074 votorum

2075 3111 2179 3176 est,
2208 3105 2288 3162 ita
2322 3102 2558 3162 cuilibet
2600 3119 2828 3163 mecum
2881 3105 3196 3178 disputanti
3241 3106 3363 3163 ﬁxa
3399 3106 3492 3174 sit,
3545 3112 3599 3162 et
3649 3111 3791 3178 rata,

274 3200 427 3269 ptus.
459 3193 586 3254 Non
616 3194 806 3269 igitur
844 3201 1087 3269 uterque
1123 3193 1374 3253 Joannes
1418 3209 1451 3252 a
1489 3156 1808 3253 Laderchio
1849 3156 2054 3252 con-C
2076 3156 2339 3250 desidero
2376 3211 2387 3249 :
2423 3199 2712 3267 quatenus
2737 3156 3016 3268 utrinque
3042 3194 3272 3268 pariter,
3313 3217 3334 3246 α
3367 3156 3586 3268 absque
3607 3156 3798 3266 perso:

275 3282 446 3344 fundi
517 3284 810 3358 debuerat,
875 3283 1041 3345 nullo
1100 3285 1421 3359 praesertim
1477 3285 1812 3344 assertionis
1865 3299 1990 3342 suae

2076 3298 2288 3342 narum
2307 3283 2686 3359 praejudiciis,
2707 3285 2966 3344 veritatis
2985 3285 3323 3359 praajudicia
3353 3283 3784 3344 vindicentur.»

880 3739 1708 3856 GODEFRIDI
1817 3736 2750 3854 HENSCHENII
2861 3737 2973 3852 S.
3077 3738 3189 3851 J.

1503 3977 1618 4049 DE
1673 3979 1756 4051 B.
1815 3975 2102 4051 PETRO
2155 3975 2567 4052 DAMIANO

1098 4159 2213 4283 COMMENTARIUS
2315 4172 2986 4284 PR/EVIUS.

1329 4395 1455 4476 (Em
1482 4395 1827 4459 Februario
1858 4395 2320 4471 Bollandiano,
2358 4396 2472 4461 sub
2500 4397 2609 4480 die
2642 4396 2771 4476 33.)

1848 4593 2241 4604 ———————-——

298 4880 526 4934 Eremus
557 4877 776 4934 'sanctae
861 4879 1046 4935 Crucis
1098 4877 1284 4932 Fontis
1366 4877 1626 4933 Avellani
1685 4881 1744 4932 in
1798 4880 2013 4934 diceeesi

370 4966 663 5038 Eugubina
742 4967 926 5023 ordini
1002 4967 1411 5025 Camaldulensi
1507 4971 1794 5041 adjuncta.
1850 4972 2009 5027 Illius

370 5061 705 5123 institutum,
795 5061 1214 5128 incrementum;
1308 5061 1561 5116 monachi
1647 5065 1825 5118 sancti
1911 5061 2010 5114 sub

374 5151 435 5210 B.
465 5151 622 5207 Petro
641 5151 931 5206 Damiano.

377 5275 426 5332 1.
459 5269 768 5344 Iug-avium,
824 5269 948 5332 sive
991 5277 1262 5343 Iguvium,
1317 5273 1572 5334 Umbriae
1617 5274 1698 5333 cis
1748 5271 2024 5346 Apenni:

307 5379 450 5424 num
495 5367 769 5440 Oppidum
807 5366 871 5426 in
921 5365 1061 5440 ipsis
1109 5367 1396 5426 montium
1439 5365 1749 5436 radicibus,
1803 5363 2014 5424 Caesari

303 5452 344 5512 l.
381 5451 571 5512 IBelli
610 5457 819 5528 civilis,
851 5454 1115 5515 Ciceroni
1165 5456 1203 5514 1.
1257 5468 1360 5529 vn,
1418 5455 1490 5514 ad
1539 5454 1794 5513 Atticum
1845 5452 2009 5526 epist.

307 5543 395 5612 13,
430 5540 572 5603 Silio
604 5543 800 5606 Italico
829 5547 870 5607 1.
904 5558 1031 5621 VIII,
1061 5545 1311 5622 aliisque
1339 5545 1599 5617 antiquis
1641 5541 2013 5618 scriptoribus

310 5641 534 5706 notum,
594 5635 765 5694 hodie
825 5640 1154 5707 Eugubium.
1209 5637 1368 5698 Italis
1419 5635 1626 5692 Gubbio
1683 5641 1735 5692 et
1794 5635 2012 5703 Agubio

2027 4731 2308 4794 Ddicitur
2341 4749 2353 4786 :
2386 4730 2539 4805 quod
2575 4737 2764 4790 tamen
2792 4744 2866 4787 ex
2897 4728 3107 4788 vicinis
3144 4727 3373 4800 antiqui
3401 4725 3595 4802 oppidi
3629 4727 3805 4787 rude-

2095 4822 2280 4892 ribus,
2333 4828 2458 4896 post
2508 4821 2893 4880 barbarorum
2939 4819 3002 4877 in
3053 4816 3275 4877 Italiam
3336 4815 3809 4891 inundationem,

2096 4916 2479 4969 restauratum
2517 4910 2740 4969 volunt.
2785 4909 2964 4970 Sedes
3015 4907 3135 4966 illic
3179 4907 3321 4966 olim
3369 4912 3552 4966 erecta
3598 4907 3816 4980 episco-

2094 5001 2260 5074 palis,
2317 5001 2413 5060 cui
2453 5000 2666 5059 saeculo
2713 4998 2926 5060 Christi
2976 4998 3288 5057 undecimo
3330 4996 3525 5071 plures
3571 4996 3816 5071 praefue-

2095 5094 2256 5162 runt,
2311 5089 2594 5163 assumpti
2646 5105 2678 5148 e
2731 5089 3080 5149 monasterio
3133 5091 3319 5146 Eremi
3373 5093 3575 5146 sancte
3625 5088 3816 5144 Crucis

2093 5182 2280 5236 Fontis
2328 5181 2608 5244 Avellani,
2642 5181 2765 5239 sive
2807 5182 3089 5236 Avellanre
3123 5198 3134 5237 :
3167 5176 3320 5252 quod
3369 5176 3636 5235 millibus
3684 5190 3815 5250 pas-

2096 5287 2272 5330 suum
2345 5269 2778 5342 quatuordecim
2833 5286 2866 5329 a
2923 5271 3153 5328 civitate
3221 5265 3540 5338 Eugubina
3619 5263 3812 5335 distat,

2094 5360 2271 5420 situm
2311 5359 2374 5417 in
2415 5358 2707 5417 radicibus
2754 5359 2970 5418 montis
3014 5355 3218 5417 Gatriaa
3263 5371 3464 5414 versus
3507 5354 3812 5425 orientem,

2095 5451 2183 5511 uti
2211 5451 2333 5510 illic
2362 5466 2493 5524 pars
2524 5450 2816 5524 Apennini
2859 5440 3182 5526 appellatur
3214 5449 3274 5506 in
3316 5447 3599 5506 Chronico
3632 5444 3814 5505 Gual-

2095 5541 2280 5612 densi,
2337 5539 2564 5614 antiqui
2620 5541 2932 5616 scriptoris,
2981 5545 3036 5596 et
3083 5538 3156 5597 ab
3204 5552 3499 5611 anonymo
3550 5534 3813 5610 ejusdem

2095 5632 2203 5692 loci
2271 5630 2506 5690 eremita
2579 5631 2732 5706 apud
2812 5630 3173 5703 Cajetanum,
3230 5627 3291 5686 in
3351 5624 3689 5701 praefatione
3737 5626 3812 5684 ad
