4034 6476
80 356 139 414 89
576 345 1151 408 PROLEGOMENA.
1194 377 1263 390 -
1300 345 1397 405 DE
1441 343 1498 404 S.
1546 343 1786 404 PETRO
1827 342 2169 403 DAMIANO
2211 339 2675 403 HENSCHENII
2716 345 3099 406 COMMENT.

85 479 268 557 Opera
317 476 386 537 B.
428 474 580 536 Petri
620 471 910 534 Damiani.
965 471 1272 532 Petrarcha
1325 472 1366 532 l.
1423 483 1485 544 II,
1547 469 1619 529 de
1671 467 1866 538 VitaA
1887 469 2217 530 referuntur

87 570 367 641 solitaria,
399 575 559 627 tract.
597 579 680 638 Ill,
716 580 840 640 cap.
878 563 962 635 17,
1002 587 1023 616 α
1068 561 1490 637 quietissimam
1531 562 1802 632 indigetat

89 657 468 720 solitudinem
505 656 567 715 in
603 654 785 714 Italia
817 653 1026 724 medio,
1053 653 1124 712 ad
1165 652 1468 712 sinistrum
1508 651 1804 726 Apennini

91 750 264 820 latus,
293 763 426 822 qua
449 752 613 804 vetus
631 745 824 803 adhuc
843 741 1040 801 Fontis
1064 741 1365 801 Avellana
1390 757 1600 801 nomen
1619 757 1805 801 serva-

91 839 204 910 bat,
239 861 270 889 ι»
301 837 442 896 dum
478 835 530 894 is
577 834 790 893 saeculo
836 846 943 892 XIV
993 831 1306 905 scriberet;
1357 850 1516 894 nunc
1560 849 1804 909 eamque

92 934 293 986 sancta
348 929 535 984 Crucis
587 927 808 981 titulum
866 941 1048 993 gerere
1103 923 1369 982 observat
1439 923 1806 997 Augustinus

93 1016 464 1076 Florentinus
542 1014 580 1073 l.
651 1031 688 1072 v
761 1012 1034 1071 Historia
1110 1012 1588 1084 Camaldulensis,
1642 1029 1691 1072 c.
1751 1013 1805 1085 7,

94 1122 338 1182 eamque
387 1111 587 1162 sancta
635 1107 822 1162 Crucis
872 1101 1400 1162 nomenclationem
1451 1109 1808 1178 assumptam

95 1196 162 1255 ob
187 1202 375 1254 sexta
401 1194 565 1252 feria
597 1193 917 1268 jejunium,
957 1198 1212 1266 tempore
1260 1191 1325 1252 B.
1361 1191 1514 1250 Petri
1537 1191 1807 1251 Damiani

97 1286 309 1344 ibidem
339 1291 614 1359 captum.

162 1374 220 1432 2.
263 1374 386 1434 Hoc
427 1378 614 1431 Fontis
668 1376 930 1430 Avellani
984 1375 1368 1438 eremitorium,
1426 1378 1492 1432 ut
1536 1371 1811 1431 nonnulli

100 1465 401 1539 appellant,
457 1464 605 1522 circa
644 1480 738 1522 an.
791 1463 1001 1522 Christi
1050 1463 1454 1534 millesimum,
1484 1468 1584 1522 aut
1638 1461 1811 1536 paulo

101 1561 228 1612 ante
261 1551 510 1611 traditur
547 1559 912 1611 exstructum
953 1567 987 1610 a
1021 1551 1271 1627 quodam
1313 1550 1618 1624 Lodulpho
1669 1548 1810 1608 Ges-

103 1643 258 1702 sonis
306 1642 451 1712 ﬁlio,
499 1641 602 1718 qui
648 1642 711 1700 in
766 1641 1098 1716 episcopum
1145 1641 1527 1714 Eugubinum
1575 1640 1809 1708 electus,

104 1731 253 1790 ultro
288 1730 386 1789 isti
437 1731 644 1790 honori
692 1730 904 1790 cessit:
940 1745 1113 1806 quem
1154 1737 1344 1789 tamen
1381 1746 1456 1790 ex
1484 1745 1677 1790 eremo
1712 1729 1812 1788 illa

108 1819 302 1879 Fontis
317 1819 587 1909 Avellani
608 1817 1275 1909 admiseruntJulianus,
1298 1818 1686 1889 Theobaldus,
1709 1833 1812 1877 seu
1832 1848 1879 1909 Β
1901 1823 2158 1894 tempore
2233 1820 2541 1897 utebantur

3523 350 3604 409 90

2267 488 2281 529 :
2333 485 2467 546 qua
2523 485 2656 530 cum
2709 470 2840 530 aliis
2893 471 3243 546 quibusdam
3297 474 3358 532 in
3417 487 3599 535 unam

1888 559 2228 617 coaluerunt
2256 559 2784 631 congregationem,
2828 561 2998 634 cujus
3025 569 3199 635 caput
3223 561 3337 620 fuit
3370 576 3599 621 eremus

1889 655 2100 706 sancta
2139 649 2338 707 Grucis
2383 648 2582 707 Fontis
2632 649 2944 708 Avellani:
2990 655 3162 724 athe
3205 651 3284 710 ita
3329 658 3602 708 monaste-

1887 745 2032 795 rium
2064 747 2264 797 sancta
2309 744 2503 798 Maria
2537 741 2608 798 ad
2641 748 2832 815 portas
2868 740 3008 800 olim
3039 743 3201 801 urbis
3232 741 3593 816 Faventina,

1889 845 2048 888 nunc
2097 830 2388 889 manibus
2435 829 2755 902 inclusum,
2805 829 2866 888 in
2921 846 3036 904 quo
3082 831 3148 892 Β.
3194 833 3396 893 Petrus
3442 833 3599 892 diem

1890 926 2217 978 extremum
2260 920 2394 977 vita
2445 919 2670 989 clausit,
2702 921 2914 976 ordinis
2948 923 3332 978 monachorum
3372 941 3600 994 congre-

1891 1011 2130 1076 gationis
2178 1011 2237 1066 S.
2280 1009 2463 1065 Crucis
2507 1009 2789 1064 Avellana
2828 1007 3040 1067 dicitur
3093 1009 3152 1067 in
3209 1009 3426 1069 Histor.
3472 1027 3601 1070 m0-

1891 1097 2109 1155 nastica
2166 1097 2475 1171 cujusdam
2531 1097 2812 1171 anonymi
2868 1097 3230 1159 Benedictini
3287 1116 3601 1175 congrega-

1894 1187 2067 1246 tionis
2100 1185 2160 1246 S.
2189 1186 2461 1257 Justina,
2489 1187 2644 1261 apud
2673 1186 3034 1261 Cajetanum,
3067 1190 3131 1248 in
3164 1190 3502 1264 prafatione
3530 1191 3602 1249 ad

1893 1294 2064 1352 opera
2111 1278 2176 1337 Β.
2211 1279 2383 1349 Petri,
2421 1295 2596 1353 quem
2646 1279 2727 1336 ait
2770 1280 2920 1337 circa
2973 1295 3069 1338 an.
3125 1279 3263 1339 1480
3311 1281 3602 1340 ﬂoruisse.

1894 1367 2202 1440 Regulam,
2235 1375 2290 1426 et
2307 1367 2545 1428 vivendi
2577 1367 2908 1426 institutum
2936 1368 3113 1442 hujus
3134 1369 3606 1443 Congregationis

1893 1456 2236 1530 praescribit,
2268 1465 2440 1532 atque
2467 1455 2720 1531 explicat
2752 1455 2818 1515 B.
2848 1457 3052 1515 Petrus
3081 1458 3366 1532 opusculo
3399 1470 3505 1529 xv,
3543 1459 3608 1517 in

1894 1546 2078 1620 capita
2113 1546 2175 1604 31
2211 1546 2503 1605 distincto.
2534 1546 2637 1604 Ast
2663 1544 2942 1619 opusculo
2981 1558 3088 1605 XIV
3133 1547 3205 1605 ad
3244 1548 3607 1621 exemplum,

1895 1643 1952 1696 et
2009 1637 2393 1696 imitationem
2442 1647 2802 1712 posterorum
2847 1640 3088 1712 exponit
3135 1639 3382 1714 regulas,
3427 1645 3484 1697 et
3519 1638 3614 1696 vi-

1896 1727 2074 1788 vendi
2113 1728 2396 1794 instituta,
2430 1728 2644 1802 quibus
2673 1731 2933 1788 eremita
2973 1729 3173 1789 Fontis
3199 1727 3470 1787 Avellani
3505 1742 3610 1786 suo

2594 1841 2606 1880 :
2667 1820 2874 1895 iisque,
2935 1826 3001 1880 ut
3067 1821 3170 1894 qui
3209 1825 3337 1895 post
3389 1835 3450 1878 se
3500 1817 3621 1876 illic

109 1909 411 1981 Tedaldus,
496 1907 557 1968 S.
633 1907 998 1982 Rodulphus,
1058 1907 1409 1982 Maynardus
1468 1929 1481 1968 :
1565 1907 1863 1984 quorum?
1901 1912 2111 1969 victuri
2147 1918 2286 1969 sunt
2329 1918 2589 1982 utantur,
2620 1926 2811 1984 neque
2853 1912 2926 1969 ad
2963 1911 3246 1970 laxiorem
3298 1911 3433 1969 vita
3480 1924 3616 1967 nor-

108 1999 459 2074 temporibus
495 1999 646 2058 vixit
674 1997 738 2056 B.
777 1998 978 2057 Petrus
1010 1997 1350 2070 Damianus,
1383 2005 1437 2056 et
1474 1998 1734 2072 quidem,
1767 1997 1818 2055 si
1900 2015 2056 2058 mam
2113 2000 2427 2070 declinent,
2495 2001 2838 2073 gravissime
2920 2001 3256 2059 obtestatur.
3317 1999 3418 2056 Est
3489 1998 3617 2055 hac

107 2091 351 2167 priimus
370 2088 712 2162 excipiatur,
727 2095 1033 2162 postquam
1049 2088 1428 2147 monasticam
1445 2086 1816 2160 disciplinam
1901 2087 2101 2147 Fontis
2136 2088 2409 2147 Avellani
2447 2104 2677 2148 eremus
2723 2095 2857 2147 ante
2895 2096 3132 2147 centum
3171 2088 3400 2146 circiter
3430 2103 3614 2148 annos

110 2181 166 2238 in
194 2179 298 2238 illa
323 2192 520 2236 eremo
560 2177 868 2252 amplexus
906 2183 1030 2235 est:
1060 2177 1163 2250 qui
1210 2176 1472 2252 aliquam
1504 2177 1614 2235 sibi
1644 2177 1819 2234 etiam
1901 2180 2093 2238 ordini
2133 2179 2561 2238 Camaldulensi
2604 2181 2895 2253 adjuncta,
2935 2180 2996 2238 id
3040 2180 3343 2253 agentibus
3380 2179 3611 2253 potissi-

111 2270 369 2344 ejusdem
404 2268 677 2328 Ecclesia
738 2283 940 2328 curam
992 2268 1324 2340 impositam
1385 2269 1565 2326 fuisse
1622 2265 1820 2324 scribit
1903 2283 2072 2327 mum
2101 2268 2268 2328 Petro
2299 2269 2744 2328 Franceschinio
2775 2268 3610 2342 Balnecaballensivisitatore,

113 2359 284 2433 Epist.
326 2358 412 2428 14,
446 2358 484 2418 l.
515 2371 557 2428 I,
588 2358 660 2416 ad
688 2357 1095 2416 Alexandrum
1122 2356 1179 2415 II
1211 2357 1543 2430 pontiﬁcem
1576 2357 1670 2415 his
1689 2371 1820 2414 ver-
1904 2364 1959 2415 et
1987 2355 2146 2416 Julio
2194 2357 2456 2416 Roboreo
2491 2357 2782 2416 cardinale
2813 2357 3080 2431 episcopo
3112 2357 3392 2416 Urbinate
3426 2363 3615 2417 creato

114 2449 195 2508 bis
225 2469 238 2507 :
272 2473 300 2501 α
329 2447 493 2518 Quod
526 2447 836 2522 Eugubina
871 2448 1145 2520 Ecclesia,
1178 2463 1310 2521 qua
1357 2447 1506 2506 mihi
1534 2447 1762 2506 dudum
1789 2462 1822 2505 a
1905 2463 2060 2506 anno
2095 2447 2254 2522 1548,
2295 2450 2397 2525 qui
2437 2451 2620 2508 factus
2658 2449 2791 2509 dein
2819 2448 3162 2509 Vicentinus
3194 2451 3516 2527 episcopus,
3552 2467 3619 2510 ac

115 2538 314 2597 vestris
343 2537 740 2596 decessoribus
785 2543 870 2595 est
899 2537 1227 2610 commissa,
1269 2553 1429 2595 nunc
1458 2537 1602 2610 proh
1634 2536 1816 2607 dolor,
1903 2545 2096 2613 postea
2204 2539 2669 2612 archiepiscopus
2761 2539 3112 2611 Ravennas,
3199 2535 3464 2601 mortuus
3539 2545 3626 2599 est

116 2634 194 2685 est
231 2627 474 2686 omnino
501 2626 762 2698 confusa,
793 2633 848 2684 et
876 2625 1036 2685 velut
1062 2642 1212 2697 area,
1248 2641 1381 2699 qua
1413 2625 1660 2698 pedibus
1691 2640 1824 2683 con-
1907 2643 2061 2687 anno
2115 2627 2272 2687 1578.
2315 2628 2708 2687 Meminerant
2739 2629 2918 2703 hujus
2949 2631 3376 2702 conjunctionis
3416 2632 3619 2691 Petrus

117 2717 384 2787 calcatur,
426 2715 680 2789 abjecta:
716 2715 960 2790 peccatis
1003 2715 1147 2774 meis
1195 2715 1256 2773 id
1307 2713 1676 2788 exigentibus
1722 2713 1824 2771 de-
1908 2716 2251 2777 Ricordatus
2290 2717 2484 2776 Diario
2513 2721 2544 2777 4
2577 2717 2847 2777 Historia
2891 2720 3248 2790 monastica,
3292 2737 3326 2778 a
3355 2720 3624 2795 Cajetano

119 2812 266 2880 puto.
291 2825 321 2860 »
348 2803 508 2864 Idem
543 2803 707 2877 epist.
743 2804 796 2875 8,
835 2803 873 2861 l.
909 2815 992 2874 1v,
1027 2805 1152 2862 hac
1195 2801 1510 2877 Meynardo
1560 2801 1826 2877 episcopo
1909 2805 2136 2876 citatus,
2186 2807 2556 2880 Augustinus
2596 2806 2967 2866 Florentinus
3010 2806 3048 2865 l.
3097 2821 3161 2867 III
3231 2808 3623 2868 Historiarum

122 2895 419 2970 Eugubino
466 2895 700 2954 mandat
748 2914 761 2953 ε
829 2915 856 2948 ‹‹
889 2894 1172 2964 Instaura,
1227 2891 1578 2951 venerabilis
1627 2893 1822 2964 frater,
1910 2892 2446 2954 Camaldulensium
2499 2895 2734 2970 aliique.
2788 2895 2872 2954 De
2927 2895 3140 2955 Ordine
3193 2896 3627 2957 Camaldulensi

122 2985 380 3046 Ecclesia
431 2991 547 3044 tua
593 2985 831 3060 pradia,
863 2984 1102 3060 prodige
1148 2984 1528 3044 sacularihus
1572 2983 1820 3044 tradita:
1910 2986 2139 3058 egimus
2187 2986 2220 3044 7
2272 2984 2441 3043 Febr.
2504 2983 2576 3042 ad
2637 2981 2696 3042 S.
2750 2983 3064 3044 Romualdi
3121 2987 3248 3058 ejus
3303 2987 3626 3047 fundatoris

121 3093 310 3136 revoca
331 3077 550 3136 diversi
582 3076 810 3152 generis
841 3082 1180 3136 ornamenta
1213 3082 1488 3135 nocenter
1518 3074 1779 3148 exposita
1809 3093 1824 3132 :
1911 3071 2126 3146 Vitam,
2171 3089 2348 3149 quam
2383 3074 2448 3133 B.
2499 3073 2702 3132 Petrus
2749 3073 3070 3132 Damianus
3105 3073 3352 3148 scripsit,
3401 3095 3429 3128 «
3466 3089 3624 3132 com-

124 3174 170 3223 et
197 3167 398 3226 saltem
427 3166 689 3239 insignia
727 3181 976 3240 quaque
1024 3166 1117 3224 vel
1159 3164 1377 3264 optima
1423 3165 1822 3233 restituantur,
1845 3162 2140 3272 Cpulsus,
2181 3169 2245 3222 ut
2284 3163 2348 3222 in
2402 3162 2640 3238 prologo
2691 3168 2952 3272 testatur,
3000 3163 3322 3224 multorum
3359 3165 3629 3224 Fratrum

123 3271 244 3330 qua
281 3255 640 3329 pralationis
692 3263 807 3316 tua
868 3261 1119 3328 tempore
1165 3253 1420 3330 graviter
1460 3253 2179 3327 suspiramus”precibus
2234 3260 2289 3313 et
2347 3269 2621 3327 germana
2674 3253 2952 3312 charitate
3004 3255 3329 3314 devinctus.
3383 3275 3411 3308 »
3468 3255 3629 3314 Idem

121 3343 316 3403 ablata.
355 3369 377 3396 ι
409 3345 553 3404 Hac
570 3343 670 3404 ille
702 3360 805 3418 pro
835 3344 1230 3405 sollicitudine
1258 3345 1386 3418 ejus
1413 3342 1684 3401 Ecclesia
1714 3341 1826 3400 sibi
1911 3343 2189 3417 opusculo
2253 3355 2361 3414 XV,
2421 3349 2553 3402 ante
2623 3342 2793 3400 citato
2861 3341 2931 3400 de
2995 3357 3119 3400 sua
3169 3345 3630 3419 congregationis

122 3433 454 3494 commissa.
492 3437 570 3493 At
596 3434 881 3494 librorum
918 3451 953 3493 a
987 3450 1049 3494 se
1083 3433 1538 3506 conscriptorum
1577 3433 1824 3507 judices,
1911 3433 2194 3495 institutis
2227 3451 2277 3494 c.
2313 3433 2380 3493 16
2413 3435 2821 3494 discretionem
2866 3432 3150 3492 debilium
3193 3435 3256 3492 in
3294 3435 3503 3508 prioris
3531 3433 3626 3493 sui

122 3538 182 3581 ac
225 3523 389 3598 quasi
444 3538 732 3596 censores,
771 3523 1068 3583 constituit
1105 3526 1165 3581 S.
1216 3523 1568 3595 Rodulphum
1618 3525 1828 3595 episco-
1911 3524 2128 3584 arbitro
2181 3523 2509 3598 ponendam
2576 3523 2760 3595 docet,
2809 3523 2871 3582 in
2923 3524 3262 3598 exemplum
3325 3522 3631 3596 disciplina

120 3629 244 3684 pum
268 3612 622 3680 Eugubinum
651 3618 708 3671 et
755 3614 1111 3670 Theodosium
1149 3613 1630 3681 Senogalliensem,
1658 3610 1826 3685 cujus
1914 3614 1975 3675 S.
2005 3614 2316 3675 Romualdi
2343 3614 2615 3687 adducta,
2643 3619 2698 3673 et
2726 3613 2877 3672 infra
2925 3614 2990 3672 in
3026 3613 3180 3686 Vita,
3210 3628 3270 3672 n.
3307 3611 3393 3684 19,
3419 3612 3632 3671 dicitur

124 3702 287 3760 etiam
335 3701 602 3761 diacesis
657 3718 849 3762 eremo
904 3703 1106 3762 Fontis
1154 3701 1423 3762 Avellani
1497 3703 1688 3760 vicina
1744 3705 1830 3759 est
1911 3705 1982 3764 ad
2019 3711 2275 3764 montem
2330 3705 2602 3778 Pregium
2656 3703 3006 3762 «invenisse
3062 3702 3354 3772 cellulam,
3397 3701 3460 3757 in
3515 3715 3631 3775 qua

126 3808 314 3852 versus
338 3808 498 3852 mare
526 3793 907 3855 Adriaticum.
939 3795 1141 3854 Exstat
1155 3793 1396 3868 epistola
1420 3792 1492 3853 ad
1520 3794 1652 3852 illos
1675 3793 1715 3851 l.
1742 3804 1824 3863 1v,
1911 3795 1978 3854 B.
2010 3795 2408 3855 Romualdum
2431 3793 2730 3868 quondam
2759 3791 3040 3851 mansisse
3063 3791 3337 3863 ferebant,
3377 3814 3399 3843 ι
3433 3789 3633 3866 ibique

126 3897 177 3941 n.
225 3883 309 3942 11.
361 3882 443 3942 De
478 3883 762 3959 episcopis
811 3885 1139 3960 Eugubinis
1193 3890 1250 3943 et
1295 3883 1829 3958 Senogalliensibus
1916 3902 1945 3937 ‹‹
1976 3883 2350 3942 eremitarum
2376 3881 2652 3942 fundasse
2680 3877 3035 3939 habitacula.
3077 3901 3100 3931 ι.

125 3970 351 4030 consule
378 3971 606 4031 Italiam
634 3989 855 4033 sacram
885 3973 1139 4048 Ughelli.

187 4071 238 4129 3.
265 4069 514 4142 Quinam
558 4075 902 4147 prafuerint
931 4075 1071 4134 huic
1099 4087 1294 4133 eremo
1327 4072 1532 4130 Fontis
1557 4071 1830 4130 Avellani

126 4164 247 4217 ante
280 4158 346 4218 B.
375 4159 731 4219 Damianum
764 4161 990 4221 Priores
1022 4163 1125 4234 (ita
1157 4154 1542 4221 Moderatores
1571 4159 1832 4235 appella-

127 4247 348 4320 bantur)
425 4250 673 4310 necdum
751 4251 1021 4326 legimus.
1108 4252 1238 4328 Ipse
1321 4253 1522 4312 beatus
1605 4249 1828 4322 Petrus,

127 4351 310 4410 opusc.
357 4349 579 4411 XXXIV,
611 4355 662 4398 c.
712 4340 744 4397 6
778 4363 790 4397 :
829 4362 848 4390 ι
885 4340 955 4398 In
991 4341 1119 4413 hac,
1154 4341 1367 4416 inquit,
1409 4353 1601 4399 eremo
1634 4339 1834 4398 Fontis

128 4425 407 4498 Avellani,
438 4426 544 4487 ubi
575 4443 732 4488 nunc
771 4428 986 4500 habito,
1023 4429 1181 4504 prior
1212 4429 1452 4506 quidam
1491 4431 1681 4490 fuerat
1726 4444 1832 4488 no-

130 4513 276 4573 mine
321 4515 615 4586 Joannes;
647 4539 669 4567 -
718 4524 772 4574 et
829 4531 1026 4591 opusc.
1070 4529 1179 4591 XV,
1213 4533 1264 4576 c.
1313 4517 1404 4588 28,
1436 4518 1600 4576 docet
1641 4517 1832 4592 qualis

130 4602 319 4663 debeat
357 4605 493 4679 eligi
527 4609 687 4678 prior
714 4611 857 4663 inter
896 4611 1168 4672 eremitas,
1206 4613 1263 4665 et
1293 4607 1587 4683 quomodo
1615 4607 1831 4668 electus

129 4693 318 4753 debeat
364 4699 650 4768 prioratus
703 4699 882 4768 ofﬁcio
928 4697 1138 4768 fungi:
1169 4696 1272 4772 qui
1325 4703 1516 4755 tamen
1564 4698 1718 4756 infra
1771 4697 1835 4756 in

133 4780 252 4842 Vita
283 4782 460 4842 etiam
503 4785 694 4850 abbas,
731 4790 788 4844 et
829 4789 1094 4855 magister
1123 4794 1517 4860 nuncupatur.
1561 4787 1614 4844 A
1652 4790 1836 4845 morte

129 4867 186 4930 B.
226 4871 380 4931 Petri
428 4872 580 4931 rexit
630 4873 912 4932 Eremitas
954 4873 1086 4933 illos
1133 4879 1292 4948 prior
1343 4875 1680 4948 Liprandus,
1740 4874 1836 4934 cui
1892 4866 1898 4873 ’

125 4957 308 5019 Vitam
344 4958 510 5020 illius
549 4960 843 5037 inscripsit
868 4967 1122 5036 Joannes,
1149 4970 1205 5025 et
1232 4965 1354 5038 ipse
1400 4965 1558 5035 dein,
1593 4970 1658 5024 ut
1684 4963 1836 5024 infra

125 5047 358 5118 dicetur,
383 5055 543 5125 prior
574 5055 762 5110 Fontis
807 5053 1072 5110 Avellani
1101 5053 1474 5126 constitutus,
1500 5070 1566 5112 ac
1606 5054 1836 5112 tandem

128 5143 440 5212 Eugubinus
467 5151 695 5205 creatus
733 5149 1036 5217 episcopus.
1071 5145 1196 5216 Quo
1236 5146 1427 5204 forsan
1458 5146 1628 5204 modo
1660 5161 1836 5220 supra

127 5233 420 5292 memorati
475 5233 728 5308 episcopi
797 5234 1094 5308 Eugubini
1145 5251 1218 5293 ex
1282 5235 1583 5295 Prioribus
1640 5235 1837 5294 Fontis

130 5322 388 5380 Avellani
420 5329 558 5380 sunt
592 5323 852 5398 plerique
881 5325 1185 5398 assumpti.

192 5412 246 5470 4.
289 5412 538 5472 Praerat
585 5414 759 5472 etiam
805 5413 873 5473 B.
913 5415 1140 5487 Petrus,
1171 5421 1234 5474 ut
1281 5431 1592 5489 supremus
1637 5415 1837 5475 mode-

135 5507 294 5572 rator,
332 5502 464 5561 aliis
515 5519 616 5579 per
667 5503 895 5563 diversa
953 5506 1076 5565 loca
1134 5507 1454 5581 aggregatis
1513 5507 1834 5580 discipulis,

138 5592 294 5651 utin
351 5607 471 5668 cap.
516 5593 549 5650 7
597 5592 747 5652 Vita
805 5594 1036 5669 dicitur,
1084 5603 1141 5655 et
1186 5595 1270 5654 ibi
1331 5595 1590 5672 quinque
1645 5597 1719 5655 ab
1772 5612 1838 5656 eo

140 5691 412 5746 exstructa
468 5687 838 5760 monasteria,
895 5688 1019 5749 sive
1090 5691 1438 5748 eremitarum
1495 5691 1833 5757 habitacula,

1985 3979 2039 4036 5.
2072 3977 2156 4036 De
2199 3976 2668 4052 possessionibus
2710 3974 2854 4035 huic
2901 3990 3094 4034 eremo
3151 3977 3470 4050 procuratis
3512 3978 3632 4052 agit

1912 4067 1978 4126 B.
2018 4067 2226 4125 Petrus
2261 4066 2544 4140 opusculo
2586 4076 2715 4124 XIV.
2766 4085 2795 4118 ‹‹
2822 4063 2892 4122 In
2938 4064 3046 4124 hoc
3085 4065 3232 4137 loco,
3273 4065 3488 4141 inquit,
3527 4067 3634 4143 qui

1914 4155 2066 4215 Fons
2116 4154 2388 4214 Avellani
2469 4154 2705 4227 dicitur,
2771 4153 3115 4229 plerumque
3192 4154 3424 4228 viginti,
3500 4155 3635 4230 plus

1913 4249 2128 4318 minus,
2165 4247 2437 4306 monachi
2462 4262 2563 4321 per
2590 4244 2848 4317 cellulas,
2872 4245 2996 4304 sive
3019 4245 3081 4304 in
3106 4246 3397 4321 assignata
3423 4245 3636 4321 cuique

1913 4337 2262 4410 obedientia,
2329 4336 2619 4411 degimus,
2677 4343 2741 4396 ut
2798 4350 3002 4395 omnes
3075 4335 3254 4395 simul
3305 4351 3443 4396 cum
3499 4351 3632 4396 con-

1914 4431 2120 4502 versis,
2152 4436 2208 4488 et
2255 4429 2492 4490 famulis
2529 4429 2904 4490 tricenarium
2953 4443 3290 4500 numerum,
3345 4434 3447 4488 aut
3505 4426 3638 4500 vix,

1917 4525 2018 4578 aut
2065 4519 2317 4578 breviter
2352 4519 2726 4580 excedamus.
2761 4543 2788 4568 ιο
2834 4519 2919 4577 Ac
2960 4516 3097 4576 dein
3158 4517 3398 4577 vivendi
3434 4515 3632 4589 regula

1920 4609 2200 4682 exposita,
2263 4606 2372 4666 ista
2424 4607 2641 4678 subdit,
2723 4622 3113 4666 successorem
3201 4606 3263 4664 in
3347 4605 3632 4678 regimine

1921 4695 2394 4756 substituendum
2427 4696 2732 4771 alloquens
2764 4715 2776 4754 :
2811 4717 2838 4745 ιι
2866 4693 2940 4752 Ut
2959 4699 3152 4752 autem
3173 4693 3246 4751 ad
3279 4692 3405 4751 hac
3430 4692 3630 4752 obser-

1921 4787 2112 4845 vanda
2161 4783 2363 4844 nullus
2429 4785 2789 4846 excusationi
2843 4790 3030 4858 pateat
3115 4782 3300 4856 locus,
3351 4783 3526 4858 juxta
3575 4783 3634 4842 id

1920 4877 2074 4953 quod
2105 4876 2411 4949 exiguitati
2464 4875 2576 4934 loci
2625 4872 2869 4934 humilis
2895 4874 3270 4956 competebat,
3306 4874 3640 4935 studuimus

1920 4972 2159 5026 eotenus
2207 4963 2595 5040 possessiones
2648 4962 2968 5037 acquirere,
3015 4969 3082 5021 ut
3116 4963 3461 5037 pradictum
3523 4965 3638 5022 fra-

1920 5063 2076 5119 trum
2118 5072 2432 5117 numerum
2455 5054 2661 5130 possis,
2699 5053 2811 5113 nisi
2852 5052 3159 5112 exercendi
3191 5068 3332 5113 cura
3366 5053 3636 5124 defuerit,

1922 5156 2265 5208 sustentare.
2313 5147 2625 5206 Librorum
2667 5158 2898 5220 quoque
2942 5158 3256 5204 numerum
3301 5159 3418 5202 non
3466 5143 3638 5200 mini-

1920 5253 2088 5297 mum
2140 5234 2580 5310 dereliquimus,
2635 5240 2702 5293 ut
2755 5232 3033 5292 fratribus
3089 5234 3318 5304 nostris,
3378 5231 3482 5305 qui
3532 5247 3638 5306 pro

1919 5328 2089 5390 nobis
2141 5343 2306 5387 orare
2348 5325 2683 5401 dignentur,
2717 5324 3038 5383 meditandi
3082 5323 3304 5397 cepiam
3346 5320 3630 5395 prabere-

1921 5437 2075 5482 Inus.
2116 5417 2534 5478 Bibliothecam
2568 5416 2837 5476 omnium
2879 5413 3116 5484 Veteris,
3150 5420 3204 5470 et
3250 5409 3398 5470 Novi
3437 5410 3638 5471 Testa-

1926 5510 2110 5570 menti
2134 5509 2523 5581 voluminum,
2549 5507 2680 5567 licet
2707 5506 2944 5576 cursim,
2969 5509 3023 5561 et
3042 5516 3144 5574 per
3164 5501 3272 5561 hoc
3297 5517 3412 5561 non
3439 5511 3641 5562 exacto.

1927 5598 2093 5659 vobis
2131 5598 2440 5658 emendare
2470 5597 2825 5658 curavimus.
2861 5592 2950 5648 Ex
2993 5588 3362 5664 passionibus
3404 5606 3637 5667 quoque

1919 5689 2218 5750 beatorum
2275 5694 2626 5761 martyrum,
2683 5697 2757 5741 ex
2809 5676 3069 5741 homiliis
3121 5685 3455 5744 sanctorum
3525 5678 3636 5740 Pa-
