4034 6476
6 61 12 186 ἓ

6 381 10 432 ξ

74 350 128 409 93

554 346 1131 407 PBOLEGOMENA.
1173 377 1240 392 --
1280 347 1376 406 DE
1419 346 1477 405 S.
1522 343 1766 404 PETRO
1806 343 2148 405 DAMIANO
2187 343 2650 406 HENSCHENII
2691 345 3074 406 COMMENT.

3499 347 3569 408 94

73 481 393 553 assumptus
429 475 493 533 in
525 472 709 533 multa
741 474 1038 532 sanctitate
1075 473 1248 546 vixit,
1288 476 1344 533 et
1378 471 1538 534 obiit.
1572 497 1598 521 »
1637 472 1769 531 Dies
1788 471 2094 536 Adeuntes
2127 471 2278 546 apud
2311 473 2729 533 monasterium
2755 476 3013 532 Aceretae
3044 474 3230 549 prima
3265 473 3568 534 mansione

75 574 216 632 illius
239 569 457 630 natalis
484 566 815 642 assignatur
839 566 872 624 7
904 565 1060 640 Sept.

847 676 875 747 Ξ
914 674 989 733 ΙΙ.

76 780 207 834 Petri
255 775 520 832 Damiani
573 769 992 899 lucubratiotnels,
1055 772 1186 828 Vita
1237 771 1355 840 ejus
1413 772 1582 830 edita.
1644 771 1772 828 Dies

798 858 870 897 na
899 859 931 898 a
958 859 1027 899 zs.

798 858 1027 902 natans.

134 948 185 1006 9.
219 969 240 998 ι
277 944 461 1019 Opera
486 942 552 1001 B.
585 940 737 1000 Petri
766 940 1029 1000 Damiani
1063 958 1180 1001 non
1209 943 1335 1001 sine
1362 942 1771 1001 ecclesiastica-

74 1054 190 1102 mm
225 1037 549 1096 litterarum
586 1034 930 1094 detrimento
963 1034 1026 1092 in
1067 1032 1318 1093 tenebris
1352 1034 1510 1093 varie
1538 1034 1774 1108 disjecta

70 1129 318 1204 jacuisse,
355 1147 388 1182 ι)
431 1124 589 1185 testis
625 1128 710 1183 est
742 1122 958 1183 Paulus
989 1123 1038 1182 V
1072 1124 1336 1199 pontifex
1374 1123 1672 1184 maximus
1709 1123 1772 1182 in

77 1223 228 1282 Brevi
263 1221 334 1279 ad
384 1219 830 1280 Constantinum
875 1216 1213 1292 Cajetanum
1267 1218 1620 1277 monachum
1662 1216 1770 1276 Be-

75 1313 417 1372 nedictinum
475 1308 809 1369 monasterii
881 1305 1216 1367 Catanensis
1287 1306 1348 1368 S.
1423 1307 1645 1367 Nicolai
1704 1307 1776 1366 de

76 1409 270 1473 Arena,
301 1402 470 1477 cujus
499 1424 518 1452 α
557 1400 748 1459 labore
771 1407 824 1457 et
867 1397 1170 1470 diligentia
1211 1412 1282 1456 ex
1322 1399 1524 1458 multis
1561 1399 1776 1458 biblio-

80 1497 241 1555 thecis
275 1493 603 1570 conquisita
634 1506 700 1550 ea
749 1496 804 1549 et
849 1489 1090 1550 collecta
1139 1489 1317 1549 fuisse
1355 1489 1577 1550 asserit.
1623 1512 1645 1542 ι
1699 1491 1776 1548 At

71 1587 243 1646 varios
281 1584 545 1659 ejusdem
593 1583 659 1641 B.
693 1580 844 1640 Petri
885 1584 1158 1640 tractatus
1187 1597 1327 1641 mss.
1357 1582 1479 1656 jam
1505 1584 1637 1640 ante
1663 1595 1767 1640 ex-

71 1679 338 1748 eerpserat
387 1689 464 1731 ex
505 1671 868 1730 bibliothecis
917 1669 1237 1744 Casinensi,
1274 1669 1606 1745 Capranica,
1647 1675 1770 1730 tum

70 1765 462 1822 canonicorum
499 1759 754 1820 ecclesiae
798 1758 857 1819 S.
887 1757 1062 1830 Petri,
1095 1765 1266 1832 atque
1303 1758 1541 1818 alterius
1575 1773 1768 1819 coeno-

1854 567 2276 641 hospitaremur
2297 585 2312 639 ;
2356 567 2577 627 ibidem
2618 583 2734 628 non
2779 568 2967 628 solum
3002 567 3178 638 istud,
3219 568 3320 626 sed
3368 572 3424 626 et
3455 567 3569 628 alia

1853 657 2143 732 quaedam,
2171 673 2301 733 quze
2328 658 2608 719 miraculo
2640 658 2777 719 huic
2803 660 3046 718 subdere
3074 658 3428 728 curabimus,
3461 673 3570 718 nos

1853 747 2146 807 addiscere
2195 748 2494 822 contingit,
2542 749 2926 808 referentibus
2971 748 3171 807 eadem
3215 748 3565 824 quibusdam

1853 839 2110 913 ejusdem
2163 839 2495 899 monasterii
2535 839 2832 912 fratribus,
2870 853 2979 898 nec
3022 854 3139 898 non
3185 843 3241 897 et
3276 839 3565 913 praedictae

1855 930 2054 997 eremi,
2102 931 2206 1004 qui
2261 933 2397 989 tunc
2448 929 2550 988 illo
2605 935 3011 989 convenerant.
3056 951 3084 985 »
3135 929 3226 987 Ex
3281 929 3569 1003 adjunctis

1854 1023 2154 1082 miraculis
2193 1023 2430 1097 aliquod
2471 1023 2581 1079 sibi
2615 1026 2848 1080 relatum
2880 1038 2937 1082 n.
2971 1023 3040 1082 24
3068 1023 3270 1082 asserit
3295 1040 3330 1079 α
3364 1024 3562 1091 fratre,

1851 1117 1982 1172 dum
2034 1131 2154 1172 cum
2192 1115 2372 1170 eodem
2410 1131 2445 1171 α
2489 1116 2633 1170 silva
2667 1115 2937 1171 rediisset.
2985 1113 3162 1172 Aliud
3214 1127 3382 1171 num.
3416 1111 3484 1170 27
3514 1117 3571 1169 et

1849 1204 1920 1264 28
1942 1207 2154 1277 narrat,
2173 1209 2341 1277 prout
2362 1203 2431 1274 is,
2465 1203 2560 1262 cui
2581 1202 2728 1262 illud
2749 1202 3100 1262 beneficium
3120 1201 3394 1262 collatum
3422 1204 3562 1275 erat,

1847 1296 2032 1355 factus
2071 1294 2417 1364 monachus,
2464 1296 2706 1351 «totum
2751 1293 2937 1362 nobis,
2973 1291 3184 1367 inquit,
3222 1296 3288 1350 ut
3319 1288 3562 1364 digessi-

1847 1402 1997 1457 mus,
2032 1401 2106 1443 ex
2140 1384 2341 1444 ordine
2376 1384 2683 1442 enarravit.
2717 1407 2745 1433 »
2782 1383 2868 1442 Ita
2907 1399 2967 1442 n.
3009 1383 3080 1442 42
3118 1382 3380 1440 dicturus
3410 1393 3564 1451 sum,

1848 1477 2002 1552 quod
2027 1500 2054 1530 α
2083 1476 2399 1551 majoribus
2430 1475 2576 1534 meis
2606 1473 3017 1548 condiscipulis
3045 1470 3430 1532 referentibus
3449 1484 3557 1527 au-

1851 1567 1991 1627 divi.
2033 1589 2054 1619 n
2098 1569 2174 1626 At
2213 1589 2234 1618 ι
2267 1581 2400 1641 qum
2426 1564 2864 1625 conversionem
2901 1565 3028 1640 ejus
3064 1564 3499 1638 prmcesseruut,
3534 1582 3556 1611 ι

1849 1658 1932 1716 ait
1958 1672 2018 1715 n.
2053 1654 2105 1728 2,
2156 1671 2218 1715 se
2253 1677 2274 1707 ι
2312 1655 2498 1714 relatu
2531 1655 2836 1728 cujusdam
2873 1650 3059 1728 ipsius
3089 1648 3422 1726 propinqui,
3453 1648 3564 1709 viri

1851 1745 2066 1822 gravis,
2095 1749 2151 1805 et
2177 1746 2428 1817 honesti,
2459 1744 2754 1805 audivisse
2781 1769 2794 1804 :
2835 1765 2857 1797 ι
2901 1747 2958 1802 at
2989 1766 3011 1796 ι
3054 1745 3277 1816 partem
3307 1756 3384 1800 ex
3416 1755 3561 1815 quo-

73 1855 142 1913 bii
187 1854 393 1925 Italiaa,
459 1850 732 1926 Aloysius
805 1848 1162 1924 Lipomanus
1216 1849 1516 1924 episcopus
1579 1850 1833 1923 primoB
1854 1841 1987 1899 dam
2013 1837 2548 1913 condiscipulorum
2574 1853 2860 1926 meorum,
2889 1836 3099 1912 inquit,
3131 1835 3236 1910 qui
3267 1834 3394 1908 ejus
3426 1847 3565 1892 con-

75 1943 429 2013 Veronensis,
469 1942 604 2001 dein
641 1940 1063 2013 Bergomensis,
1101 1956 1165 1998 ac
1202 1945 1430 2000 curarat
1463 1939 1612 2013 typis
1653 1939 1770 1999 Ro-

71 2035 242 2094 manis
263 2051 363 2093 an.
401 2034 541 2094 1560
560 2031 808 2107 vulgari,
834 2035 1038 2106 quarta
1061 2037 1219 2106 parte
1239 2033 1381 2092 tomi
1405 2033 1591 2092 octavi
1620 2032 1772 2092 Vita-

71 2141 190 2186 rum
226 2129 561 2182 sanctorum
598 2121 923 2196 priscorum
960 2121 1218 2181 Patrum.
1245 2121 1606 2194 Margarinus
1632 2123 1771 2181 item

67 2214 330 2288 Bignaeus
371 2213 565 2272 varias
600 2213 862 2286 ejusdem
902 2211 968 2272 B.
1011 2211 1164 2271 Petri
1198 2211 1466 2283 epistolas
1502 2211 1771 2287 adjunxit

65 2307 122 2363 in
164 2304 416 2362 auctiore
463 2301 712 2362 editione
763 2301 1138 2360 Bibliotheca)
1188 2305 1451 2361 veterum
1511 2301 1767 2362 Patrum.

65 2395 379 2454 Cardinalis
449 2394 736 2454 Baronius
794 2393 866 2452 ad
923 2412 1017 2453 an.
1079 2395 1236 2466 1017,
1295 2411 1463 2454 num.
1521 2396 1606 2466 15,
1666 2396 1766 2467 ait,

67 2511 92 2540 ει
115 2487 357 2561 singulis
384 2486 570 2545 ferme
589 2485 759 2544 annis
781 2485 1020 2544 dicenda
1043 2501 1230 2557 esse,»
1252 2489 1516 2558 quomodo
1539 2486 1649 2545 «Β.
1675 2487 1771 2547 Ρθ·

67 2586 173 2636 trus
227 2574 547 2649 multiplici
594 2575 830 2634 nomine
871 2573 991 2634 illis
1041 2575 1394 2648 temporibus
1446 2575 1770 2650 perditissi—

67 2670 166 2727 mis
199 2667 477 2727 Ecclesize
521 2667 817 2726 catholicas
865 2667 1164 2741 profuerit,
1191 2682 1327 2726 cum
1380 2667 1452 2746 ad
1501 2667 1768 2726 ecclesia-

68 2761 189 2818 stica
217 2757 449 2833 negotia
484 2758 786 2818 subeunda
813 2763 1050 2817 vocatus
1080 2773 1232 2832 saepe
1258 2775 1331 2818 ex
1359 2775 1548 2818 eremo
1578 2758 1706 2830 fuit,
1740 2783 1766 2809 ιι

67 2866 122 2908 ac
161 2851 376 2926 passim
429 2851 557 2925 ejus
607 2865 696 2924 ep.
755 2850 984 2923 aliaque
1037 2849 1336 2923 opuscula,
1387 2866 1418 2908 e
1478 2852 1772 2912 codicibus

68 2957 190 3000 mss.
245 2941 486 3015 profert.
539 2941 613 2999 At
673 2939 976 3014 Gajetanus
1028 2940 1226 2998 omnia
1284 2940 1546 3014 ejusdem
1597 2956 1769 3016 opera

65 3030 446 3107 undequaque
473 3031 710 3090 collecta
738 3029 800 3088 in
833 3035 946 3088 tres
984 3034 1170 3090 tomos
1197 3028 1486 3106 distinxit,
1516 3049 1771 3106 quorum

64 3121 278 3194 primus
327 3121 589 3180 continet
635 3120 1007 3195 epistolarum
1053 3122 1231 3180 libros
1277 3128 1422 3194 octo,
1482 3112 1771 3184 secundus

1855 1928 2122 1990 tubernio
2147 1933 2282 1986 ante
2315 1943 2410 1985 me
2453 1925 2842 1986 familiaribus
2879 1926 3188 1998 inhaesere,
3219 1929 3441 1999 partem
3468 1939 3565 1983 eo-

1853 2035 2006 2091 rum,
2036 2034 2168 2094 quae
2218 2016 2506 2076 relaturus
2556 2031 2710 2088 sum,
2757 2031 2852 2073 me
2901 2032 2977 2074 ex
3029 2015 3215 2088 ipsius
3268 2013 3422 2072 Petri
3469 2028 3568 2072 ore

1850 2109 2170 2184 suscepisse
2213 2106 2477 2166 memini.
2512 2128 2538 2157 ι)
2589 2104 2663 2164 Et
2690 2119 2856 2163 num.
2896 2103 2959 2163 18
3004 2123 3016 2162 :
3055 2125 3077 2156 ι
3131 2101 3317 2178 Saepe,
3349 2101 3565 2177 inquit,

1850 2199 2017 2259 nobis
2071 2197 2283 2256 referre
2336 2193 2571 2254 solebat.
2627 2218 2654 2243 »
2712 2193 2844 2252 Alia
2908 2192 3082 2253 etiam
3152 2207 3228 2250 ex
3306 2191 3567 2265 ejusdem

1850 2290 1914 2350 B.
1951 2290 2104 2349 Petri
2141 2286 2435 2362 opusculis
2465 2284 2785 2360 excerpsit;
2826 2285 2906 2342 ita
2931 2299 2992 2341 n.
3029 2281 3095 2342 10
3125 2302 3138 2342 :
3174 2301 3202 2337 «
3233 2282 3305 2341 Et
3328 2280 3568 2357 quidem

1849 2382 2092 2457 ipsemet
2117 2385 2232 2440 tam
2281 2380 2410 2448 hoc,
2468 2376 2683 2452 inquit,
2714 2389 2892 2450 quam
2920 2374 3105 2447 aliud,
3141 2373 3296 2450 quod
3335 2373 3404 2431 de
3442 2372 3569 2446 ejus

1849 2471 2168 2547 abjectione
2195 2474 2450 2528 recenter
2474 2468 2596 2526 nati
2632 2467 2902 2542 superius
2931 2466 3125 2539 retuli,
3158 2465 3284 2524 suis
3319 2478 3567 2540 opuscu-

1850 2564 1923 2622 lis
1964 2561 2259 2620 exarando
2302 2560 2567 2618 inseruit.
2605 2581 2625 2609 η
2681 2557 2822 2627 Quae
2857 2571 2906 2616 c.
2953 2555 2985 2613 7
3036 2556 3106 2614 de
3154 2555 3406 2614 Ecclesia
3441 2554 3564 2614 Me-

1849 2648 2173 2710 diolanensi
2207 2646 2569 2707 reconciliata
2604 2650 2934 2717 narrantur,
2975 2666 2997 2715 ᾳ
3041 2644 3106 2701 in
3134 2643 3283 2702 libro
3320 2643 3414 2702 cui
3463 2657 3567 2700 vo-

1850 2741 2145 2812 cabulum,
2183 2740 2356 2796 Actus
2390 2739 2711 2803 Mediolani,
2753 2735 3078 2794 luculenter
3115 2732 3398 2808 exprimi,
3435 2754 3458 2783 »
3489 2732 3570 2790 ait

1850 2850 1984 2910 quae
2009 2833 2227 2892 eisdem
2259 2829 2475 2903 passim
2507 2827 2700 2886 verbis
2732 2825 2972 2886 servatis
2997 2824 3316 2900 descripsit.
3349 2822 3567 2881 Eodem

1851 2923 2040 2997 modo,
2071 2937 2206 2996 quae
2235 2920 2307 2978 de
2352 2921 2696 2975 institutione
2736 2920 2923 2975 Fontis
2953 2917 3217 2974 Asellam"
3249 2930 3309 2974 n.
3343 2913 3431 2986 16,
3463 2919 3570 2972 tra-

1850 3020 2087 3089 duntur,
2122 3015 2255 3074 licet
2291 3027 2484 3072 coram
2521 3015 2736 3082 auctor,
2771 3013 2825 3068 et
2855 3007 3241 3084 conspexerit,
3273 3013 3330 3065 et
3367 3006 3564 3065 obser-

1851 3109 2019 3179 varit,
2051 3112 2244 3166 tamen
2265 3119 2340 3162 ex
2367 3117 2564 3177 opusc.
2599 3112 2710 3160 XIV
2736 3104 2793 3158 et
2821 3111 2907 3159 xv
2934 3099 3238 3173 desumpta
3262 3103 3420 3157 sunt.

63 3189 242 3272 varios
271 3227 586 3284 sermones,
618 3189 1029 3272 et-sanctorum
1054 3213 1343 3287 historias,
1380 3189 1582 3276 tertius
1613 3217 1768 3278 deni-
1789 3233 1834 3296 α
1930 3205 2015 3264 11ο
2042 3200 2323 3276 Ughellus
2361 3203 2498 3256 ῖοῐΠο
2545 3194 2785 3296 {Italiae
2812 3209 2988 3253 sacra?
3028 3194 3091 3251 in
3139 3191 3424 3296 BPiSPOPif
3447 3189 3570 3250 ΕΠ·

61 3319 165 3377 que
195 3304 450 3363 illustria
475 3303 548 3362 de
573 3303 751 3362 variis
774 3304 1130 3377 argumentis
1148 3285 1430 3378 opuscula
1451 3308 1768 3380 sexaginta.

1853 3297 2108 3373 gubinis,
2159 3297 2217 3354 S.
2274 3295 2534 3349 Joannem
2585 3288 2922 3346 Laudensem
2973 3291 3314 3356 cognomento
3374 3285 3569 3342 Gram-

59 3392 186 3461 Quae
235 3392 439 3452 omnia
481 3392 618 3452 dein
661 3408 814 3452 novo
867 3393 1079 3468 studio,
1110 3411 1176 3453 ac
1223 3395 1418 3456 labore
1459 3399 1769 3473 recognita,

54 3486 331 3555 auctaque
363 3480 427 3538 in
459 3480 665 3539 Galliis
694 3482 1052 3555 prodierunt.

122 3571 204 3630 10.
279 3570 594 3644 Prmposita
667 3569 759 3629 his
832 3574 1104 3647 operibus
1175 3579 1260 3633 est
1315 3575 1445 3634 Vita
1497 3577 1561 3636 B.
1621 3578 1774 3637 Petri

59 3660 316 3719 Damiani
377 3677 457 3720 ex
505 3661 736 3721 duobus
784 3663 1081 3724 codicibus
1129 3680 1267 3723 mss.
1319 3665 1675 3741 Ravennate,
1718 3673 1774 3728 et

59 3749 371 3809 Faventino
413 3751 586 3824 edita,
617 3767 682 3809 ac
729 3753 792 3810 in
840 3754 1004 3812 tertia
1040 3753 1197 3814 Surii
1239 3754 1489 3816 editione
1530 3773 1770 3818 recusa:

1854 3392 2114 3447 matieum
2165 3382 2433 3458 appellat,
2489 3379 2562 3438 ob
2613 3377 2751 3452 styli
2806 3376 3022 3435 scilicet
3087 3374 3456 3449 elegantiam,
3517 3379 3573 3431 et

1855 3477 2223 3555 gravitatemf,
2253 3488 2388 3548 quas
2439 3470 2555 3529 fere
2599 3483 2773 3543 supra
2829 3468 2942 3526 aevi
2992 3466 3154 3526 illius
3198 3464 3572 3526 consuetudi-

1853 3587 1990 3630 nem
2019 3573 2106 3628 est
2141 3567 2205 3626 in
2234 3566 2343 3624 hac
2391 3562 2524 3621 Vita
2551 3575 2843 3635 expressa.
2871 3559 2983 3618 Hic
3013 3575 3149 3634 ergo
3193 3559 3444 3632 diligens
3475 3573 3571 3616 ve-

1855 3664 2040 3723 ritatis
2081 3659 2288 3730 cultor,
2320 3654 2549 3716 ﬂorenti
2601 3652 2821 3711 calamo
2869 3667 2961 3712 res
3002 3667 3036 3710 a
3070 3651 3137 3712 B.
3172 3651 3338 3710 Petro
3365 3655 3574 3723 gestas,

1854 3771 1996 3815 mox
2071 3753 2143 3811 ab
2212 3749 2374 3810 obitu
2447 3748 2573 3822 ejus
2621 3743 2962 3819 descriptas,
3018 3743 3233 3801 dicavit
3288 3741 3569 3813 Liprando

57 3858 220 3915 quam
251 3849 308 3901 et
337 3857 447 3901 nos
488 3843 586 3900 hic
619 3842 826 3902 damus
875 3845 937 3901 in
984 3847 1169 3920 capita
1207 3862 1366 3905 more
1411 3852 1605 3907 nostro
1652 3849 1772 3908 dis-
1853 3848 2031 3920 priori
2078 3843 2204 3918 ejus
2262 3837 2617 3899 successori:
2650 3838 2753 3910 qui
2795 3835 3151 3906 Ariprandus
3196 3832 3393 3890 forsan
3443 3829 3574 3888 aliis

58 3933 304 4006 tinctam,
337 3938 395 3990 et
437 3933 592 3991 notis
634 3937 690 3992 et
734 3931 805 3991 ad
854 3935 1199 4010 marginem,
1236 3951 1548 4012 rerumque
1585 3944 1770 4012 gesta-
1855 3941 1958 4005 est,
1992 3933 2087 3993 cui
2114 3931 2182 3989 B.
2216 3929 2422 3988 Petrus
2450 3923 2739 3997 inscripsit
2767 3921 3113 4012 opusculum
3151 3930 3275 4012 xnv
3311 3924 3571 4012 et_XI_.VI,

56 4037 174 4081 rum
253 4023 566 4082 breviariis
635 4007 1007 4084 illustratam.
1076 4028 1386 4087 Auctorem
1450 4007 1773 4103 _opinvamur
1853 4024 2009 4100 quod
2054 4021 2332 4081 ultimum
2372 4017 2452 4074 ita
2501 4013 2804 4073 exorditur
2836 4031 2849 4071 :
2884 4032 2907 4064 ι
2942 4009 3168 4103 Exigis,
3190 4007 3574 4103 dilectissime

56 4119 106 4179 S.
132 4120 427 4180 Joannem
452 4121 838 4196 Laudensem,
861 4123 995 4182 dein
1018 4124 1269 4199 priorem
1291 4099 1550 4197 ejusdem
1571 4126 1771 4198 eremi,
1854 4099 1964 4186 fili,
1995 4117 2061 4173 ut
2251 4103 2887 4204 aliquid-scribam,“et,
2916 4100 3022 4176 qui
3054 4114 3150 4159 me
3176 4099 3569 4204 dictan‘tefre-

51 4224 105 4266 ac
141 4215 344 4285 postea
383 4212 720 4286 episc0pum
750 4187 1155 4285 Eugubin‘um,
1190 4216 1256 4272 ut
1284 4187 1457 4285 supra
1487 4187 1771 4273 diximus:
1856 4207 2100 4280 quenter
2136 4199 2270 4259 aliis
2305 4195 2612 4292 scriptitfiS,
2645 4196 2712 4252 ut
2749 4191 3134 4292 tibijuoquﬁ
3163 4187 3387 4292 αξξίιιιίᾱ
3426 4187 3570 4244 scri-

49 4280 164 4373 Ipse
213 4280 437 4360 nomen
490 4280 666 4361 suum
715 4280 905 4376 prodit
953 4302 1016 4360 in
1060 4280 1210 4362 Vitze
1261 4280 1654 4376 inscriptione,
1709 4319 1775 4362 ac
1855 4297 2047 4368 batur,
2073 4292 2372 4367 implores;
2405 4308 2435 4343 »
2488 4287 2678 4379 eique,
2709 4300 2797 4358 ep.
2831 4282 2944 4379 _1El_,
2975 4280 3403 4379 aegritudinum
3417 4292 3574 4379 sua-

47 4369 175 4452 mox
208 4393 273 4452 in
317 4393 561 4469 prologo
593 4395 693 4466 ait,
716 4369 796 4454 .se
835 4418 861 4446 «
902 4400 1061 4455 tanto
1099 4393 1274 4468 Patri,
1319 4369 1460 4457 licet
1486 4399 1550 4457 in
1590 4369 1774 4456 extre-
1857 4401 1990 4448 I‘um
2027 4383 2237 4444 seriem
2277 4379 2536 4470 θκρρῐξίιτ
2567 4377 2709 4470 Qua?
2755 4373 2865 4470 ειη)
2897 4373 3086 4470 ,ίίῐὶθηξ
3111 4369 3568 4470 ἀθὶξψβθνίίίρηθ

48 4484 145 4543 mis
199 4460 358 4560 pene
412 4460 799 4560 temporibus,
839 4485 1215 4545 individuum
1260 4460 1532 4546 comitem
1591 4487 1772 4545 inhae-
1856 4477 1923 4536 B.
1952 4474 2106 4535 Petri
2141 4486 2295 4531 anno
2338 4466 2666 4560 1089186ιᾶ
2694 4463 3004 4560 habentur,
3035 4460 3109 4519 ab
3135 4460 3260 4560 alio
3295 4460 3566 4560 quopiam

48 4550 262 4636 sissef»
301 4575 435 4653 Ipse
464 4550 624 4636 enim
657 4580 715 4637 S.
749 4550 1001 4645 Joannes,
1033 4583 1098 4637 ut
1135 4579 1197 4636 in
1224 4577 1348 4652 ejus
1375 4578 1505 4637 Vita
1539 4578 1837 4675 legitur,D
1857 4565 2131 4675 videntgr
2156 4563 2354 4662 p093.tea
2403 4557 2693 4675 ἓςξιιηοω,
2726 4557 2793 4613 ιιι
2830 4552 3050 4612 ibidem
3094 4551 3488 4618 Observamusi
3515 4550 3574 4603 (δι

53 4691 68 4720 α
101 4670 258 4729 fama
310 4648 456 4728 tanti
510 4670 624 4730 viri
657 4677 966 4744 comperta,
998 4696 1024 4720 »
1058 4648 1290 4746 quando
1338 4670 1431 4728 hic
1463 4693 1484 4722 «
1518 4648 1652 4730 cum
1699 4648 1772 4729 li;

1859 4653 2234 4732 appendicem
2261 4648 2658 4709 inscribimus.
2982 4732 3000 4746 1
3138 4728 3179 4746 ﬂ
3235 4728 3278 4746 ῃ
3316 4731 3331 4746 Α
3371 4726 3383 4736 ⁸

47 4727 506 4819 cessasset
527 4727 532 4730 '
557 4727 720 4834 papa
768 4727 1170 4818 sarissas
1203 4759 1448 4832 gloriam
1497 4727 1773 4832 αρἐριςυίι,
1900 4727 2018 4806 fa.
2048 4743 2168 4834 Am
2197 4756 2327 4800 se...
2377 4736 2600 4834 ἀεείφο
2637 4739 2800 4834 seth
2838 4732 3100 4834 ejusdem
3135 4727 3571 4834 arguisse

49 4853 93 4905 et
136 4851 204 4908 in
262 4865 464 4909 eremo
517 4849 716 4908 Fontis
757 4849 1055 4908 Avellanze
1100 4865 1160 4908 se
1206 4848 1460 4922 reclusit,
1511 4849 1776 4923 exemplo

52 4939 162 5011 ejus
211 4939 535 5011 animatus,
583 4939 845 5013 confugit
894 4939 964 4998 ad
1009 4939 1224 5013 ipsum.
1259 4964 1285 4988 »
1320 4939 1429 5009 Qui
1479 4939 1542 4998 in
1595 4939 1778 5014 ipsius

54 5025 101 5086 S.
131 5029 293 5088 Petri
331 5029 466 5088 Vita
492 5036 795 5104 postquam
826 5045 874 5087 c.
907 5029 940 5086 8
969 5031 1096 5102 ejus
1124 5028 1196 5087 ad
1228 5045 1489 5087 eremum
1521 5027 1778 5087 narravit

53 5119 320 5188 reditum,
355 5134 495 5178 mox
527 5134 691 5178 num.
722 5120 811 5191 42,
843 5135 974 5193 qum
1000 5119 1093 5194 agi
1122 5119 1193 5177 ab
1219 5135 1286 5178 eo
1309 5118 1534 5178 viderat
1557 5117 1732 5178 refert
1759 5138 1772 5176 :

55 5227 74 5252 α
104 5207 244 5268 Vidi
276 5224 511 5285 nempe,
542 5207 754 5283 inquit,
788 5215 842 5268 et
871 5209 1030 5281 dein,
1060 5210 1168 5268 hoc
1197 5210 1434 5286 quidem
1474 5207 1596 5282 ipse
1625 5223 1773 5282 prae-

56 5310 176 5357 sens
206 5300 448 5375 agnovi.
487 5321 509 5351 ι
546 5298 796 5358 .Demum
836 5299 1184 5360 individuus
1208 5302 1279 5360 ad
1313 5306 1556 5359 mortem
1591 5315 1777 5374 usque

55 5390 371 5459 permansit
423 5402 638 5461 comes,
688 5405 822 5449 cum
871 5390 988 5464 ille,
1038 5405 1207 5450 num.
1247 5391 1338 5465 49,
1391 5415 1416 5444 α
1449 5391 1641 5450 exitus
1686 5390 1777 5449 sui

53 5473 250 5538 horam
299 5479 774 5555 appropinquare
817 5495 1187 5555 cognoscens,
1247 5481 1536 5555 extemplo
1587 5478 1774 5551 nobis,

55 5567 259 5642 inquit,
307 5569 528 5628 lectulo
568 5569 1100 5643 circumstantibus,
1143 5567 1486 5628 matutinale
1525 5567 1778 5627 officium

52 5668 322 5732 Peragere
357 5657 556 5733 jussit,
588 5683 614 5708 ω
659 5665 713 5717 et
746 5675 913 5720 num.
939 5660 1031 5734 21,
1068 5685 1095 5710 ‹‹
1130 5664 1456 5736 postquam,
1487 5659 1584 5728 ait,
1617 5657 1781 5715 illius

55 5748 419 5818 sapulturam
495 5747 791 5807 Faventiae
858 5748 1330 5822 celebrassemus,
1392 5748 1643 5820 indeque
1699 5763 1782 5805 re-

1858 4851 1964 4897 suo
2001 4832 2151 4907 stle
2185 4831 2565 4898 exornarunt,
2611 4840 2644 4883 a
2699 4823 2968 4898 Cajetano
3003 4835 3138 4880 cum
3171 4817 3423 4877 editione
3463 4815 3574 4907 Eo-

1859 4941 2032 4986 mana
2061 4905 2442 4997 epistolarum
2486 4915 2662 4976 simul
2708 4913 2932 4983 excusi,
2965 4910 3066 4970 sed
3107 4912 3304 4984 postea
3346 4907 3412 4966 in
3449 4905 3573 4966 edi-

1847 5020 2014 5079 tione
2041 5010 2420 5090 Lugdunensi
2446 5009 2666 5081 omissi,
2704 5006 2858 5083 quod
2887 5003 3144 5080 ejusdem
3173 4999 3443 5060 Damiani
3481 5011 3573 5056 res

1858 5113 2066 5183 gestas,
2118 5118 2264 5179 quas
2335 5103 2459 5176 ejus
2527 5095 2849 5170 discipulus
2928 5093 3200 5163 Joannes,
3257 5090 3571 5183 eadeque

1859 5180 2097 5273 prorsus
2151 5193 2298 5252 serie
2349 5193 2602 5249 narrent.
2645 5187 2868 5245 Horum
2922 5183 3151 5257 primus
3195 5184 3281 5240 est
3325 5180 3571 5275 Joannes

1860 5269 2154 5349 Antonius
2203 5281 2526 5342 Flaminius
2571 5274 3115 5345 Forocorneliensis,
3168 5283 3354 5345 quem-
3398 5269 3570 5336 inter,

1861 5385 1915 5439 et
1954 5376 2286 5438 Leandrum
2324 5372 2629 5432 Albertum
2666 5367 2790 5427 ord.
2837 5365 3076 5426 Praedic.
3118 5372 3346 5419 summa
3382 5355 3577 5415 extitit

1862 5471 2190 5530 animorum
2226 5464 2578 5542 conjunctio,
2617 5467 2672 5521 et
2710 5464 2915 5520 mutua
2952 5455 3274 5515 studiorum
3307 5463 3572 5510 commu-

1862 5561 2094 5620 nicatio.
2128 5560 2224 5618 Illi
2259 5557 2521 5617 Leander
2557 5571 2654 5616 an.
2699 5551 2832 5612 1516
2877 5543 3166 5619 inscripsit
3197 5542 3359 5602 Vitas
3395 5557 3576 5618 gene-

1863 5654 2077 5714 ralium
2123 5653 2246 5712 ord.
2286 5650 2474 5711 Praed.
2519 5664 2554 5706 a
2588 5647 2656 5706 B.
2697 5641 2948 5702 Jordano
2996 5652 3320 5697 successore
3367 5636 3426 5696 S.
3477 5633 3580 5692 Do-

1865 5745 2068 5804 minici
2121 5756 2305 5815 usque
2362 5741 2433 5798 ad
2487 5738 2768 5795 Thomam
2825 5729 3184 5803 Cajetanum,
3245 5742 3378 5802 quae
3431 5724 3580 5781 Vitae
