4034 6502
443 388 514 447 95
1354 387 1412 447 S.
1457 388 1746 449 PETBUS
1785 388 2177 449 DAMIANUS
2221 389 2278 449 S.
2320 389 2389 448 Β.
2437 389 2499 450 E.
2542 388 3022 452 CARDINALIS.

3898 384 3996 443 96

444 520 675 575 exstant
716 514 755 572 l.
799 527 818 573 I
863 514 1135 574 Virorum
1180 512 1496 573 illustrium
1543 515 1762 573 ordinis
1810 514 2416 585 Praedicato-Arium,
2450 521 2503 573 et
2529 517 2684 592 apud
2717 516 3021 592 Lipeloum
3052 531 3267 575 recusa.
3301 511 3608 596 Cajetanus
3637 527 3712 571 ex
3742 509 3996 570 eodem

445 619 596 663 rum.
630 603 952 663 Flaminius
981 604 1152 662 etiam
1181 603 1371 662 varias
1397 602 1555 661 Vitas
1587 603 1819 661 Patrum
1847 605 1973 663 ord.
2010 604 2158 662 PI‘EB-

439 693 759 752 dicatorum
787 709 819 750 a
847 693 1110 752 Leandro
1147 693 1328 752 editas
1359 693 1713 766 conscripsit,
1744 699 1808 752 ut
1841 693 1898 753 S.
1935 694 2154 752 Alberti

443 781 658 856 Magni,
689 783 979 843 Vincentii
1030 782 1344 854 Valentini,
1376 783 1572 841 Jacobi
1620 782 1846 853 Veneti,
1890 785 2154 843 Mauricii

447 871 758 943 Pannonii,
821 871 1132 932 Venturini
1195 873 1612 946 Bergamensis,
1672 879 1726 930 et
1773 873 1969 932 Jacobi
2018 873 2152 932 Ale-

445 961 685 1029 manni;
738 978 915 1038 quam
965 969 1154 1020 tamen
1211 977 1284 1020 ex
1342 961 1538 1019 Italico
1591 961 1795 1020 Latine
1850 965 2150 1037 expressit.

440 1049 655 1107 Eodem
691 1051 860 1110 modo
886 1051 1181 1125 scripsisse
1210 1067 1269 1108 se
1303 1049 1460 1109 Vitas
1500 1057 1750 1124 quatuor
1769 1053 2155 1111 sanctissimo-

447 1153 579 1196 rum
613 1145 985 1213 patronorum
1025 1139 1188 1199 urbis
1225 1139 1582 1212 Faventinus,
1620 1141 1681 1198 in
1733 1141 1965 1215 prologo
2006 1141 2154 1201 Vitae

443 1228 509 1288 Β.
543 1229 695 1288 Petri
733 1230 1000 1290 Damiani
1039 1232 1130 1290 his
1166 1233 1358 1291 verbis
1390 1238 1626 1291 testatur
1657 1257 1669 1291 :
1706 1256 1728 1284 ι
1767 1234 1972 1308 Magna
1999 1237 2154 1294 soleo

441 1316 737 1391 voluptate
770 1319 942 1395 allici,
978 1321 1091 1380 viri
1125 1321 1452 1393 Faventini,
1482 1321 1708 1398 quoties
1735 1331 1944 1397 repeto,
1979 1341 2155 1398 quam

444 1413 626 1477 grata,
663 1413 719 1465 et
757 1424 932 1481 quam
965 1410 1225 1485 jucunda
1263 1412 1429 1471 vobis
1467 1412 1723 1487 obtingat
1761 1429 1950 1488 opera,
1980 1431 2156 1490 quam

448 1495 512 1552 in
542 1497 933 1559 describendis
966 1505 1112 1561 Vitis
1141 1507 1482 1570 Sanctorum,
1513 1505 1614 1579 qui
1643 1521 1676 1562 a
1723 1506 1890 1564 vobis
1923 1507 2154 1581 religio-

449 1588 677 1648 sissime
702 1591 992 1664 coluntur,
1021 1601 1292 1667 prastare
1321 1595 1488 1669 coepi,
1523 1602 1678 1653 tanta
1698 1596 1936 1670 quidem
1973 1601 2157 1658 animi

449 1674 759 1749 alacritate,
816 1689 1030 1754 quanta
1083 1697 1200 1742 non
1263 1684 1428 1742 facile
1479 1686 1738 1758 praestari
1785 1703 1818 1745 a
1861 1703 2156 1763 quoquam

448 1769 627 1828 vestri
671 1773 1069 1834 amantissimo
1126 1783 1316 1850 queat.
1367 1777 1490 1838 Hoc
1533 1786 1728 1838 autem
1775 1780 2157 1841 animadverti

2237 606 2439 665 Bubeo
2468 609 2730 666 eamdem
2779 606 2990 679 Vilam,
3021 607 3119 665 sed
3173 604 3288 663 alio
3333 601 3537 662 ordine
3584 600 3996 676 dispositam,

2237 709 2371 752 cum
2415 696 2874 768 praecedentibus
2917 694 3248 754 auctoribus
3289 693 3574 767 vulgavit.
3622 691 3766 761 Quae
3814 703 3998 748 cum

2237 786 2432 843 omnia
2478 793 2580 844 aut
2626 803 2698 844 ex
2737 788 2855 844 vita
2893 787 3079 861 priore
3121 800 3156 841 a
3199 783 3422 843 Joanne
3468 782 3755 856 descripta
3814 779 3998 850 sint,

2236 883 2335 934 aut
2400 893 2474 935 ex
2545 876 2675 934 aliis
2745 876 3002 952 antiquis
3072 874 3424 944 auctoribus,
3479 872 3550 931 de
3599 872 3826 946 quibus
3895 870 4005 926 in-

2237 966 2323 1024 fra
2371 982 2632 1039 agemus,
2678 973 2944 1041 excerpta
2989 971 3333 1040 exstentque
3379 962 3592 1035 saepius
3643 961 3799 1035 typis
3843 961 3998 1018 im-

2236 1071 2450 1130 pressa,
2500 1056 2596 1114 hic
2636 1056 2980 1126 omittimus,
3032 1055 3256 1130 rejectis
3301 1052 3606 1112 nonnullis
3648 1051 3710 1109 in
3762 1056 3996 1119 notas,

2238 1153 2294 1203 et
2343 1151 2649 1219 sequentes
2702 1147 2790 1218 §§.
2845 1144 3127 1203 Eamdem
3187 1143 3379 1202 Vitam
3449 1141 3648 1200 Italice
3716 1139 3825 1198 lib.
3904 1138 3998 1196 de

2241 1233 2465 1292 Sanctis
2509 1249 2574 1292 ac
2616 1234 2804 1293 Beatis
2853 1232 3392 1292 Camaldulensibus
3441 1229 3622 1289 edidit
3665 1229 4000 1290 Silvanus

2238 1324 2479 1382 Razzius
2534 1323 2709 1382 abbas
2771 1321 3229 1382 Camaldulensis
3277 1341 3290 1380 :
3345 1336 3522 1394 quam
3578 1312 3999 1390 potissimum

2237 1416 2515 1488 praefatur
2537 1430 2596 1473 se
2621 1431 2696 1472 ex
2726 1413 2927 1473 Bubeo
2957 1411 3334 1473 transtulisse.

2312 1505 2396 1562 14.
2461 1503 2701 1562 Beatum
2763 1503 2998 1562 Petrum
3051 1502 3399 1560 Damianum
3453 1498 3548 1558 die
3603 1497 4002 1556 anniversa-

2239 1593 2324 1652 ria
2376 1593 2662 1652 cathedrae
2713 1592 2772 1652 S.
2828 1592 2981 1651 Petri
3056 1591 3298 1666 apostoli
3362 1588 3632 1664 spiritum
3707 1586 4002 1646 Domino

2239 1683 2572 1752 reddidisse,
2618 1681 2852 1741 tradunt
2901 1682 3152 1740 Joannes
3200 1682 3264 1739 in
3315 1678 3446 1737 Vita
3498 1694 3557 1736 n.
3607 1676 3697 1748 49,
3750 1681 3816 1733 et
3874 1674 4007 1734 alii

2240 1787 2377 1830 eum
2406 1773 2608 1832 secuti.
2639 1772 2722 1832 Ob
2764 1772 2913 1829 hanc
2942 1778 3134 1829 tamen
3173 1767 3471 1828 Cathedraa
3529 1765 4007 1826 solemnitatem

450 1858 514 1918 in
541 1860 825 1937 descripta
855 1880 1040 1939 nuper
1071 1882 1105 1924 a
1137 1883 1229 1924 me
1266 1867 1330 1926 Β.
1364 1869 1617 1928 Terentii
1655 1872 2019 1943 confessoris,
2051 1873 2152 1948 qui
2173 1888 2219 1948 B
2240 1862 2546 1922 Faventini
2586 1864 3014 1923 venerationem
3053 1863 3117 1921 B.
3152 1860 3303 1920 Petri
3333 1861 3396 1919 in
3426 1859 3580 1919 diem
3615 1859 4007 1948 proximum

451 1949 600 2008 mihi
645 1951 868 2025 primus
916 1954 1141 2014 oblatus
1184 1963 1289 2026 est,
1334 1973 1400 2015 ac
1444 1958 1509 2018 B.
1556 1958 1756 2018 Sabini
1804 1961 2075 2034 episcopi,
2107 1973 2162 2024 et

451 2041 722 2113 martyris
752 2042 888 2100 vita.
915 2041 1103 2112 Quare
1131 2061 1264 2102 cum
1287 2061 1319 2102 a
1351 2047 1515 2106 vobis
1542 2049 1812 2120 duorum,
1843 2051 1945 2127 qui
1971 2052 2162 2111 adhuc

451 2127 762 2200 restabant,
797 2137 1130 2191 sanctorum
1169 2135 1422 2194 similem
1461 2152 1492 2193 a
1543 2152 1636 2194 me
1680 2154 1911 2211 operam
1953 2157 2160 2215 exspe-

451 2217 592 2272 ctari
636 2217 919 2290 audirem,
946 2221 1145 2294 putavi
1192 2239 1286 2280 me
1330 2223 1536 2283 debere
1580 2226 1780 2284 eodem
1819 2230 2012 2288 studio
2055 2246 2159 2288 ex-

459 2306 794 2377 spectationi
844 2319 1051 2369 vestrae
1106 2328 1171 2371 ac
1222 2313 1506 2372 desiderio
1561 2319 1926 2392 respondere.
1978 2320 2162 2392 Igitur

454 2392 522 2485 B.
575 2396 728 2457 Petri
765 2399 1051 2473 Damiani,
1107 2411 1162 2461 et
1201 2404 1258 2464 S.
1295 2405 1620 2479 1Emiliani,
1659 2424 1806 2482 quos
1845 2410 2162 2485 episcopale

451 2484 750 2560 fastigium
822 2504 958 2549 cum
1030 2492 1326 2551 sanctitate
1396 2494 1649 2554 illustres
1703 2497 1852 2567 fecit,
1909 2484 2159 2569 duobus,

455 2589 601 2649 quos
654 2576 800 2649 dixi,
846 2579 1140 2653 prioribus
1190 2583 1390 2657 adjeci,
1433 2592 1496 2643 ut
1549 2592 1863 2660 spectatum
1914 2591 2056 2662 jam,
2098 2588 2163 2646 ni

451 2665 636 2739 fallor,
676 2684 933 2729 amorem
963 2688 1097 2746 erga
1129 2690 1231 2732 vos
1261 2690 1490 2750 meum,
1522 2684 1576 2735 et
1610 2678 1967 2737 voluntatem
1999 2679 2163 2737 vobis

452 2773 551 2830 per
580 2761 775 2818 omnia
816 2763 969 2835 (quae
1007 2779 1037 2820 a
1080 2779 1173 2821 me
1211 2765 1467 2838 praestari
1507 2768 1743 2840 possint)
1778 2768 2160 2842 gratiﬁcandi,

456 2847 947 2908 manifestioribus
975 2853 1234 2924 quotidie
1263 2854 1494 2913 indiciis
1523 2859 1929 2932 experiamini.
1967 2881 1992 2909 ι)
2025 2857 2162 2917 Haec

451 2932 796 2996 Flaminius.
851 2935 1136 2997 Coluntur
1179 2943 1480 3000 memorati
1537 2944 1636 3002 alii
1685 2961 1818 3004 cum
1871 2946 1936 3004 B.
1998 2945 2162 3007 Petro

449 3021 612 3081 urbis
647 3023 983 3085 Faventinae
1030 3036 1393 3104 protectores,
1439 3037 1718 3090 Terentius
1756 3033 1825 3093 30
1861 3035 2024 3110 Julii,
2063 3040 2163 3095 Sa-

455 3113 632 3178 binus,
668 3115 791 3174 sive
834 3120 1092 3186 Savinus,
1127 3122 1160 3178 7
1187 3121 1342 3196 Dec.,
1375 3123 1732 3183 [Emilianus
1779 3124 1812 3183 6
1852 3126 2156 3198 Novemb.,

2240 1953 2308 2011 23
2356 1954 2522 2013 Febr.
2573 1953 2859 2028 rejiciunt,
2893 1968 3008 2026 quo
3061 1951 3154 2009 die
3205 1950 3504 2009 Ferrarius
3564 1951 3625 2008 in
3685 1946 4009 2020 Catalogo

2240 2046 2495 2120 generali
2529 2045 2634 2103 ista
2674 2045 2844 2103 habet
2875 2065 2887 2103 :
2927 2067 2950 2096 ι
2988 2043 3280 2102 Faventiae
3316 2042 3379 2100 in
3426 2040 3662 2099 jEmilia
3700 2037 3762 2098 S.
3812 2038 4009 2097 Petri

2241 2135 2508 2194 Damiani
2535 2135 2784 2210 episcopi
2822 2135 3118 2203 Ostiensis,
3151 2135 3276 2207 ejus
3328 2131 3491 2190 urbis
3535 2127 3922 2205 protectoris.
3975 2151 4006 2176 η

2243 2224 2516 2299 Longiori
2587 2225 2847 2283 encomio
2915 2225 3187 2283 eumdem
3257 2221 3505 2281 celebrat
3571 2221 3632 2278 in
3687 2217 4011 2292 Catalogo

2246 2312 2348 2373 SS.
2377 2313 2582 2386 Italiae,
2614 2330 2679 2372 ac
2709 2319 2888 2370 sancti
2923 2314 3088 2372 titulo
3124 2312 3297 2370 etiam
3327 2317 3510 2381 ornat,
3548 2309 3678 2366 licet
3711 2309 4009 2363 nondum

2242 2407 2301 2459 in
2359 2409 2668 2459 sanctorum
2721 2421 3001 2460 numerum
3056 2405 3289 2458 relatum
3339 2417 3450 2456 esse
3504 2399 3774 2456 fateatur.
3817 2398 4011 2456 Cum

2243 2491 2504 2550 Ferrario
2541 2499 2788 2548 sanctum
2832 2491 3080 2567 appellat
3126 2490 3445 2549 Jacobillus
3495 2487 3567 2545 de
3621 2486 3894 2557 Sanctis,
3929 2504 4015 2546 ac

2242 2580 2727 2647 Beatistmbriae
2771 2583 2842 2639 ad
2882 2581 2952 2639 ‘23
3002 2579 3165 2638 Febr.
3197 2580 3268 2638 ad
3309 2594 3485 2653 quem
3529 2576 3684 2634 diem
3733 2581 3797 2633 et
3857 2576 4018 2650 ipse

2243 2671 2500 2745 aliquam
2537 2668 2724 2729 Vitam
2759 2671 2884 2744 ejus
2929 2670 3122 2742 habet,
3148 2677 3204 2729 et
3250 2669 3362 2728 coli
3405 2669 3558 2743 apud
3612 2667 4021 2725 Faventinos

2241 2761 2461 2831 asserit,
2495 2751 2668 2834 atque
2702 2764 2964 2832 antiquas
3004 2763 3253 2818 lectiones
3291 2775 3420 2841 mss.
3463 2760 3715 2816 Ecclesiae
3754 2759 4019 2814 Faven-

2243 2855 2390 2916 tinw,
2425 2867 2558 2924 quae
2584 2867 2656 2909 ex
2691 2850 2816 2908 Vita
2850 2851 2974 2922 ejus
3004 2855 3129 2909 tum
3158 2849 3385 2908 recitari
3417 2847 3697 2916 solebant,
3730 2845 4013 2922 allegat.

2243 2937 2391 2998 Cum
2429 2940 2570 3014 ipsis
2601 2939 2937 2998 Faventinis
2985 2946 3040 2997 et
3075 2954 3180 2997 nos
3216 2939 3355 2997 Acta
3386 2937 3648 3012 ejusdem
3682 2935 3759 2994 23
3800 2935 4016 2998 Febr.

2242 3028 2487 3100 damus;
2531 3045 2648 3104 quo
2689 3030 2784 3088 die
2829 3031 2954 3102 ejus
2991 3029 3214 3088 obitum
3261 3030 3524 3087 referunt
3561 3026 3872 3088 Calvisius
3927 3031 4020 3089 ad

2240 3131 2466 3175 annum
2503 3116 2658 3186 1072,
2686 3123 2742 3174 et
2773 3116 3110 3176 Sclimidius
3140 3117 3199 3174 in
3238 3115 3427 3174 Diario
3452 3115 3725 3174 historico
3763 3134 3777 3174 :
3816 3119 4019 3190 quod

452 3201 522 3312 id
559 3203 726 3277 cujus
769 3221 877 3266 ms.
911 3207 1102 3267 Vitam
1138 3219 1336 3271 auctor
1381 3213 1595 3272 dicitur
1623 3219 1854 3272 Joannes
1883 3217 2221 3312 AntoniusC
2244 3212 2436 3312 tamen
2489 3207 2642 3280 apud
2689 3207 3240 3312 Beroninum‘,‘cujus
3286 3205 3612 3312 testimonio
3663 3205 4018 3281 nituntur,

452 3296 758 3355 Flaminius
842 3303 1152 3359 Faventinae
1236 3307 1489 3362 Ecclesiae
1561 3310 1846 3379 presbyter
1869 3353 1886 3374 ,
1981 3324 2154 3382 quem

454 3383 718 3472 Leander
762 3389 1036 3451 Albertus
1084 3399 1262 3452 virum
1315 3398 1618 3454 litteratum
1664 3397 1930 3472 appellat.
1964 3398 2156 3458 Vitam

454 3471 519 3532 B.
553 3472 706 3535 Petri
752 3478 829 3536 ita
875 3482 1164 3542 concludit
1196 3503 1209 3540 :
1248 3507 1269 3536 ι
1301 3484 1547 3544 Demum
1593 3486 1653 3544 in
1699 3471 1964 3561 sepulcro
2001 3503 2157 3545 mar-

455 3577 652 3624 moreo
701 3565 961 3628 locarunt
1018 3588 1243 3646 corpus,
1295 3574 1398 3632 ubi
1450 3591 1636 3650 usque
1690 3578 1753 3634 in
1807 3577 2156 3636 hodiernum

451 3650 603 3712 diem
631 3656 834 3716 multis
863 3660 1139 3734 prodigiis
1168 3668 1434 3722 sanctum
1465 3665 1781 3724 antistitem
1808 3681 1980 3724 suum
2005 3665 2158 3724 Deus

454 3739 762 3816 illustrem,
788 3762 856 3806 ac
878 3751 1270 3810 venerabilem
1296 3753 1508 3827 populo
1527 3754 1679 3813 facit.
1707 3757 1886 3830 Cujus
1913 3764 2159 3830 spectata

453 3833 680 3904 magnis
725 3834 1084 3898 documentis
1121 3843 1270 3901 mira
1307 3844 1603 3902 sanctitate
1643 3851 1818 3918 atque
1865 3847 2156 3918 facundia,

456 3931 744 4012 quantum
773 3928 933 3989 sidus
955 3932 1018 3989 in
1042 3932 1295 3993 Ecclesia
1323 3934 1428 3993 Dei
1456 3936 1759 4009 exstiterit,
1790 3939 1892 4012 qui
1917 3954 2001 4008 ea,
2028 3954 2159 4012 qua}

455 4010 526 4068 de
549 4013 652 4072 illo
677 4021 1078 4091 compendiose
1102 4024 1534 4101 descripsimus,
1561 4029 1782 4104 quique
1807 4010 2155 4104 luculentos,

455 4105 972 4193 acsaluberrimos
1008 4113 1172 4173 illius
1216 4131 1513 4177 sermones
1542 4120 1810 4193 legerint,
1853 4124 2066 4191 testari,
2098 4124 2159 4181 ni

454 4189 642 4266 fallor,
683 4195 912 4258 abunde
949 4208 1237 4275 poterunt.
1279 4204 1489 4265 Beatus
1526 4189 1721 4266 autem
1760 4189 1964 4268 Petrus
2010 4189 2160 4269 circa

451 4295 675 4342 annum
730 4285 942 4350 Christi
992 4292 1372 4354 millesimum
1429 4303 1484 4354 et
1532 4298 1948 4372 octogesimum
2007 4300 2162 4359 diem

453 4385 632 4432 suum
657 4375 821 4449 obiit,
844 4395 1093 4455 magnus
1122 4383 1456 4444 Faventinae
1483 4386 1644 4445 urbis
1663 4393 1965 4461 protector,
1993 4396 2048 4448 et
2067 4406 2163 4451 cu-

453 4466 588 4520 stos.
621 4487 642 4516 »
674 4465 814 4525 Haec
838 4468 942 4530 ibi.
974 4470 1056 4528 De
1083 4486 1239 4531 anno
1258 4473 1450 4533 obitus
1478 4473 1542 4534 B.
1563 4475 1880 4536 Petriinfra
1899 4494 2158 4552 agemus.

529 4552 611 4612 '13.
643 4557 815 4630 Apud
846 4558 1178 4632 Cajetanum
1202 4561 1316 4622 alia
1340 4571 1528 4624 exstat
1560 4590 1586 4618 α
1617 4566 1682 4625 Β.
1707 4567 1860 4627 Petri
1893 4568 2159 4629 Damiani

453 4643 601 4736 Vita,
659 4663 735 4706 ex
779 4650 1108 4723 Augustino
1162 4653 1438 4717 Fortunio
1492 4662 1776 4721 monacho
1829 4660 2159 4736 Congrega-

457 4733 630 4792 tionis
675 4737 1132 4799 Camaldulensis
1183 4742 1331 4803 libro
1388 4748 1596 4819 quinto“
1635 4733 2021 4810 Historiarum
2060 4733 2161 4809 Ca-

454 4822 926 4914 maldulensium,
961 4836 1016 4887 et
1048 4831 1226 4903 partis
1255 4835 1584 4907 posterioris
1615 4855 1649 4896 a
1681 4841 1862 4914 capite
1898 4840 1931 4898 6
1971 4856 2159 4914 usque

453 4909 527 4968 ad
567 4913 651 4972 14.
686 4938 706 4966 n
751 4916 1004 4978 Priorem
1046 4927 1267 4994 partem
1309 4923 1474 4983 libris
1516 4927 1701 4986 tribus
1747 4909 1927 4988 edidit
1961 4909 2161 4989 auctor

454 5001 566 5060 sub
594 5003 827 5064 nomine
869 5010 1182 5082 Augustini
1210 5011 1528 5074 Florentini
1567 5032 1718 5075 anno
1762 5019 1918 5089 1575,
1951 5034 2160 5092 magno

451 5093 585 5154 duci
628 5093 874 5154 Etruria}
900 5099 1166 5159 dicatam.
1196 5100 1320 5162 Sub
1350 5104 1563 5163 calcem
1595 5107 1770 5180 hujus
1811 5106 1958 5164 Vitae
1984 5107 2160 5166 relata

451 5185 810 5258 apparitione
857 5187 924 5247 B.
979 5190 1153 5262 Petri,
1188 5208 1361 5267 quam
1411 5195 1473 5252 in
1520 5196 1914 5270 Appendicem
1955 5197 2159 5270 rejeci-

454 5293 604 5350 mus,
661 5279 788 5338 haec
836 5281 1133 5342 adduntur
1167 5303 1179 5342 :
1219 5307 1240 5336 ι
1273 5285 1481 5345 Beatus
1520 5302 1656 5345 vero
1692 5286 1894 5345 Petrus
1945 5287 2160 5346 exinde

459 5366 540 5435 (id
571 5378 656 5428 est
694 5372 766 5430 ab
802 5387 957 5430 anno
1000 5373 1155 5446 1080)
1203 5375 1276 5433 ab
1319 5376 1481 5434 omni
1522 5375 1775 5434 Ecclesia
1820 5391 1919 5448 pro
1967 5384 2160 5436 sancto

454 5456 708 5531 habitus,
767 5469 821 5520 et
895 5463 1045 5522 inter
1116 5464 1403 5522 caelicolas
1471 5472 1729 5536 receptus
1805 5471 1910 5524 est.
1950 5488 1968 5517 ι
2029 5466 2161 5524 Alia

453 5546 714 5618 ejusdem
742 5551 804 5610 B.
838 5553 990 5613 Petri
1032 5553 1158 5612 Vita
1192 5569 1266 5613 ex
1304 5552 1647 5624 Hieronymi
1680 5552 1868 5611 Rubei
1889 5553 2021 5612 hist.
2054 5554 2163 5613 Ra-

461 5643 708 5695 vennate
756 5640 990 5702 collecta
1057 5650 1142 5701 est
1191 5659 1223 5700 a
1271 5640 1480 5700 Jacobo
1523 5640 1844 5714 Mosandro,
1897 5642 2160 5718 editaque

455 5732 608 5784 tomo
635 5725 736 5784 VIl
765 5728 836 5788 de
868 5731 1015 5791 Vitis
1045 5740 1375 5793 sanctorum
1407 5732 1466 5790 in
1496 5729 1907 5806 Supplemento
1944 5735 2016 5793 ad
2045 5732 2160 5793 Su-

2246 3315 2363 3358 non
2414 3298 2691 3369 legerant.
2737 3300 2813 3356 At
2853 3298 2924 3357 22
2967 3298 3134 3356 Febr.
3188 3314 3304 3374 quo
3346 3299 3440 3357 die
3489 3304 3799 3357 mortuum
3857 3316 4020 3361 esse

2245 3391 2527 3461 diximus,
2569 3391 2910 3464 inscripsere
2961 3391 3233 3450 eumdem
3279 3391 3722 3465 Balinghemius
3777 3402 4022 3453 noster

2246 3482 2374 3540 Kal.
2425 3480 2702 3552 Mariano,
2752 3480 3003 3540 Gbinius
3054 3481 3238 3539 Natal.
3289 3488 3470 3540 sanet.
3520 3480 4018 3558 canonicorum,

2245 3571 2450 3643 Wion,
2488 3571 2830 3644 Dorganius,
2867 3571 3199 3643 Menardus,
3239 3570 3578 3643 Bucelinus,
3615 3570 4020 3647 Martyrolo-

2243 3663 2355 3737 giis
2397 3660 2807 3734 Benedictinis,
2851 3677 2917 3720 ac
2963 3661 3189 3734 Surius,
3250 3661 3514 3734 Hamus,
3565 3660 3798 3734 aliique
3854 3666 4024 3741 ejus

2246 3752 2439 3811 Vitam
2469 3751 2696 3810 dedere.

3019 3827 3050 3897 §
3082 3822 3164 3881 ΙΙΙ

2243 3938 2307 3994 B.
2340 3934 2490 3990 Petri
2517 3936 2734 3988 animus
2761 3948 3008 3988 reverens
3036 3947 3166 4000 erga
3191 3931 3250 3988 S.
3285 3932 3654 3996 Benedictum,
3687 3934 3881 4003 hujus
3917 3956 4025 3993 res

2318 4015 2523 4085 gulam,
2561 4018 2612 4068 et
2653 4013 2916 4070 ordinem.
2959 4014 3122 4068 Alius
3163 4012 3232 4067 ab
3268 4028 3325 4068 eo
3358 4016 3552 4068 Petrus
3586 4013 3652 4068 de
3679 4015 4017 4078 Honestis.

2321 4096 2617 4163 Cognomen
2641 4096 2922 4152 Damiani.

2321 4201 2407 4258 15.
2462 4200 2748 4258 Caeterum
2800 4198 3160 4259 Benedictini
3202 4199 3336 4272 jure
3388 4198 3606 4272 optimo
3651 4214 4025 4265 assumunt

2246 4289 2419 4348 etiam
2463 4287 2706 4359 cultum,
2749 4304 2815 4347 ac
2863 4287 3294 4347 venerationem
3343 4287 3407 4346 B.
3465 4287 3617 4347 Petri
3667 4287 4023 4369 Damiani,

2246 4383 2442 4452 utpote
2503 4377 2605 4450 qui
2661 4377 3091 4436 sanctissimum
3142 4377 3525 4450 patriarcham
3579 4375 4027 4444 Benedictum

2247 4467 2492 4528 solemni
2517 4467 2680 4526 cultu
2712 4473 3053 4540 prosecutus
3087 4473 3188 4536 est,
3222 4467 3283 4525 in
3341 4469 3586 4542 ejusque
3639 4465 3738 4525 die
3792 4475 4028 4535 natali

2248 4559 2355 4616 hac
2377 4558 2448 4616 de
2471 4573 2642 4616 causa
2681 4556 2943 4616 strictum
2970 4557 3436 4630 Quadragesimze
3461 4555 3764 4629 jejunium
3809 4574 4029 4632 posse

2244 4651 2681 4725 aliquantulum
2719 4649 2969 4708 relaxari
2999 4647 3350 4724 praescripsit
3387 4662 3587 4720 opusc.
3620 4658 3735 4704 XlV
3768 4647 3855 4708 de
3899 4669 4030 4714 or-

2242 4739 2377 4798 dine
2415 4744 2471 4796 et
2511 4738 2712 4812 regula
2754 4737 2932 4796 eremi
2970 4735 3170 4795 Fontis
3211 4734 3498 4794 Avellani.
3533 4758 3554 4786 ιι
3591 4733 3659 4791 In
3702 4737 4026 4818 duabus,

2241 4832 2462 4907 inquit,
2509 4830 2991 4903 Quadragesimis,
3049 4845 3181 4904 quae
3239 4829 3331 4887 vel
3383 4826 3643 4886 Natalem
3697 4826 4032 4912 Domini,

2244 4921 2333 4980 vel
2381 4926 2646 4978 sanctum
2689 4919 2904 4978 Pascha
2946 4917 3302 4993 praecedunt,
3347 4917 3704 4975 consuetudo
3753 4926 4034 4999 tenuit,

2242 5017 2305 5070 ut
2351 5025 2541 5084 neque
2599 5007 2917 5076 monachis,
2973 5023 3164 5082 neque
3219 5005 3406 5077 laicis,
3460 5005 3607 5077 vini,
3640 5004 3735 5063 vel
3793 5012 4034 5076 etiam

2241 5103 2416 5178 piscis
2456 5104 2740 5175 perceptio
2778 5099 3141 5159 concedatur.
3183 5098 3559 5158 Pulmentum
3598 5111 3859 5173 quoque
3949 5107 4034 5168 in

2244 5193 2460 5252 eisdem
2502 5191 2968 5266 Quadragesimis
3006 5205 3312 5265 nunquam
3366 5189 3440 5248 sit
3489 5194 3701 5262 praeter
3754 5206 4034 5275 unum,

2243 5282 2357 5341 nisi
2404 5281 2496 5338 his
2539 5287 2790 5353 quatuor
2832 5280 3259 5350 festivitatibus,
3301 5279 3516 5338 scilicet
3571 5276 3639 5335 B.
3684 5279 4034 5365 Aminea;1

2243 5381 2299 5432 et
2329 5373 2386 5433 S.
2420 5371 2729 5445 Benedicti,
2767 5382 2822 5431 et
2857 5373 2919 5431 in
2967 5370 3267 5429 Dominica
3306 5369 3663 5439 Palmarum,
3689 5377 3753 5427 et
3790 5370 4034 5444 Coena

2245 5461 2498 5530 Domini,
2541 5461 2753 5534 quibus
2789 5462 3069 5519 nimirum
3103 5457 3504 5517 sacratissimis
3533 5456 3744 5514 diebus
3783 5462 4034 5533 pisces

2245 5560 2300 5612 et
2354 5553 2559 5613 vinum
2609 5570 2741 5613 cum
2797 5553 3112 5625 gratiarum
3169 5551 3392 5609 actione
3450 5549 3920 5623 percipiuntur.
3992 5587 4027 5612 ιι

2247 5644 2369 5703 Imo
2408 5668 2433 5695 «
2463 5642 2779 5703 nonnullos
2813 5663 2835 5691 ιο
2865 5640 2946 5699 ait
2978 5663 3002 5692 α
3033 5639 3252 5714 duplex
3281 5639 3428 5698 illud
3456 5639 4034 5714 quadragesimale

2248 5734 2497 5809 spatium
2541 5733 2758 5806 absque
2798 5728 3004 5789 diebus
3042 5727 3362 5788 Dominicis
3403 5733 3587 5785 totum
3635 5725 4034 5800 jejunando
