  <div class='ocr_page' id='page_1' title='image "/cluster/home/n/w/nwhite01/storage/ocr_20150623/144/umn.31951002477437p/066.png"; bbox 0 0 4034 6472; ppageno 0'>
   <div class='ocr_carea' id='block_1_1' title="bbox 53 297 3050 366">
    <p class='ocr_par' dir='ltr' id='par_1_1' title="bbox 53 297 3050 366">
     <span class='ocr_line' id='line_1_1' title="bbox 53 297 3050 366; baseline 0.003 -10"><span class='ocrx_word' id='word_1_1' title='bbox 53 301 107 357; x_wconf 76' lang='lat'>97</span> <span class='ocrx_word' id='word_1_2' title='bbox 537 297 1116 358; x_wconf 78' lang='lat' dir='ltr'>PBOLEGOMENA.</span> <span class='ocrx_word' id='word_1_3' title='bbox 1159 328 1220 341; x_wconf 94' lang='lat'><strong><em>—</em></strong></span> <span class='ocrx_word' id='word_1_4' title='bbox 1267 297 1360 358; x_wconf 88' lang='lat' dir='ltr'>DE</span> <span class='ocrx_word' id='word_1_5' title='bbox 1404 298 1461 358; x_wconf 92' lang='lat' dir='ltr'>S.</span> <span class='ocrx_word' id='word_1_6' title='bbox 1507 297 1748 359; x_wconf 84' lang='lat' dir='ltr'>PETRO</span> <span class='ocrx_word' id='word_1_7' title='bbox 1793 298 2131 360; x_wconf 87' lang='lat' dir='ltr'>DAMIANO</span> <span class='ocrx_word' id='word_1_8' title='bbox 2170 303 2632 363; x_wconf 76' lang='lat' dir='ltr'>HENSCHENII</span> <span class='ocrx_word' id='word_1_9' title='bbox 2672 305 3050 366; x_wconf 79' lang='lat' dir='ltr'>COMMENT.</span> 
     </span>
    </p>
   </div>
   <div class='ocr_carea' id='block_1_2' title="bbox 3474 314 3548 374">
    <p class='ocr_par' dir='ltr' id='par_1_2' title="bbox 3474 314 3548 374">
     <span class='ocr_line' id='line_1_2' title="bbox 3474 314 3548 374; baseline 0.014 -1"><span class='ocrx_word' id='word_1_10' title='bbox 3474 314 3548 374; x_wconf 88' lang='lat'>98</span> 
     </span>
    </p>
   </div>
   <div class='ocr_carea' id='block_1_3' title="bbox 48 421 3544 509">
    <p class='ocr_par' dir='ltr' id='par_1_3' title="bbox 48 421 3544 509">
     <span class='ocr_line' id='line_1_3' title="bbox 48 421 3544 509; baseline 0.003 -24"><span class='ocrx_word' id='word_1_11' title='bbox 48 440 300 502; x_wconf 84' lang='lat' dir='ltr'>peragere</span> <span class='ocrx_word' id='word_1_12' title='bbox 380 425 607 494; x_wconf 89' lang='lat' dir='ltr'>solere,</span> <span class='ocrx_word' id='word_1_13' title='bbox 672 421 924 498; x_wconf 80' lang='lat' dir='ltr'>exceptis</span> <span class='ocrx_word' id='word_1_14' title='bbox 990 423 1178 484; x_wconf 87' lang='lat' dir='ltr'>tribus</span> <span class='ocrx_word' id='word_1_15' title='bbox 1253 423 2174 500; x_wconf 83' lang='lat' dir='ltr'>solemnitatibus,Apossibilitas</span> <span class='ocrx_word' id='word_1_16' title='bbox 2217 425 2600 489; x_wconf 82' lang='lat' dir='ltr'>administrat.</span> <span class='ocrx_word' id='word_1_17' title='bbox 2632 430 2924 489; x_wconf 83' lang='lat' dir='ltr'>Horarum</span> <span class='ocrx_word' id='word_1_18' title='bbox 2977 437 3170 491; x_wconf 91' lang='lat' dir='ltr'>autem</span> <span class='ocrx_word' id='word_1_19' title='bbox 3222 436 3544 509; x_wconf 89' lang='lat' dir='ltr'>psalmodia</span> 
     </span>
    </p>
   </div>
   <div class='ocr_carea' id='block_1_4' title="bbox 49 511 1752 585">
    <p class='ocr_par' dir='ltr' id='par_1_4' title="bbox 49 511 1752 585">
     <span class='ocr_line' id='line_1_4' title="bbox 49 511 1752 585; baseline -0.001 -8"><span class='ocrx_word' id='word_1_20' title='bbox 49 518 210 578; x_wconf 80' lang='lat' dir='ltr'>sancti</span> <span class='ocrx_word' id='word_1_21' title='bbox 261 514 538 574; x_wconf 76' lang='lat' dir='ltr'>videlicet</span> <span class='ocrx_word' id='word_1_22' title='bbox 566 513 839 584; x_wconf 87' lang='lat' dir='ltr'>Andreae,</span> <span class='ocrx_word' id='word_1_23' title='bbox 871 519 927 572; x_wconf 93' lang='lat' dir='ltr'>et</span> <span class='ocrx_word' id='word_1_24' title='bbox 964 511 1025 573; x_wconf 91' lang='lat' dir='ltr'>S.</span> <span class='ocrx_word' id='word_1_25' title='bbox 1056 513 1373 585; x_wconf 83' lang='lat' dir='ltr'>Benedicti,</span> <span class='ocrx_word' id='word_1_26' title='bbox 1405 524 1459 572; x_wconf 90' lang='lat' dir='ltr'>et</span> <span class='ocrx_word' id='word_1_27' title='bbox 1499 516 1752 575; x_wconf 84' lang='lat' dir='ltr'>Annuu-</span> 
     </span>
    </p>
   </div>
   <div class='ocr_carea' id='block_1_5' title="bbox 53 603 1752 667">
    <p class='ocr_par' dir='ltr' id='par_1_5' title="bbox 53 603 1752 667">
     <span class='ocr_line' id='line_1_5' title="bbox 53 603 1752 667; baseline -0.002 -1"><span class='ocrx_word' id='word_1_28' title='bbox 53 606 289 667; x_wconf 87' lang='lat' dir='ltr'>tiationis</span> <span class='ocrx_word' id='word_1_29' title='bbox 318 605 667 665; x_wconf 70' lang='lat' dir='ltr'>Dominicze.</span> <span class='ocrx_word' id='word_1_30' title='bbox 697 624 724 658; x_wconf 86' lang='lat'><strong>»</strong></span> <span class='ocrx_word' id='word_1_31' title='bbox 759 603 859 662; x_wconf 88' lang='lat' dir='ltr'>Est</span> <span class='ocrx_word' id='word_1_32' title='bbox 896 619 1128 664; x_wconf 90' lang='lat' dir='ltr'>eremus</span> <span class='ocrx_word' id='word_1_33' title='bbox 1180 605 1278 663; x_wconf 88' lang='lat' dir='ltr'>illa</span> <span class='ocrx_word' id='word_1_34' title='bbox 1325 605 1509 663; x_wconf 87' lang='lat' dir='ltr'>dicata</span> <span class='ocrx_word' id='word_1_35' title='bbox 1537 609 1598 664; x_wconf 90' lang='lat' dir='ltr'>S.</span> <span class='ocrx_word' id='word_1_36' title='bbox 1631 608 1752 662; x_wconf 85' lang='grc' dir='ltr'>Λη-</span> 
     </span>
    </p>
   </div>
   <div class='ocr_carea' id='block_1_6' title="bbox 55 697 1753 764">
    <p class='ocr_par' dir='ltr' id='par_1_6' title="bbox 55 697 1753 764">
     <span class='ocr_line' id='line_1_6' title="bbox 55 697 1753 764; baseline -0.002 -10"><span class='ocrx_word' id='word_1_37' title='bbox 55 702 195 764; x_wconf 66' lang='lat' dir='ltr'>dreae,</span> <span class='ocrx_word' id='word_1_38' title='bbox 227 697 391 756; x_wconf 88' lang='lat' dir='ltr'>unde</span> <span class='ocrx_word' id='word_1_39' title='bbox 445 701 501 753; x_wconf 85' lang='lat' dir='ltr'>et</span> <span class='ocrx_word' id='word_1_40' title='bbox 549 697 935 752; x_wconf 80' lang='lat' dir='ltr'>monasterium</span> <span class='ocrx_word' id='word_1_41' title='bbox 985 698 1044 752; x_wconf 88' lang='lat' dir='ltr'>S.</span> <span class='ocrx_word' id='word_1_42' title='bbox 1079 697 1316 751; x_wconf 75' lang='lat' dir='ltr'>Andreae</span> <span class='ocrx_word' id='word_1_43' title='bbox 1374 697 1440 750; x_wconf 89' lang='lat' dir='ltr'>de</span> <span class='ocrx_word' id='word_1_44' title='bbox 1480 697 1753 751; x_wconf 81' lang='lat' dir='ltr'>Avellana</span> 
     </span>
    </p>
   </div>
   <div class='ocr_carea' id='block_1_7' title="bbox 57 783 1755 860">
    <p class='ocr_par' dir='ltr' id='par_1_7' title="bbox 57 783 1755 860">
     <span class='ocr_line' id='line_1_7' title="bbox 57 783 1755 860; baseline -0.003 -13"><span class='ocrx_word' id='word_1_45' title='bbox 57 789 155 847; x_wconf 85' lang='lat' dir='ltr'>dici</span> <span class='ocrx_word' id='word_1_46' title='bbox 197 786 413 860; x_wconf 79' lang='lat' dir='ltr'>legitur</span> <span class='ocrx_word' id='word_1_47' title='bbox 457 784 610 860; x_wconf 91' lang='lat' dir='ltr'>apud</span> <span class='ocrx_word' id='word_1_48' title='bbox 646 785 1036 857; x_wconf 84' lang='lat' dir='ltr'>Augustinum</span> <span class='ocrx_word' id='word_1_49' title='bbox 1066 783 1486 854; x_wconf 88' lang='lat' dir='ltr'>Florentinum,</span> <span class='ocrx_word' id='word_1_50' title='bbox 1518 784 1755 843; x_wconf 83' lang='lat' dir='ltr'>citatum</span> 
     </span>
    </p>
   </div>
   <div class='ocr_carea' id='block_1_8' title="bbox 58 873 1754 948">
    <p class='ocr_par' dir='ltr' id='par_1_8' title="bbox 58 873 1754 948">
     <span class='ocr_line' id='line_1_8' title="bbox 58 873 1754 948; baseline -0.003 -13"><span class='ocrx_word' id='word_1_51' title='bbox 58 896 84 935; x_wconf 85' lang='lat' dir='ltr'>a</span> <span class='ocrx_word' id='word_1_52' title='bbox 107 876 323 935; x_wconf 81' lang='lat' dir='ltr'>Wione</span> <span class='ocrx_word' id='word_1_53' title='bbox 352 874 458 932; x_wconf 86' lang='lat' dir='ltr'>lib.</span> <span class='ocrx_word' id='word_1_54' title='bbox 492 887 531 933; x_wconf 87' lang='lat' dir='ltr'>II</span> <span class='ocrx_word' id='word_1_55' title='bbox 567 874 733 946; x_wconf 86' lang='lat' dir='ltr'>Ligni</span> <span class='ocrx_word' id='word_1_56' title='bbox 765 873 900 932; x_wconf 62' lang='lat' dir='ltr'>vitae</span> <span class='ocrx_word' id='word_1_57' title='bbox 930 889 1052 948; x_wconf 85' lang='lat' dir='ltr'>cap.</span> <span class='ocrx_word' id='word_1_58' title='bbox 1087 874 1140 932; x_wconf 86' lang='lat'>9.</span> <span class='ocrx_word' id='word_1_59' title='bbox 1175 875 1248 931; x_wconf 89' lang='lat' dir='ltr'>At</span> <span class='ocrx_word' id='word_1_60' title='bbox 1288 875 1344 933; x_wconf 90' lang='lat' dir='ltr'>S.</span> <span class='ocrx_word' id='word_1_61' title='bbox 1377 873 1754 932; x_wconf 87' lang='lat' dir='ltr'>Benedictum</span> 
     </span>
    </p>
   </div>
   <div class='ocr_carea' id='block_1_9' title="bbox 60 962 1758 1040">
    <p class='ocr_par' dir='ltr' id='par_1_9' title="bbox 60 962 1758 1040">
     <span class='ocr_line' id='line_1_9' title="bbox 60 962 1758 1040; baseline -0.003 -15"><span class='ocrx_word' id='word_1_62' title='bbox 60 968 111 1025; x_wconf 90' lang='lat' dir='ltr'>in</span> <span class='ocrx_word' id='word_1_63' title='bbox 134 964 573 1040; x_wconf 83' lang='lat' dir='ltr'>congregatione</span> <span class='ocrx_word' id='word_1_64' title='bbox 603 963 782 1022; x_wconf 84' lang='lat' dir='ltr'>eremi</span> <span class='ocrx_word' id='word_1_65' title='bbox 810 963 1009 1022; x_wconf 86' lang='lat' dir='ltr'>Fontis</span> <span class='ocrx_word' id='word_1_66' title='bbox 1034 962 1305 1021; x_wconf 85' lang='lat' dir='ltr'>Avellani</span> <span class='ocrx_word' id='word_1_67' title='bbox 1333 970 1639 1036; x_wconf 90' lang='lat' dir='ltr'>patronum</span> <span class='ocrx_word' id='word_1_68' title='bbox 1669 979 1758 1021; x_wconf 90' lang='lat' dir='ltr'>co-</span> 
     </span>
    </p>
   </div>
   <div class='ocr_carea' id='block_1_10' title="bbox 64 1052 1756 1127">
    <p class='ocr_par' dir='ltr' id='par_1_10' title="bbox 64 1052 1756 1127">
     <span class='ocr_line' id='line_1_10' title="bbox 64 1052 1756 1127; baseline -0.002 -13"><span class='ocrx_word' id='word_1_69' title='bbox 64 1057 302 1127; x_wconf 86' lang='lat' dir='ltr'>luerunt,</span> <span class='ocrx_word' id='word_1_70' title='bbox 352 1070 474 1112; x_wconf 91' lang='lat' dir='ltr'>non</span> <span class='ocrx_word' id='word_1_71' title='bbox 519 1059 582 1112; x_wconf 94' lang='lat' dir='ltr'>ut</span> <span class='ocrx_word' id='word_1_72' title='bbox 633 1052 973 1122; x_wconf 69' lang='lat' dir='ltr'>cmnobitze,</span> <span class='ocrx_word' id='word_1_73' title='bbox 1020 1068 1224 1110; x_wconf 89' lang='lat' dir='ltr'>verum</span> <span class='ocrx_word' id='word_1_74' title='bbox 1278 1058 1345 1110; x_wconf 93' lang='lat' dir='ltr'>ut</span> <span class='ocrx_word' id='word_1_75' title='bbox 1397 1055 1756 1112; x_wconf 66' lang='lat' dir='ltr'>anachoreta:</span> 
     </span>
    </p>
   </div>
   <div class='ocr_carea' id='block_1_11' title="bbox 60 1140 1754 1219">
    <p class='ocr_par' dir='ltr' id='par_1_11' title="bbox 60 1140 1754 1219">
     <span class='ocr_line' id='line_1_11' title="bbox 60 1140 1754 1219; baseline -0.001 -16"><span class='ocrx_word' id='word_1_76' title='bbox 60 1146 166 1203; x_wconf 82' lang='lat' dir='ltr'>sive</span> <span class='ocrx_word' id='word_1_77' title='bbox 229 1143 503 1214; x_wconf 76' lang='lat' dir='ltr'>eremitae,</span> <span class='ocrx_word' id='word_1_78' title='bbox 559 1157 808 1216; x_wconf 87' lang='lat' dir='ltr'>quorum</span> <span class='ocrx_word' id='word_1_79' title='bbox 879 1140 1055 1198; x_wconf 85' lang='lat' dir='ltr'>vitam</span> <span class='ocrx_word' id='word_1_80' title='bbox 1110 1140 1525 1215; x_wconf 88' lang='lat' dir='ltr'>perfectiorem,</span> <span class='ocrx_word' id='word_1_81' title='bbox 1578 1159 1754 1219; x_wconf 88' lang='lat' dir='ltr'>quam</span> 
     </span>
    </p>
   </div>
   <div class='ocr_carea' id='block_1_12' title="bbox 60 1229 1754 1303">
    <p class='ocr_par' dir='ltr' id='par_1_12' title="bbox 60 1229 1754 1303">
     <span class='ocr_line' id='line_1_12' title="bbox 60 1229 1754 1303; baseline -0.001 -10"><span class='ocrx_word' id='word_1_82' title='bbox 60 1234 486 1303; x_wconf 73' lang='lat' dir='ltr'>emnobitarum,</span> <span class='ocrx_word' id='word_1_83' title='bbox 527 1246 654 1290; x_wconf 87' lang='lat' dir='ltr'>esse</span> <span class='ocrx_word' id='word_1_84' title='bbox 693 1231 854 1290; x_wconf 87' lang='lat' dir='ltr'>docet</span> <span class='ocrx_word' id='word_1_85' title='bbox 881 1229 1150 1303; x_wconf 90' lang='lat' dir='ltr'>pluribus</span> <span class='ocrx_word' id='word_1_86' title='bbox 1181 1229 1244 1288; x_wconf 89' lang='grc' dir='ltr'>Β.</span> <span class='ocrx_word' id='word_1_87' title='bbox 1276 1230 1482 1290; x_wconf 87' lang='lat' dir='ltr'>Petrus</span> <span class='ocrx_word' id='word_1_88' title='bbox 1519 1232 1754 1291; x_wconf 89' lang='lat' dir='ltr'>Damia-</span> 
     </span>
    </p>
   </div>
   <div class='ocr_carea' id='block_1_13' title="bbox 63 1319 1754 1395">
    <p class='ocr_par' dir='ltr' id='par_1_13' title="bbox 63 1319 1754 1395">
     <span class='ocr_line' id='line_1_13' title="bbox 63 1319 1754 1395; baseline -0.001 -12"><span class='ocrx_word' id='word_1_89' title='bbox 63 1341 178 1395; x_wconf 88' lang='lat' dir='ltr'>nus,</span> <span class='ocrx_word' id='word_1_90' title='bbox 206 1324 244 1382; x_wconf 94' lang='lat' dir='ltr'>l.</span> <span class='ocrx_word' id='word_1_91' title='bbox 278 1336 361 1394; x_wconf 75' lang='grc' dir='ltr'>γι,</span> <span class='ocrx_word' id='word_1_92' title='bbox 395 1339 484 1395; x_wconf 91' lang='lat' dir='ltr'>ep.</span> <span class='ocrx_word' id='word_1_93' title='bbox 522 1321 608 1393; x_wconf 83' lang='lat' dir='ltr'>l2,</span> <span class='ocrx_word' id='word_1_94' title='bbox 630 1337 705 1380; x_wconf 89' lang='lat' dir='ltr'>ex</span> <span class='ocrx_word' id='word_1_95' title='bbox 734 1319 873 1394; x_wconf 88' lang='lat' dir='ltr'>ipsis</span> <span class='ocrx_word' id='word_1_96' title='bbox 904 1319 963 1379; x_wconf 93' lang='lat' dir='ltr'>S.</span> <span class='ocrx_word' id='word_1_97' title='bbox 996 1319 1293 1378; x_wconf 89' lang='lat' dir='ltr'>Benedicti</span> <span class='ocrx_word' id='word_1_98' title='bbox 1317 1320 1526 1379; x_wconf 80' lang='lat' dir='ltr'>verbis.</span> <span class='ocrx_word' id='word_1_99' title='bbox 1562 1346 1583 1373; x_wconf 72' lang='grc' dir='ltr'><strong><em>α</em></strong></span> <span class='ocrx_word' id='word_1_100' title='bbox 1614 1322 1754 1381; x_wconf 61' lang='lat' dir='ltr'>Haec</span> 
     </span>
    </p>
   </div>
   <div class='ocr_carea' id='block_1_14' title="bbox 61 1409 1754 1488">
    <p class='ocr_par' dir='ltr' id='par_1_14' title="bbox 61 1409 1754 1488">
     <span class='ocr_line' id='line_1_14' title="bbox 61 1409 1754 1488; baseline -0.001 -16"><span class='ocrx_word' id='word_1_101' title='bbox 61 1416 254 1488; x_wconf 84' lang='lat' dir='ltr'>itaque,</span> <span class='ocrx_word' id='word_1_102' title='bbox 286 1411 498 1486; x_wconf 88' lang='lat' dir='ltr'>inquit,</span> <span class='ocrx_word' id='word_1_103' title='bbox 532 1418 728 1471; x_wconf 91' lang='lat' dir='ltr'>nostra</span> <span class='ocrx_word' id='word_1_104' title='bbox 784 1425 900 1468; x_wconf 91' lang='lat' dir='ltr'>non</span> <span class='ocrx_word' id='word_1_105' title='bbox 943 1415 1098 1481; x_wconf 92' lang='lat' dir='ltr'>sunt,</span> <span class='ocrx_word' id='word_1_106' title='bbox 1139 1409 1239 1468; x_wconf 92' lang='lat' dir='ltr'>sed</span> <span class='ocrx_word' id='word_1_107' title='bbox 1278 1411 1537 1486; x_wconf 89' lang='lat' dir='ltr'>ejusdem</span> <span class='ocrx_word' id='word_1_108' title='bbox 1569 1411 1754 1471; x_wconf 91' lang='lat' dir='ltr'>Patris</span> 
     </span>
    </p>
   </div>
   <div class='ocr_carea' id='block_1_15' title="bbox 61 1501 1752 1578">
    <p class='ocr_par' dir='ltr' id='par_1_15' title="bbox 61 1501 1752 1578">
     <span class='ocr_line' id='line_1_15' title="bbox 61 1501 1752 1578; baseline 0 -12"><span class='ocrx_word' id='word_1_109' title='bbox 61 1507 220 1566; x_wconf 88' lang='lat' dir='ltr'>nostri</span> <span class='ocrx_word' id='word_1_110' title='bbox 255 1504 431 1564; x_wconf 87' lang='lat' dir='ltr'>verba</span> <span class='ocrx_word' id='word_1_111' title='bbox 462 1527 477 1562; x_wconf 90' lang='lat'><strong>:</strong></span> <span class='ocrx_word' id='word_1_112' title='bbox 512 1503 865 1574; x_wconf 89' lang='lat' dir='ltr'>Secundum,</span> <span class='ocrx_word' id='word_1_113' title='bbox 906 1501 1121 1578; x_wconf 88' lang='lat' dir='ltr'>inquit,</span> <span class='ocrx_word' id='word_1_114' title='bbox 1158 1518 1342 1575; x_wconf 86' lang='lat' dir='ltr'>genus</span> <span class='ocrx_word' id='word_1_115' title='bbox 1379 1511 1464 1563; x_wconf 88' lang='lat' dir='ltr'>est</span> <span class='ocrx_word' id='word_1_116' title='bbox 1499 1507 1752 1566; x_wconf 87' lang='lat' dir='ltr'>anacho-</span> 
     </span>
    </p>
   </div>
   <div class='ocr_carea' id='block_1_16' title="bbox 61 1592 1751 1667">
    <p class='ocr_par' dir='ltr' id='par_1_16' title="bbox 61 1592 1751 1667">
     <span class='ocr_line' id='line_1_16' title="bbox 61 1592 1751 1667; baseline -0.001 -11"><span class='ocrx_word' id='word_1_117' title='bbox 61 1605 313 1664; x_wconf 87' lang='lat' dir='ltr'>retarum,</span> <span class='ocrx_word' id='word_1_118' title='bbox 348 1594 409 1652; x_wconf 92' lang='lat' dir='ltr'>id</span> <span class='ocrx_word' id='word_1_119' title='bbox 449 1601 553 1665; x_wconf 91' lang='lat' dir='ltr'>est,</span> <span class='ocrx_word' id='word_1_120' title='bbox 591 1594 1004 1653; x_wconf 89' lang='lat' dir='ltr'>eremitarum:</span> <span class='ocrx_word' id='word_1_121' title='bbox 1039 1592 1248 1652; x_wconf 88' lang='lat' dir='ltr'>horum</span> <span class='ocrx_word' id='word_1_122' title='bbox 1302 1593 1407 1667; x_wconf 92' lang='lat' dir='ltr'>qui</span> <span class='ocrx_word' id='word_1_123' title='bbox 1446 1611 1563 1654; x_wconf 90' lang='lat' dir='ltr'>non</span> <span class='ocrx_word' id='word_1_124' title='bbox 1612 1612 1751 1655; x_wconf 88' lang='lat' dir='ltr'>con-</span> 
     </span>
    </p>
   </div>
   <div class='ocr_carea' id='block_1_17' title="bbox 62 1683 1754 1758">
    <p class='ocr_par' dir='ltr' id='par_1_17' title="bbox 62 1683 1754 1758">
     <span class='ocr_line' id='line_1_17' title="bbox 62 1683 1754 1758; baseline 0.001 -14"><span class='ocrx_word' id='word_1_125' title='bbox 62 1685 323 1746; x_wconf 88' lang='lat' dir='ltr'>versionis</span> <span class='ocrx_word' id='word_1_126' title='bbox 367 1685 592 1744; x_wconf 77' lang='lat' dir='ltr'>fervore</span> <span class='ocrx_word' id='word_1_127' title='bbox 642 1684 882 1754; x_wconf 89' lang='lat' dir='ltr'>novitio,</span> <span class='ocrx_word' id='word_1_128' title='bbox 913 1683 1012 1742; x_wconf 91' lang='lat' dir='ltr'>sed</span> <span class='ocrx_word' id='word_1_129' title='bbox 1042 1683 1379 1742; x_wconf 86' lang='lat' dir='ltr'>monasterii</span> <span class='ocrx_word' id='word_1_130' title='bbox 1417 1686 1754 1758; x_wconf 87' lang='lat' dir='ltr'>probatione</span> 
     </span>
    </p>
   </div>
   <div class='ocr_carea' id='block_1_18' title="bbox 60 1771 3256 1856">
    <p class='ocr_par' dir='ltr' id='par_1_18' title="bbox 60 1771 3256 1856">
     <span class='ocr_line' id='line_1_18' title="bbox 60 1771 3256 1856; baseline -0.001 -22"><span class='ocrx_word' id='word_1_131' title='bbox 60 1775 368 1834; x_wconf 78' lang='lat' dir='ltr'>didicerunt</span> <span class='ocrx_word' id='word_1_132' title='bbox 411 1780 610 1834; x_wconf 88' lang='lat' dir='ltr'>contra</span> <span class='ocrx_word' id='word_1_133' title='bbox 655 1771 972 1841; x_wconf 88' lang='lat' dir='ltr'>diabolum,</span> <span class='ocrx_word' id='word_1_134' title='bbox 1018 1771 1338 1832; x_wconf 88' lang='lat' dir='ltr'>multorum</span> <span class='ocrx_word' id='word_1_135' title='bbox 1392 1773 1594 1835; x_wconf 90' lang='lat' dir='ltr'>solatio</span> <span class='ocrx_word' id='word_1_136' title='bbox 1629 1772 2122 1856; x_wconf 70' lang='lat' dir='ltr'>jamBChronici&#39;</span> <span class='ocrx_word' id='word_1_137' title='bbox 2150 1773 2498 1845; x_wconf 83' lang='lat' dir='ltr'>Casinensis,</span> <span class='ocrx_word' id='word_1_138' title='bbox 2552 1790 2674 1846; x_wconf 90' lang='lat' dir='ltr'>cap.</span> <span class='ocrx_word' id='word_1_139' title='bbox 2731 1772 2821 1846; x_wconf 81' lang='lat' dir='ltr'>2i,</span> <span class='ocrx_word' id='word_1_140' title='bbox 2870 1775 2961 1834; x_wconf 92' lang='lat' dir='ltr'>his</span> <span class='ocrx_word' id='word_1_141' title='bbox 2995 1773 3193 1833; x_wconf 90' lang='lat' dir='ltr'>verbis</span> <span class='ocrx_word' id='word_1_142' title='bbox 3243 1797 3256 1832; x_wconf 87' lang='lat'><strong>:</strong></span> 
     </span>
    </p>
   </div>
   <div class='ocr_carea' id='block_1_19' title="bbox 60 1861 1752 1938">
    <p class='ocr_par' dir='ltr' id='par_1_19' title="bbox 60 1861 1752 1938">
     <span class='ocr_line' id='line_1_19' title="bbox 60 1861 1752 1938; baseline 0.002 -16"><span class='ocrx_word' id='word_1_143' title='bbox 60 1864 209 1935; x_wconf 88' lang='lat' dir='ltr'>docti,</span> <span class='ocrx_word' id='word_1_144' title='bbox 237 1879 502 1938; x_wconf 87' lang='lat' dir='ltr'>pugnare</span> <span class='ocrx_word' id='word_1_145' title='bbox 531 1882 545 1922; x_wconf 89' lang='lat'><strong>:</strong></span> <span class='ocrx_word' id='word_1_146' title='bbox 579 1869 634 1922; x_wconf 90' lang='lat' dir='ltr'>et</span> <span class='ocrx_word' id='word_1_147' title='bbox 661 1863 809 1922; x_wconf 90' lang='lat' dir='ltr'>bene</span> <span class='ocrx_word' id='word_1_148' title='bbox 846 1861 1114 1921; x_wconf 90' lang='lat' dir='ltr'>instructi</span> <span class='ocrx_word' id='word_1_149' title='bbox 1142 1861 1394 1922; x_wconf 89' lang='lat' dir='ltr'>fraterna</span> <span class='ocrx_word' id='word_1_150' title='bbox 1421 1880 1496 1922; x_wconf 83' lang='lat' dir='ltr'>ex</span> <span class='ocrx_word' id='word_1_151' title='bbox 1533 1865 1654 1924; x_wconf 85' lang='lat' dir='ltr'>acie</span> <span class='ocrx_word' id='word_1_152' title='bbox 1680 1866 1752 1926; x_wconf 91' lang='lat' dir='ltr'>ad</span> 
     </span>
    </p>
   </div>
   <div class='ocr_carea' id='block_1_20' title="bbox 59 1952 1749 2029">
    <p class='ocr_par' dir='ltr' id='par_1_20' title="bbox 59 1952 1749 2029">
     <span class='ocr_line' id='line_1_20' title="bbox 59 1952 1749 2029; baseline 0.001 -16"><span class='ocrx_word' id='word_1_153' title='bbox 59 1953 397 2028; x_wconf 87' lang='lat' dir='ltr'>singularem</span> <span class='ocrx_word' id='word_1_154' title='bbox 437 1968 695 2028; x_wconf 86' lang='lat' dir='ltr'>pugnam</span> <span class='ocrx_word' id='word_1_155' title='bbox 726 1952 926 2026; x_wconf 85' lang='lat' dir='ltr'>eremi,</span> <span class='ocrx_word' id='word_1_156' title='bbox 955 1953 1143 2012; x_wconf 90' lang='lat' dir='ltr'>securi</span> <span class='ocrx_word' id='word_1_157' title='bbox 1176 1953 1298 2029; x_wconf 92' lang='lat' dir='ltr'>jam</span> <span class='ocrx_word' id='word_1_158' title='bbox 1335 1954 1462 2014; x_wconf 89' lang='lat' dir='ltr'>sine</span> <span class='ocrx_word' id='word_1_159' title='bbox 1487 1957 1749 2024; x_wconf 88' lang='lat' dir='ltr'>consola-</span> 
     </span>
    </p>
   </div>
   <div class='ocr_carea' id='block_1_21' title="bbox 60 2041 1753 2115">
    <p class='ocr_par' dir='ltr' id='par_1_21' title="bbox 60 2041 1753 2115">
     <span class='ocr_line' id='line_1_21' title="bbox 60 2041 1753 2115; baseline 0.003 -15"><span class='ocrx_word' id='word_1_160' title='bbox 60 2044 191 2102; x_wconf 86' lang='lat' dir='ltr'>tione</span> <span class='ocrx_word' id='word_1_161' title='bbox 225 2041 491 2115; x_wconf 90' lang='lat' dir='ltr'>alterius,</span> <span class='ocrx_word' id='word_1_162' title='bbox 541 2042 661 2102; x_wconf 89' lang='lat' dir='ltr'>sola</span> <span class='ocrx_word' id='word_1_163' title='bbox 708 2058 908 2115; x_wconf 91' lang='lat' dir='ltr'>manu,</span> <span class='ocrx_word' id='word_1_164' title='bbox 962 2041 1052 2101; x_wconf 91' lang='lat' dir='ltr'>vel</span> <span class='ocrx_word' id='word_1_165' title='bbox 1095 2041 1329 2102; x_wconf 90' lang='lat' dir='ltr'>brachio</span> <span class='ocrx_word' id='word_1_166' title='bbox 1367 2051 1563 2103; x_wconf 90' lang='lat' dir='ltr'>contra</span> <span class='ocrx_word' id='word_1_167' title='bbox 1612 2046 1753 2106; x_wconf 91' lang='lat' dir='ltr'>vitia</span> 
     </span>
    </p>
   </div>
   <div class='ocr_carea' id='block_1_22' title="bbox 57 2131 1756 2206">
    <p class='ocr_par' dir='ltr' id='par_1_22' title="bbox 57 2131 1756 2206">
     <span class='ocr_line' id='line_1_22' title="bbox 57 2131 1756 2206; baseline 0.002 -16"><span class='ocrx_word' id='word_1_168' title='bbox 57 2131 246 2203; x_wconf 87' lang='lat' dir='ltr'>carnis,</span> <span class='ocrx_word' id='word_1_169' title='bbox 275 2131 374 2190; x_wconf 90' lang='lat' dir='ltr'>vel</span> <span class='ocrx_word' id='word_1_170' title='bbox 429 2132 858 2206; x_wconf 88' lang='lat' dir='ltr'>cogitationum,</span> <span class='ocrx_word' id='word_1_171' title='bbox 899 2131 1017 2190; x_wconf 89' lang='lat' dir='ltr'>Deo</span> <span class='ocrx_word' id='word_1_172' title='bbox 1071 2131 1416 2203; x_wconf 81' lang='lat' dir='ltr'>auxiliante,</span> <span class='ocrx_word' id='word_1_173' title='bbox 1455 2134 1756 2194; x_wconf 84' lang='lat' dir='ltr'>suﬂiciunt</span> 
     </span>
    </p>
   </div>
   <div class='ocr_carea' id='block_1_23' title="bbox 57 2220 1752 2298">
    <p class='ocr_par' dir='ltr' id='par_1_23' title="bbox 57 2220 1752 2298">
     <span class='ocr_line' id='line_1_23' title="bbox 57 2220 1752 2298; baseline 0.002 -18"><span class='ocrx_word' id='word_1_174' title='bbox 57 2237 317 2297; x_wconf 83' lang='lat' dir='ltr'>pugnare.</span> <span class='ocrx_word' id='word_1_175' title='bbox 352 2243 377 2273; x_wconf 77' lang='grc' dir='ltr'><strong><em>ι</em></strong></span> <span class='ocrx_word' id='word_1_176' title='bbox 409 2220 549 2282; x_wconf 59' lang='lat' dir='ltr'>Haec</span> <span class='ocrx_word' id='word_1_177' title='bbox 573 2238 648 2281; x_wconf 83' lang='lat' dir='ltr'>ex</span> <span class='ocrx_word' id='word_1_178' title='bbox 673 2239 796 2298; x_wconf 91' lang='lat' dir='ltr'>cap.</span> <span class='ocrx_word' id='word_1_179' title='bbox 829 2223 851 2280; x_wconf 84' lang='lat'><strong>1</strong></span> <span class='ocrx_word' id='word_1_180' title='bbox 877 2222 1117 2297; x_wconf 65' lang='lat' dir='ltr'>Regula:</span> <span class='ocrx_word' id='word_1_181' title='bbox 1146 2221 1520 2282; x_wconf 89' lang='lat' dir='ltr'>S.Benedicti</span> <span class='ocrx_word' id='word_1_182' title='bbox 1546 2224 1611 2282; x_wconf 93' lang='lat' dir='ltr'>B.</span> <span class='ocrx_word' id='word_1_183' title='bbox 1644 2224 1752 2283; x_wconf 92' lang='lat' dir='ltr'>Pe-</span> 
     </span>
    </p>
   </div>
   <div class='ocr_carea' id='block_1_24' title="bbox 57 2313 1755 2389">
    <p class='ocr_par' dir='ltr' id='par_1_24' title="bbox 57 2313 1755 2389">
     <span class='ocr_line' id='line_1_24' title="bbox 57 2313 1755 2389; baseline 0.002 -17"><span class='ocrx_word' id='word_1_184' title='bbox 57 2321 180 2384; x_wconf 85' lang='lat' dir='ltr'>trus,</span> <span class='ocrx_word' id='word_1_185' title='bbox 212 2315 390 2389; x_wconf 88' lang='lat' dir='ltr'>cujus</span> <span class='ocrx_word' id='word_1_186' title='bbox 427 2321 483 2373; x_wconf 92' lang='lat' dir='ltr'>et</span> <span class='ocrx_word' id='word_1_187' title='bbox 526 2313 634 2373; x_wconf 89' lang='lat' dir='ltr'>ista</span> <span class='ocrx_word' id='word_1_188' title='bbox 687 2320 823 2372; x_wconf 88' lang='lat' dir='ltr'>sunt</span> <span class='ocrx_word' id='word_1_189' title='bbox 870 2313 935 2372; x_wconf 90' lang='lat' dir='ltr'>in</span> <span class='ocrx_word' id='word_1_190' title='bbox 981 2313 1180 2372; x_wconf 89' lang='lat' dir='ltr'>eadem</span> <span class='ocrx_word' id='word_1_191' title='bbox 1222 2314 1460 2387; x_wconf 89' lang='lat' dir='ltr'>epistola</span> <span class='ocrx_word' id='word_1_192' title='bbox 1495 2335 1508 2374; x_wconf 88' lang='lat'><strong>:</strong></span> <span class='ocrx_word' id='word_1_193' title='bbox 1549 2338 1572 2368; x_wconf 79' lang='grc' dir='ltr'>ι</span> <span class='ocrx_word' id='word_1_194' title='bbox 1631 2315 1755 2374; x_wconf 90' lang='lat' dir='ltr'>Hoc</span> 
     </span>
    </p>
   </div>
   <div class='ocr_carea' id='block_1_25' title="bbox 53 2401 1756 2478">
    <p class='ocr_par' dir='ltr' id='par_1_25' title="bbox 53 2401 1756 2478">
     <span class='ocr_line' id='line_1_25' title="bbox 53 2401 1756 2478; baseline 0.001 -15"><span class='ocrx_word' id='word_1_195' title='bbox 53 2413 312 2476; x_wconf 66' lang='lat' dir='ltr'>praeterea</span> <span class='ocrx_word' id='word_1_196' title='bbox 368 2403 662 2476; x_wconf 88' lang='lat' dir='ltr'>novimus,</span> <span class='ocrx_word' id='word_1_197' title='bbox 693 2401 830 2478; x_wconf 90' lang='lat' dir='ltr'>quia</span> <span class='ocrx_word' id='word_1_198' title='bbox 873 2402 938 2462; x_wconf 92' lang='lat' dir='ltr'>B.</span> <span class='ocrx_word' id='word_1_199' title='bbox 973 2402 1320 2463; x_wconf 91' lang='lat' dir='ltr'>Benedictus</span> <span class='ocrx_word' id='word_1_200' title='bbox 1361 2405 1540 2464; x_wconf 89' lang='lat' dir='ltr'>eremi</span> <span class='ocrx_word' id='word_1_201' title='bbox 1569 2406 1756 2466; x_wconf 89' lang='lat' dir='ltr'>cultor</span> 
     </span>
    </p>
   </div>
   <div class='ocr_carea' id='block_1_26' title="bbox 50 2493 1749 2568">
    <p class='ocr_par' dir='ltr' id='par_1_26' title="bbox 50 2493 1749 2568">
     <span class='ocr_line' id='line_1_26' title="bbox 50 2493 1749 2568; baseline 0.002 -18"><span class='ocrx_word' id='word_1_202' title='bbox 50 2494 274 2566; x_wconf 73' lang='lat' dir='ltr'>exstitit,</span> <span class='ocrx_word' id='word_1_203' title='bbox 308 2499 366 2551; x_wconf 89' lang='lat' dir='ltr'>et</span> <span class='ocrx_word' id='word_1_204' title='bbox 417 2494 525 2551; x_wconf 87' lang='lat' dir='ltr'>hoc</span> <span class='ocrx_word' id='word_1_205' title='bbox 574 2500 724 2552; x_wconf 92' lang='lat' dir='ltr'>certe</span> <span class='ocrx_word' id='word_1_206' title='bbox 783 2509 888 2552; x_wconf 93' lang='lat' dir='ltr'>nos</span> <span class='ocrx_word' id='word_1_207' title='bbox 937 2493 1157 2568; x_wconf 88' lang='lat' dir='ltr'>optavit</span> <span class='ocrx_word' id='word_1_208' title='bbox 1214 2509 1357 2566; x_wconf 87' lang='lat' dir='ltr'>esse,</span> <span class='ocrx_word' id='word_1_209' title='bbox 1413 2494 1570 2568; x_wconf 89' lang='lat' dir='ltr'>quod</span> <span class='ocrx_word' id='word_1_210' title='bbox 1620 2496 1749 2566; x_wconf 91' lang='lat' dir='ltr'>fuit,</span> 
     </span>
    </p>
   </div>
   <div class='ocr_carea' id='block_1_27' title="bbox 50 2583 1754 2657">
    <p class='ocr_par' dir='ltr' id='par_1_27' title="bbox 50 2583 1754 2657">
     <span class='ocr_line' id='line_1_27' title="bbox 50 2583 1754 2657; baseline 0.001 -15"><span class='ocrx_word' id='word_1_211' title='bbox 283 2584 676 2657; x_wconf 88' lang='lat' dir='ltr'>dispensative</span> <span class='ocrx_word' id='word_1_212' title='bbox 730 2583 1030 2643; x_wconf 89' lang='lat' dir='ltr'>constituit</span> <span class='ocrx_word' id='word_1_213' title='bbox 1103 2584 1267 2657; x_wconf 91' lang='lat' dir='ltr'>prius</span> <span class='ocrx_word' id='word_1_214' title='bbox 1330 2585 1754 2644; x_wconf 88' lang='lat' dir='ltr'>monasterialis</span> 
     </span>
    </p>
   </div>
   <div class='ocr_carea' id='block_1_28' title="bbox 51 2671 1753 2750">
    <p class='ocr_par' dir='ltr' id='par_1_28' title="bbox 51 2671 1753 2750">
     <span class='ocr_line' id='line_1_28' title="bbox 51 2671 1753 2750; baseline 0.002 -22"><span class='ocrx_word' id='word_1_215' title='bbox 51 2676 171 2735; x_wconf 68' lang='lat' dir='ltr'>vita:</span> <span class='ocrx_word' id='word_1_216' title='bbox 224 2674 548 2750; x_wconf 89' lang='lat' dir='ltr'>planitiem,</span> <span class='ocrx_word' id='word_1_217' title='bbox 585 2676 652 2732; x_wconf 89' lang='lat' dir='ltr'>ut</span> <span class='ocrx_word' id='word_1_218' title='bbox 679 2671 798 2730; x_wconf 88' lang='lat' dir='ltr'>illic</span> <span class='ocrx_word' id='word_1_219' title='bbox 822 2671 1148 2746; x_wconf 62' lang='lat' dir='ltr'>disciplinae</span> <span class='ocrx_word' id='word_1_220' title='bbox 1187 2673 1431 2746; x_wconf 87' lang='lat' dir='ltr'>ilagellis</span> <span class='ocrx_word' id='word_1_221' title='bbox 1467 2674 1666 2746; x_wconf 87' lang='lat' dir='ltr'>attriti,</span> <span class='ocrx_word' id='word_1_222' title='bbox 1699 2680 1753 2733; x_wconf 91' lang='lat' dir='ltr'>et</span> 
     </span>
    </p>
   </div>
   <div class='ocr_carea' id='block_1_29' title="bbox 51 2760 1754 2837">
    <p class='ocr_par' dir='ltr' id='par_1_29' title="bbox 51 2760 1754 2837">
     <span class='ocr_line' id='line_1_29' title="bbox 51 2760 1754 2837; baseline 0.001 -15"><span class='ocrx_word' id='word_1_223' title='bbox 51 2763 336 2823; x_wconf 79' lang='lat' dir='ltr'>exercitiis</span> <span class='ocrx_word' id='word_1_224' title='bbox 379 2762 626 2837; x_wconf 85' lang='lat' dir='ltr'>probati,</span> <span class='ocrx_word' id='word_1_225' title='bbox 660 2761 780 2836; x_wconf 89' lang='lat' dir='ltr'>jam</span> <span class='ocrx_word' id='word_1_226' title='bbox 813 2760 1045 2820; x_wconf 87' lang='lat' dir='ltr'>facilius</span> <span class='ocrx_word' id='word_1_227' title='bbox 1082 2761 1264 2820; x_wconf 90' lang='lat' dir='ltr'>eremi</span> <span class='ocrx_word' id='word_1_228' title='bbox 1301 2763 1754 2824; x_wconf 90' lang='lat' dir='ltr'>conscendamus</span> 
     </span>
    </p>
   </div>
   <div class='ocr_carea' id='block_1_30' title="bbox 48 2851 1753 2928">
    <p class='ocr_par' dir='ltr' id='par_1_30' title="bbox 48 2851 1753 2928">
     <span class='ocr_line' id='line_1_30' title="bbox 48 2851 1753 2928; baseline 0.001 -14"><span class='ocrx_word' id='word_1_229' title='bbox 48 2857 108 2914; x_wconf 87' lang='lat' dir='ltr'>ad</span> <span class='ocrx_word' id='word_1_230' title='bbox 161 2871 376 2914; x_wconf 90' lang='lat' dir='ltr'>arcem.</span> <span class='ocrx_word' id='word_1_231' title='bbox 409 2853 533 2913; x_wconf 92' lang='lat' dir='ltr'>Hoc</span> <span class='ocrx_word' id='word_1_232' title='bbox 593 2852 788 2928; x_wconf 89' lang='lat' dir='ltr'>itaque</span> <span class='ocrx_word' id='word_1_233' title='bbox 828 2851 1200 2926; x_wconf 67' lang='lat' dir='ltr'>“Benedictus,</span> <span class='ocrx_word' id='word_1_234' title='bbox 1239 2855 1391 2928; x_wconf 92' lang='lat' dir='ltr'>quod</span> <span class='ocrx_word' id='word_1_235' title='bbox 1443 2860 1498 2912; x_wconf 90' lang='lat' dir='ltr'>et</span> <span class='ocrx_word' id='word_1_236' title='bbox 1550 2854 1753 2915; x_wconf 86' lang='lat' dir='ltr'>beatus</span> 
     </span>
    </p>
   </div>
   <div class='ocr_carea' id='block_1_31' title="bbox 50 2937 1752 3021">
    <p class='ocr_par' dir='ltr' id='par_1_31' title="bbox 50 2937 1752 3021">
     <span class='ocr_line' id='line_1_31' title="bbox 50 2937 1752 3021; baseline 0.002 -18"><span class='ocrx_word' id='word_1_237' title='bbox 50 2945 243 3004; x_wconf 81' lang='lat' dir='ltr'>fecerat</span> <span class='ocrx_word' id='word_1_238' title='bbox 268 2945 510 3005; x_wconf 88' lang='lat' dir='ltr'>Paulus.</span> <span class='ocrx_word' id='word_1_239' title='bbox 543 2945 806 3019; x_wconf 83' lang='lat' dir='ltr'>Agamus</span> <span class='ocrx_word' id='word_1_240' title='bbox 833 2937 1081 3018; x_wconf 73' lang='grc' dir='ltr'>[ἄγαμος]</span> <span class='ocrx_word' id='word_1_241' title='bbox 1119 2944 1409 3019; x_wconf 87' lang='lat' dir='ltr'>siquidem</span> <span class='ocrx_word' id='word_1_242' title='bbox 1446 2952 1567 3005; x_wconf 91' lang='lat' dir='ltr'>erat</span> <span class='ocrx_word' id='word_1_243' title='bbox 1595 2949 1752 3021; x_wconf 84' lang='lat' dir='ltr'>Apo-</span> 
     </span>
    </p>
   </div>
   <div class='ocr_carea' id='block_1_32' title="bbox 48 3032 1747 3110">
    <p class='ocr_par' dir='ltr' id='par_1_32' title="bbox 48 3032 1747 3110">
     <span class='ocr_line' id='line_1_32' title="bbox 48 3032 1747 3110; baseline 0.003 -20"><span class='ocrx_word' id='word_1_244' title='bbox 48 3033 231 3105; x_wconf 88' lang='lat' dir='ltr'>stolus,</span> <span class='ocrx_word' id='word_1_245' title='bbox 295 3033 567 3092; x_wconf 89' lang='lat' dir='ltr'>homines</span> <span class='ocrx_word' id='word_1_246' title='bbox 620 3039 812 3092; x_wconf 91' lang='lat' dir='ltr'>tamen</span> <span class='ocrx_word' id='word_1_247' title='bbox 865 3032 939 3090; x_wconf 90' lang='lat' dir='ltr'>ad</span> <span class='ocrx_word' id='word_1_248' title='bbox 988 3033 1333 3108; x_wconf 90' lang='lat' dir='ltr'>conjugium</span> <span class='ocrx_word' id='word_1_249' title='bbox 1386 3037 1747 3110; x_wconf 86' lang='lat' dir='ltr'>provocabat.</span> 
     </span>
    </p>
   </div>
   <div class='ocr_carea' id='block_1_33' title="bbox 1835 518 3548 600">
    <p class='ocr_par' dir='ltr' id='par_1_33' title="bbox 1835 518 3548 600">
     <span class='ocr_line' id='line_1_33' title="bbox 1835 518 3548 600; baseline 0.006 -26"><span class='ocrx_word' id='word_1_250' title='bbox 1835 518 2110 576; x_wconf 89' lang='lat' dir='ltr'>canonica</span> <span class='ocrx_word' id='word_1_251' title='bbox 2136 520 2394 591; x_wconf 89' lang='lat' dir='ltr'>omnino,</span> <span class='ocrx_word' id='word_1_252' title='bbox 2427 519 2576 580; x_wconf 90' lang='lat' dir='ltr'>sicut</span> <span class='ocrx_word' id='word_1_253' title='bbox 2611 520 2675 578; x_wconf 87' lang='lat' dir='ltr'>fit</span> <span class='ocrx_word' id='word_1_254' title='bbox 2712 520 2770 578; x_wconf 92' lang='lat' dir='ltr'>in</span> <span class='ocrx_word' id='word_1_255' title='bbox 2806 524 3170 595; x_wconf 88' lang='lat' dir='ltr'>monasterio,</span> <span class='ocrx_word' id='word_1_256' title='bbox 3203 524 3283 583; x_wconf 89' lang='lat' dir='ltr'>ita</span> <span class='ocrx_word' id='word_1_257' title='bbox 3322 525 3418 584; x_wconf 90' lang='lat' dir='ltr'>hic</span> <span class='ocrx_word' id='word_1_258' title='bbox 3447 542 3548 600; x_wconf 89' lang='lat' dir='ltr'>per</span> 
     </span>
    </p>
   </div>
   <div class='ocr_carea' id='block_1_34' title="bbox 1836 607 3548 686">
    <p class='ocr_par' dir='ltr' id='par_1_34' title="bbox 1836 607 3548 686">
     <span class='ocr_line' id='line_1_34' title="bbox 1836 607 3548 686; baseline 0.006 -21"><span class='ocrx_word' id='word_1_259' title='bbox 1836 607 2100 666; x_wconf 84' lang='lat' dir='ltr'>ordinem</span> <span class='ocrx_word' id='word_1_260' title='bbox 2148 608 2534 668; x_wconf 88' lang='lat' dir='ltr'>nihilominus</span> <span class='ocrx_word' id='word_1_261' title='bbox 2584 609 2950 684; x_wconf 88' lang='lat' dir='ltr'>adimpletur.</span> <span class='ocrx_word' id='word_1_262' title='bbox 2990 635 3010 661; x_wconf 80' lang='grc' dir='ltr'>ι</span> <span class='ocrx_word' id='word_1_263' title='bbox 3047 615 3132 671; x_wconf 92' lang='lat' dir='ltr'>Ac</span> <span class='ocrx_word' id='word_1_264' title='bbox 3178 612 3350 686; x_wconf 88' lang='lat' dir='ltr'>paulo</span> <span class='ocrx_word' id='word_1_265' title='bbox 3391 614 3548 675; x_wconf 82' lang='lat' dir='ltr'>infe-</span> 
     </span>
    </p>
   </div>
   <div class='ocr_carea' id='block_1_35' title="bbox 1836 696 3544 775">
    <p class='ocr_par' dir='ltr' id='par_1_35' title="bbox 1836 696 3544 775">
     <span class='ocr_line' id='line_1_35' title="bbox 1836 696 3544 775; baseline 0.005 -21"><span class='ocrx_word' id='word_1_266' title='bbox 1836 696 2004 756; x_wconf 91' lang='lat' dir='ltr'>rius:</span> <span class='ocrx_word' id='word_1_267' title='bbox 2053 721 2080 748; x_wconf 76' lang='grc' dir='ltr'>«ι</span> <span class='ocrx_word' id='word_1_268' title='bbox 2131 699 2415 771; x_wconf 77' lang='lat' dir='ltr'>Regulare</span> <span class='ocrx_word' id='word_1_269' title='bbox 2471 707 2574 771; x_wconf 92' lang='lat' dir='ltr'>est,</span> <span class='ocrx_word' id='word_1_270' title='bbox 2629 700 2838 775; x_wconf 88' lang='lat' dir='ltr'>inquit,</span> <span class='ocrx_word' id='word_1_271' title='bbox 2898 703 3282 774; x_wconf 86' lang='lat' dir='ltr'>monasteriis,</span> <span class='ocrx_word' id='word_1_272' title='bbox 3339 710 3403 763; x_wconf 93' lang='lat' dir='ltr'>ut</span> <span class='ocrx_word' id='word_1_273' title='bbox 3459 704 3544 775; x_wconf 92' lang='lat' dir='ltr'>hi,</span> 
     </span>
    </p>
   </div>
   <div class='ocr_carea' id='block_1_36' title="bbox 1835 784 3544 862">
    <p class='ocr_par' dir='ltr' id='par_1_36' title="bbox 1835 784 3544 862">
     <span class='ocr_line' id='line_1_36' title="bbox 1835 784 3544 862; baseline 0.005 -19"><span class='ocrx_word' id='word_1_274' title='bbox 1835 784 1937 860; x_wconf 92' lang='lat' dir='ltr'>qui</span> <span class='ocrx_word' id='word_1_275' title='bbox 1968 786 2030 844; x_wconf 92' lang='lat' dir='ltr'>in</span> <span class='ocrx_word' id='word_1_276' title='bbox 2069 787 2164 845; x_wconf 88' lang='lat' dir='ltr'>via</span> <span class='ocrx_word' id='word_1_277' title='bbox 2195 787 2546 861; x_wconf 91' lang='lat' dir='ltr'>diriguntur,</span> <span class='ocrx_word' id='word_1_278' title='bbox 2582 790 2722 848; x_wconf 89' lang='lat' dir='ltr'>foris</span> <span class='ocrx_word' id='word_1_279' title='bbox 2761 805 2878 848; x_wconf 91' lang='lat' dir='ltr'>non</span> <span class='ocrx_word' id='word_1_280' title='bbox 2917 791 3237 862; x_wconf 78' lang='lat' dir='ltr'>comedent,</span> <span class='ocrx_word' id='word_1_281' title='bbox 3268 793 3316 851; x_wconf 89' lang='lat' dir='ltr'>si</span> <span class='ocrx_word' id='word_1_282' title='bbox 3347 809 3414 853; x_wconf 93' lang='lat' dir='ltr'>eo</span> <span class='ocrx_word' id='word_1_283' title='bbox 3450 793 3544 852; x_wconf 90' lang='lat' dir='ltr'>die</span> 
     </span>
    </p>
   </div>
   <div class='ocr_carea' id='block_1_37' title="bbox 1835 877 3548 947">
    <p class='ocr_par' dir='ltr' id='par_1_37' title="bbox 1835 877 3548 947">
     <span class='ocr_line' id='line_1_37' title="bbox 1835 877 3548 947; baseline 0.006 -16"><span class='ocrx_word' id='word_1_284' title='bbox 1835 881 2068 947; x_wconf 77' lang='lat' dir='ltr'>sperant</span> <span class='ocrx_word' id='word_1_285' title='bbox 2091 877 2303 934; x_wconf 87' lang='lat' dir='ltr'>reverti</span> <span class='ocrx_word' id='word_1_286' title='bbox 2332 896 2344 935; x_wconf 92' lang='lat'><strong>:</strong></span> <span class='ocrx_word' id='word_1_287' title='bbox 2373 877 2471 936; x_wconf 90' lang='lat' dir='ltr'>cui</span> <span class='ocrx_word' id='word_1_288' title='bbox 2504 877 2769 938; x_wconf 89' lang='lat' dir='ltr'>videlicet</span> <span class='ocrx_word' id='word_1_289' title='bbox 2789 879 3172 940; x_wconf 68' lang='lat' dir='ltr'>observantiae</span> <span class='ocrx_word' id='word_1_290' title='bbox 3195 879 3342 942; x_wconf 92' lang='lat' dir='ltr'>illud</span> <span class='ocrx_word' id='word_1_291' title='bbox 3373 882 3548 941; x_wconf 90' lang='lat' dir='ltr'>etiam</span> 
     </span>
    </p>
   </div>
   <div class='ocr_carea' id='block_1_38' title="bbox 1834 965 3547 1042">
    <p class='ocr_par' dir='ltr' id='par_1_38' title="bbox 1834 965 3547 1042">
     <span class='ocr_line' id='line_1_38' title="bbox 1834 965 3547 1042; baseline 0.004 -19"><span class='ocrx_word' id='word_1_292' title='bbox 1834 965 1987 1038; x_wconf 90' lang='lat' dir='ltr'>apud</span> <span class='ocrx_word' id='word_1_293' title='bbox 2034 981 2138 1025; x_wconf 92' lang='lat' dir='ltr'>nos</span> <span class='ocrx_word' id='word_1_294' title='bbox 2189 966 2438 1036; x_wconf 87' lang='lat' dir='ltr'>additur,</span> <span class='ocrx_word' id='word_1_295' title='bbox 2489 972 2553 1026; x_wconf 92' lang='lat' dir='ltr'>ut</span> <span class='ocrx_word' id='word_1_296' title='bbox 2586 968 2708 1026; x_wconf 81' lang='lat' dir='ltr'>sive</span> <span class='ocrx_word' id='word_1_297' title='bbox 2747 969 2892 1042; x_wconf 91' lang='lat' dir='ltr'>ipso,</span> <span class='ocrx_word' id='word_1_298' title='bbox 2931 970 3053 1029; x_wconf 88' lang='lat' dir='ltr'>sive</span> <span class='ocrx_word' id='word_1_299' title='bbox 3088 971 3202 1030; x_wconf 91' lang='lat' dir='ltr'>alio</span> <span class='ocrx_word' id='word_1_300' title='bbox 3241 971 3335 1030; x_wconf 88' lang='lat' dir='ltr'>die</span> <span class='ocrx_word' id='word_1_301' title='bbox 3371 971 3547 1030; x_wconf 85' lang='lat' dir='ltr'>fuerit</span> 
     </span>
    </p>
   </div>
   <div class='ocr_carea' id='block_1_39' title="bbox 1834 1053 3542 1132">
    <p class='ocr_par' dir='ltr' id='par_1_39' title="bbox 1834 1053 3542 1132">
     <span class='ocr_line' id='line_1_39' title="bbox 1834 1053 3542 1132; baseline 0.005 -19"><span class='ocrx_word' id='word_1_302' title='bbox 1834 1053 1966 1127; x_wconf 89' lang='lat' dir='ltr'>quis</span> <span class='ocrx_word' id='word_1_303' title='bbox 2007 1071 2288 1129; x_wconf 88' lang='lat' dir='ltr'>egressus,</span> <span class='ocrx_word' id='word_1_304' title='bbox 2315 1055 2556 1130; x_wconf 84' lang='lat' dir='ltr'>jejunus</span> <span class='ocrx_word' id='word_1_305' title='bbox 2596 1073 2822 1132; x_wconf 88' lang='lat' dir='ltr'>semper</span> <span class='ocrx_word' id='word_1_306' title='bbox 2862 1061 2933 1118; x_wconf 91' lang='lat' dir='ltr'>ad</span> <span class='ocrx_word' id='word_1_307' title='bbox 2979 1075 3239 1120; x_wconf 90' lang='lat' dir='ltr'>eremum</span> <span class='ocrx_word' id='word_1_308' title='bbox 3289 1067 3542 1120; x_wconf 87' lang='lat' dir='ltr'>reverta-</span> 
     </span>
    </p>
   </div>
   <div class='ocr_carea' id='block_1_40' title="bbox 1838 1143 3547 1220">
    <p class='ocr_par' dir='ltr' id='par_1_40' title="bbox 1838 1143 3547 1220">
     <span class='ocr_line' id='line_1_40' title="bbox 1838 1143 3547 1220; baseline 0.005 -22"><span class='ocrx_word' id='word_1_309' title='bbox 1838 1149 1948 1201; x_wconf 89' lang='lat' dir='ltr'>tur.</span> <span class='ocrx_word' id='word_1_310' title='bbox 2010 1168 2036 1192; x_wconf 75' lang='grc' dir='ltr'>ιο</span> <span class='ocrx_word' id='word_1_311' title='bbox 2095 1143 2244 1212; x_wconf 90' lang='lat' dir='ltr'>Quin</span> <span class='ocrx_word' id='word_1_312' title='bbox 2305 1143 2477 1201; x_wconf 91' lang='lat' dir='ltr'>etiam</span> <span class='ocrx_word' id='word_1_313' title='bbox 2529 1143 2598 1202; x_wconf 93' lang='lat' dir='ltr'>B.</span> <span class='ocrx_word' id='word_1_314' title='bbox 2630 1143 2874 1217; x_wconf 88' lang='lat' dir='ltr'>Petrus,</span> <span class='ocrx_word' id='word_1_315' title='bbox 2923 1152 2987 1204; x_wconf 90' lang='lat' dir='ltr'>ut</span> <span class='ocrx_word' id='word_1_316' title='bbox 3043 1147 3105 1205; x_wconf 92' lang='lat' dir='ltr'>in</span> <span class='ocrx_word' id='word_1_317' title='bbox 3161 1147 3290 1207; x_wconf 87' lang='lat' dir='ltr'>Vita</span> <span class='ocrx_word' id='word_1_318' title='bbox 3335 1149 3547 1220; x_wconf 81' lang='lat' dir='ltr'>legitur</span> 
     </span>
    </p>
   </div>
   <div class='ocr_carea' id='block_1_41' title="bbox 1837 1231 3544 1304">
    <p class='ocr_par' dir='ltr' id='par_1_41' title="bbox 1837 1231 3544 1304">
     <span class='ocr_line' id='line_1_41' title="bbox 1837 1231 3544 1304; baseline 0.005 -15"><span class='ocrx_word' id='word_1_319' title='bbox 1837 1247 2000 1292; x_wconf 89' lang='lat' dir='ltr'>num.</span> <span class='ocrx_word' id='word_1_320' title='bbox 2032 1231 2121 1304; x_wconf 79' lang='grc'>43,</span> <span class='ocrx_word' id='word_1_321' title='bbox 2165 1256 2192 1284; x_wconf 79' lang='grc' dir='ltr'><strong>α</strong></span> <span class='ocrx_word' id='word_1_322' title='bbox 2226 1233 2377 1292; x_wconf 91' lang='lat' dir='ltr'>hanc</span> <span class='ocrx_word' id='word_1_323' title='bbox 2407 1254 2434 1286; x_wconf 88' lang='lat'>»</span> <span class='ocrx_word' id='word_1_324' title='bbox 2466 1233 2662 1292; x_wconf 89' lang='lat' dir='ltr'>Eremi</span> <span class='ocrx_word' id='word_1_325' title='bbox 2687 1250 2811 1293; x_wconf 67' lang='lat' dir='ltr'>suae</span> <span class='ocrx_word' id='word_1_326' title='bbox 2850 1259 2872 1285; x_wconf 72' lang='grc' dir='ltr'>«ι</span> <span class='ocrx_word' id='word_1_327' title='bbox 2908 1251 3174 1294; x_wconf 90' lang='lat' dir='ltr'>normam</span> <span class='ocrx_word' id='word_1_328' title='bbox 3199 1237 3544 1297; x_wconf 87' lang='lat' dir='ltr'>observatio-</span> 
     </span>
    </p>
   </div>
   <div class='ocr_carea' id='block_1_42' title="bbox 1835 1321 3541 1404">
    <p class='ocr_par' dir='ltr' id='par_1_42' title="bbox 1835 1321 3541 1404">
     <span class='ocr_line' id='line_1_42' title="bbox 1835 1321 3541 1404; baseline 0.005 -25"><span class='ocrx_word' id='word_1_329' title='bbox 1835 1321 1928 1380; x_wconf 92' lang='lat' dir='ltr'>nis</span> <span class='ocrx_word' id='word_1_330' title='bbox 1967 1323 2027 1381; x_wconf 90' lang='lat' dir='ltr'>in</span> <span class='ocrx_word' id='word_1_331' title='bbox 2059 1323 2360 1383; x_wconf 91' lang='lat' dir='ltr'>nonnullis</span> <span class='ocrx_word' id='word_1_332' title='bbox 2398 1325 2784 1396; x_wconf 79' lang='lat' dir='ltr'>monasteriis,</span> <span class='ocrx_word' id='word_1_333' title='bbox 2832 1327 2929 1401; x_wconf 88' lang='lat' dir='ltr'>pia</span> <span class='ocrx_word' id='word_1_334' title='bbox 2975 1327 3279 1386; x_wconf 87' lang='lat' dir='ltr'>devotione</span> <span class='ocrx_word' id='word_1_335' title='bbox 3322 1328 3541 1404; x_wconf 90' lang='lat' dir='ltr'>ample-</span> 
     </span>
    </p>
   </div>
   <div class='ocr_carea' id='block_1_43' title="bbox 1834 1413 3544 1489">
    <p class='ocr_par' dir='ltr' id='par_1_43' title="bbox 1834 1413 3544 1489">
     <span class='ocr_line' id='line_1_43' title="bbox 1834 1413 3544 1489; baseline 0.003 -18"><span class='ocrx_word' id='word_1_336' title='bbox 1834 1413 2158 1484; x_wconf 90' lang='lat' dir='ltr'>ctentibus,</span> <span class='ocrx_word' id='word_1_337' title='bbox 2216 1413 2524 1472; x_wconf 89' lang='lat' dir='ltr'>excitando</span> <span class='ocrx_word' id='word_1_338' title='bbox 2590 1413 2887 1484; x_wconf 88' lang='lat' dir='ltr'>instituit,</span> <span class='ocrx_word' id='word_1_339' title='bbox 2947 1420 3002 1472; x_wconf 91' lang='lat' dir='ltr'>et</span> <span class='ocrx_word' id='word_1_340' title='bbox 3053 1415 3284 1489; x_wconf 88' lang='lat' dir='ltr'>insigne</span> <span class='ocrx_word' id='word_1_341' title='bbox 3349 1415 3544 1476; x_wconf 85' lang='lat' dir='ltr'>Casini</span> 
     </span>
    </p>
   </div>
   <div class='ocr_carea' id='block_1_44' title="bbox 1835 1498 3540 1574">
    <p class='ocr_par' dir='ltr' id='par_1_44' title="bbox 1835 1498 3540 1574">
     <span class='ocr_line' id='line_1_44' title="bbox 1835 1498 3540 1574; baseline 0.001 -15"><span class='ocrx_word' id='word_1_342' title='bbox 1835 1500 2048 1559; x_wconf 91' lang='lat' dir='ltr'>montis</span> <span class='ocrx_word' id='word_1_343' title='bbox 2091 1498 2426 1559; x_wconf 84' lang='lat' dir='ltr'>ccenobium</span> <span class='ocrx_word' id='word_1_344' title='bbox 2464 1499 2615 1560; x_wconf 90' lang='lat' dir='ltr'>inter</span> <span class='ocrx_word' id='word_1_345' title='bbox 2665 1501 2956 1574; x_wconf 85' lang='lat' dir='ltr'>regularia</span> <span class='ocrx_word' id='word_1_346' title='bbox 2989 1501 3259 1561; x_wconf 89' lang='lat' dir='ltr'>mandata</span> <span class='ocrx_word' id='word_1_347' title='bbox 3290 1501 3488 1561; x_wconf 87' lang='lat' dir='ltr'>statuit</span> <span class='ocrx_word' id='word_1_348' title='bbox 3517 1525 3540 1554; x_wconf 77' lang='grc' dir='ltr'>ι</span> 
     </span>
    </p>
   </div>
   <div class='ocr_carea' id='block_1_45' title="bbox 1833 1592 3546 1668">
    <p class='ocr_par' dir='ltr' id='par_1_45' title="bbox 1833 1592 3546 1668">
     <span class='ocr_line' id='line_1_45' title="bbox 1833 1592 3546 1668; baseline 0 -17"><span class='ocrx_word' id='word_1_349' title='bbox 1833 1592 2124 1652; x_wconf 90' lang='lat' dir='ltr'>nonnulla</span> <span class='ocrx_word' id='word_1_350' title='bbox 2154 1613 2182 1647; x_wconf 86' lang='lat'>«</span> <span class='ocrx_word' id='word_1_351' title='bbox 2217 1592 2645 1653; x_wconf 88' lang='lat' dir='ltr'>conseribenda.</span> <span class='ocrx_word' id='word_1_352' title='bbox 2683 1617 2704 1646; x_wconf 63' lang='grc' dir='ltr'><strong>κ</strong></span> <span class='ocrx_word' id='word_1_353' title='bbox 2736 1593 2882 1665; x_wconf 62' lang='lat' dir='ltr'>Quae</span> <span class='ocrx_word' id='word_1_354' title='bbox 2932 1592 3207 1668; x_wconf 74' lang='lat' dir='ltr'>przeclare</span> <span class='ocrx_word' id='word_1_355' title='bbox 3243 1593 3546 1654; x_wconf 89' lang='lat' dir='ltr'>confirmat</span> 
     </span>
    </p>
   </div>
   <div class='ocr_carea' id='block_1_46' title="bbox 1834 1665 3546 1759">
    <p class='ocr_par' dir='ltr' id='par_1_46' title="bbox 1834 1665 3546 1759">
     <span class='ocr_line' id='line_1_46' title="bbox 1834 1665 3546 1759; baseline -0.002 -16"><span class='ocrx_word' id='word_1_356' title='bbox 1834 1683 1950 1743; x_wconf 90' lang='lat' dir='ltr'>Leo</span> <span class='ocrx_word' id='word_1_357' title='bbox 1994 1683 2372 1756; x_wconf 87' lang='lat' dir='ltr'>Marsicanus,</span> <span class='ocrx_word' id='word_1_358' title='bbox 2399 1691 2454 1743; x_wconf 90' lang='lat' dir='ltr'>et</span> <span class='ocrx_word' id='word_1_359' title='bbox 2506 1683 2628 1758; x_wconf 89' lang='lat' dir='ltr'>ipse</span> <span class='ocrx_word' id='word_1_360' title='bbox 2681 1665 2982 1759; x_wconf 80' lang='lat' dir='ltr'>episcopus</span> <span class='ocrx_word' id='word_1_361' title='bbox 3031 1665 3306 1744; x_wconf 78' lang='lat' dir='ltr'>Ostiensis</span> <span class='ocrx_word' id='word_1_362' title='bbox 3350 1681 3452 1742; x_wconf 90' lang='lat' dir='ltr'>lib.</span> <span class='ocrx_word' id='word_1_363' title='bbox 3483 1694 3546 1741; x_wconf 91' lang='lat' dir='ltr'>III</span> 
     </span>
    </p>
   </div>
   <div class='ocr_carea' id='block_1_47' title="bbox 3312 1773 3547 1832">
    <p class='ocr_par' dir='ltr' id='par_1_47' title="bbox 3312 1773 3547 1832">
     <span class='ocr_line' id='line_1_47' title="bbox 3312 1773 3547 1832; baseline 0 0"><span class='ocrx_word' id='word_1_364' title='bbox 3312 1799 3338 1822; x_wconf 73' lang='grc' dir='ltr'><strong>α</strong></span> <span class='ocrx_word' id='word_1_365' title='bbox 3372 1773 3547 1832; x_wconf 92' lang='lat' dir='ltr'>Porro</span> 
     </span>
    </p>
   </div>
   <div class='ocr_carea' id='block_1_48' title="bbox 1836 1864 3546 1936">
    <p class='ocr_par' dir='ltr' id='par_1_48' title="bbox 1836 1864 3546 1936">
     <span class='ocr_line' id='line_1_48' title="bbox 1836 1864 3546 1936; baseline 0.001 -13"><span class='ocrx_word' id='word_1_366' title='bbox 1836 1864 2089 1925; x_wconf 91' lang='lat' dir='ltr'>domnus</span> <span class='ocrx_word' id='word_1_367' title='bbox 2118 1865 2320 1925; x_wconf 89' lang='lat' dir='ltr'>Petrus</span> <span class='ocrx_word' id='word_1_368' title='bbox 2349 1865 2667 1924; x_wconf 89' lang='lat' dir='ltr'>Damianus</span> <span class='ocrx_word' id='word_1_369' title='bbox 2713 1865 2785 1924; x_wconf 91' lang='lat' dir='ltr'>ad</span> <span class='ocrx_word' id='word_1_370' title='bbox 2828 1866 3244 1926; x_wconf 91' lang='lat' dir='ltr'>monasterium</span> <span class='ocrx_word' id='word_1_371' title='bbox 3284 1864 3546 1936; x_wconf 89' lang='lat' dir='ltr'>veniens,</span> 
     </span>
    </p>
   </div>
   <div class='ocr_carea' id='block_1_49' title="bbox 1835 1952 3548 2030">
    <p class='ocr_par' dir='ltr' id='par_1_49' title="bbox 1835 1952 3548 2030">
     <span class='ocr_line' id='line_1_49' title="bbox 1835 1952 3548 2030; baseline 0 -18"><span class='ocrx_word' id='word_1_372' title='bbox 1835 1969 1970 2012; x_wconf 91' lang='lat' dir='ltr'>cum</span> <span class='ocrx_word' id='word_1_373' title='bbox 2030 1952 2206 2012; x_wconf 88' lang='lat' dir='ltr'>verbo</span> <span class='ocrx_word' id='word_1_374' title='bbox 2251 1953 2462 2027; x_wconf 88' lang='lat' dir='ltr'>pariter</span> <span class='ocrx_word' id='word_1_375' title='bbox 2520 1960 2577 2012; x_wconf 92' lang='lat' dir='ltr'>et</span> <span class='ocrx_word' id='word_1_376' title='bbox 2628 1956 2895 2030; x_wconf 87' lang='lat' dir='ltr'>exemplo</span> <span class='ocrx_word' id='word_1_377' title='bbox 2957 1956 3029 2015; x_wconf 93' lang='lat' dir='ltr'>ad</span> <span class='ocrx_word' id='word_1_378' title='bbox 3086 1955 3191 2014; x_wconf 88' lang='lat' dir='ltr'>Dei</span> <span class='ocrx_word' id='word_1_379' title='bbox 3242 1953 3548 2014; x_wconf 89' lang='lat' dir='ltr'>servitium</span> 
     </span>
    </p>
   </div>
   <div class='ocr_carea' id='block_1_50' title="bbox 1835 2043 3546 2119">
    <p class='ocr_par' dir='ltr' id='par_1_50' title="bbox 1835 2043 3546 2119">
     <span class='ocr_line' id='line_1_50' title="bbox 1835 2043 3546 2119; baseline -0.001 -17"><span class='ocrx_word' id='word_1_380' title='bbox 1835 2059 2213 2119; x_wconf 91' lang='lat' dir='ltr'>quoscunque</span> <span class='ocrx_word' id='word_1_381' title='bbox 2265 2049 2490 2116; x_wconf 88' lang='lat' dir='ltr'>posset,</span> <span class='ocrx_word' id='word_1_382' title='bbox 2549 2045 2832 2104; x_wconf 87' lang='lat' dir='ltr'>ferventer</span> <span class='ocrx_word' id='word_1_383' title='bbox 2882 2045 3259 2114; x_wconf 88' lang='lat' dir='ltr'>accenderet;</span> <span class='ocrx_word' id='word_1_384' title='bbox 3313 2043 3546 2102; x_wconf 88' lang='lat' dir='ltr'>tandem</span> 
     </span>
    </p>
   </div>
   <div class='ocr_carea' id='block_1_51' title="bbox 1835 2131 3548 2209">
    <p class='ocr_par' dir='ltr' id='par_1_51' title="bbox 1835 2131 3548 2209">
     <span class='ocr_line' id='line_1_51' title="bbox 1835 2131 3548 2209; baseline -0.001 -18"><span class='ocrx_word' id='word_1_385' title='bbox 1835 2133 2212 2207; x_wconf 90' lang='lat' dir='ltr'>permissione</span> <span class='ocrx_word' id='word_1_386' title='bbox 2241 2131 2462 2191; x_wconf 88' lang='lat' dir='ltr'>abbatis</span> <span class='ocrx_word' id='word_1_387' title='bbox 2500 2131 2780 2191; x_wconf 88' lang='lat' dir='ltr'>Desiderii</span> <span class='ocrx_word' id='word_1_388' title='bbox 2806 2133 2878 2192; x_wconf 90' lang='lat' dir='ltr'>ab</span> <span class='ocrx_word' id='word_1_389' title='bbox 2915 2132 3079 2192; x_wconf 92' lang='lat' dir='ltr'>omni</span> <span class='ocrx_word' id='word_1_390' title='bbox 3103 2132 3548 2209; x_wconf 87' lang='lat' dir='ltr'>congregatione</span> 
     </span>
    </p>
   </div>
   <div class='ocr_carea' id='block_1_52' title="bbox 1836 2221 3547 2296">
    <p class='ocr_par' dir='ltr' id='par_1_52' title="bbox 1836 2221 3547 2296">
     <span class='ocr_line' id='line_1_52' title="bbox 1836 2221 3547 2296; baseline -0.001 -15"><span class='ocrx_word' id='word_1_391' title='bbox 1836 2221 2090 2282; x_wconf 90' lang='lat' dir='ltr'>obtinuit</span> <span class='ocrx_word' id='word_1_392' title='bbox 2123 2221 2453 2281; x_wconf 89' lang='lat' dir='ltr'>voluntaria</span> <span class='ocrx_word' id='word_1_393' title='bbox 2481 2221 2772 2281; x_wconf 90' lang='lat' dir='ltr'>oblatione</span> <span class='ocrx_word' id='word_1_394' title='bbox 2811 2222 2873 2280; x_wconf 92' lang='lat' dir='ltr'>in</span> <span class='ocrx_word' id='word_1_395' title='bbox 2914 2221 3316 2281; x_wconf 89' lang='lat' dir='ltr'>remissionem</span> <span class='ocrx_word' id='word_1_396' title='bbox 3349 2237 3547 2296; x_wconf 88' lang='lat' dir='ltr'>pecca-</span> 
     </span>
    </p>
   </div>
   <div class='ocr_carea' id='block_1_53' title="bbox 1837 2311 3550 2386">
    <p class='ocr_par' dir='ltr' id='par_1_53' title="bbox 1837 2311 3550 2386">
     <span class='ocr_line' id='line_1_53' title="bbox 1837 2311 3550 2386; baseline 0.001 -16"><span class='ocrx_word' id='word_1_397' title='bbox 1837 2320 2031 2372; x_wconf 87' lang='lat' dir='ltr'>torum</span> <span class='ocrx_word' id='word_1_398' title='bbox 2088 2313 2378 2385; x_wconf 90' lang='lat' dir='ltr'>omnium,</span> <span class='ocrx_word' id='word_1_399' title='bbox 2412 2319 2476 2372; x_wconf 93' lang='lat' dir='ltr'>ut</span> <span class='ocrx_word' id='word_1_400' title='bbox 2527 2319 2690 2371; x_wconf 90' lang='lat' dir='ltr'>sexta</span> <span class='ocrx_word' id='word_1_401' title='bbox 2743 2311 2887 2370; x_wconf 84' lang='lat' dir='ltr'>feria</span> <span class='ocrx_word' id='word_1_402' title='bbox 2941 2328 3043 2386; x_wconf 91' lang='lat' dir='ltr'>per</span> <span class='ocrx_word' id='word_1_403' title='bbox 3094 2318 3272 2371; x_wconf 90' lang='lat' dir='ltr'>totum</span> <span class='ocrx_word' id='word_1_404' title='bbox 3326 2327 3550 2372; x_wconf 92' lang='lat' dir='ltr'>annum</span> 
     </span>
    </p>
   </div>
   <div class='ocr_carea' id='block_1_54' title="bbox 1836 2401 3550 2478">
    <p class='ocr_par' dir='ltr' id='par_1_54' title="bbox 1836 2401 3550 2478">
     <span class='ocr_line' id='line_1_54' title="bbox 1836 2401 3550 2478; baseline 0.001 -18"><span class='ocrx_word' id='word_1_405' title='bbox 1836 2419 2004 2476; x_wconf 89' lang='lat' dir='ltr'>pane,</span> <span class='ocrx_word' id='word_1_406' title='bbox 2063 2410 2119 2462; x_wconf 88' lang='lat' dir='ltr'>et</span> <span class='ocrx_word' id='word_1_407' title='bbox 2167 2419 2316 2478; x_wconf 90' lang='lat' dir='ltr'>aqua</span> <span class='ocrx_word' id='word_1_408' title='bbox 2373 2403 2648 2475; x_wconf 86' lang='lat' dir='ltr'>contenti,</span> <span class='ocrx_word' id='word_1_409' title='bbox 2700 2401 3068 2475; x_wconf 89' lang='lat' dir='ltr'>disciplinam</span> <span class='ocrx_word' id='word_1_410' title='bbox 3126 2403 3344 2478; x_wconf 90' lang='lat' dir='ltr'>singuli</span> <span class='ocrx_word' id='word_1_411' title='bbox 3404 2404 3550 2463; x_wconf 90' lang='lat' dir='ltr'>facta</span> 
     </span>
    </p>
   </div>
   <div class='ocr_carea' id='block_1_55' title="bbox 1835 2491 3547 2567">
    <p class='ocr_par' dir='ltr' id='par_1_55' title="bbox 1835 2491 3547 2567">
     <span class='ocr_line' id='line_1_55' title="bbox 1835 2491 3547 2567; baseline 0.001 -17"><span class='ocrx_word' id='word_1_412' title='bbox 1835 2493 2192 2552; x_wconf 88' lang='lat' dir='ltr'>confessione</span> <span class='ocrx_word' id='word_1_413' title='bbox 2239 2492 2616 2567; x_wconf 90' lang='lat' dir='ltr'>perciperent,</span> <span class='ocrx_word' id='word_1_414' title='bbox 2646 2492 2886 2565; x_wconf 88' lang='lat' dir='ltr'>insuper</span> <span class='ocrx_word' id='word_1_415' title='bbox 2921 2499 2977 2551; x_wconf 90' lang='lat' dir='ltr'>et</span> <span class='ocrx_word' id='word_1_416' title='bbox 3016 2492 3355 2552; x_wconf 89' lang='lat' dir='ltr'>triduanum</span> <span class='ocrx_word' id='word_1_417' title='bbox 3393 2491 3547 2566; x_wconf 87' lang='lat' dir='ltr'>jeju-</span> 
     </span>
    </p>
   </div>
   <div class='ocr_carea' id='block_1_56' title="bbox 1837 2584 3550 2659">
    <p class='ocr_par' dir='ltr' id='par_1_56' title="bbox 1837 2584 3550 2659">
     <span class='ocr_line' id='line_1_56' title="bbox 1837 2584 3550 2659; baseline -0.001 -15"><span class='ocrx_word' id='word_1_418' title='bbox 1837 2586 2002 2645; x_wconf 92' lang='lat' dir='ltr'>nium</span> <span class='ocrx_word' id='word_1_419' title='bbox 2033 2586 2095 2644; x_wconf 91' lang='lat' dir='ltr'>in</span> <span class='ocrx_word' id='word_1_420' title='bbox 2144 2585 2326 2659; x_wconf 88' lang='lat' dir='ltr'>capite</span> <span class='ocrx_word' id='word_1_421' title='bbox 2370 2584 2836 2659; x_wconf 77' lang='lat' dir='ltr'>Quadragesimze</span> <span class='ocrx_word' id='word_1_422' title='bbox 2872 2601 2974 2658; x_wconf 91' lang='lat' dir='ltr'>per</span> <span class='ocrx_word' id='word_1_423' title='bbox 3009 2601 3105 2643; x_wconf 91' lang='lat' dir='ltr'>an.</span> <span class='ocrx_word' id='word_1_424' title='bbox 3134 2584 3396 2656; x_wconf 84' lang='lat' dir='ltr'>singulos</span> <span class='ocrx_word' id='word_1_425' title='bbox 3422 2600 3550 2658; x_wconf 89' lang='lat' dir='ltr'>age-</span> 
     </span>
    </p>
   </div>
   <div class='ocr_carea' id='block_1_57' title="bbox 1837 2670 3548 2745">
    <p class='ocr_par' dir='ltr' id='par_1_57' title="bbox 1837 2670 3548 2745">
     <span class='ocr_line' id='line_1_57' title="bbox 1837 2670 3548 2745; baseline 0.001 -14"><span class='ocrx_word' id='word_1_426' title='bbox 1837 2680 1980 2734; x_wconf 88' lang='lat' dir='ltr'>rent.</span> <span class='ocrx_word' id='word_1_427' title='bbox 2013 2699 2040 2724; x_wconf 84' lang='lat'><strong>»</strong></span> <span class='ocrx_word' id='word_1_428' title='bbox 2070 2673 2204 2732; x_wconf 87' lang='lat' dir='ltr'>Fuit</span> <span class='ocrx_word' id='word_1_429' title='bbox 2235 2671 2568 2732; x_wconf 89' lang='lat' dir='ltr'>Desiderius</span> <span class='ocrx_word' id='word_1_430' title='bbox 2598 2671 2776 2730; x_wconf 87' lang='lat' dir='ltr'>abbas</span> <span class='ocrx_word' id='word_1_431' title='bbox 2804 2670 2862 2730; x_wconf 93' lang='lat' dir='ltr'>S.</span> <span class='ocrx_word' id='word_1_432' title='bbox 2900 2670 2970 2731; x_wconf 84' lang='lat' dir='ltr'>R.</span> <span class='ocrx_word' id='word_1_433' title='bbox 3013 2671 3079 2730; x_wconf 91' lang='grc' dir='ltr'>Ε.</span> <span class='ocrx_word' id='word_1_434' title='bbox 3119 2673 3450 2745; x_wconf 89' lang='lat' dir='ltr'>cardinalis,</span> <span class='ocrx_word' id='word_1_435' title='bbox 3481 2689 3548 2732; x_wconf 89' lang='lat' dir='ltr'>ac</span> 
     </span>
    </p>
   </div>
   <div class='ocr_carea' id='block_1_58' title="bbox 1834 2761 3543 2840">
    <p class='ocr_par' dir='ltr' id='par_1_58' title="bbox 1834 2761 3543 2840">
     <span class='ocr_line' id='line_1_58' title="bbox 1834 2761 3543 2840; baseline -0.001 -17"><span class='ocrx_word' id='word_1_436' title='bbox 1834 2764 1968 2824; x_wconf 89' lang='lat' dir='ltr'>dein</span> <span class='ocrx_word' id='word_1_437' title='bbox 2007 2763 2270 2840; x_wconf 86' lang='lat' dir='ltr'>pontifex</span> <span class='ocrx_word' id='word_1_438' title='bbox 2302 2763 2600 2840; x_wconf 82' lang='lat' dir='ltr'>Romanus</span> <span class='ocrx_word' id='word_1_439' title='bbox 2641 2761 2834 2820; x_wconf 86' lang='lat' dir='ltr'>Victor</span> <span class='ocrx_word' id='word_1_440' title='bbox 2870 2762 2954 2821; x_wconf 96' lang='lat' dir='ltr'>III</span> <span class='ocrx_word' id='word_1_441' title='bbox 2992 2762 3337 2837; x_wconf 90' lang='lat' dir='ltr'>appellatus,</span> <span class='ocrx_word' id='word_1_442' title='bbox 3367 2777 3543 2838; x_wconf 88' lang='lat' dir='ltr'>quem</span> 
     </span>
    </p>
   </div>
   <div class='ocr_carea' id='block_1_59' title="bbox 1834 2850 3549 2927">
    <p class='ocr_par' dir='ltr' id='par_1_59' title="bbox 1834 2850 3549 2927">
     <span class='ocr_line' id='line_1_59' title="bbox 1834 2850 3549 2927; baseline 0 -16"><span class='ocrx_word' id='word_1_443' title='bbox 1834 2853 2048 2926; x_wconf 77' lang='lat' dir='ltr'>saepius</span> <span class='ocrx_word' id='word_1_444' title='bbox 2094 2852 2294 2911; x_wconf 89' lang='lat' dir='ltr'>invisit</span> <span class='ocrx_word' id='word_1_445' title='bbox 2345 2851 2410 2909; x_wconf 92' lang='lat' dir='ltr'>B.</span> <span class='ocrx_word' id='word_1_446' title='bbox 2447 2851 2666 2917; x_wconf 85' lang='lat' dir='ltr'>Petrus,</span> <span class='ocrx_word' id='word_1_447' title='bbox 2702 2856 2758 2909; x_wconf 92' lang='lat' dir='ltr'>et</span> <span class='ocrx_word' id='word_1_448' title='bbox 2806 2850 3003 2926; x_wconf 88' lang='lat' dir='ltr'>plures</span> <span class='ocrx_word' id='word_1_449' title='bbox 3036 2854 3202 2925; x_wconf 90' lang='lat' dir='ltr'>epist.</span> <span class='ocrx_word' id='word_1_450' title='bbox 3234 2851 3549 2927; x_wconf 90' lang='lat' dir='ltr'>opuscula-</span> 
     </span>
    </p>
   </div>
   <div class='ocr_carea' id='block_1_60' title="bbox 1834 2939 3549 3017">
    <p class='ocr_par' dir='ltr' id='par_1_60' title="bbox 1834 2939 3549 3017">
     <span class='ocr_line' id='line_1_60' title="bbox 1834 2939 3549 3017; baseline -0.002 -15"><span class='ocrx_word' id='word_1_451' title='bbox 1834 2959 1948 3017; x_wconf 90' lang='lat' dir='ltr'>que</span> <span class='ocrx_word' id='word_1_452' title='bbox 1977 2942 2166 3002; x_wconf 91' lang='lat' dir='ltr'>eidem</span> <span class='ocrx_word' id='word_1_453' title='bbox 2215 2941 2461 3016; x_wconf 89' lang='lat' dir='ltr'>scripsit.</span> <span class='ocrx_word' id='word_1_454' title='bbox 2495 2940 2637 3014; x_wconf 91' lang='lat' dir='ltr'>Ejus</span> <span class='ocrx_word' id='word_1_455' title='bbox 2680 2940 2834 3015; x_wconf 90' lang='lat' dir='ltr'>apud</span> <span class='ocrx_word' id='word_1_456' title='bbox 2863 2940 3203 3001; x_wconf 87' lang='lat' dir='ltr'>Casinenses</span> <span class='ocrx_word' id='word_1_457' title='bbox 3234 2939 3549 3002; x_wconf 88' lang='lat' dir='ltr'>successori</span> 
     </span>
    </p>
   </div>
   <div class='ocr_carea' id='block_1_61' title="bbox 1834 3029 3201 3092">
    <p class='ocr_par' dir='ltr' id='par_1_61' title="bbox 1834 3029 3201 3092">
     <span class='ocr_line' id='line_1_61' title="bbox 1834 3029 3201 3092; baseline -0.001 0"><span class='ocrx_word' id='word_1_458' title='bbox 1834 3032 2092 3092; x_wconf 89' lang='lat' dir='ltr'>Oderisio</span> <span class='ocrx_word' id='word_1_459' title='bbox 2118 3031 2330 3091; x_wconf 90' lang='lat' dir='ltr'>dicavit</span> <span class='ocrx_word' id='word_1_460' title='bbox 2360 3033 2476 3091; x_wconf 90' lang='lat' dir='ltr'>Leo</span> <span class='ocrx_word' id='word_1_461' title='bbox 2515 3029 2840 3090; x_wconf 86' lang='lat' dir='ltr'>Cbronicon</span> <span class='ocrx_word' id='word_1_462' title='bbox 2869 3030 3201 3090; x_wconf 79' lang='lat' dir='ltr'>Casinense.</span> 
     </span>
    </p>
   </div>
   <div class='ocr_carea' id='block_1_62' title="bbox 54 3121 3546 3222">
    <p class='ocr_par' dir='ltr' id='par_1_62' title="bbox 54 3121 3546 3222">
     <span class='ocr_line' id='line_1_62' title="bbox 54 3121 3546 3222; baseline -0 -41"><span class='ocrx_word' id='word_1_463' title='bbox 54 3128 445 3198; x_wconf 66' lang='lat' dir='ltr'>Unusquisque,</span> <span class='ocrx_word' id='word_1_464' title='bbox 477 3123 774 3222; x_wconf 78' lang='lat' dir='ltr'>inquiens,</span> <span class='ocrx_word' id='word_1_465' title='bbox 810 3141 1067 3222; x_wconf 65' lang='lat' dir='ltr'>uzrorem~</span> <span class='ocrx_word' id='word_1_466' title='bbox 1088 3129 1346 3198; x_wconf 79' lang='lat' dir='ltr'>accipiat,</span> <span class='ocrx_word' id='word_1_467' title='bbox 1380 3133 1455 3222; x_wconf 47' lang='lat' dir='ltr'>et:</span> <span class='ocrx_word' id='word_1_468' title='bbox 1483 3146 1748 3200; x_wconf 74' lang='lat' dir='ltr'>unaquaz-</span> <span class='ocrx_word' id='word_1_469' title='bbox 1769 3161 1813 3222; x_wconf 63' lang='grc' dir='ltr'>Ο</span> <span class='ocrx_word' id='word_1_470' title='bbox 1910 3124 2015 3222; x_wconf 35' lang='grc'>17..</span> <span class='ocrx_word' id='word_1_471' title='bbox 2045 3122 2332 3222; x_wconf 39' lang='grc' dir='ltr'>ξιοιίςρειι.</span> <span class='ocrx_word' id='word_1_472' title='bbox 2358 3138 2424 3182; x_wconf 91' lang='lat' dir='ltr'>eo</span> <span class='ocrx_word' id='word_1_473' title='bbox 2479 3129 2731 3196; x_wconf 90' lang='lat' dir='ltr'>tempore</span> <span class='ocrx_word' id='word_1_474' title='bbox 2767 3136 2901 3222; x_wconf 41' lang='lat' dir='ltr'>‘prr&#39;e</span> <span class='ocrx_word' id='word_1_475' title='bbox 2962 3121 3188 3181; x_wconf 68' lang='lat' dir='ltr'>caeteris</span> <span class='ocrx_word' id='word_1_476' title='bbox 3240 3121 3303 3181; x_wconf 92' lang='lat' dir='ltr'>in</span> <span class='ocrx_word' id='word_1_477' title='bbox 3359 3122 3546 3222; x_wconf 77' lang='lat' dir='ltr'>Gallia</span> 
     </span>
    </p>
   </div>
   <div class='ocr_carea' id='block_1_63' title="bbox 49 3215 1750 3292">
    <p class='ocr_par' dir='ltr' id='par_1_63' title="bbox 49 3215 1750 3292">
     <span class='ocr_line' id='line_1_63' title="bbox 49 3215 1750 3292; baseline 0.003 -22"><span class='ocrx_word' id='word_1_478' title='bbox 49 3232 138 3285; x_wconf 77' lang='lat' dir='ltr'>que</span> <span class='ocrx_word' id='word_1_479' title='bbox 183 3218 367 3271; x_wconf 75' lang='lat' dir='ltr'>virum</span> <span class='ocrx_word' id='word_1_480' title='bbox 419 3232 580 3271; x_wconf 84' lang='lat' dir='ltr'>suum</span> <span class='ocrx_word' id='word_1_481' title='bbox 636 3215 920 3273; x_wconf 64' lang='lat' dir='ltr'>habent...</span> <span class='ocrx_word' id='word_1_482' title='bbox 951 3216 1004 3286; x_wconf 89' lang='grc' dir='ltr'>(Ι</span> <span class='ocrx_word' id='word_1_483' title='bbox 1028 3215 1146 3273; x_wconf 85' lang='lat' dir='ltr'>Cor.</span> <span class='ocrx_word' id='word_1_484' title='bbox 1177 3227 1280 3285; x_wconf 82' lang='lat' dir='ltr'>VII,</span> <span class='ocrx_word' id='word_1_485' title='bbox 1311 3216 1386 3285; x_wconf 74' lang='lat'>2).</span> <span class='ocrx_word' id='word_1_486' title='bbox 1417 3215 1597 3276; x_wconf 88' lang='lat' dir='ltr'>Paulo</span> <span class='ocrx_word' id='word_1_487' title='bbox 1629 3224 1750 3292; x_wconf 87' lang='lat' dir='ltr'>post</span> 
     </span>
    </p>
   </div>
   <div class='ocr_carea' id='block_1_64' title="bbox 48 3304 1750 3381">
    <p class='ocr_par' dir='ltr' id='par_1_64' title="bbox 48 3304 1750 3381">
     <span class='ocr_line' id='line_1_64' title="bbox 48 3304 1750 3381; baseline 0.004 -22"><span class='ocrx_word' id='word_1_488' title='bbox 48 3310 225 3364; x_wconf 85' lang='lat' dir='ltr'>tamen</span> <span class='ocrx_word' id='word_1_489' title='bbox 256 3304 398 3364; x_wconf 86' lang='lat' dir='ltr'>dicit</span> <span class='ocrx_word' id='word_1_490' title='bbox 430 3324 444 3362; x_wconf 76' lang='grc' dir='ltr'>ε</span> <span class='ocrx_word' id='word_1_491' title='bbox 477 3305 612 3362; x_wconf 84' lang='lat' dir='ltr'>Volo</span> <span class='ocrx_word' id='word_1_492' title='bbox 650 3321 827 3360; x_wconf 87' lang='lat' dir='ltr'>omnes</span> <span class='ocrx_word' id='word_1_493' title='bbox 867 3321 978 3360; x_wconf 86' lang='lat' dir='ltr'>esse</span> <span class='ocrx_word' id='word_1_494' title='bbox 1025 3306 1263 3361; x_wconf 79' lang='lat' dir='ltr'>homines</span> <span class='ocrx_word' id='word_1_495' title='bbox 1315 3309 1458 3363; x_wconf 80' lang='lat' dir='ltr'>sicut</span> <span class='ocrx_word' id='word_1_496' title='bbox 1485 3311 1750 3381; x_wconf 75' lang='lat' dir='ltr'>meipsum</span> 
     </span>
    </p>
   </div>
   <div class='ocr_carea' id='block_1_65' title="bbox 49 3396 1752 3471">
    <p class='ocr_par' dir='ltr' id='par_1_65' title="bbox 49 3396 1752 3471">
     <span class='ocr_line' id='line_1_65' title="bbox 49 3396 1752 3471; baseline 0.003 -17"><span class='ocrx_word' id='word_1_497' title='bbox 49 3399 222 3464; x_wconf 62' lang='lat' dir='ltr'>(Ibid,</span> <span class='ocrx_word' id='word_1_498' title='bbox 256 3399 333 3471; x_wconf 89' lang='lat'>7).</span> <span class='ocrx_word' id='word_1_499' title='bbox 395 3397 575 3457; x_wconf 84' lang='lat' dir='ltr'>Aliud</span> <span class='ocrx_word' id='word_1_500' title='bbox 632 3413 768 3456; x_wconf 88' lang='lat' dir='ltr'>vero</span> <span class='ocrx_word' id='word_1_501' title='bbox 820 3396 1048 3456; x_wconf 89' lang='lat' dir='ltr'>volebat</span> <span class='ocrx_word' id='word_1_502' title='bbox 1106 3397 1438 3471; x_wconf 87' lang='lat' dir='ltr'>Apostolus,</span> <span class='ocrx_word' id='word_1_503' title='bbox 1488 3407 1543 3458; x_wconf 93' lang='lat' dir='ltr'>et</span> <span class='ocrx_word' id='word_1_504' title='bbox 1592 3399 1752 3460; x_wconf 90' lang='lat' dir='ltr'>aliud</span> 
     </span>
    </p>
   </div>
   <div class='ocr_carea' id='block_1_66' title="bbox 44 3488 1752 3564">
    <p class='ocr_par' dir='ltr' id='par_1_66' title="bbox 44 3488 1752 3564">
     <span class='ocr_line' id='line_1_66' title="bbox 44 3488 1752 3564; baseline 0.001 -16"><span class='ocrx_word' id='word_1_505' title='bbox 44 3490 425 3564; x_wconf 62' lang='lat' dir='ltr'>praecipiebat.</span> <span class='ocrx_word' id='word_1_506' title='bbox 482 3488 723 3548; x_wconf 89' lang='lat' dir='ltr'>Volebat</span> <span class='ocrx_word' id='word_1_507' title='bbox 781 3505 904 3562; x_wconf 91' lang='lat' dir='ltr'>nos,</span> <span class='ocrx_word' id='word_1_508' title='bbox 965 3490 1114 3548; x_wconf 90' lang='lat' dir='ltr'>sicut</span> <span class='ocrx_word' id='word_1_509' title='bbox 1164 3489 1287 3564; x_wconf 91' lang='lat' dir='ltr'>ipse</span> <span class='ocrx_word' id='word_1_510' title='bbox 1330 3496 1470 3562; x_wconf 89' lang='lat' dir='ltr'>erat,</span> <span class='ocrx_word' id='word_1_511' title='bbox 1519 3490 1752 3550; x_wconf 80' lang='lat' dir='ltr'>ccelibcs</span> 
     </span>
    </p>
   </div>
   <div class='ocr_carea' id='block_1_67' title="bbox 46 3581 1754 3656">
    <p class='ocr_par' dir='ltr' id='par_1_67' title="bbox 46 3581 1754 3656">
     <span class='ocr_line' id='line_1_67' title="bbox 46 3581 1754 3656; baseline 0.001 -16"><span class='ocrx_word' id='word_1_512' title='bbox 46 3596 175 3651; x_wconf 81' lang='lat' dir='ltr'>esse,</span> <span class='ocrx_word' id='word_1_513' title='bbox 224 3589 460 3656; x_wconf 89' lang='lat' dir='ltr'>propter</span> <span class='ocrx_word' id='word_1_514' title='bbox 521 3581 810 3640; x_wconf 82' lang='lat' dir='ltr'>excellens</span> <span class='ocrx_word' id='word_1_515' title='bbox 852 3581 1121 3639; x_wconf 89' lang='lat' dir='ltr'>videlicet</span> <span class='ocrx_word' id='word_1_516' title='bbox 1168 3583 1465 3640; x_wconf 91' lang='lat' dir='ltr'>vernantis</span> <span class='ocrx_word' id='word_1_517' title='bbox 1509 3582 1754 3656; x_wconf 88' lang='lat' dir='ltr'>pudiciti</span> 
     </span>
    </p>
   </div>
   <div class='ocr_carea' id='block_1_68' title="bbox 47 3669 1752 3746">
    <p class='ocr_par' dir='ltr' id='par_1_68' title="bbox 47 3669 1752 3746">
     <span class='ocr_line' id='line_1_68' title="bbox 47 3669 1752 3746; baseline 0 -18"><span class='ocrx_word' id='word_1_518' title='bbox 47 3672 338 3743; x_wconf 88' lang='lat' dir='ltr'>meritum,</span> <span class='ocrx_word' id='word_1_519' title='bbox 368 3670 469 3730; x_wconf 88' lang='lat' dir='ltr'>sed</span> <span class='ocrx_word' id='word_1_520' title='bbox 498 3669 725 3728; x_wconf 90' lang='lat' dir='ltr'>volebat</span> <span class='ocrx_word' id='word_1_521' title='bbox 770 3670 920 3728; x_wconf 90' lang='lat' dir='ltr'>inire</span> <span class='ocrx_word' id='word_1_522' title='bbox 966 3669 1328 3743; x_wconf 89' lang='lat' dir='ltr'>conjugium,</span> <span class='ocrx_word' id='word_1_523' title='bbox 1361 3671 1499 3746; x_wconf 90' lang='lat' dir='ltr'>quia</span> <span class='ocrx_word' id='word_1_524' title='bbox 1529 3670 1752 3744; x_wconf 87' lang='lat' dir='ltr'>fragili--</span> 
     </span>
    </p>
   </div>
   <div class='ocr_carea' id='block_1_69' title="bbox 51 3755 1749 3833">
    <p class='ocr_par' dir='ltr' id='par_1_69' title="bbox 51 3755 1749 3833">
     <span class='ocr_line' id='line_1_69' title="bbox 51 3755 1749 3833; baseline 0.002 -19"><span class='ocrx_word' id='word_1_525' title='bbox 51 3758 165 3816; x_wconf 86' lang='lat' dir='ltr'>tatis</span> <span class='ocrx_word' id='word_1_526' title='bbox 193 3767 412 3818; x_wconf 67' lang='lat' dir='ltr'>nostra}</span> <span class='ocrx_word' id='word_1_527' title='bbox 439 3756 764 3833; x_wconf 90' lang='lat' dir='ltr'>periculum</span> <span class='ocrx_word' id='word_1_528' title='bbox 795 3756 1122 3816; x_wconf 89' lang='lat' dir='ltr'>timebat....</span> <span class='ocrx_word' id='word_1_529' title='bbox 1163 3755 1250 3815; x_wconf 89' lang='lat' dir='ltr'>Ita</span> <span class='ocrx_word' id='word_1_530' title='bbox 1282 3757 1348 3816; x_wconf 92' lang='lat' dir='ltr'>B.</span> <span class='ocrx_word' id='word_1_531' title='bbox 1382 3757 1749 3833; x_wconf 88' lang='lat' dir='ltr'>Benedictus,</span> 
     </span>
    </p>
   </div>
   <div class='ocr_carea' id='block_1_70' title="bbox 48 3845 1753 3923">
    <p class='ocr_par' dir='ltr' id='par_1_70' title="bbox 48 3845 1753 3923">
     <span class='ocr_line' id='line_1_70' title="bbox 48 3845 1753 3923; baseline 0.001 -17"><span class='ocrx_word' id='word_1_532' title='bbox 48 3863 380 3923; x_wconf 87' lang='lat' dir='ltr'>quanquam</span> <span class='ocrx_word' id='word_1_533' title='bbox 421 3845 766 3921; x_wconf 89' lang='lat' dir='ltr'>propensius</span> <span class='ocrx_word' id='word_1_534' title='bbox 803 3845 944 3906; x_wconf 89' lang='lat' dir='ltr'>velit</span> <span class='ocrx_word' id='word_1_535' title='bbox 981 3863 1086 3906; x_wconf 90' lang='lat' dir='ltr'>nos</span> <span class='ocrx_word' id='word_1_536' title='bbox 1115 3862 1258 3918; x_wconf 91' lang='lat' dir='ltr'>esse,</span> <span class='ocrx_word' id='word_1_537' title='bbox 1291 3847 1445 3923; x_wconf 88' lang='lat' dir='ltr'>quod</span> <span class='ocrx_word' id='word_1_538' title='bbox 1471 3855 1610 3922; x_wconf 81' lang='lat' dir='ltr'>erat,</span> <span class='ocrx_word' id='word_1_539' title='bbox 1645 3849 1753 3908; x_wconf 89' lang='lat' dir='ltr'>hoc</span> 
     </span>
    </p>
   </div>
   <div class='ocr_carea' id='block_1_71' title="bbox 45 3935 1752 4007">
    <p class='ocr_par' dir='ltr' id='par_1_71' title="bbox 45 3935 1752 4007">
     <span class='ocr_line' id='line_1_71' title="bbox 45 3935 1752 4007; baseline 0.002 -12"><span class='ocrx_word' id='word_1_540' title='bbox 45 3945 119 3995; x_wconf 86' lang='lat' dir='ltr'>est</span> <span class='ocrx_word' id='word_1_541' title='bbox 153 3938 343 3997; x_wconf 90' lang='lat' dir='ltr'>eremi</span> <span class='ocrx_word' id='word_1_542' title='bbox 397 3945 742 4007; x_wconf 88' lang='lat' dir='ltr'>sectatores;</span> <span class='ocrx_word' id='word_1_543' title='bbox 782 3935 1138 3996; x_wconf 90' lang='lat' dir='ltr'>tolerabilius</span> <span class='ocrx_word' id='word_1_544' title='bbox 1185 3944 1380 3996; x_wconf 89' lang='lat' dir='ltr'>tamen</span> <span class='ocrx_word' id='word_1_545' title='bbox 1436 3938 1595 3998; x_wconf 88' lang='lat' dir='ltr'>ducit</span> <span class='ocrx_word' id='word_1_546' title='bbox 1645 3955 1752 3998; x_wconf 90' lang='lat' dir='ltr'>nos</span> 
     </span>
    </p>
   </div>
   <div class='ocr_carea' id='block_1_72' title="bbox 45 4028 1751 4102">
    <p class='ocr_par' dir='ltr' id='par_1_72' title="bbox 45 4028 1751 4102">
     <span class='ocr_line' id='line_1_72' title="bbox 45 4028 1751 4102; baseline -0.001 -14"><span class='ocrx_word' id='word_1_547' title='bbox 45 4029 300 4088; x_wconf 88' lang='lat' dir='ltr'>inﬁrmos</span> <span class='ocrx_word' id='word_1_548' title='bbox 331 4045 400 4087; x_wconf 90' lang='lat' dir='ltr'>ac</span> <span class='ocrx_word' id='word_1_549' title='bbox 441 4028 662 4087; x_wconf 88' lang='lat' dir='ltr'>debiles</span> <span class='ocrx_word' id='word_1_550' title='bbox 703 4029 765 4087; x_wconf 92' lang='lat' dir='ltr'>in</span> <span class='ocrx_word' id='word_1_551' title='bbox 814 4028 1149 4087; x_wconf 89' lang='lat' dir='ltr'>monasterii</span> <span class='ocrx_word' id='word_1_552' title='bbox 1188 4036 1356 4102; x_wconf 91' lang='lat' dir='ltr'>portu</span> <span class='ocrx_word' id='word_1_553' title='bbox 1392 4029 1484 4086; x_wconf 91' lang='lat' dir='ltr'>vel</span> <span class='ocrx_word' id='word_1_554' title='bbox 1518 4029 1751 4101; x_wconf 92' lang='lat' dir='ltr'>ignobi-</span> 
     </span>
    </p>
   </div>
   <div class='ocr_carea' id='block_1_73' title="bbox 43 4116 1750 4192">
    <p class='ocr_par' dir='ltr' id='par_1_73' title="bbox 43 4116 1750 4192">
     <span class='ocr_line' id='line_1_73' title="bbox 43 4116 1750 4192; baseline 0.002 -18"><span class='ocrx_word' id='word_1_555' title='bbox 43 4116 161 4177; x_wconf 88' lang='lat' dir='ltr'>liter</span> <span class='ocrx_word' id='word_1_556' title='bbox 205 4117 432 4188; x_wconf 86' lang='lat' dir='ltr'>vivere,</span> <span class='ocrx_word' id='word_1_557' title='bbox 464 4132 642 4191; x_wconf 91' lang='lat' dir='ltr'>quam</span> <span class='ocrx_word' id='word_1_558' title='bbox 680 4117 743 4175; x_wconf 90' lang='lat' dir='ltr'>in</span> <span class='ocrx_word' id='word_1_559' title='bbox 794 4123 1174 4192; x_wconf 86' lang='lat' dir='ltr'>tempestuosa</span> <span class='ocrx_word' id='word_1_560' title='bbox 1226 4116 1493 4189; x_wconf 85' lang='lat' dir='ltr'>naufragi</span> <span class='ocrx_word' id='word_1_561' title='bbox 1541 4119 1750 4178; x_wconf 89' lang='lat' dir='ltr'>mundi</span> 
     </span>
    </p>
   </div>
   <div class='ocr_carea' id='block_1_74' title="bbox 40 4204 1751 4282">
    <p class='ocr_par' dir='ltr' id='par_1_74' title="bbox 40 4204 1751 4282">
     <span class='ocr_line' id='line_1_74' title="bbox 40 4204 1751 4282; baseline 0.002 -20"><span class='ocrx_word' id='word_1_562' title='bbox 40 4206 314 4282; x_wconf 83' lang='lat' dir='ltr'>voragine</span> <span class='ocrx_word' id='word_1_563' title='bbox 344 4205 624 4280; x_wconf 87' lang='lat' dir='ltr'>deperire.</span> <span class='ocrx_word' id='word_1_564' title='bbox 661 4227 689 4256; x_wconf 74' lang='grc' dir='ltr'><strong>ι</strong></span> <span class='ocrx_word' id='word_1_565' title='bbox 720 4206 805 4264; x_wconf 87' lang='lat' dir='ltr'>Ac</span> <span class='ocrx_word' id='word_1_566' title='bbox 835 4205 1067 4264; x_wconf 89' lang='lat' dir='ltr'>tandem</span> <span class='ocrx_word' id='word_1_567' title='bbox 1114 4206 1194 4264; x_wconf 89' lang='lat' dir='ltr'>ita</span> <span class='ocrx_word' id='word_1_568' title='bbox 1241 4204 1537 4264; x_wconf 89' lang='lat' dir='ltr'>concludit</span> <span class='ocrx_word' id='word_1_569' title='bbox 1569 4225 1582 4263; x_wconf 92' lang='lat'>:</span> <span class='ocrx_word' id='word_1_570' title='bbox 1621 4229 1641 4258; x_wconf 75' lang='grc' dir='ltr'><strong>ε</strong></span> <span class='ocrx_word' id='word_1_571' title='bbox 1683 4205 1751 4265; x_wconf 92' lang='lat' dir='ltr'>Ut</span> 
     </span>
    </p>
   </div>
   <div class='ocr_carea' id='block_1_75' title="bbox 39 4297 1746 4375">
    <p class='ocr_par' dir='ltr' id='par_1_75' title="bbox 39 4297 1746 4375">
     <span class='ocr_line' id='line_1_75' title="bbox 39 4297 1746 4375; baseline 0.001 -17"><span class='ocrx_word' id='word_1_572' title='bbox 39 4316 163 4375; x_wconf 88' lang='lat' dir='ltr'>ergo</span> <span class='ocrx_word' id='word_1_573' title='bbox 193 4300 443 4360; x_wconf 75' lang='lat' dir='ltr'>Fratres</span> <span class='ocrx_word' id='word_1_574' title='bbox 485 4299 558 4358; x_wconf 91' lang='lat' dir='ltr'>ad</span> <span class='ocrx_word' id='word_1_575' title='bbox 599 4316 865 4360; x_wconf 90' lang='lat' dir='ltr'>eremum</span> <span class='ocrx_word' id='word_1_576' title='bbox 901 4300 972 4359; x_wconf 91' lang='lat' dir='ltr'>de</span> <span class='ocrx_word' id='word_1_577' title='bbox 1019 4297 1416 4360; x_wconf 89' lang='lat' dir='ltr'>monasteriali</span> <span class='ocrx_word' id='word_1_578' title='bbox 1454 4300 1573 4360; x_wconf 90' lang='lat' dir='ltr'>vita</span> <span class='ocrx_word' id='word_1_579' title='bbox 1609 4315 1746 4359; x_wconf 90' lang='lat' dir='ltr'>con-</span> 
     </span>
    </p>
   </div>
   <div class='ocr_carea' id='block_1_76' title="bbox 40 4390 1747 4463">
    <p class='ocr_par' dir='ltr' id='par_1_76' title="bbox 40 4390 1747 4463">
     <span class='ocr_line' id='line_1_76' title="bbox 40 4390 1747 4463; baseline 0 -13"><span class='ocrx_word' id='word_1_580' title='bbox 40 4391 334 4462; x_wconf 74' lang='lat' dir='ltr'>scandant,</span> <span class='ocrx_word' id='word_1_581' title='bbox 368 4397 424 4449; x_wconf 90' lang='lat' dir='ltr'>et</span> <span class='ocrx_word' id='word_1_582' title='bbox 455 4405 560 4449; x_wconf 91' lang='lat' dir='ltr'>nos</span> <span class='ocrx_word' id='word_1_583' title='bbox 589 4390 826 4463; x_wconf 88' lang='lat' dir='ltr'>hortari,</span> <span class='ocrx_word' id='word_1_584' title='bbox 861 4397 914 4449; x_wconf 90' lang='lat' dir='ltr'>et</span> <span class='ocrx_word' id='word_1_585' title='bbox 944 4395 1066 4461; x_wconf 73' lang='lat' dir='ltr'>fnos</span> <span class='ocrx_word' id='word_1_586' title='bbox 1100 4390 1380 4451; x_wconf 90' lang='lat' dir='ltr'>debemus</span> <span class='ocrx_word' id='word_1_587' title='bbox 1430 4406 1566 4450; x_wconf 92' lang='lat' dir='ltr'>cum</span> <span class='ocrx_word' id='word_1_588' title='bbox 1613 4392 1747 4450; x_wconf 91' lang='lat' dir='ltr'>cha-</span> 
     </span>
    </p>
   </div>
   <div class='ocr_carea' id='block_1_77' title="bbox 1835 3211 3546 3284">
    <p class='ocr_par' dir='ltr' id='par_1_77' title="bbox 1835 3211 3546 3284">
     <span class='ocr_line' id='line_1_77' title="bbox 1835 3211 3546 3284; baseline 0 -12"><span class='ocrx_word' id='word_1_589' title='bbox 1835 3213 2114 3272; x_wconf 76' lang='lat' dir='ltr'>ctenobiis</span> <span class='ocrx_word' id='word_1_590' title='bbox 2163 3211 2542 3272; x_wconf 82' lang='lat' dir='ltr'>Cluniacense</span> <span class='ocrx_word' id='word_1_591' title='bbox 2601 3228 2712 3272; x_wconf 92' lang='lat' dir='ltr'>sec.</span> <span class='ocrx_word' id='word_1_592' title='bbox 2752 3211 2975 3272; x_wconf 88' lang='lat' dir='ltr'>decimo</span> <span class='ocrx_word' id='word_1_593' title='bbox 3030 3217 3411 3284; x_wconf 87' lang='lat' dir='ltr'>exstructum,</span> <span class='ocrx_word' id='word_1_594' title='bbox 3458 3213 3546 3273; x_wconf 90' lang='lat' dir='ltr'>uti</span> 
     </span>
    </p>
   </div>
   <div class='ocr_carea' id='block_1_78' title="bbox 1833 3301 3547 3377">
    <p class='ocr_par' dir='ltr' id='par_1_78' title="bbox 1833 3301 3547 3377">
     <span class='ocr_line' id='line_1_78' title="bbox 1833 3301 3547 3377; baseline 0 -15"><span class='ocrx_word' id='word_1_595' title='bbox 1833 3303 2113 3374; x_wconf 90' lang='lat' dir='ltr'>diximus,</span> <span class='ocrx_word' id='word_1_596' title='bbox 2152 3303 2215 3361; x_wconf 90' lang='grc'>13</span> <span class='ocrx_word' id='word_1_597' title='bbox 2253 3301 2424 3362; x_wconf 89' lang='lat' dir='ltr'>Janu.</span> <span class='ocrx_word' id='word_1_598' title='bbox 2471 3302 2544 3361; x_wconf 92' lang='lat' dir='ltr'>ad</span> <span class='ocrx_word' id='word_1_599' title='bbox 2577 3302 2768 3360; x_wconf 88' lang='lat' dir='ltr'>Vitam</span> <span class='ocrx_word' id='word_1_600' title='bbox 2797 3301 2862 3360; x_wconf 93' lang='lat' dir='ltr'>B.</span> <span class='ocrx_word' id='word_1_601' title='bbox 2905 3301 3188 3361; x_wconf 91' lang='lat' dir='ltr'>Bernonis</span> <span class='ocrx_word' id='word_1_602' title='bbox 3221 3302 3396 3377; x_wconf 91' lang='lat' dir='ltr'>primi</span> <span class='ocrx_word' id='word_1_603' title='bbox 3426 3302 3547 3362; x_wconf 86' lang='lat' dir='ltr'>Ab-</span> 
     </span>
    </p>
   </div>
   <div class='ocr_carea' id='block_1_79' title="bbox 1835 3389 3546 3464">
    <p class='ocr_par' dir='ltr' id='par_1_79' title="bbox 1835 3389 3546 3464">
     <span class='ocr_line' id='line_1_79' title="bbox 1835 3389 3546 3464; baseline -0.001 -13"><span class='ocrx_word' id='word_1_604' title='bbox 1835 3391 2000 3462; x_wconf 91' lang='lat' dir='ltr'>batis,</span> <span class='ocrx_word' id='word_1_605' title='bbox 2056 3390 2151 3450; x_wconf 92' lang='lat' dir='ltr'>cui</span> <span class='ocrx_word' id='word_1_606' title='bbox 2206 3397 2610 3450; x_wconf 89' lang='lat' dir='ltr'>successerunt</span> <span class='ocrx_word' id='word_1_607' title='bbox 2659 3389 2799 3460; x_wconf 91' lang='lat' dir='ltr'>Odo,</span> <span class='ocrx_word' id='word_1_608' title='bbox 2864 3389 3218 3464; x_wconf 82' lang='lat' dir='ltr'>Aymardus,</span> <span class='ocrx_word' id='word_1_609' title='bbox 3277 3390 3546 3464; x_wconf 87' lang='lat' dir='ltr'>Majolus,</span> 
     </span>
    </p>
   </div>
   <div class='ocr_carea' id='block_1_80' title="bbox 1833 3477 3549 3554">
    <p class='ocr_par' dir='ltr' id='par_1_80' title="bbox 1833 3477 3549 3554">
     <span class='ocr_line' id='line_1_80' title="bbox 1833 3477 3549 3554; baseline -0.001 -13"><span class='ocrx_word' id='word_1_610' title='bbox 1833 3481 2020 3554; x_wconf 89' lang='lat' dir='ltr'>Odilo,</span> <span class='ocrx_word' id='word_1_611' title='bbox 2076 3480 2270 3554; x_wconf 89' lang='lat' dir='ltr'>Hugo,</span> <span class='ocrx_word' id='word_1_612' title='bbox 2332 3479 2443 3538; x_wconf 89' lang='lat' dir='ltr'>viri</span> <span class='ocrx_word' id='word_1_613' title='bbox 2497 3479 2794 3538; x_wconf 90' lang='lat' dir='ltr'>sanctitate</span> <span class='ocrx_word' id='word_1_614' title='bbox 2853 3477 3129 3538; x_wconf 91' lang='lat' dir='ltr'>illustres.</span> <span class='ocrx_word' id='word_1_615' title='bbox 3181 3480 3263 3538; x_wconf 87' lang='lat' dir='ltr'>De</span> <span class='ocrx_word' id='word_1_616' title='bbox 3318 3495 3549 3539; x_wconf 85' lang='lat' dir='ltr'>accessu</span> 
     </span>
    </p>
   </div>
   <div class='ocr_carea' id='block_1_81' title="bbox 1833 3566 3548 3628">
    <p class='ocr_par' dir='ltr' id='par_1_81' title="bbox 1833 3566 3548 3628">
     <span class='ocr_line' id='line_1_81' title="bbox 1833 3566 3548 3628; baseline -0.001 0"><span class='ocrx_word' id='word_1_617' title='bbox 1833 3569 1896 3628; x_wconf 94' lang='lat' dir='ltr'>B.</span> <span class='ocrx_word' id='word_1_618' title='bbox 1933 3569 2086 3628; x_wconf 90' lang='lat' dir='ltr'>Petri</span> <span class='ocrx_word' id='word_1_619' title='bbox 2141 3568 2411 3627; x_wconf 88' lang='lat' dir='ltr'>Damiani</span> <span class='ocrx_word' id='word_1_620' title='bbox 2466 3569 2539 3626; x_wconf 90' lang='lat' dir='ltr'>ad</span> <span class='ocrx_word' id='word_1_621' title='bbox 2595 3566 3014 3627; x_wconf 86' lang='lat' dir='ltr'>monasterium</span> <span class='ocrx_word' id='word_1_622' title='bbox 3061 3567 3444 3628; x_wconf 85' lang='lat' dir='ltr'>Cluniacense</span> <span class='ocrx_word' id='word_1_623' title='bbox 3484 3567 3548 3626; x_wconf 90' lang='lat' dir='ltr'>in</span> 
     </span>
    </p>
   </div>
   <div class='ocr_carea' id='block_1_82' title="bbox 1835 3656 3547 3731">
    <p class='ocr_par' dir='ltr' id='par_1_82' title="bbox 1835 3656 3547 3731">
     <span class='ocr_line' id='line_1_82' title="bbox 1835 3656 3547 3731; baseline -0.001 -15"><span class='ocrx_word' id='word_1_624' title='bbox 1835 3665 2077 3718; x_wconf 88' lang='lat' dir='ltr'>tractatu</span> <span class='ocrx_word' id='word_1_625' title='bbox 2122 3658 2537 3718; x_wconf 90' lang='lat' dir='ltr'>miraculorum</span> <span class='ocrx_word' id='word_1_626' title='bbox 2587 3657 2645 3716; x_wconf 93' lang='lat' dir='ltr'>S.</span> <span class='ocrx_word' id='word_1_627' title='bbox 2682 3656 2946 3731; x_wconf 89' lang='lat' dir='ltr'>Hugonis</span> <span class='ocrx_word' id='word_1_628' title='bbox 2981 3657 3053 3715; x_wconf 89' lang='lat' dir='ltr'>ab</span> <span class='ocrx_word' id='word_1_629' title='bbox 3085 3664 3317 3717; x_wconf 87' lang='lat' dir='ltr'>auctore</span> <span class='ocrx_word' id='word_1_630' title='bbox 3342 3662 3547 3716; x_wconf 69' lang='lat' dir='ltr'>coaeta-</span> 
     </span>
    </p>
   </div>
   <div class='ocr_carea' id='block_1_83' title="bbox 1833 3743 3543 3824">
    <p class='ocr_par' dir='ltr' id='par_1_83' title="bbox 1833 3743 3543 3824">
     <span class='ocr_line' id='line_1_83' title="bbox 1833 3743 3543 3824; baseline -0.003 -17"><span class='ocrx_word' id='word_1_631' title='bbox 1833 3765 1941 3808; x_wconf 90' lang='lat' dir='ltr'>neo</span> <span class='ocrx_word' id='word_1_632' title='bbox 1973 3749 2203 3824; x_wconf 87' lang='lat' dir='ltr'>scripto,</span> <span class='ocrx_word' id='word_1_633' title='bbox 2234 3747 2344 3805; x_wconf 87' lang='lat' dir='ltr'>ista</span> <span class='ocrx_word' id='word_1_634' title='bbox 2375 3747 2435 3805; x_wconf 90' lang='lat' dir='ltr'>in</span> <span class='ocrx_word' id='word_1_635' title='bbox 2468 3746 2824 3804; x_wconf 88' lang='lat' dir='ltr'>Bibliotheca</span> <span class='ocrx_word' id='word_1_636' title='bbox 2853 3744 3246 3816; x_wconf 87' lang='lat' dir='ltr'>Cluniacensi,</span> <span class='ocrx_word' id='word_1_637' title='bbox 3274 3744 3382 3803; x_wconf 93' lang='lat' dir='ltr'>col.</span> <span class='ocrx_word' id='word_1_638' title='bbox 3417 3743 3543 3814; x_wconf 78' lang='grc'>460,</span> 
     </span>
    </p>
   </div>
   <div class='ocr_carea' id='block_1_84' title="bbox 1832 3835 3548 3911">
    <p class='ocr_par' dir='ltr' id='par_1_84' title="bbox 1832 3835 3548 3911">
     <span class='ocr_line' id='line_1_84' title="bbox 1832 3835 3548 3911; baseline -0.002 -13"><span class='ocrx_word' id='word_1_639' title='bbox 1832 3848 2185 3900; x_wconf 87' lang='lat' dir='ltr'>narrantur:</span> <span class='ocrx_word' id='word_1_640' title='bbox 2225 3837 2560 3911; x_wconf 74' lang='lat' dir='ltr'>«Tempore</span> <span class='ocrx_word' id='word_1_641' title='bbox 2600 3836 2852 3910; x_wconf 88' lang='lat' dir='ltr'>quodam</span> <span class='ocrx_word' id='word_1_642' title='bbox 2909 3850 3144 3894; x_wconf 85' lang='lat' dir='ltr'>necesse</span> <span class='ocrx_word' id='word_1_643' title='bbox 3192 3835 3304 3895; x_wconf 89' lang='lat' dir='ltr'>fuit</span> <span class='ocrx_word' id='word_1_644' title='bbox 3353 3841 3548 3895; x_wconf 90' lang='lat' dir='ltr'>sancto</span> 
     </span>
    </p>
   </div>
   <div class='ocr_carea' id='block_1_85' title="bbox 1831 3926 3546 4005">
    <p class='ocr_par' dir='ltr' id='par_1_85' title="bbox 1831 3926 3546 4005">
     <span class='ocr_line' id='line_1_85' title="bbox 1831 3926 3546 4005; baseline -0.002 -15"><span class='ocrx_word' id='word_1_645' title='bbox 1831 3931 1956 3990; x_wconf 91' lang='lat' dir='ltr'>viro</span> <span class='ocrx_word' id='word_1_646' title='bbox 1999 3947 2102 4005; x_wconf 90' lang='lat' dir='ltr'>pro</span> <span class='ocrx_word' id='word_1_647' title='bbox 2153 3928 2382 3989; x_wconf 92' lang='lat' dir='ltr'>tuendis</span> <span class='ocrx_word' id='word_1_648' title='bbox 2409 3927 2546 3985; x_wconf 85' lang='lat' dir='ltr'>ﬁliis</span> <span class='ocrx_word' id='word_1_649' title='bbox 2593 3928 2664 3985; x_wconf 89' lang='lat' dir='ltr'>ad</span> <span class='ocrx_word' id='word_1_650' title='bbox 2709 3926 3024 3985; x_wconf 88' lang='lat' dir='ltr'>Ecclesiam</span> <span class='ocrx_word' id='word_1_651' title='bbox 3055 3933 3300 3987; x_wconf 90' lang='lat' dir='ltr'>matrem</span> <span class='ocrx_word' id='word_1_652' title='bbox 3349 3943 3546 3986; x_wconf 90' lang='lat' dir='ltr'>recur-</span> 
     </span>
    </p>
   </div>
   <div class='ocr_carea' id='block_1_86' title="bbox 1831 4015 3548 4091">
    <p class='ocr_par' dir='ltr' id='par_1_86' title="bbox 1831 4015 3548 4091">
     <span class='ocr_line' id='line_1_86' title="bbox 1831 4015 3548 4091; baseline -0.002 -13"><span class='ocrx_word' id='word_1_653' title='bbox 1831 4037 1975 4091; x_wconf 89' lang='lat' dir='ltr'>rere,</span> <span class='ocrx_word' id='word_1_654' title='bbox 2006 4026 2060 4079; x_wconf 91' lang='lat' dir='ltr'>et</span> <span class='ocrx_word' id='word_1_655' title='bbox 2108 4019 2388 4078; x_wconf 67' lang='lat' dir='ltr'>Romanae</span> <span class='ocrx_word' id='word_1_656' title='bbox 2435 4016 2588 4075; x_wconf 90' lang='lat' dir='ltr'>sedis</span> <span class='ocrx_word' id='word_1_657' title='bbox 2634 4015 3021 4090; x_wconf 90' lang='lat' dir='ltr'>patrocinium</span> <span class='ocrx_word' id='word_1_658' title='bbox 3066 4017 3364 4077; x_wconf 86' lang='lat' dir='ltr'>advocare.</span> <span class='ocrx_word' id='word_1_659' title='bbox 3394 4016 3548 4087; x_wconf 89' lang='lat' dir='ltr'>Qua-</span> 
     </span>
    </p>
   </div>
   <div class='ocr_carea' id='block_1_87' title="bbox 1831 4105 3550 4183">
    <p class='ocr_par' dir='ltr' id='par_1_87' title="bbox 1831 4105 3550 4183">
     <span class='ocr_line' id='line_1_87' title="bbox 1831 4105 3550 4183; baseline -0.002 -15"><span class='ocrx_word' id='word_1_660' title='bbox 1831 4117 2059 4183; x_wconf 91' lang='lat' dir='ltr'>propter</span> <span class='ocrx_word' id='word_1_661' title='bbox 2101 4107 2262 4167; x_wconf 90' lang='lat' dir='ltr'>urbis</span> <span class='ocrx_word' id='word_1_662' title='bbox 2305 4107 2470 4166; x_wconf 89' lang='lat' dir='ltr'>illius</span> <span class='ocrx_word' id='word_1_663' title='bbox 2518 4105 2810 4179; x_wconf 83' lang='lat' dir='ltr'>refugium</span> <span class='ocrx_word' id='word_1_664' title='bbox 2842 4112 3058 4180; x_wconf 88' lang='lat' dir='ltr'>petens,</span> <span class='ocrx_word' id='word_1_665' title='bbox 3103 4121 3313 4180; x_wconf 91' lang='lat' dir='ltr'>magno</span> <span class='ocrx_word' id='word_1_666' title='bbox 3352 4105 3550 4166; x_wconf 90' lang='lat' dir='ltr'>labore</span> 
     </span>
    </p>
   </div>
   <div class='ocr_carea' id='block_1_88' title="bbox 1829 4193 3547 4267">
    <p class='ocr_par' dir='ltr' id='par_1_88' title="bbox 1829 4193 3547 4267">
     <span class='ocr_line' id='line_1_88' title="bbox 1829 4193 3547 4267; baseline -0.002 -9"><span class='ocrx_word' id='word_1_667' title='bbox 1829 4207 1883 4258; x_wconf 92' lang='lat' dir='ltr'>et</span> <span class='ocrx_word' id='word_1_668' title='bbox 1933 4197 2266 4258; x_wconf 79' lang='lat' dir='ltr'>difﬁcultate</span> <span class='ocrx_word' id='word_1_669' title='bbox 2309 4213 2343 4256; x_wconf 89' lang='lat' dir='ltr'>a</span> <span class='ocrx_word' id='word_1_670' title='bbox 2405 4196 2581 4255; x_wconf 88' lang='lat' dir='ltr'>latere</span> <span class='ocrx_word' id='word_1_671' title='bbox 2631 4196 2904 4256; x_wconf 89' lang='lat' dir='ltr'>avulsum</span> <span class='ocrx_word' id='word_1_672' title='bbox 2959 4193 3240 4254; x_wconf 83' lang='lat' dir='ltr'>domuum</span> <span class='ocrx_word' id='word_1_673' title='bbox 3291 4193 3547 4267; x_wconf 90' lang='lat' dir='ltr'>Petrum,</span> 
     </span>
    </p>
   </div>
   <div class='ocr_carea' id='block_1_89' title="bbox 1830 4285 3550 4362">
    <p class='ocr_par' dir='ltr' id='par_1_89' title="bbox 1830 4285 3550 4362">
     <span class='ocr_line' id='line_1_89' title="bbox 1830 4285 3550 4362; baseline -0.003 -12"><span class='ocrx_word' id='word_1_674' title='bbox 1830 4291 2196 4352; x_wconf 86' lang='lat' dir='ltr'>Hostiensem</span> <span class='ocrx_word' id='word_1_675' title='bbox 2265 4289 2530 4348; x_wconf 90' lang='lat' dir='ltr'>videlicet</span> <span class='ocrx_word' id='word_1_676' title='bbox 2593 4287 2946 4362; x_wconf 90' lang='lat' dir='ltr'>episcopum,</span> <span class='ocrx_word' id='word_1_677' title='bbox 2997 4295 3378 4358; x_wconf 86' lang='lat' dir='ltr'>cognomento</span> <span class='ocrx_word' id='word_1_678' title='bbox 3431 4285 3550 4345; x_wconf 86' lang='lat' dir='ltr'>Da-</span> 
     </span>
    </p>
   </div>
   <div class='ocr_carea' id='block_1_90' title="bbox 1830 4373 3544 4450">
    <p class='ocr_par' dir='ltr' id='par_1_90' title="bbox 1830 4373 3544 4450">
     <span class='ocr_line' id='line_1_90' title="bbox 1830 4373 3544 4450; baseline -0.004 -12"><span class='ocrx_word' id='word_1_679' title='bbox 1830 4381 2114 4450; x_wconf 89' lang='lat' dir='ltr'>mianum,</span> <span class='ocrx_word' id='word_1_680' title='bbox 2145 4377 2420 4448; x_wconf 91' lang='lat' dir='ltr'>obtinuit,</span> <span class='ocrx_word' id='word_1_681' title='bbox 2452 4383 2516 4436; x_wconf 94' lang='lat' dir='ltr'>ut</span> <span class='ocrx_word' id='word_1_682' title='bbox 2547 4375 2658 4434; x_wconf 90' lang='lat' dir='ltr'>sibi</span> <span class='ocrx_word' id='word_1_683' title='bbox 2688 4374 2923 4434; x_wconf 90' lang='lat' dir='ltr'>daretur</span> <span class='ocrx_word' id='word_1_684' title='bbox 2958 4389 3060 4448; x_wconf 91' lang='lat' dir='ltr'>pro</span> <span class='ocrx_word' id='word_1_685' title='bbox 3109 4390 3322 4448; x_wconf 90' lang='lat' dir='ltr'>magno</span> <span class='ocrx_word' id='word_1_686' title='bbox 3379 4373 3544 4432; x_wconf 92' lang='lat' dir='ltr'>Petro</span> 
     </span>
    </p>
   </div>
   <div class='ocr_carea' id='block_1_91' title="bbox 41 4462 3547 4556">
    <p class='ocr_par' dir='ltr' id='par_1_91' title="bbox 41 4462 3547 4556">
     <span class='ocr_line' id='line_1_91' title="bbox 41 4462 3547 4556; baseline -0.001 -16"><span class='ocrx_word' id='word_1_687' title='bbox 41 4482 196 4543; x_wconf 87' lang='lat' dir='ltr'>ritate</span> <span class='ocrx_word' id='word_1_688' title='bbox 253 4482 574 4556; x_wconf 87' lang='lat' dir='ltr'>suscipere,</span> <span class='ocrx_word' id='word_1_689' title='bbox 605 4489 670 4541; x_wconf 92' lang='lat' dir='ltr'>ut</span> <span class='ocrx_word' id='word_1_690' title='bbox 721 4462 839 4542; x_wconf 91' lang='lat' dir='ltr'>non</span> <span class='ocrx_word' id='word_1_691' title='bbox 890 4481 1048 4540; x_wconf 92' lang='lat' dir='ltr'>velut</span> <span class='ocrx_word' id='word_1_692' title='bbox 1092 4482 1286 4542; x_wconf 91' lang='lat' dir='ltr'>hostes</span> <span class='ocrx_word' id='word_1_693' title='bbox 1326 4497 1360 4540; x_wconf 90' lang='lat' dir='ltr'>a</span> <span class='ocrx_word' id='word_1_694' title='bbox 1411 4481 1576 4541; x_wconf 89' lang='lat' dir='ltr'>beato</span> <span class='ocrx_word' id='word_1_695' title='bbox 1621 4469 2222 4556; x_wconf 59' lang='lat' dir='ltr'>vironpfwliatlll‘us.</span> <span class='ocrx_word' id='word_1_696' title='bbox 2254 4464 2694 4556; x_wconf 54' lang='grc' dir='ltr'>θῐᾶἀνθτεᾶξῖίοε</span> <span class='ocrx_word' id='word_1_697' title='bbox 2720 4471 3123 4556; x_wconf 66' lang='grc' dir='ltr'>Ριόεῑηιῑιπυε</span> <span class='ocrx_word' id='word_1_698' title='bbox 3152 4462 3409 4556; x_wconf 43' lang='lat' dir='ltr'>mirabili</span> <span class='ocrx_word' id='word_1_699' title='bbox 3441 4478 3547 4556; x_wconf 57' lang='lat'>593</span> 
     </span>
    </p>
   </div>
   <div class='ocr_carea' id='block_1_92' title="bbox 38 4533 3547 4646">
    <p class='ocr_par' dir='ltr' id='par_1_92' title="bbox 38 4533 3547 4646">
     <span class='ocr_line' id='line_1_92' title="bbox 38 4533 3547 4646; baseline -0.001 -16"><span class='ocrx_word' id='word_1_700' title='bbox 38 4533 606 4646; x_wconf 45' lang='lat' dir='ltr'>schi&#39;svmat—icafqucid</span> <span class='ocrx_word' id='word_1_701' title='bbox 645 4533 814 4642; x_wconf 67' lang='lat' dir='ltr'>absit,</span> <span class='ocrx_word' id='word_1_702' title='bbox 858 4533 1165 4632; x_wconf 74' lang='lat' dir='ltr'>aversione</span> <span class='ocrx_word' id='word_1_703' title='bbox 1199 4571 1513 4643; x_wconf 91' lang='lat' dir='ltr'>discedere,</span> <span class='ocrx_word' id='word_1_704' title='bbox 1544 4571 1641 4630; x_wconf 89' lang='lat' dir='ltr'>sed</span> <span class='ocrx_word' id='word_1_705' title='bbox 1683 4533 2140 4634; x_wconf 63' lang='lat' dir='ltr'>utDPl‘Udentia</span> <span class='ocrx_word' id='word_1_706' title='bbox 2171 4562 2349 4646; x_wconf 19' lang='lat' dir='ltr'>atque,</span> <span class='ocrx_word' id='word_1_707' title='bbox 2381 4553 2672 4646; x_wconf 57' lang='grc' dir='ltr'>ἷαουηάίθ·</span> <span class='ocrx_word' id='word_1_708' title='bbox 2713 4553 2849 4646; x_wconf 42' lang='lat' dir='ltr'>Era?</span> <span class='ocrx_word' id='word_1_709' title='bbox 2892 4568 3145 4626; x_wconf 72' lang='grc' dir='ltr'>ηειωαιιε</span> <span class='ocrx_word' id='word_1_710' title='bbox 3185 4551 3277 4646; x_wconf 47' lang='lat' dir='ltr'>Vir</span> <span class='ocrx_word' id='word_1_711' title='bbox 3309 4551 3410 4646; x_wconf 47' lang='lat' dir='ltr'>ille</span> <span class='ocrx_word' id='word_1_712' title='bbox 3443 4551 3547 4609; x_wconf 71' lang='lat' dir='ltr'>ab‘</span> 
     </span>
    </p>
   </div>
   <div class='ocr_carea' id='block_1_93' title="bbox 36 4642 3547 4736">
    <p class='ocr_par' dir='ltr' id='par_1_93' title="bbox 36 4642 3547 4736">
     <span class='ocr_line' id='line_1_93' title="bbox 36 4642 3547 4736; baseline -0 -17"><span class='ocrx_word' id='word_1_713' title='bbox 36 4679 229 4725; x_wconf 82' lang='lat' dir='ltr'>revera</span> <span class='ocrx_word' id='word_1_714' title='bbox 259 4642 539 4736; x_wconf 83' lang='lat' dir='ltr'>discipuli</span> <span class='ocrx_word' id='word_1_715' title='bbox 576 4663 879 4723; x_wconf 87' lang='lat' dir='ltr'>videamur</span> <span class='ocrx_word' id='word_1_716' title='bbox 903 4666 960 4721; x_wconf 93' lang='lat' dir='ltr'>et</span> <span class='ocrx_word' id='word_1_717' title='bbox 991 4660 1079 4721; x_wconf 92' lang='lat' dir='ltr'>illi</span> <span class='ocrx_word' id='word_1_718' title='bbox 1109 4661 1362 4721; x_wconf 90' lang='lat' dir='ltr'>invicem</span> <span class='ocrx_word' id='word_1_719' title='bbox 1391 4642 1748 4721; x_wconf 88' lang='lat' dir='ltr'>unanimiter</span> <span class='ocrx_word' id='word_1_720' title='bbox 1829 4650 2116 4711; x_wconf 59' lang='lat' dir='ltr'>slinenliw</span> <span class='ocrx_word' id='word_1_721' title='bbox 2164 4645 2474 4722; x_wconf 67' lang='lat' dir='ltr'>Singularis</span> <span class='ocrx_word' id='word_1_722' title='bbox 2526 4661 2656 4716; x_wconf 59' lang='lat' dir='ltr'>usu:</span> <span class='ocrx_word' id='word_1_723' title='bbox 2699 4650 2753 4702; x_wconf 65' lang='grc' dir='ltr'><strong>εἴ</strong></span> <span class='ocrx_word' id='word_1_724' title='bbox 2812 4644 3143 4736; x_wconf 14' lang='grc' dir='ltr'>ΓβΓΓθοΓιιΠιί</span> <span class='ocrx_word' id='word_1_725' title='bbox 3171 4642 3547 4736; x_wconf 58' lang='grc' dir='ltr'>νίηοξιιρτιιω</span> 
     </span>
    </p>
   </div>
   <div class='ocr_carea' id='block_1_94' title="bbox 32 4753 450 4812">
    <p class='ocr_par' dir='ltr' id='par_1_94' title="bbox 32 4753 450 4812">
     <span class='ocr_line' id='line_1_94' title="bbox 32 4753 450 4812; baseline -0.012 -2"><span class='ocrx_word' id='word_1_726' title='bbox 32 4753 381 4812; x_wconf 87' lang='lat' dir='ltr'>consentire.</span> <span class='ocrx_word' id='word_1_727' title='bbox 420 4777 450 4805; x_wconf 71' lang='grc' dir='ltr'><strong>ιι</strong></span> 
     </span>
    </p>
   </div>
   <div class='ocr_carea' id='block_1_95' title="bbox 96 4840 1748 4919">
    <p class='ocr_par' dir='ltr' id='par_1_95' title="bbox 96 4840 1748 4919">
     <span class='ocr_line' id='line_1_95' title="bbox 96 4840 1748 4919; baseline -0.002 -19"><span class='ocrx_word' id='word_1_728' title='bbox 96 4844 180 4904; x_wconf 84' lang='grc'>16.</span> <span class='ocrx_word' id='word_1_729' title='bbox 215 4843 521 4904; x_wconf 86' lang='lat' dir='ltr'>Hactenus</span> <span class='ocrx_word' id='word_1_730' title='bbox 546 4842 610 4903; x_wconf 92' lang='lat' dir='ltr'>in</span> <span class='ocrx_word' id='word_1_731' title='bbox 637 4843 737 4903; x_wconf 91' lang='lat' dir='ltr'>illa</span> <span class='ocrx_word' id='word_1_732' title='bbox 767 4859 874 4904; x_wconf 88' lang='lat' dir='ltr'>sua</span> <span class='ocrx_word' id='word_1_733' title='bbox 901 4859 992 4919; x_wconf 91' lang='lat' dir='ltr'>ep.</span> <span class='ocrx_word' id='word_1_734' title='bbox 1036 4842 1100 4901; x_wconf 93' lang='lat' dir='ltr'>B.</span> <span class='ocrx_word' id='word_1_735' title='bbox 1136 4841 1358 4913; x_wconf 90' lang='lat' dir='ltr'>Petrus,</span> <span class='ocrx_word' id='word_1_736' title='bbox 1390 4840 1492 4915; x_wconf 89' lang='lat' dir='ltr'>qui</span> <span class='ocrx_word' id='word_1_737' title='bbox 1539 4844 1748 4915; x_wconf 80' lang='lat' dir='ltr'>praeter</span> 
     </span>
    </p>
   </div>
   <div class='ocr_carea' id='block_1_96' title="bbox 34 4929 1747 5000">
    <p class='ocr_par' dir='ltr' id='par_1_96' title="bbox 34 4929 1747 5000">
     <span class='ocr_line' id='line_1_96' title="bbox 34 4929 1747 5000; baseline -0.004 -8"><span class='ocrx_word' id='word_1_738' title='bbox 34 4942 302 4994; x_wconf 79' lang='lat' dir='ltr'>consueta</span> <span class='ocrx_word' id='word_1_739' title='bbox 339 4935 824 4994; x_wconf 88' lang='lat' dir='ltr'>monasteriorum</span> <span class='ocrx_word' id='word_1_740' title='bbox 872 4932 931 4992; x_wconf 90' lang='lat' dir='ltr'>S.</span> <span class='ocrx_word' id='word_1_741' title='bbox 962 4929 1256 4990; x_wconf 90' lang='lat' dir='ltr'>Benedicti</span> <span class='ocrx_word' id='word_1_742' title='bbox 1289 4929 1581 5000; x_wconf 86' lang='lat' dir='ltr'>exercitia,</span> <span class='ocrx_word' id='word_1_743' title='bbox 1635 4935 1747 4986; x_wconf 89' lang='lat' dir='ltr'>tra-</span> 
     </span>
    </p>
   </div>
   <div class='ocr_carea' id='block_1_97' title="bbox 35 5019 1750 5099">
    <p class='ocr_par' dir='ltr' id='par_1_97' title="bbox 35 5019 1750 5099">
     <span class='ocr_line' id='line_1_97' title="bbox 35 5019 1750 5099; baseline -0.001 -21"><span class='ocrx_word' id='word_1_744' title='bbox 35 5020 99 5080; x_wconf 88' lang='lat' dir='ltr'>dit</span> <span class='ocrx_word' id='word_1_745' title='bbox 135 5040 352 5099; x_wconf 88' lang='lat' dir='ltr'>opusc.</span> <span class='ocrx_word' id='word_1_746' title='bbox 389 5036 498 5085; x_wconf 81' lang='lat' dir='ltr'>XIV</span> <span class='ocrx_word' id='word_1_747' title='bbox 552 5025 617 5084; x_wconf 91' lang='lat' dir='ltr'>in</span> <span class='ocrx_word' id='word_1_748' title='bbox 658 5039 766 5084; x_wconf 89' lang='lat' dir='ltr'>sua</span> <span class='ocrx_word' id='word_1_749' title='bbox 817 5038 1009 5083; x_wconf 90' lang='lat' dir='ltr'>eremo</span> <span class='ocrx_word' id='word_1_750' title='bbox 1064 5020 1260 5080; x_wconf 82' lang='lat' dir='ltr'>Fontis</span> <span class='ocrx_word' id='word_1_751' title='bbox 1315 5019 1584 5079; x_wconf 83' lang='lat' dir='ltr'>Avellani</span> <span class='ocrx_word' id='word_1_752' title='bbox 1637 5019 1750 5077; x_wconf 88' lang='lat' dir='ltr'>alia</span> 
     </span>
    </p>
   </div>
   <div class='ocr_carea' id='block_1_98' title="bbox 35 5106 1752 5188">
    <p class='ocr_par' dir='ltr' id='par_1_98' title="bbox 35 5106 1752 5188">
     <span class='ocr_line' id='line_1_98' title="bbox 35 5106 1752 5188; baseline -0.003 -19"><span class='ocrx_word' id='word_1_753' title='bbox 35 5112 489 5188; x_wconf 80' lang='lat' dir='ltr'>quamplurima,</span> <span class='ocrx_word' id='word_1_754' title='bbox 538 5118 593 5170; x_wconf 91' lang='lat' dir='ltr'>et</span> <span class='ocrx_word' id='word_1_755' title='bbox 642 5111 810 5186; x_wconf 90' lang='lat' dir='ltr'>longe</span> <span class='ocrx_word' id='word_1_756' title='bbox 856 5110 1267 5170; x_wconf 90' lang='lat' dir='ltr'>excellentiora</span> <span class='ocrx_word' id='word_1_757' title='bbox 1314 5108 1623 5168; x_wconf 90' lang='lat' dir='ltr'>observari.</span> <span class='ocrx_word' id='word_1_758' title='bbox 1666 5106 1752 5164; x_wconf 91' lang='lat' dir='ltr'>Ita</span> 
     </span>
    </p>
   </div>
   <div class='ocr_carea' id='block_1_99' title="bbox 38 5194 1753 5276">
    <p class='ocr_par' dir='ltr' id='par_1_99' title="bbox 38 5194 1753 5276">
     <span class='ocr_line' id='line_1_99' title="bbox 38 5194 1753 5276; baseline -0.006 -13"><span class='ocrx_word' id='word_1_759' title='bbox 38 5220 54 5245; x_wconf 91' lang='grc'><strong>·</strong></span> <span class='ocrx_word' id='word_1_760' title='bbox 80 5200 158 5262; x_wconf 85' lang='lat' dir='ltr'>De</span> <span class='ocrx_word' id='word_1_761' title='bbox 186 5201 546 5276; x_wconf 89' lang='lat' dir='ltr'>psalmodia,</span> <span class='ocrx_word' id='word_1_762' title='bbox 575 5200 787 5275; x_wconf 90' lang='lat' dir='ltr'>inquit,</span> <span class='ocrx_word' id='word_1_763' title='bbox 816 5199 1172 5260; x_wconf 89' lang='lat' dir='ltr'>consuetudo</span> <span class='ocrx_word' id='word_1_764' title='bbox 1203 5203 1306 5264; x_wconf 90' lang='lat' dir='ltr'>est,</span> <span class='ocrx_word' id='word_1_765' title='bbox 1348 5202 1414 5255; x_wconf 91' lang='lat' dir='ltr'>ut</span> <span class='ocrx_word' id='word_1_766' title='bbox 1457 5211 1590 5254; x_wconf 92' lang='lat' dir='ltr'>cum</span> <span class='ocrx_word' id='word_1_767' title='bbox 1637 5194 1753 5253; x_wconf 90' lang='lat' dir='ltr'>duo</span> 
     </span>
    </p>
   </div>
   <div class='ocr_carea' id='block_1_100' title="bbox 39 5282 1754 5359">
    <p class='ocr_par' dir='ltr' id='par_1_100' title="bbox 39 5282 1754 5359">
     <span class='ocr_line' id='line_1_100' title="bbox 39 5282 1754 5359; baseline -0.003 -13"><span class='ocrx_word' id='word_1_768' title='bbox 39 5286 232 5352; x_wconf 82' lang='lat' dir='ltr'>fratres</span> <span class='ocrx_word' id='word_1_769' title='bbox 275 5290 462 5350; x_wconf 90' lang='lat' dir='ltr'>simul</span> <span class='ocrx_word' id='word_1_770' title='bbox 525 5295 956 5348; x_wconf 89' lang='lat' dir='ltr'>commorantur</span> <span class='ocrx_word' id='word_1_771' title='bbox 993 5289 1054 5346; x_wconf 91' lang='lat' dir='ltr'>in</span> <span class='ocrx_word' id='word_1_772' title='bbox 1087 5287 1250 5357; x_wconf 89' lang='lat' dir='ltr'>cella,</span> <span class='ocrx_word' id='word_1_773' title='bbox 1284 5286 1400 5344; x_wconf 92' lang='lat' dir='ltr'>duo</span> <span class='ocrx_word' id='word_1_774' title='bbox 1426 5282 1754 5359; x_wconf 91' lang='lat' dir='ltr'>persolvant</span> 
     </span>
    </p>
   </div>
   <div class='ocr_carea' id='block_1_101' title="bbox 42 5377 1754 5458">
    <p class='ocr_par' dir='ltr' id='par_1_101' title="bbox 42 5377 1754 5458">
     <span class='ocr_line' id='line_1_101' title="bbox 42 5377 1754 5458; baseline -0.002 -23"><span class='ocrx_word' id='word_1_775' title='bbox 42 5377 86 5435; x_wconf 81' lang='lat' dir='ltr'>in</span> <span class='ocrx_word' id='word_1_776' title='bbox 117 5381 217 5442; x_wconf 89' lang='lat' dir='ltr'>die</span> <span class='ocrx_word' id='word_1_777' title='bbox 257 5381 560 5458; x_wconf 88' lang='lat' dir='ltr'>psalteria,</span> <span class='ocrx_word' id='word_1_778' title='bbox 594 5396 781 5440; x_wconf 90' lang='lat' dir='ltr'>unum</span> <span class='ocrx_word' id='word_1_779' title='bbox 824 5396 928 5452; x_wconf 91' lang='lat' dir='ltr'>pro</span> <span class='ocrx_word' id='word_1_780' title='bbox 977 5378 1152 5451; x_wconf 91' lang='lat' dir='ltr'>vivis,</span> <span class='ocrx_word' id='word_1_781' title='bbox 1182 5377 1428 5437; x_wconf 89' lang='lat' dir='ltr'>alterum</span> <span class='ocrx_word' id='word_1_782' title='bbox 1460 5392 1563 5450; x_wconf 94' lang='lat' dir='ltr'>pro</span> <span class='ocrx_word' id='word_1_783' title='bbox 1595 5390 1754 5433; x_wconf 91' lang='lat' dir='ltr'>mor-</span> 
     </span>
    </p>
   </div>
   <div class='ocr_carea' id='block_1_102' title="bbox 42 5463 1754 5543">
    <p class='ocr_par' dir='ltr' id='par_1_102' title="bbox 42 5463 1754 5543">
     <span class='ocr_line' id='line_1_102' title="bbox 42 5463 1754 5543; baseline -0.002 -17"><span class='ocrx_word' id='word_1_784' title='bbox 42 5471 240 5531; x_wconf 85' lang='lat' dir='ltr'>luis....</span> <span class='ocrx_word' id='word_1_785' title='bbox 273 5471 396 5543; x_wconf 89' lang='lat' dir='ltr'>Qui</span> <span class='ocrx_word' id='word_1_786' title='bbox 427 5479 621 5532; x_wconf 89' lang='lat' dir='ltr'>autem</span> <span class='ocrx_word' id='word_1_787' title='bbox 651 5469 808 5530; x_wconf 88' lang='lat' dir='ltr'>solus</span> <span class='ocrx_word' id='word_1_788' title='bbox 837 5474 1112 5540; x_wconf 90' lang='lat' dir='ltr'>moratur,</span> <span class='ocrx_word' id='word_1_789' title='bbox 1143 5465 1481 5541; x_wconf 89' lang='lat' dir='ltr'>psalterium</span> <span class='ocrx_word' id='word_1_790' title='bbox 1516 5463 1754 5540; x_wconf 90' lang='lat' dir='ltr'>quidem</span> 
     </span>
    </p>
   </div>
   <div class='ocr_carea' id='block_1_103' title="bbox 1829 4732 3546 4814">
    <p class='ocr_par' dir='ltr' id='par_1_103' title="bbox 1829 4732 3546 4814">
     <span class='ocr_line' id='line_1_103' title="bbox 1829 4732 3546 4814; baseline -0.006 -12"><span class='ocrx_word' id='word_1_791' title='bbox 1829 4759 1988 4802; x_wconf 87' lang='lat' dir='ltr'>nexu</span> <span class='ocrx_word' id='word_1_792' title='bbox 2013 4740 2272 4814; x_wconf 87' lang='lat' dir='ltr'>undique</span> <span class='ocrx_word' id='word_1_793' title='bbox 2302 4738 2384 4796; x_wconf 91' lang='lat' dir='ltr'>sic</span> <span class='ocrx_word' id='word_1_794' title='bbox 2411 4736 2658 4804; x_wconf 89' lang='lat' dir='ltr'>attritus,</span> <span class='ocrx_word' id='word_1_795' title='bbox 2692 4740 2756 4795; x_wconf 93' lang='lat' dir='ltr'>ut</span> <span class='ocrx_word' id='word_1_796' title='bbox 2787 4735 2888 4793; x_wconf 88' lang='lat' dir='ltr'>vix</span> <span class='ocrx_word' id='word_1_797' title='bbox 2911 4740 3101 4810; x_wconf 90' lang='lat' dir='ltr'>posset</span> <span class='ocrx_word' id='word_1_798' title='bbox 3130 4732 3386 4792; x_wconf 88' lang='lat' dir='ltr'>inveniri</span> <span class='ocrx_word' id='word_1_799' title='bbox 3417 4748 3546 4792; x_wconf 83' lang='lat' dir='ltr'>mo-</span> 
     </span>
    </p>
   </div>
   <div class='ocr_carea' id='block_1_104' title="bbox 1829 4821 3545 4904">
    <p class='ocr_par' dir='ltr' id='par_1_104' title="bbox 1829 4821 3545 4904">
     <span class='ocr_line' id='line_1_104' title="bbox 1829 4821 3545 4904; baseline -0.006 -13"><span class='ocrx_word' id='word_1_800' title='bbox 1829 4831 1958 4903; x_wconf 92' lang='lat' dir='ltr'>dus,</span> <span class='ocrx_word' id='word_1_801' title='bbox 2016 4846 2131 4904; x_wconf 94' lang='lat' dir='ltr'>quo</span> <span class='ocrx_word' id='word_1_802' title='bbox 2188 4829 2314 4904; x_wconf 89' lang='lat' dir='ltr'>ejus</span> <span class='ocrx_word' id='word_1_803' title='bbox 2372 4827 2628 4902; x_wconf 90' lang='lat' dir='ltr'>corporis</span> <span class='ocrx_word' id='word_1_804' title='bbox 2684 4824 3052 4884; x_wconf 89' lang='lat' dir='ltr'>imbecillitas</span> <span class='ocrx_word' id='word_1_805' title='bbox 3108 4824 3420 4895; x_wconf 89' lang='lat' dir='ltr'>foveretur,</span> <span class='ocrx_word' id='word_1_806' title='bbox 3472 4821 3545 4882; x_wconf 91' lang='lat' dir='ltr'>ad</span> 
     </span>
    </p>
   </div>
   <div class='ocr_carea' id='block_1_105' title="bbox 1830 4911 3548 4996">
    <p class='ocr_par' dir='ltr' id='par_1_105' title="bbox 1830 4911 3548 4996">
     <span class='ocr_line' id='line_1_105' title="bbox 1830 4911 3548 4996; baseline -0.005 -15"><span class='ocrx_word' id='word_1_807' title='bbox 1830 4919 2128 4996; x_wconf 90' lang='lat' dir='ltr'>equitandi</span> <span class='ocrx_word' id='word_1_808' title='bbox 2168 4935 2318 4979; x_wconf 90' lang='lat' dir='ltr'>onus</span> <span class='ocrx_word' id='word_1_809' title='bbox 2348 4935 2524 4992; x_wconf 89' lang='lat' dir='ltr'>grave</span> <span class='ocrx_word' id='word_1_810' title='bbox 2562 4923 2858 4990; x_wconf 84' lang='lat' dir='ltr'>utcunque</span> <span class='ocrx_word' id='word_1_811' title='bbox 2893 4911 3276 4974; x_wconf 90' lang='lat' dir='ltr'>tolerandum.</span> <span class='ocrx_word' id='word_1_812' title='bbox 3309 4912 3380 4972; x_wconf 90' lang='lat' dir='ltr'>Et</span> <span class='ocrx_word' id='word_1_813' title='bbox 3407 4912 3548 4988; x_wconf 89' lang='lat' dir='ltr'>quia</span> 
     </span>
    </p>
   </div>
   <div class='ocr_carea' id='block_1_106' title="bbox 1833 5005 3544 5085">
    <p class='ocr_par' dir='ltr' id='par_1_106' title="bbox 1833 5005 3544 5085">
     <span class='ocr_line' id='line_1_106' title="bbox 1833 5005 3544 5085; baseline -0.005 -14"><span class='ocrx_word' id='word_1_814' title='bbox 1833 5011 1947 5071; x_wconf 90' lang='lat' dir='ltr'>levi</span> <span class='ocrx_word' id='word_1_815' title='bbox 1974 5011 2317 5085; x_wconf 85' lang='lat' dir='ltr'>plerumque</span> <span class='ocrx_word' id='word_1_816' title='bbox 2351 5009 2620 5068; x_wconf 85' lang='lat' dir='ltr'>seandalo</span> <span class='ocrx_word' id='word_1_817' title='bbox 2649 5005 2864 5067; x_wconf 77' lang='lat' dir='ltr'>offendi</span> <span class='ocrx_word' id='word_1_818' title='bbox 2902 5010 3140 5078; x_wconf 89' lang='lat' dir='ltr'>poterat,</span> <span class='ocrx_word' id='word_1_819' title='bbox 3173 5021 3404 5065; x_wconf 89' lang='lat' dir='ltr'>necesse</span> <span class='ocrx_word' id='word_1_820' title='bbox 3438 5005 3544 5063; x_wconf 89' lang='lat' dir='ltr'>ha-</span> 
     </span>
    </p>
   </div>
   <div class='ocr_carea' id='block_1_107' title="bbox 1830 5095 3544 5176">
    <p class='ocr_par' dir='ltr' id='par_1_107' title="bbox 1830 5095 3544 5176">
     <span class='ocr_line' id='line_1_107' title="bbox 1830 5095 3544 5176; baseline -0.007 -13"><span class='ocrx_word' id='word_1_821' title='bbox 1830 5103 2000 5163; x_wconf 89' lang='lat' dir='ltr'>bebat</span> <span class='ocrx_word' id='word_1_822' title='bbox 2046 5118 2196 5176; x_wconf 65' lang='lat' dir='ltr'>saepe</span> <span class='ocrx_word' id='word_1_823' title='bbox 2249 5101 2445 5176; x_wconf 87' lang='lat' dir='ltr'>aliqua</span> <span class='ocrx_word' id='word_1_824' title='bbox 2495 5098 2880 5160; x_wconf 88' lang='lat' dir='ltr'>satisfactione</span> <span class='ocrx_word' id='word_1_825' title='bbox 2940 5095 3174 5170; x_wconf 89' lang='lat' dir='ltr'>placari.</span> <span class='ocrx_word' id='word_1_826' title='bbox 3219 5095 3311 5156; x_wconf 87' lang='lat' dir='ltr'>Ad</span> <span class='ocrx_word' id='word_1_827' title='bbox 3367 5108 3544 5168; x_wconf 89' lang='lat' dir='ltr'>quam</span> 
     </span>
    </p>
   </div>
   <div class='ocr_carea' id='block_1_108' title="bbox 1833 5180 3545 5262">
    <p class='ocr_par' dir='ltr' id='par_1_108' title="bbox 1833 5180 3545 5262">
     <span class='ocr_line' id='line_1_108' title="bbox 1833 5180 3545 5262; baseline -0.009 -11"><span class='ocrx_word' id='word_1_828' title='bbox 1833 5208 1958 5251; x_wconf 92' lang='lat' dir='ltr'>rem</span> <span class='ocrx_word' id='word_1_829' title='bbox 2009 5191 2356 5250; x_wconf 87' lang='lat' dir='ltr'>venerabilis</span> <span class='ocrx_word' id='word_1_830' title='bbox 2411 5189 2585 5262; x_wconf 90' lang='lat' dir='ltr'>Hugo</span> <span class='ocrx_word' id='word_1_831' title='bbox 2636 5188 2715 5247; x_wconf 88' lang='lat' dir='ltr'>ita</span> <span class='ocrx_word' id='word_1_832' title='bbox 2775 5201 2836 5245; x_wconf 90' lang='lat' dir='ltr'>se</span> <span class='ocrx_word' id='word_1_833' title='bbox 2888 5184 3234 5256; x_wconf 89' lang='lat' dir='ltr'>inclinabat,</span> <span class='ocrx_word' id='word_1_834' title='bbox 3302 5189 3364 5242; x_wconf 93' lang='lat' dir='ltr'>ut</span> <span class='ocrx_word' id='word_1_835' title='bbox 3419 5180 3545 5253; x_wconf 89' lang='lat' dir='ltr'>ejus</span> 
     </span>
    </p>
   </div>
   <div class='ocr_carea' id='block_1_109' title="bbox 1833 5267 3542 5350">
    <p class='ocr_par' dir='ltr' id='par_1_109' title="bbox 1833 5267 3542 5350">
     <span class='ocr_line' id='line_1_109' title="bbox 1833 5267 3542 5350; baseline -0.008 -10"><span class='ocrx_word' id='word_1_836' title='bbox 1833 5281 2099 5340; x_wconf 90' lang='lat' dir='ltr'>animum</span> <span class='ocrx_word' id='word_1_837' title='bbox 2148 5281 2484 5340; x_wconf 89' lang='lat' dir='ltr'>reformaret</span> <span class='ocrx_word' id='word_1_838' title='bbox 2531 5277 2604 5335; x_wconf 89' lang='lat' dir='ltr'>ad</span> <span class='ocrx_word' id='word_1_839' title='bbox 2655 5274 3153 5350; x_wconf 89' lang='lat' dir='ltr'>tranquillitatem,</span> <span class='ocrx_word' id='word_1_840' title='bbox 3184 5287 3250 5329; x_wconf 89' lang='lat' dir='ltr'>ac</span> <span class='ocrx_word' id='word_1_841' title='bbox 3307 5268 3356 5327; x_wconf 90' lang='lat' dir='ltr'>si</span> <span class='ocrx_word' id='word_1_842' title='bbox 3397 5267 3542 5326; x_wconf 90' lang='lat' dir='ltr'>alter</span> 
     </span>
    </p>
   </div>
   <div class='ocr_carea' id='block_1_110' title="bbox 1835 5357 3544 5444">
    <p class='ocr_par' dir='ltr' id='par_1_110' title="bbox 1835 5357 3544 5444">
     <span class='ocr_line' id='line_1_110' title="bbox 1835 5357 3544 5444; baseline -0.008 -14"><span class='ocrx_word' id='word_1_843' title='bbox 1835 5371 2116 5430; x_wconf 86' lang='lat' dir='ltr'>Martinus</span> <span class='ocrx_word' id='word_1_844' title='bbox 2163 5377 2330 5440; x_wconf 90' lang='lat' dir='ltr'>esset,</span> <span class='ocrx_word' id='word_1_845' title='bbox 2369 5368 2469 5444; x_wconf 92' lang='lat' dir='ltr'>qui</span> <span class='ocrx_word' id='word_1_846' title='bbox 2511 5365 2658 5426; x_wconf 87' lang='lat' dir='ltr'>nihil</span> <span class='ocrx_word' id='word_1_847' title='bbox 2715 5369 2944 5441; x_wconf 90' lang='lat' dir='ltr'>putaret</span> <span class='ocrx_word' id='word_1_848' title='bbox 2995 5361 3323 5440; x_wconf 86' lang='lat' dir='ltr'>indignum,</span> <span class='ocrx_word' id='word_1_849' title='bbox 3383 5357 3544 5432; x_wconf 85' lang='lat' dir='ltr'>quod</span> 
     </span>
    </p>
   </div>
   <div class='ocr_carea' id='block_1_111' title="bbox 1836 5447 3544 5535">
    <p class='ocr_par' dir='ltr' id='par_1_111' title="bbox 1836 5447 3544 5535">
     <span class='ocr_line' id='line_1_111' title="bbox 1836 5447 3544 5535; baseline -0.008 -15"><span class='ocrx_word' id='word_1_850' title='bbox 1836 5461 2137 5522; x_wconf 88' lang='lat' dir='ltr'>humilitas</span> <span class='ocrx_word' id='word_1_851' title='bbox 2196 5459 2489 5535; x_wconf 90' lang='lat' dir='ltr'>agendum</span> <span class='ocrx_word' id='word_1_852' title='bbox 2537 5456 2822 5517; x_wconf 89' lang='lat' dir='ltr'>suaderet.</span> <span class='ocrx_word' id='word_1_853' title='bbox 2878 5456 3024 5514; x_wconf 78' lang='lat' dir='ltr'>Cum</span> <span class='ocrx_word' id='word_1_854' title='bbox 3096 5463 3232 5522; x_wconf 85' lang='lat' dir='ltr'>ergo</span> <span class='ocrx_word' id='word_1_855' title='bbox 3288 5447 3544 5507; x_wconf 90' lang='lat' dir='ltr'>venisset</span> 
     </span>
    </p>
   </div>
   <div class='ocr_carea' id='block_1_112' title="bbox 39 5537 3542 5635">
    <p class='ocr_par' dir='ltr' id='par_1_112' title="bbox 39 5537 3542 5635">
     <span class='ocr_line' id='line_1_112' title="bbox 39 5537 3542 5635; baseline -0.007 -13"><span class='ocrx_word' id='word_1_856' title='bbox 39 5537 321 5622; x_wconf 56' lang='lat' dir='ltr'>Vivorum;</span> <span class='ocrx_word' id='word_1_857' title='bbox 349 5569 537 5622; x_wconf 87' lang='lat' dir='ltr'>totum</span> <span class='ocrx_word' id='word_1_858' title='bbox 571 5577 672 5634; x_wconf 86' lang='lat' dir='ltr'>per</span> <span class='ocrx_word' id='word_1_859' title='bbox 699 5558 962 5635; x_wconf 88' lang='lat' dir='ltr'>singulos</span> <span class='ocrx_word' id='word_1_860' title='bbox 997 5537 1119 5618; x_wconf 90' lang='lat' dir='ltr'>dies</span> <span class='ocrx_word' id='word_1_861' title='bbox 1146 5537 1500 5630; x_wconf 77' lang='lat' dir='ltr'>adimpleat;</span> <span class='ocrx_word' id='word_1_862' title='bbox 1538 5537 1777 5614; x_wconf 73' lang='lat' dir='ltr'>defun—&#39;</span> <span class='ocrx_word' id='word_1_863' title='bbox 1838 5551 2200 5621; x_wconf 88' lang='lat' dir='ltr'>Cluniacum,</span> <span class='ocrx_word' id='word_1_864' title='bbox 2232 5550 2376 5609; x_wconf 91' lang='lat' dir='ltr'>alter</span> <span class='ocrx_word' id='word_1_865' title='bbox 2402 5547 2502 5608; x_wconf 91' lang='lat' dir='ltr'>ille</span> <span class='ocrx_word' id='word_1_866' title='bbox 2529 5546 2839 5621; x_wconf 89' lang='lat' dir='ltr'>Gregorius</span> <span class='ocrx_word' id='word_1_867' title='bbox 2867 5559 2967 5617; x_wconf 90' lang='lat' dir='ltr'>per</span> <span class='ocrx_word' id='word_1_868' title='bbox 2993 5538 3344 5635; x_wconf 66' lang='lat' dir='ltr'>eloquentiae</span> <span class='ocrx_word' id='word_1_869' title='bbox 3371 5537 3542 5598; x_wconf 87' lang='lat' dir='ltr'>uber-</span> 
     </span>
    </p>
   </div>
   <div class='ocr_carea' id='block_1_113' title="bbox 39 5643 1756 5724">
    <p class='ocr_par' dir='ltr' id='par_1_113' title="bbox 39 5643 1756 5724">
     <span class='ocr_line' id='line_1_113' title="bbox 39 5643 1756 5724; baseline -0.003 -16"><span class='ocrx_word' id='word_1_870' title='bbox 39 5656 259 5713; x_wconf 84' lang='lat' dir='ltr'>ctorum</span> <span class='ocrx_word' id='word_1_871' title='bbox 297 5652 432 5712; x_wconf 88' lang='lat' dir='ltr'>sive</span> <span class='ocrx_word' id='word_1_872' title='bbox 468 5649 748 5722; x_wconf 86' lang='lat' dir='ltr'>medium,</span> <span class='ocrx_word' id='word_1_873' title='bbox 767 5648 891 5710; x_wconf 89' lang='lat' dir='ltr'>sive</span> <span class='ocrx_word' id='word_1_874' title='bbox 920 5653 1124 5724; x_wconf 89' lang='lat' dir='ltr'>totum,</span> <span class='ocrx_word' id='word_1_875' title='bbox 1149 5647 1321 5723; x_wconf 86' lang='lat' dir='ltr'>juxta</span> <span class='ocrx_word' id='word_1_876' title='bbox 1348 5643 1502 5720; x_wconf 90' lang='lat' dir='ltr'>quod</span> <span class='ocrx_word' id='word_1_877' title='bbox 1539 5643 1756 5706; x_wconf 88' lang='lat' dir='ltr'>virium</span> 
     </span>
    </p>
   </div>
   <div class='ocr_carea' id='block_1_114' title="bbox 1840 5630 3539 5716">
    <p class='ocr_par' dir='ltr' id='par_1_114' title="bbox 1840 5630 3539 5716">
     <span class='ocr_line' id='line_1_114' title="bbox 1840 5630 3539 5716; baseline -0.007 -12"><span class='ocrx_word' id='word_1_878' title='bbox 1840 5650 2033 5716; x_wconf 86' lang='lat' dir='ltr'>tatem,</span> <span class='ocrx_word' id='word_1_879' title='bbox 2063 5658 2181 5704; x_wconf 90' lang='lat' dir='ltr'>non</span> <span class='ocrx_word' id='word_1_880' title='bbox 2222 5647 2411 5702; x_wconf 89' lang='lat' dir='ltr'>tamen</span> <span class='ocrx_word' id='word_1_881' title='bbox 2450 5657 2553 5715; x_wconf 90' lang='lat' dir='ltr'>per</span> <span class='ocrx_word' id='word_1_882' title='bbox 2595 5635 2920 5714; x_wconf 73' lang='lat' dir='ltr'>apostolicae</span> <span class='ocrx_word' id='word_1_883' title='bbox 2957 5632 3094 5695; x_wconf 72' lang='lat' dir='ltr'>vitae</span> <span class='ocrx_word' id='word_1_884' title='bbox 3125 5630 3539 5710; x_wconf 75' lang='lat' dir='ltr'>aequalitatem,</span> 
     </span>
    </p>
   </div>
  </div>
