4034 6522
451 352 524 413 99

1368 346 1427 406 s.
1470 344 1763 406 PETRUS
1802 340 2192 403 DAMIANUS
2235 338 2294 399 s.
2336 339 2405 399 n.
2451 342 2514 400 E.
2558 298 3036 401 CARBINALIS.

3868 337 4000 398 100

449 476 802 550 vidissetque
847 474 1266 535 humanitatem
1303 478 1360 532 et
1395 452 1782 549 disciplinam,
1812 471 2152 545 virgamque
2172 467 2224 527 A
2240 465 2546 527 Ciacouius
2570 466 2632 526 in
2655 467 2842 527 Gestis
2867 479 3238 526 summorum
3257 463 3601 538 pontiﬁcum
3622 470 3677 524 et
3703 466 3765 526 S.
3796 466 3878 526 Β.
3918 466 3994 524 Ε.

449 570 507 626 et
557 565 829 626 baculum
883 562 1240 636 contulisset,
1289 563 1461 637 erepit
1514 562 1757 633 haerere,
1801 575 1868 619 ac
1909 563 2156 632 stupere,

446 654 695 730 qualiter
733 654 916 714 sancti
971 669 1116 726 esse,
1148 657 1249 713 aut
1291 655 1515 711 sanctos
1552 650 1912 710 institutores
1948 648 2161 709 habere

446 751 699 820 possent,
726 743 828 819 qui
854 744 1029 804 tantis
1047 743 1406 805 abundarent
1424 741 1590 801 bouis
1624 759 1636 800 :
1670 746 1727 800 et
1757 755 1993 802 rursum
2023 756 2160 815 quo-

449 836 622 895 modo
668 850 789 894 non
839 835 1023 895 sancti
1066 850 1191 895 esse
1237 837 1489 910 possent,
1519 836 1621 892 aut
1665 832 1871 906 perire,
1910 832 2013 905 qui
2043 837 2159 891 tam

451 924 657 985 devote
709 923 1065 984 sustinerent
1122 930 1240 983 tam
1289 936 1463 996 grave
1519 920 1746 996 pondus
1802 920 2052 994 laboris,
2104 926 2161 980 et

446 1015 766 1076 custodiam
795 1014 1129 1075 monasticae
1153 1011 1498 1087 disciplinae.
1527 1011 1859 1086 Aliquando
1888 1028 2027 1072 sane
2058 1011 2158 1087 ju-

448 1105 675 1167 dicabat
721 1105 986 1166 ciborum
1025 1103 1274 1179 copiam,
1306 1102 1619 1179 aliquando
1642 1104 1961 1164 mirabatur
2006 1104 2159 1163 hanc

437 1192 841 1271 jejunautibus
871 1194 1069 1254 deesse
1104 1193 1369 1269 gratiam,
1400 1208 1575 1267 quam
1605 1192 1736 1253 illos
1766 1193 1977 1252 habere
2004 1191 2161 1251 vide-

442 1284 559 1344 bat.
591 1283 1008 1346 Verumtamen
1062 1284 1114 1344 si
1160 1285 1284 1345 ﬂeri
1328 1289 1538 1359 posset,
1570 1285 1723 1345 sicut
1768 1284 1891 1360 ipse
1915 1282 2158 1355 dicebat,

448 1378 516 1437 ut
553 1380 804 1451 utraque
842 1376 1030 1437 virtus
1067 1374 1413 1436 obedientize
1443 1381 1498 1434 et
1524 1374 1889 1435 abstinentiae
1914 1374 2163 1435 sociare-

448 1471 544 1527 tur
577 1466 642 1525 in
679 1466 784 1538 eis,
818 1471 943 1528 tum
972 1465 1225 1542 profecto
1260 1464 1586 1542 apostolica}
1632 1464 1785 1526 nihil
1824 1466 2160 1526 defuturum

446 1553 799 1633 perfectioni.

524 1644 612 1706 18.
671 1666 698 1700 «
755 1646 879 1718 Qua
924 1644 996 1706 de
1047 1663 1108 1706 re
1162 1646 1515 1709 conveniens
1570 1647 1850 1708 domuum
1895 1645 2160 1706 abbatem

447 1735 799 1809 obsecrabat,
840 1741 906 1797 ut
953 1753 987 1795 a
1033 1736 1315 1812 sagimine
1364 1735 1589 1798 duabus
1634 1737 1837 1797 saltem
1889 1736 2048 1796 feriis
2100 1750 2161 1793 se

2239 557 2644 629 cardinalium,
2676 557 2737 615 in
2782 556 3072 631 Stephano
3112 555 3161 614 X
3214 571 3303 615 res
3345 562 3535 629 gestas
3564 556 3628 615 B.
3663 557 3824 617 Petri
3873 559 4001 618 Da-

2240 647 2443 722 miaui,
2488 652 2543 704 et
2575 645 2817 707 alterius
2873 647 3028 707 Petri
3082 645 3155 705 de
3205 645 3479 705 Honestis
3531 648 3872 721 confundit,
3914 649 4002 707 ab

2241 745 2485 822 Ughello
2507 745 2571 803 in
2592 740 2845 803 secunda
2862 737 3118 798 editione
3137 735 3504 809 emendatus,
3523 737 3768 798 sublatis
3789 738 3999 799 etiam

2241 834 2572 909 insignibus
2618 831 2828 890 domus
2874 828 2946 887 de
2974 826 3266 899 Honestis,
3299 825 3363 884 in
3393 825 3612 900 quibus
3658 826 3842 887 ruber
3892 826 4001 886 leo

2242 930 2420 996 stans,
2453 929 2508 982 et
2536 928 2760 982 erectus
2785 918 2849 977 in
2874 934 3006 977 area
3033 916 3183 982 alba,
3217 914 3452 990 pineam
3483 929 3693 975 nucem
3721 930 4001 976 auream

2242 1014 2628 1076 anterioribus
2661 1009 2907 1088 pedibus
2937 1008 3105 1085 quasi
3142 1005 3412 1066 manibus
3440 1006 3705 1067 sustinet.
3746 1008 4001 1067 Arnol-

2243 1108 2355 1167 dus
2399 1104 2606 1177 Wion,
2648 1102 2815 1179 quasi
2864 1100 3129 1162 omnium
3182 1096 3499 1157 sententias
3548 1096 4001 1159 conciliaturus

2244 1197 2346 1257 lib.
2380 1208 2442 1270 II,
2487 1211 2613 1271 cap.
2669 1192 2729 1267 9,
2773 1192 2853 1252 ita
2906 1189 3254 1251 exorditur:
3290 1211 3311 1241 α
3350 1186 3595 1248 Sanctus
3639 1186 3851 1248 Petrus
3920 1189 4003 1248 de

2244 1285 2538 1359 Honestis,
2570 1287 2952 1360 cognomento
2987 1281 3306 1341 Damianus
3338 1283 3393 1339 et
3431 1278 3718 1352 Peccator,
3752 1279 4001 1339 nobilis

2244 1379 2577 1448 Ravennas,
2623 1374 2948 1435 monachus
3000 1369 3336 1431 monasterii
3390 1369 3448 1428 S.
3480 1368 3729 1429 Andreae
3785 1372 3999 1430 eremi

2245 1470 2316 1530 de
2345 1466 2647 1533 Avellana,
2683 1462 2906 1525 ordinis
2935 1460 2996 1523 S.
3034 1459 3331 1521 Benedicti
3359 1457 3832 1534 congregationis
3870 1459 4006 1520 Co-

2245 1561 2484 1633 lumbae,
2520 1580 2550 1613 »
2583 1563 2690 1620 etc.
2723 1556 2943 1617 Verum
2979 1553 3132 1615 alius
3158 1558 3244 1613 est
3276 1552 3481 1611 Petrus
3525 1551 3888 1626 Damianus,
3927 1554 4009 1613 de

2246 1670 2366 1730 quo
2390 1651 2641 1728 agimus,
2676 1650 2827 1709 alius
2876 1646 3079 1707 Petrus
3127 1648 3199 1705 de
3242 1643 3538 1716 Honestis,
3570 1648 3825 1719 uterque
3868 1644 4005 1705 Ra-

2248 1757 2501 1804 vennam
2539 1739 2785 1817 patriam
2827 1737 3049 1807 habuit,
3093 1741 3339 1810 uterque
3385 1732 3702 1792 Peccatoris
3755 1748 4007 1793 nomen

451 1824 891 1901 suspenderent:
933 1828 1037 1902 (1111
1074 1827 1135 1886 in
1174 1827 1397 1887 εἰθῐθΓίε
1426 1832 1541 1886 tam
1589 1828 1825 1902 Perfecti
1860 1831 2066 1898 essent.
2098 1828 2561 1909 utBassumpsit
2592 1850 2604 1891 :
2638 1830 2735 1889 sed
2766 1827 2864 1886 ille
2895 1843 2954 1886 se
2975 1830 3194 1884 Petrum
3238 1829 3575 1898 peccatorem
3624 1827 4004 1892 monachum,

449 1913 808 1974 auachoretis
857 1913 1010 1974 nihil
1054 1915 1344 1975 deberent.
1405 1915 1511 1976 Cui
1558 1915 1924 1976 venerandus
1968 1913 2160 1988 Hugo,

445 1999 806 2064 discretionis
836 2011 1028 2065 custos
1056 2005 1322 2080 egregius
1355 2025 1369 2064 :
1403 2005 1483 2078 Si,
1510 2005 1723 2081 inquit,
1750 2006 1913 2065 Pater
1943 2004 2164 2064 charis-

448 2092 616 2169 sima,
643 2093 823 2153 vultis
851 2092 1020 2154 nobis
1062 2109 1275 2170 augere
1311 2109 1584 2155 coronam
1615 2095 1894 2155 mercedis
1930 2110 2033 2170 per
2059 2093 2163 2153 ad-

445 2180 831 2243 ditamentum
864 2182 1094 2258 jejunii,
1132 2187 1342 2243 tentate
1383 2185 1547 2260 prius
1592 2184 1898 2245 nobiscum
1936 2184 2166 2259 pondus

448 2271 683 2345 laboris,
734 2272 828 2331 vel
877 2287 978 2345 per
1026 2278 1152 2333 octo
1199 2273 1430 2333 dierum
1478 2273 1748 2348 spatium,
1789 2280 1844 2333 et
1897 2276 2165 2350 deinceps

448 2361 835 2435 aestimabitis,
863 2360 1009 2437 quid
1034 2363 1425 2437 adjiciendum
1448 2380 1679 2424 censere
1706 2363 1982 2424 debeatis.
2018 2364 2164 2424 Nam

453 2452 718 2530 quandiu
763 2466 879 2511 non
921 2452 1290 2525 gustaveritis
1321 2453 1715 2528 pulmentum,
1748 2455 1970 2513 nescire
2003 2459 2162 2529 pote-

447 2541 593 2613 ritis,
625 2541 780 2617 quod
810 2539 1003 2616 exigat
1028 2542 1467 2604 condimentum
1502 2543 1657 2616 salis,
1690 2548 1745 2602 et
1772 2544 1820 2603 si
1848 2560 1968 2604 non
1998 2543 2163 2603 adhi-

448 2633 691 2696 bueritis
734 2633 934 2697 saltem
981 2635 1299 2696 minimum
1342 2635 1589 2711 digitum
1636 2640 1914 2710 vestrum,
1941 2650 2161 2712 nequa-

449 2740 625 2800 quam
661 2723 922 2797 judicare
973 2724 1045 2783 de
1098 2741 1273 2786 onere
1321 2728 1572 2788 fraterno
1621 2728 1849 2798 diserte,
1888 2741 1955 2784 ac
1991 2724 2164 2799 digne

453 2814 738 2875 valebitis.
774 2814 1000 2887 Quibus
1028 2816 1130 2876 ille
1173 2816 1408 2891 auditis,
1442 2818 1697 2878 sentiens
1734 2817 1904 2876 fascis
1952 2814 2161 2891 hujus-

453 2906 611 2965 modi
639 2907 979 2981 gravitatem
1021 2907 1143 2969 suis
1172 2907 1399 2967 viribus
1438 2907 1884 2982 importabilem,
1921 2903 2165 2965 cessavit

450 3010 482 3053 a
531 2992 806 3068 petitione
858 2995 1204 3071 ingravandi
1242 2996 1532 3070 ponderis,
1557 3003 1615 3056 et
1644 2997 2019 3071 semetipsum
2047 3012 2164 3055 oze-

447 3084 533 3157 pit
589 3089 964 3159 repercutere,
999 3083 1155 3144 unde
1180 3084 1324 3145 alios
1362 3085 1539 3146 ferire
1584 3086 1791 3159 voluit,
1821 3086 1959 3160 quia
1987 3085 2162 3161 sagit-

2249 1925 2355 1983 iste
2385 1926 2604 1980 Pet-rum
2638 1924 2974 1994 peccatorem
3017 1918 3270 1973 clericum
3320 1911 3683 1973 subscribere
3709 1912 4011 1987 epistolis

2250 2014 2485 2076 solebat.
2520 2012 2774 2086 Uterque
2816 2008 2976 2084 prior
3015 2006 3144 2080 fuit,
3186 2003 3285 2063 ille
3324 2002 3745 2063 monachorum
3796 2006 4012 2062 eremi

2249 2103 2448 2164 Fontis
2478 2099 2748 2162 Avellani
2774 2099 2837 2158 in
2860 2096 3093 2157 ditecesi
3118 2093 3451 2170 Eugubina,
3495 2094 3601 2152 iste
3626 2092 4013 2154 clericorum

2251 2209 2354 2254 seu
2392 2191 2802 2251 canonicorum
2851 2184 3210 2262 regularium
3263 2183 3329 2243 in
3376 2182 3616 2243 ecclesia
3666 2181 4015 2242 Portuensi

2248 2282 2315 2341 B.
2352 2279 2547 2339 Mariae
2574 2279 2637 2338 in
2661 2291 2799 2352 agro
2824 2274 3183 2345 Ravennate,
3213 2272 3434 2348 quibus
3460 2276 3515 2332 et
3536 2270 4019 2332 constitutiones

2249 2368 2617 2448 praescripsit,
2677 2384 2712 2427 a
2761 2364 3025 2423 Paschale
3077 2367 3136 2421 II
3171 2366 3449 2437 pontiﬁce,
3483 2362 3554 2422 10
3600 2360 3729 2421 Kal.
3788 2366 4011 2430 Janu.,

2249 2464 2547 2521 indictione
2595 2473 2662 2531 Χ,
2708 2474 2804 2518 an.
2857 2457 3013 2523 1116,
3071 2454 3434 2530 approbatas.
3491 2451 3761 2512 Mortuus
3815 2452 4019 2513 deni-

2250 2569 2367 2630 que
2399 2557 2482 2612 est
2514 2550 2719 2610 Petrus
2746 2547 2818 2606 de
2842 2545 3116 2606 Honestis
3147 2544 3211 2604 in
3241 2559 3347 2605 suo
3376 2542 3683 2603 Portuensi
3713 2545 4018 2605 coenobio

2249 2659 2347 2705 an.
2387 2640 2544 2713 1119,
2575 2639 2636 2698 id
2667 2643 2752 2698 est
2781 2642 2908 2713 post
2941 2635 3169 2697 obitum
3206 2633 3272 2695 B.
3313 2633 3467 2693 Petri
3501 2632 3776 2693 Damiani
3812 2634 4019 2695 annis

2250 2730 2632 2808 quadraginta
2686 2733 2925 2803 septem.
2973 2725 3349 2803 Epitaphium
3386 2723 3542 2783 Petri
3575 2724 3646 2783 de
3677 2722 4013 2796 Honestis,

2251 2825 2492 2900 ejusque
2537 2821 2611 2881 ad
2662 2819 2999 2880 Paschalem
3041 2832 3251 2893 papam
3293 2816 3616 2891 epistolam,
3674 2831 3741 2875 ac
3803 2817 4021 2895 hujus

2251 2931 2615 2992 responsum,
2646 2917 2703 2972 et
2743 2910 3091 2972 monasteria
3150 2908 3313 2970 varia
3359 2908 3499 2969 huic
3541 2910 4021 2984 congregationi

2252 3006 2557 3067 Portuensi
2583 3005 2853 3080 adjuncta
2882 3006 3143 3062 recenset
3171 3005 3305 3060 ante
3338 3004 3694 3061 memoratus
3732 2998 4025 3061 Pennot-

2257 3102 2370 3170 tus,
2396 3097 2502 3170 qui
2529 3094 2767 3155 Petrum
2807 3093 2877 3153 de
2924 3090 3198 3151 Honestis
3226 3089 3401 3150 etiam
3430 3090 3675 3151 Beatum
3703 3091 4018 3167 appellat,

449 3181 565 3275 tam
589 3174 661 3233 ad
690 3191 786 3235 eos
815 3177 941 3234 sine
972 3192 1079 3236 suo
1110 3175 1354 3237 vulnere
1372 3176 1645 3275 nequivit
1666 3178 1927 3275 dirigere
1958 3177 2166 3275 :mintel-
2185 3214 2229 3275 Ο
2252 3192 2668 3260 mortuumque
2693 3183 2774 3244 ait
2796 3183 2829 3242 4
2858 3181 2985 3241 Kal.
3014 3180 3157 3242 Julii
3189 3205 3202 3239 :
3235 3186 3294 3240 at
3316 3181 3349 3239 4
3370 3179 3499 3239 Kal.
3531 3177 3755 3275 Aprilis
3790 3196 4017 3244 excu-

447 3263 636 3338 ligens
651 3279 932 3340 magnum
960 3281 1084 3325 esse
1102 3281 1348 3340 pensum
1368 3266 1537 3340 illud,
1563 3283 1629 3326 ac
1652 3267 1860 3327 debere
1881 3266 2163 3340 suﬂicere,

447 3354 604 3430 quod
642 3355 1069 3430 apprehendere
1107 3357 1230 3431 ipse
1266 3373 1385 3417 non
1412 3362 1621 3432 posset,
1654 3358 1757 3432 qui
1794 3357 1858 3416 in
1888 3362 2043 3418 tanto
2072 3358 2165 3417 vi-

447 3447 689 3508 debatur
747 3454 896 3508 stare
950 3448 1234 3509 virtutum
1295 3449 1574 3510 culmine.
1636 3449 1916 3510 Eruditus
1968 3450 2165 3525 itaque

450 3538 669 3614 praesul
703 3537 889 3598 multo
922 3538 1199 3599 eruditior
1225 3539 1396 3600 rediit
1424 3556 1602 3614 quam
1637 3542 1812 3613 venit,
1854 3556 2165 3615 magnum-

451 3643 567 3704 que
589 3630 928 3691 thesaurum
953 3630 1248 3705 fugiendae
1272 3631 1466 3692 inanis
1483 3632 1705 3706 gloriae,
1724 3638 1779 3691 et
1801 3633 2165 3707 capessendae

452 3737 607 3781 vera}
622 3719 974 3780 humilitatis
996 3736 1194 3782 secum
1219 3721 1548 3798 reportavit.
1584 3742 1611 3777 »
1640 3721 1782 3784 Haec
1808 3738 1883 3781 ex
1912 3722 2165 3783 Historia

453 3810 864 3872 miraculorum
910 3810 969 3871 S.
1002 3810 1268 3886 Hugonis
1326 3811 1547 3872 abbatis
1591 3811 2008 3887 Cluniacensis,
2050 3829 2165 3889 quo

447 3908 673 3975 petente
725 3899 919 3959 Vitam
972 3900 1029 3961 S.
1079 3901 1344 3962 Oditonis
1399 3920 1434 3961 a
1491 3919 1551 3962 se
1607 3903 1987 3978 conscriptam
2043 3919 2167 3963 esse

451 3993 687 4049 testatur
733 3988 798 4047 B.
830 3989 1055 4061 Petrus,
1086 3990 1165 4050 ita
1208 3990 1370 4051 illam
1414 4009 1655 4053 exorsus
1686 4019 1698 4052 :
1737 4015 1765 4048 «
1796 3992 1970 4069 Hugo
2023 3992 2166 4053 Clu-

448 4077 737 4137 uiacensis
764 4079 1098 4138 monasterii
1127 4086 1331 4163 rector,
1346 4086 1400 4140 et
1428 4082 1744 4156 spiritualis
1766 4082 1993 4144 militiae
2017 4083 2163 4157 dux,

448 4184 515 4227 ac
545 4167 874 4244 praecipuus
899 4170 1270 4245 informator‘,
1302 4171 1412 4230 hoc
1450 4173 1599 4232 mihi
1630 4174 1840 4234 laboris
1871 4174 2159 4250 injunxit,

452 4262 518 4317 ut
536 4255 731 4315 Vitam
757 4256 824 4316 B.
851 4255 1133 4330 0dilonis,
1157 4257 1469 4320 decessoris
1500 4261 1763 4321 videlicet
1791 4262 1905 4336 sui,
1933 4265 2166 4340 proprio

451 4344 600 4419 style
645 4345 931 4406 succincte
970 4348 1438 4424 perstringerem,
1472 4354 1527 4408 et
1559 4365 1635 4408 ex
1681 4350 1774 4409 his
1802 4367 1933 4429 quae
1957 4351 2019 4411 in
2058 4368 2166 4412 an-

456 4434 767 4497 terioribus
810 4437 1037 4513 paginis
1084 4438 1256 4499 latius
1302 4439 1733 4516 reperiebantur
1768 4458 1892 4503 esse
1930 4442 2163 4516 diﬂ‘usa,

448 4525 683 4586 utiliora
708 4542 981 4604 quaeque,
1010 4531 1312 4607 magisque
1340 4528 1681 4603 necessaria,
1708 4531 1873 4593 brevi
1900 4549 2166 4609 compen-

451 4616 547 4677 dio
573 4617 929 4679 deﬂorarem.
966 4642 987 4673 υ

530 4709 612 4768 19.
646 4706 786 4771 Haec
814 4710 885 4769 de
916 4708 975 4770 S.
1006 4708 1333 4783 Benedicto,
1364 4711 1608 4787 ejusque
1644 4713 1864 4787 regula,
1894 4716 1949 4772 et
1968 4713 2173 4774 ordine

455 4798 654 4871 paucis
678 4799 840 4860 fuere
866 4799 1220 4877 attingenda,
1253 4801 1409 4876 quod
1436 4802 1710 4862 nonnulli
1737 4803 1801 4862 B.
1835 4803 2071 4865 Petrum
2100 4807 2171 4867 ab

456 4904 651 4949 eremo
690 4889 888 4951 Fontis
945 4891 1213 4952 Avellani
1272 4893 1669 4953 transtulerint
1706 4893 1778 4953 ad
1827 4894 2173 4957 Portuenses

455 4979 772 5039 C(enobitas
813 4983 1075 5044 dicecesis
1117 4984 1492 5058 Ravennatis,
1520 4992 1575 5044 et
1616 4984 1689 5045 ab
1727 4985 1990 5046 instituto
2031 5004 2169 5047 ana-

454 5069 741 5131 choretico
788 5069 848 5132 S.
874 5072 1171 5135 Benedicti
1211 5074 1283 5135 ad
1323 5074 1583 5150 regulam
1627 5074 2006 5151 Clericorum,
2049 5078 2174 5140 sive

453 5160 869 5221 canonicorum
909 5163 1307 5238 regularium:
1342 5167 1560 5241 quibus
1601 5166 1775 5225 etiam
1816 5168 2173 5229 constitutio-

454 5268 577 5325 nes,
629 5258 684 5312 et
727 5258 879 5313 recte
928 5254 1165 5315 vivendi
1203 5256 1426 5319 decreta
1478 5257 1897 5332 praescripsisse
1945 5258 2170 5334 volunt,

457 5350 513 5404 et
562 5348 810 5417 regulam
855 5347 1185 5404 Damianum
1234 5362 1534 5423 perperam
1590 5345 1898 5420 appellant.
1934 5345 2015 5404 De
2065 5347 2174 5407 hac

464 5431 877 5498 Portuensium
922 5434 1347 5497 Canonicorum
1395 5434 1848 5510 Congregatione
1893 5434 2173 5510 legendus

462 5518 696 5583 Gabriel
750 5527 1070 5589 Pennottus
1099 5533 1243 5604 part.
1274 5540 1315 5587 II
1355 5524 1626 5585 Historiae
1673 5524 1795 5585 0rd.
1830 5525 2172 5587 clericorum

463 5615 876 5679 canonicorum
922 5636 970 5678 c.
1019 5618 1110 5692 47,
1138 5616 1264 5689 ubi,
1311 5633 1370 5674 n.
1409 5615 1466 5687 2,
1502 5614 1690 5675 varios
1738 5615 1916 5693 hujus
1963 5617 2174 5677 erroris

467 5708 778 5765 assertores
827 5712 1163 5782 enumerat,
1223 5720 1475 5781 quorum
1540 5705 1883 5767 sententiam
1940 5713 2170 5769 secutus

2249 3277 2335 3339 dit
2367 3276 2672 3352 Ughellus,
2699 3274 2854 3351 quod
2884 3290 2991 3334 suo
3024 3278 3282 3346 tempore
3312 3269 3780 3331 examinabitur.

2319 3365 2410 3426 20.
2446 3363 2613 3425 Unde
2661 3362 2725 3423 B.
2760 3364 2928 3423 Petro
2975 3377 3298 3439 cognomen
3343 3362 3605 3419 Damiam'
3641 3366 4021 3438 accesserit,

2248 3457 2478 3517 variant
2524 3458 2807 3517 auctores.
2848 3452 3176 3525 Ciaconius,
3208 3449 3622 3522 Bellarminus,
3655 3464 3805 3510 cum
3865 3453 4025 3514 aliis

2250 3544 2553 3606 nonnullis
2579 3546 2841 3611 Damiani
2864 3546 3041 3615 ﬁlium
3076 3540 3386 3617 appellant.
3417 3537 3735 3600 Fortunius
3762 3539 4025 3617 aliique

2249 3651 2281 3694 a
2311 3634 2550 3695 nomine
2580 3634 2774 3693 fratris
2801 3630 3093 3699 Damiani,
3126 3630 3296 3706 cujus
3334 3644 3506 3706 opera
3535 3627 3748 3689 studiis
3780 3628 4029 3694 libera-

2249 3724 2405 3784 libus
2443 3722 2705 3784 imbutus
2735 3728 2841 3797 est,
2879 3721 3031 3782 illud
3059 3720 3172 3781 sibi
3202 3719 3555 3782 vocabulum
3591 3723 4028 3795 assumpsisse

2250 3815 2498 3888 malunt,
2541 3820 2597 3873 et
2650 3814 2846 3872 forsan
2907 3813 3015 3870 hac
3066 3811 3137 3870 de
3193 3824 3368 3870 causa
3419 3808 3621 3869 Petrus
3678 3808 4026 3887 Damiani,

2248 3922 2370 3967 non
2398 3904 2719 3965 Damianus
2754 3902 2827 3962 ab
2866 3901 3165 3977 aliquibus
3195 3900 3486 3962 scribitur.
3517 3900 3593 3960 At
3620 3898 3849 3962 Petrus
3887 3905 4025 3966 Da-

2252 3997 2509 4069 mianus,
2545 3995 2661 4055 nisi
2689 3994 2905 4071 passim
2942 3993 3211 4054 aberrent
3247 3992 3474 4054 codices
3512 4008 3689 4069 quam
3723 3998 4031 4059 exactis-

2252 4088 2398 4149 sime
2425 4086 2652 4160 excusi,
2680 4085 3001 4161 appellatur
3031 4101 3065 4144 a
3096 4084 3291 4143 Leone
3317 4082 3637 4144 Marsicano
3662 4088 3720 4143 et
3745 4092 4034 4150 auctore

2247 4181 2491 4255 antiquo
2536 4176 2955 4239 miraculorum
3005 4175 3065 4237 S.
3108 4174 3372 4252 Hugouis
3424 4193 3597 4253 supra
3635 4176 3849 4239 relatis
3894 4201 3911 4241 :
3953 4183 4030 4243 in

2251 4269 2382 4330 Vita
2412 4269 2696 4344 Stephani
2719 4267 2771 4328 X
2799 4285 2985 4344 papae,
3011 4269 3077 4327 in
3104 4268 3362 4343 epistolis
3389 4268 3714 4329 Alexandri
3744 4268 3811 4330 II
3846 4288 4030 4347 pon-

2249 4359 2438 4433 tiﬁcis;
2459 4361 2641 4420 secuti
2667 4359 2804 4418 dein
2826 4357 3474 4432 Helinandus,Antonin
3485 4374 3573 4432 us,
3596 4357 4027 4439 Lipomanus,

2249 4448 2672 4525 Bergomensis,
2712 4447 3073 4520 Ricordatus,
3129 4449 3560 4522 Rolewinclius,
3609 4463 4026 4529 anonymus,

2252 4543 2663 4604 Benedictinus
2718 4541 3173 4617 congregationis
3219 4541 3278 4602 S.
3334 4541 3587 4603 Justiuze
3633 4546 3689 4600 et
3746 4557 4034 4623 anony-

2256 4651 2387 4696 mus
2441 4634 2640 4694 Fontis
2691 4632 2964 4694 Avellani
3010 4634 3075 4692 in
3102 4632 3449 4693 testimoniis
3478 4649 3512 4693 a
3538 4631 3825 4709 Cajetano
3862 4648 4034 4697 ante

2254 4741 2427 4800 opera
2456 4723 2517 4783 B.
2549 4723 2703 4784 Petri
2733 4723 2985 4783 excusis.

2257 4924 2400 4983 Acta
2451 4928 2642 4997 priora
2692 4927 2756 4984 B.
2788 4926 2940 4982 Petri
2988 4926 3266 4989 Damiani,
3309 4927 3433 4980 item
3489 4922 3640 4997 apud
3686 4931 4034 5001 pontiﬁces

2330 5008 2650 5075 Gregorium
2706 5009 2802 5072 VI,
2854 5007 3171 5063 Clementem
3222 5008 3295 5071 II,
3354 5004 3579 5061 Leonem
3628 5007 3720 5069 1X,
3788 5010 4034 5071 Victo-

2326 5105 2437 5144 rem
2484 5090 2555 5152 II,
2585 5089 2925 5159 Stephanum
2989 5089 3080 5151 IX,
3130 5089 3415 5144 Nicolaum
3469 5090 3566 5156 II;
3626 5087 4034 5161 episcopatus

2329 5169 2446 5238 ejus
2502 5168 2785 5233 Ostiensis,
2833 5168 3079 5237 dignitas
3131 5168 3509 5223 cardinalitia.
3562 5166 3827 5224 Schisma
3900 5178 4034 5234 Be—

2329 5248 2533 5304 nedicti
2566 5251 2847 5321 antipapae
2881 5249 3000 5320 ejus
3026 5264 3189 5321 Opera
3216 5249 3513 5305 sublatum.

2326 5348 2415 5407 21.
2455 5371 2476 5401 α
2515 5347 2749 5409 Petrum
2800 5349 3149 5409 Damianum
3183 5347 3472 5407 exstitisse
3522 5346 3819 5407 doctorem
3864 5359 4034 5417 exi.

2256 5440 2471 5512 mium,
2511 5455 2576 5497 ac
2606 5438 2750 5515 reip.
2793 5438 3139 5499 Christianas
3184 5444 3239 5497 et
3269 5437 3597 5513 apostolicae
3653 5437 3833 5498 Sedis
3894 5461 4034 5509 no-

2257 5526 2433 5587 bilem
2478 5535 2719 5603 partem,
2750 5550 2778 5583 »
2812 5532 3048 5588 testatus
3076 5533 3158 5586 est
3189 5527 3408 5587 Paulus
3438 5524 3508 5594 V,
3558 5526 3620 5584 in
3651 5540 4034 5601 memorato

2256 5616 2428 5678 Brevi
2466 5619 2537 5678 ad
2566 5617 3012 5689 Constantinum
3053 5616 3414 5692 Cajetanum.
3445 5618 3626 5678 Natus
3657 5617 3709 5677 is
3739 5628 3842 5681 est
3881 5626 4034 5689 Ra-

2260 5724 2492 5785 vennae,
2516 5709 2707 5775 forsan
2738 5709 2890 5770 circa
2916 5723 3011 5769 an.
3047 5704 3261 5770 Christi
3287 5708 3803 5786 nongentesimum
3841 5725 4034 5783 octo
