4034 6526
117 362 196 423 101

573 356 1147 418 PROLEGOMENA.
1190 390 1256 401 -—
1296 358 1390 416 DE
1432 358 1490 416 S.
1536 356 1778 416 PETRO
1818 356 2160 417 DAMIANO
2202 358 2669 422 HENSGHENII
2709 363 3089 426 COMMENT.

3495 373 3595 431 102

109 487 368 560 gesimum
403 489 671 543 octavum
701 481 852 541 infra
882 481 1059 542 relato
1096 483 1221 555 ejus
1253 483 1417 543 obitu
1447 483 1680 556 patebit.
1716 484 2103 557 AtAscopus,
2147 501 2213 542 ac
2243 486 2508 547 Clemens
2533 488 2587 546 II
2616 489 2822 564 dictus,
2851 492 2912 550 in
2944 492 3066 566 ipsa
3095 489 3326 552 Natalis
3357 494 3593 555 Domini

110 578 290 654 primis
337 575 738 636 adolescentiae
791 575 963 635 annis
1017 591 1216 650 porcos
1279 591 1510 650 pascere
1574 575 1794 648 debuit,

108 671 261 733 etiam
301 670 723 740 grandiusculus
759 668 945 727 factus
994 687 1007 727 :
1044 671 1244 726 litteris
1291 672 1488 742 postea
1533 669 1794 734 imbutus,

109 767 157 822 et
206 762 392 819 studiis
448 761 788 826 liberalibus,
848 759 986 820 dein
1038 762 1270 818 scientia.
1319 762 1608 825 excellens,
1653 760 1799 818 alios

112 855 382 910 erudivisse
408 849 654 910 traditur
675 864 840 909 num.
865 851 920 908 7.
953 849 1326 909 Eremiticam
1356 851 1589 908 tandem
1619 850 1798 908 vitam

112 957 402 1016 capessens,
447 940 601 1014 apud
639 939 880 998 Fontem
925 939 1280 1000 Avellanum
1329 938 1664 998 monasticis
1703 938 1802 997 in-

113 1033 267 1093 dutus
302 1036 381 1090 est
416 1030 697 1090 vestibus.
742 1029 1006 1105 Cumque
1053 1029 1342 1089 «lectioni
1381 1045 1559 1088 sacrae
1600 1027 1799 1088 sedula

116 1119 461 1182 meditatione
502 1123 750 1190 vacaret,
803 1124 958 1178 tanta
992 1119 1324 1179 divinarum
1375 1119 1798 1194 Scripturarum

115 1210 326 1270 scientia
356 1210 636 1270 claruisse
665 1233 694 1262 ιι
735 1208 948 1269 dicitur
984 1225 1150 1268 num.
1193 1209 1280 1282 17,
1314 1229 1342 1264 11
1372 1216 1588 1282 quanta
1616 1223 1798 1268 saecu-

115 1300 301 1361 larium
341 1305 475 1359 ante
503 1315 624 1360 non
675 1299 976 1359 claruerat.
1010 1319 1038 1354 »
1079 1298 1288 1359 Docuit
1331 1298 1550 1357 ibidem
1597 1298 1799 1356 fratres

115 1404 221 1449 suae
257 1390 450 1463 eremi,
479 1388 618 1448 dein
663 1389 978 1450 monachos
1006 1386 1437 1460 Pomposianos,
1473 1402 1508 1443 a
1558 1383 1615 1444 S.
1662 1384 1801 1444 Gui-

113 1481 240 1540 done
284 1480 483 1538 abbate
533 1484 827 1539 evocatus.
881 1479 1147 1539 Mortuus
1197 1479 1294 1539 hic
1343 1479 1520 1538 abbas
1566 1483 1651 1538 est
1701 1492 1796 1537 an.

117 1568 250 1638 1016,
281 1568 377 1626 sed
404 1583 592 1626 annos
635 1583 770 1627 eum
801 1573 925 1627 octo
973 1583 1148 1643 supra
1193 1567 1574 1643 quadraginta
1613 1581 1803 1626 caeno-

110 1659 191 1719 bio
219 1658 587 1734 Pomposiano
631 1659 933 1734 praefuisse
974 1659 1148 1718 tradit
1179 1658 1417 1718 Rubeus
1449 1657 1490 1717 l.
1531 1659 1563 1718 5
1601 1658 1799 1719 Histo-

112 1750 199 1809 riae
227 1750 592 1810 Ravennatis.
633 1748 880 1809 Biennio
911 1748 1063 1823 apud
1093 1748 1504 1823 Pomposianos
1543 1765 1660 1825 qua
1694 1750 1799 1809 do-

1879 573 1972 633 die
2010 574 2077 632 25
2126 575 2458 637 Decembris
2501 587 2864 640 consecratus
2896 604 2908 638 :
2943 581 3046 655 qui
3095 597 3235 641 mox
3273 583 3594 645 Henricum

1879 663 2283 738 imperatorem
2330 665 2519 725 ﬁlium
2559 666 2807 728 Conradi
2857 670 3049 742 Salici,
3098 673 3340 746 ejusque
3388 675 3594 748 conju-

1877 768 2008 827 gem
2047 755 2328 827 Agnetem
2373 755 2526 815 inter
2579 757 2889 818 missarum
2941 760 3222 820 solemnia
3273 763 3587 822 coronavit.

1876 842 2160 902 Baronius
2185 859 2340 903 anno
2382 846 2542 918 1047,
2572 863 2738 906 1111111.
2778 849 2879 908 13:
2917 870 2944 902 «
2973 850 3064 908 Ad
3098 851 3293 924 ipsum
3323 852 3593 912 Clemen-

1880 936 2012 1003 tem,
2066 931 2277 1009 inquit,
2318 935 2522 994 Petrus
2557 935 2847 1011 Damiani,
2894 940 3074 999 eremi
3112 941 3301 1000 incola
3351 941 3595 1001 celebris

1880 1020 2134 1080 nominis
2179 1026 2304 1080 tum
2357 1024 2672 1097 sanctitate,
2726 1031 2850 1084 tum
2897 1028 3070 1086 etiam
3118 1029 3398 1101 doctrina,
3452 1030 3595 1089 scri-

1877 1109 2059 1183 psisse
2091 1111 2376 1183 reperitur
2410 1111 2730 1186 epistolam,
2765 1116 2936 1189 cujus
2973 1116 3083 1175 hoc
3119 1122 3205 1176 est
3239 1118 3546 1177 exordium
3578 1141 3591 1177 :

1884 1223 1910 1248 «
1939 1198 2173 1258 Noverit
2215 1200 2514 1260 Beatitudo
2560 1208 2768 1276 vestra,
2814 1205 3301 1266 excellentissime
3337 1207 3592 1279 domine,

1879 1289 2019 1363 quia
2075 1289 2348 1349 dominus
2394 1290 2814 1352 invictissimus
2865 1293 3175 1367 imperator
3222 1311 3340 1356 non
3392 1296 3593 1368 semel,

1879 1379 1978 1439 sed
2016 1395 2185 1454 saepe,
2223 1380 2370 1439 mihi
2410 1380 2703 1456 praecepit,
2746 1388 2801 1441 et
2842 1383 2892 1441 si
2931 1383 3117 1442 dicere
3157 1386 3361 1459 audeo,
3395 1401 3592 1460 rogare

1880 1469 2148 1544 dignatus
2184 1478 2288 1543 est,
2335 1477 2400 1531 ut
2441 1473 2512 1531 ad
2550 1489 2653 1533 vos
2693 1474 2976 1546 venirem,
3010 1481 3064 1534 et
3111 1490 3246 1548 quae
3290 1476 3355 1534 in
3394 1476 3592 1534 Eccle-

1881 1559 1983 1619 siis
2010 1566 2340 1622 nostrarum
2385 1566 2639 1638 partium
2674 1570 3003 1640 agerentur,
3033 1581 3286 1640 quaeque
3311 1567 3458 1626 mihi
3486 1583 3592 1626 ne-

1880 1652 2126 1710 cessario
2151 1668 2185 1710 a
2215 1651 2380 1713 vobis
2409 1654 2538 1714 tieri
2580 1654 2935 1727 viderentur,
2983 1657 3190 1715 vestris
3220 1657 3460 1717 auribus
3508 1656 3602 1715 in-

1883 1740 2165 1814 timerem,
2223 1764 2245 1794 ι
2305 1743 2461 1816 quod
2515 1742 2618 1802 illa
2675 1745 2913 1818 epistola
2980 1745 3287 1822 diligenter
3341 1751 3594 1821 praestat,

109 1843 287 1914 cendo,
328 1858 442 1916 qua
476 1841 870 1902 concionando
908 1845 1126 1912 exacto,
1172 1840 1243 1898 ad
1289 1856 1555 1900 eremum
1595 1841 1795 1901 Fontis
1818 1831 2174 1916 Bmittitque
2227 1846 2346 1891 una
2398 1832 2615 1894 litteras
2661 1835 3024 1910 imperatoris
3075 1835 3137 1896 in
3191 1836 3399 1897 itinere
3445 1853 3598 1897 acce-

107 1932 351 1992 Avellani
377 1948 649 1993 reversus
675 1937 762 1991 est
797 1950 809 1990 :
839 1935 1012 2005 atque
1039 1930 1236 2004 aliqua
1274 1931 1398 1990 illic
1426 1931 1620 2008 quiete
1651 1932 1800 1992 frui-

108 2031 184 2086 tus
226 2024 296 2084 ad
341 2024 567 2084 celebre
613 2021 671 2083 S.
716 2023 1007 2083 Vincentii
1047 2024 1466 2084 monasterium
1497 2025 1800 2098 ablegatus

104 2120 192 2173 est.
221 2113 290 2172 In
317 2113 426 2173 hoc
459 2111 720 2172 ccenobio
752 2111 815 2171 B.
849 2113 1088 2172 Petrum
1121 2113 1474 2172 Damianum
1504 2114 1799 2188 scripsisse

105 2202 277 2262 Vitam
306 2202 369 2262 S.
403 2202 713 2262 Romualdi
737 2203 870 2262 circ.
904 2219 997 2262 an.
1036 2203 1266 2262 tertium
1296 2203 1612 2277 decimum,
1640 2208 1797 2277 post-

1881 1925 2027 1994 ptas,
2079 1927 2134 1981 et
2185 1927 2362 1996 rogat,
2409 1930 2479 1982 ut
2517 1925 2589 1984 ad
2638 1939 2699 1983 se
2739 1925 2950 1985 scribat
3001 1932 3199 1987 utrum
3253 1927 3363 1986 iter
3409 1943 3598 1990 susce-

1879 2014 2044 2082 ptum
2077 2009 2188 2068 sibi
2218 2013 2688 2085 prosequendum
2713 2020 2960 2074 censeat.

1952 2106 2040 2165 24.
2074 2106 2338 2165 Clemens
2366 2107 2442 2178 ΙΙ,
2474 2108 2675 2168 eodem
2701 2125 2874 2182 anno,
2907 2111 2941 2168 7
2969 2110 3108 2172 Idus
3133 2110 3254 2173 Oct.
3287 2113 3595 2186 exstincto,

1881 2202 2185 2272 postquam
2230 2196 2486 2256 Ecclesia
2513 2213 2546 2255 a
2587 2199 2918 2273 Benedicto,
2949 2201 3116 2261 tertio
3158 2202 3352 2262 sedem
3383 2203 3598 2262 Roma-

100 2308 260 2366 quam
297 2292 396 2351 hic
439 2299 759 2352 excesserat
804 2309 836 2351 e
883 2292 1054 2364 vivis,
1105 2293 1304 2351 asserit
1342 2293 1497 2352 idem
1535 2292 1796 2353 Rubeus.
1881 2306 2020 2350 nam
2067 2291 2396 2364 invadente,
2456 2291 2661 2350 fuisset
2707 2292 3052 2367 aliquandiu
3094 2295 3321 2368 aﬂlicta,
3375 2301 3600 2357 creatus

103 2381 276 2443 Vitam
307 2381 368 2441 S.
412 2381 727 2442 Romualdi
762 2380 1052 2441 edidimus
1082 2381 1115 2439 7
1144 2382 1316 2455 febr.,
1352 2387 1408 2441 et
1445 2383 1604 2441 hunc
1641 2398 1797 2442 anno
1884 2387 1969 2440 est
2002 2381 2286 2442 Damasus
2329 2379 2403 2452 11,
2436 2396 2588 2441 311110
2629 2382 2785 2453 1048,
2813 2383 2908 2443 0111
2956 2384 3110 2444 111113
3147 2386 3406 2460 primum
3444 2387 3603 2446 sedis

103 2473 223 2534 1027
259 2477 557 2533 mortuum
607 2488 731 2532 esse
766 2471 1050 2532 diximus.
1091 2472 1243 2531 Hinc
1293 2472 1554 2531 decimus
1594 2475 1798 2533 tertius
1887 2485 2146 2530 mensem
2197 2471 2314 2529 vita
2362 2470 2578 2544 functo,
2634 2472 2866 2530 tandem
2917 2472 3019 2531 ubi
3061 2473 3324 2550 quinque
3371 2490 3602 2534 menses

95 2563 158 2622 ab
181 2562 342 2622 obitu
379 2560 544 2620 illius
575 2576 765 2621 annus
795 2561 1066 2620 convenit
1103 2561 1166 2620 in
1197 2576 1350 2622 anno
1383 2563 1596 2623 Christi
1638 2565 1794 2637 1010,
1886 2561 2046 2620 sedes
2078 2566 2350 2632 vacasset,
2381 2561 2651 2619 successit
2685 2560 2742 2621 S.
2777 2563 2894 2622 Leo
2921 2580 3066 2638 papa
3096 2563 3196 2636 IX,
3230 2571 3360 2623 ante
3400 2565 3599 2624 Bruno

96 2660 142 2713 et
175 2668 372 2713 rerum
399 2667 435 2710 a
473 2650 537 2709 B.
581 2650 748 2710 Petro
785 2655 1076 2724 gestarum
1117 2652 1392 2724 epocham
1434 2653 1798 2727 chronologi‘
1885 2652 2092 2724 dictus,
2132 2653 2431 2727 episcopus
2476 2653 2770 2713 Tullensis
2802 2654 2863 2712 in
2910 2654 3144 2729 Belgica
3187 2657 3392 2730 prima.
3445 2657 3602 2716 Huic

98 2758 208 2801 tam
247 2741 456 2808 ﬁrmat,
485 2739 560 2798 ab
589 2741 917 2814 Augustino
954 2739 1254 2812 Fortunio,
1282 2740 1455 2800 etiam
1499 2757 1574 2801 ex
1612 2741 1794 2802 01110-
1887 2741 2114 2816 scripsit
2163 2742 2226 2801 B.
2287 2742 2492 2801 Petrus
2546 2749 2742 2803 contra
2801 2743 3115 2804 malevolos
3171 2745 3598 2806 obtrectatores.

96 2835 230 2895 111018
258 2829 612 2911 quibusdam
638 2830 956 2906 majoribus
980 2830 1364 2891 observatam.
1883 2834 1959 2892 At
1985 2833 2102 2893 Leo
2131 2833 2352 2892 remisit
2376 2834 2712 2908 praeclaram
2737 2835 3057 2910 epistolam,
3089 2836 3151 2895 in
3181 2852 3296 2911 qua
3325 2837 3437 2895 viri
3461 2852 3602 2896 san-

153 2929 240 2988 22.
279 2927 522 2988 Creatus
563 2926 700 2986 dein
749 2928 928 2987 eremi
965 2928 1164 2988 Fontis
1200 2928 1470 2989 Avellani
1500 2931 1660 3004 prior
1689 2937 1794 3003 est,
1883 2927 1959 2984 eti
2008 2923 2197 2984 zelum
2248 2924 2463 2996 laudat,
2512 2931 2686 3000 atque
2733 2926 3216 2986 incontinentiam
3260 2928 3598 2988 clericorum

93 3035 213 3079 011111
274 3017 620 3093 aliquandiu
685 3017 861 3078 rebus
937 3019 1349 3092 temporalibus
1419 3022 1797 3094 procurandis
1883 3016 2210 3089 detestatur,
2268 3022 2323 3076 et
2375 3016 2732 3092 puniendam
2776 3018 3058 3090 rescribit,
3112 3035 3177 3077 ac
3228 3018 3416 3078 verbis
3475 3019 3604 3078 istis

95 3109 284 3170 fuisset
311 3108 639 3184 praefectus.
675 3107 746 3167 Ut
776 3109 1114 3168 Ravennam
1147 3111 1391 3184 veniret,
1417 3111 1696 3173 invitatus
1724 3116 1794 3173 ab
1882 3105 2174 3165 concludit
2227 3129 2240 3164 :
2299 3128 2326 3157 α
2377 3106 2489 3165 Fili
2541 3107 2901 3178 charissime,
2949 3107 3412 3167 inenarrabiliter
3467 3124 3604 3182 gau-

91 3197 511 3272 archiepiscopo
563 3196 899 3257 Ravennate
968 3198 1305 3258 Gebehardo
1374 3203 1478 3272 (est
1533 3201 1628 3260 hic
1713 3195 2009 3286 16,0deo,
2041 3195 2179 3269 quia
2223 3195 2491 3271 exemplo
2520 3197 2972 3257 conversationis
3015 3197 3278 3270 instruis,
3315 3197 3603 3272 quidquid

92 3286 380 3348 Februarii
453 3301 609 3346 anno
675 3286 809 3346 1044
872 3292 1156 3360 mortuus,
1214 3294 1270 3347 et
1326 3289 1389 3348 in
1448 3294 1799 3353 monasterio
1882 3289 2128 3345 oratoria
2164 3287 2430 3346 facultate
2471 3287 2736 3348 docuisti.
2789 3287 2926 3348 Plus
2957 3292 3041 3347 est
3092 3288 3249 3348 enim
3291 3303 3458 3362 opere
3501 3287 3605 3347 do-

88 3376 468 3452 Pomposiano
519 3376 824 3451 sepultus),
880 3378 1170 3452 rescripsit
1218 3379 1517 3453 epistolam
1556 3398 1730 3458 supra
1767 3401 1801 3443 a
1883 3390 2010 3434 cere
2059 3392 2238 3450 quam
2287 3393 2444 3437 VOCG-
2479 3376 2852 3451 Quapropter,
2885 3383 3116 3438 auctore
3161 3377 3301 3450 D80,
3351 3379 3605 3454 palmam

91 3465 251 3526 nobis
295 3465 634 3539 indicatam,
673 3482 789 3540 qua
826 3473 1084 3540 excusat,
1129 3485 1266 3528 cum
1297 3470 1421 3542 jam
1457 3471 1614 3545 prior
1657 3473 1801 3534 alios

88 3571 296 3630 regere,
345 3571 669 3630 eorumque
720 3557 1044 3616 necessitati
1089 3559 1394 3628 consulere
1445 3566 1697 3634 cogatur,
1741 3579 1802 3624 se

89 3648 150 3706 ad
187 3665 328 3710 eum
367 3649 536 3708 facile
583 3649 783 3708 venire
824 3665 942 3710 non
983 3665 1168 3725 posse.
1225 3651 1368 3721 Quae
1408 3657 1542 3711 ante
1582 3652 1800 3712 dictum

90 3753 305 3798 annum
340 3737 478 3798 1044
508 3737 894 3812 contigerunt.
929 3739 1051 3800 Hoc
1093 3746 1289 3799 autem
1315 3755 1470 3800 anno
1496 3747 1801 3819 postquam

91 3833 194 3888 tres
230 3827 414 3887 simul
446 3827 964 3902 pseudopontiﬁces
1002 3829 1318 3890 Ecclesiam
1357 3830 1683 3891 Romanam
1716 3832 1805 3891 in-

89 3919 392 3991 vasissent,
456 3919 684 3980 sublato
759 3919 1083 3989 schismate,
1172 3921 1466 3996 legitimus
1542 3923 1802 3996 pontifex

89 4016 311 4068 creatus
351 4015 437 4068 est
471 4009 782 4083 Gregorius
812 4010 911 4082 VI,
941 4010 1013 4069 ad
1052 4026 1227 4086 quem
1267 4016 1496 4071 exstant
1523 4012 1694 4071 initio
1732 4011 1805 4070 li-

91 4097 173 4155 bri
216 4097 382 4157 binae
407 4098 475 4159 Β.
516 4099 670 4158 Petri
698 4099 988 4174 epistolae;
1023 4099 1088 4158 in
1131 4100 1322 4174 priore
1359 4117 1420 4160 se
1452 4101 1650 4161 audita
1681 4101 1808 4176 ejus

88 4186 371 4249 electione
404 4189 797 4251 exhilaratum
821 4190 1093 4262 ostendit,
1125 4198 1180 4248 et
1224 4206 1450 4266 sperare
1491 4189 1808 4250 Ecclesiam

87 4276 187 4338 Dei
224 4295 333 4353 per
373 4295 530 4352 eum,
571 4280 837 4340 sordibus
867 4280 1220 4355 expurgatis,
1252 4282 1570 4356 pristinum
1610 4298 1806 4341 conse-

83 4375 360 4429 cuturam
403 4369 685 4429 decorem.
727 4370 1015 4431 Baronius
1059 4370 1236 4430 relata
1276 4388 1343 4430 ea
1389 4374 1554 4446 epist.
1591 4372 1663 4432 ad
1710 4389 1807 4432 an.

92 4457 247 4530 1044,
294 4473 469 4519 1111111.
507 4459 563 4531 8,
607 4459 679 4517 de
713 4458 777 4516 B.
820 4458 986 4519 Petro
1020 4460 1221 4520 addit:
1263 4483 1284 4513 ι
1334 4461 1516 4520 Tanta
1558 4462 1667 4520 ista
1692 4477 1811 4521 non

85 4547 194 4608 nisi
223 4547 496 4623 legitime
524 4548 702 4608 electo
736 4565 881 4624 papa
918 4549 1094 4624 digna
1119 4566 1264 4622 esse,
1305 4556 1372 4609 ut
1399 4551 1586 4627 plane,
1621 4551 1669 4610 si
1709 4551 1809 4610 de-

83 4639 194 4699 sint
243 4641 390 4713 alia,
417 4641 526 4700 ista
561 4640 854 4700 sulﬁciant
884 4642 958 4700 ad
1001 4642 1511 4702 demonstrandam
1551 4642 1810 4716 ejusdem

80 4731 436 4791 canonicam
481 4731 818 4798 electionem
871 4731 1032 4792 omni
1075 4749 1151 4792 ex
1203 4739 1364 4808 parte
1415 4732 1807 4808 purissimam.

82 4819 210 4882 Non
255 4823 428 4882 enim
467 4823 753 4897 ejusmodi
792 4823 903 4882 fuit
941 4821 1148 4883 Petrus
1181 4823 1465 4895 Damiani,
1509 4823 1611 4899 qui
1642 4823 1813 4882 vellet

80 4912 203 4971 haec
263 4913 536 4973 scribens
591 4913 832 4987 turpiter
888 4913 1113 4973 adulari
1157 4914 1463 4989 pontiﬁci:
1516 4928 1653 4972 nam
1705 4928 1812 4969 ex-

77 5009 348 5063 astuans
381 5002 504 5063 zelo
527 5002 928 5062 ecclesiasticae
955 5002 1299 5078 disciplinae,
1326 5002 1553 5062 nemini
1580 5017 1816 5076 parcere

77 5094 264 5166 novit,
300 5092 459 5167 quin
487 5091 853 5151 acerbissime
893 5093 1168 5166 arguerit,
1200 5106 1610 5168 quemcunque
1648 5089 1820 5148 sciret

74 5179 273 5240 eidem
333 5181 760 5241 adversantem.
805 5206 826 5234 ι
881 5181 1022 5241 Haec
1075 5180 1379 5254 Baronius,
1435 5179 1537 5254 qui
1593 5179 1666 5237 ad
1720 5195 1815 5237 an.

80 5269 244 5344 1046,
280 5287 458 5332 1111111.
497 5271 550 5344 3,
600 5271 700 5344 ait,
741 5271 1010 5330 eumdem
1039 5291 1058 5323 1
1099 5269 1444 5345 Gregorium
1488 5269 1586 5341 VI,
1616 5285 1818 5328 exem-

78 5359 169 5431 plo
203 5360 273 5421 Β.
309 5361 584 5437 Gregorii
623 5360 986 5432 Nazianzeni,
1021 5357 1125 5435 qui
1161 5359 1236 5418 ob
1263 5375 1464 5434 pacem
1501 5359 1818 5418 concilian-

81 5447 213 5510 dam
281 5451 571 5512 Ecclesiae
627 5454 827 5524 sponte
890 5465 953 5509 se
1006 5447 1312 5520 abdicavit,
1369 5448 1571 5508 eodem
1625 5446 1821 5521 ipsum

79 5540 314 5615 animo,
345 5541 673 5615 eademque
701 5539 914 5600 virtute
945 5537 1242 5614 pontiﬁcia
1289 5540 1422 5599 sede
1459 5544 1659 5614 sponte
1699 5553 1820 5598 ces-

79 5645 252 5692 81586.
277 5654 313 5690 ἱ)

147 5723 248 5784 23.
304 5724 474 5786 Huic
517 5721 792 5784 successit
842 5719 1160 5795 Svidgerus
1212 5718 1653 5794 Bambergensis
1702 5720 1824 5793 epi-

1883 3466 2171 3526 obtinebis
2201 3465 2476 3538 victoriae,
2507 3473 2561 3525 et
2611 3483 2745 3526 cum
2775 3466 2901 3539 Dei,
2939 3474 2992 3526 et
3036 3465 3296 3541 Virginis
3339 3468 3458 3526 tilio
3500 3468 3604 3526 lae-

1884 3559 2094 3619 taberis
2138 3560 2201 3618 in
2244 3559 2462 3619 caelesti
2494 3561 2815 3633 mansione,
2862 3567 2918 3619 et
2967 3565 3047 3620 tot
3074 3559 3438 3620 mercedibus
3487 3560 3604 3620 eris

1885 3649 2233 3722 cumulatus,
2268 3655 2408 3724 quot
2439 3650 2646 3726 ereptis
2671 3667 2776 3726 per
2805 3657 2857 3710 te
2885 3668 2919 3710 a
2959 3651 3177 3711 diaboli
3218 3650 3441 3726 laqueis
3472 3651 3606 3708 fue-

1886 3739 1966 3798 ris
2017 3740 2389 3813 constipatus,
2449 3745 2506 3798 et
2551 3740 2974 3815 quodammodo
3026 3746 3408 3800 coronatus.»
3465 3739 3606 3798 Haec

1890 3826 1949 3886 S.
2001 3829 2117 3887 Leo
2154 3829 2256 3902 qui
2284 3833 2481 3887 contra
2520 3828 2864 3887 simoniacos
2916 3828 3232 3886 concilium
3275 3829 3608 3888 Romanum

1889 3933 1984 3977 an.
2022 3917 2157 3976 1049
2185 3917 2514 3991 celebravit,
2547 3918 2715 3991 cujus
2753 3917 3047 3978 decretum
3079 3919 3277 3981 laudat
3304 3919 3369 3978 B.
3404 3919 3608 3980 Petrus

1890 4008 2208 4068 Damianus
2258 4025 2455 4083 opusc.
2518 4021 2601 4085 VI,
2651 4025 2774 4085 cap.
2815 4011 2902 4072 35.
2939 4011 3080 4082 Quae
3110 4017 3304 4074 autem
3349 4012 3609 4088 ejusdem

1893 4100 2106 4160 Leonis
2154 4105 2342 4159 exstat
2390 4101 2629 4176 epistola
2673 4101 2740 4162 10
2783 4103 2855 4162 311
2897 4104 3283 4178 Auximanos,
3329 4121 3443 4179 qua
3485 4108 3612 4180 post

1893 4189 2117 4249 obitum
2163 4189 2413 4264 episcopi
2459 4190 2806 4265 expilatores
2853 4193 3160 4253 domorum
3196 4192 3608 4268 episcopalium

1894 4279 2207 4352 redarguit,
2260 4287 2593 4340 recensetur
2642 4281 2795 4338 inter
2840 4282 3106 4355 epistolas
3164 4281 3226 4340 B.
3285 4282 3441 4341 Petri
3493 4282 3606 4342 Da-

1898 4368 2080 4427 miani
2109 4368 2214 4427 lib.
2262 4380 2303 4425 v
2343 4385 2507 4428 num.
2543 4367 2597 4441 6,
2631 4375 2686 4428 et
2714 4371 2824 4429 sub
2854 4371 3093 4430 nomine
3126 4372 3417 4447 pontiﬁcis
3447 4373 3518 4432 ab
3545 4389 3612 4431 eo

1899 4459 2107 4533 scripta
2158 4459 2454 4518 asseritur.
2515 4458 2779 4519 Mortuus
2830 4467 2915 4520 est
2970 4460 3027 4520 S.
3092 4461 3209 4522 Leo
3262 4479 3406 4538 papa
3452 4479 3607 4522 anno

1901 4546 2039 4607 1054
2066 4545 2158 4604 die
2203 4548 2264 4605 19
2309 4547 2547 4620 Aprilis,
2582 4547 2864 4608 virtutum
2898 4555 2953 4608 et
2981 4550 3399 4612 miraculorum
3442 4549 3613 4610 laude

1899 4639 2164 4712 insignis,
2220 4639 2306 4698 uti
2354 4655 2487 4697 eum
2530 4638 2745 4698 tabulae
2787 4639 3181 4716 Martyrologii
3222 4640 3470 4700 Romani
3513 4640 3612 4698 de-

1899 4727 2235 4802 praedicant.
2286 4726 2568 4786 Successit
2599 4727 2973 4788 Gebehardus
3002 4729 3342 4788 Aistetensis
3369 4729 3434 4788 111
3469 4727 3612 4788 Ger-

1900 4817 2096 4876 mania
2120 4817 2436 4890 episcopus,
2463 4816 2598 4875 dein
2623 4816 2819 4876 Victor
2841 4817 2895 4876 II
2915 4818 3122 4892 dictus,
3150 4834 3306 4877 anno
3335 4825 3617 4895 sequente

1905 4904 2061 4976 1055,
2104 4904 2304 4964 Idibus
2355 4905 2571 4979 Aprilis
2606 4905 2668 4964 in
2714 4906 2888 4966 Coena
2939 4907 3174 4966 Domini
3203 4900 3566 4970 consecratus
3604 4928 3614 4962 :

1901 4997 1966 5056 in
2002 4996 2168 5071 cujus
2199 4997 2472 5056 manibus
2502 4997 2792 5057 Henricus
2820 4999 3131 5071 imperator
3164 5002 3619 5078 anno'sequente

1905 5086 2063 5160 1056,
2095 5088 2126 5146 3
2170 5087 2363 5146 Nonas
2414 5086 2609 5146 Octob.
2661 5087 2894 5147 tradidit
2935 5089 3053 5149 Deo
3091 5091 3382 5165 spiritum.
3436 5092 3535 5149 Est
3563 5096 3620 5148 et

1902 5178 2025 5254 ipse
2054 5176 2249 5237 Victor
2286 5193 2431 5252 papa
2458 5176 2725 5251 proximo
2761 5195 2858 5236 an.
2892 5178 3032 5237 1057
3079 5179 3390 5241 Florentiae
3417 5179 3623 5238 defun-

1903 5274 2031 5329 ctus
2078 5269 2148 5326 28
2184 5267 2345 5326 Julii.
2386 5268 2780 5342 Reperiuntur
2828 5284 2965 5328 unae
3012 5268 3076 5327 B.
3111 5271 3265 5330 Petri
3311 5271 3520 5328 litterae
3549 5268 3622 5327 ad

1906 5360 2195 5419 Victorem
2244 5359 2527 5417 amariore
2581 5358 2798 5430 animo,
2855 5360 2954 5419 sed
3005 5360 3124 5420 zelo
3172 5360 3325 5418 laesae
3373 5359 3615 5433 justitiae

1908 5455 2288 5521 exaestuante,
2335 5449 2561 5523 scriptae
2608 5465 2711 5524 pro
2760 5450 3013 5526 quodam
3057 5446 3268 5507 illustri
3321 5447 3448 5506 viro
3492 5464 3622 5522 spo-

1906 5540 2045 5600 liato
2069 5546 2124 5598 et
2151 5540 2370 5615 injuste
2395 5545 2626 5598 vexato.

1979 5629 2070 5688 25.
2103 5629 2316 5689 Eodem
2346 5643 2501 5688 anno
2554 5628 2711 5700 1057,
2745 5625 3072 5685 Fridericus
3110 5641 3184 5685 ex
3225 5625 3429 5686 abbate
3467 5624 3625 5685 Casi-

1910 5720 2077 5780 nensi
2130 5723 2186 5778 et
2245 5717 2536 5777 cardinale
2592 5715 2926 5789 presbytero
2981 5713 3203 5777 invitus
3257 5719 3482 5778 creatus
3537 5716 3626 5772 est
