  <div class='ocr_page' id='page_1' title='image "/cluster/home/n/w/nwhite01/storage/ocr_20150623/144/umn.31951002477437p/069.png"; bbox 0 0 4034 6506; ppageno 0'>
   <div class='ocr_carea' id='block_1_1' title="bbox 427 341 2020 412">
    <p class='ocr_par' dir='ltr' id='par_1_1' title="bbox 427 343 2020 412">
     <span class='ocr_line' id='line_1_1' title="bbox 427 343 2020 412; baseline -0.006 0"><span class='ocrx_word' id='word_1_1' title='bbox 427 354 526 412; x_wconf 81' lang='grc'>103</span> <span class='ocrx_word' id='word_1_2' title='bbox 1094 362 1096 369; x_wconf 86' lang='grc'><em>’</em></span> <span class='ocrx_word' id='word_1_3' title='bbox 1337 346 1394 405; x_wconf 87' lang='lat' dir='ltr'><strong>S.</strong></span> <span class='ocrx_word' id='word_1_4' title='bbox 1438 343 1730 405; x_wconf 83' lang='lat' dir='ltr'><strong>PE&#39;I‘RUS</strong></span> <span class='ocrx_word' id='word_1_5' title='bbox 1773 343 2020 404; x_wconf 39' lang='lat' dir='ltr'><strong>DAMIA:</strong></span> 
     </span>
    </p>
   </div>
   <div class='ocr_carea' id='block_1_2' title="bbox 2339 341 3932 412">
    <p class='ocr_par' dir='ltr' id='par_1_2' title="bbox 2339 347 3932 408">
     <span class='ocr_line' id='line_1_2' title="bbox 2339 347 3932 408; baseline 0.001 -4"><span class='ocrx_word' id='word_1_6' title='bbox 2339 350 2375 404; x_wconf 78' lang='lat' dir='ltr'><strong>l.</strong></span> <span class='ocrx_word' id='word_1_7' title='bbox 2421 347 2485 404; x_wconf 89' lang='grc' dir='ltr'><strong>Ε.</strong></span> <span class='ocrx_word' id='word_1_8' title='bbox 2530 347 3011 408; x_wconf 52' lang='lat' dir='ltr'><strong>CARDINALIS!</strong></span> <span class='ocrx_word' id='word_1_9' title='bbox 3830 349 3932 408; x_wconf 83' lang='lat' dir='ltr'><strong>10’t</strong></span> 
     </span>
    </p>
   </div>
   <div class='ocr_carea' id='block_1_3' title="bbox 425 469 3949 552">
    <p class='ocr_par' dir='ltr' id='par_1_3' title="bbox 425 469 3949 552">
     <span class='ocr_line' id='line_1_3' title="bbox 425 469 3949 552; baseline -0.002 -14"><span class='ocrx_word' id='word_1_10' title='bbox 425 476 684 552; x_wconf 85' lang='lat' dir='ltr'><strong>pontifex</strong></span> <span class='ocrx_word' id='word_1_11' title='bbox 713 474 749 533; x_wconf 79' lang='lat'>2</span> <span class='ocrx_word' id='word_1_12' title='bbox 792 472 1062 548; x_wconf 82' lang='lat' dir='ltr'><strong>Augusti,</strong></span> <span class='ocrx_word' id='word_1_13' title='bbox 1091 488 1160 531; x_wconf 89' lang='lat' dir='ltr'><strong>ac</strong></span> <span class='ocrx_word' id='word_1_14' title='bbox 1206 472 1533 546; x_wconf 84' lang='lat' dir='ltr'><strong>Stephanus</strong></span> <span class='ocrx_word' id='word_1_15' title='bbox 1562 470 1900 545; x_wconf 77' lang='lat' dir='ltr'><strong>appellatur,</strong></span> <span class='ocrx_word' id='word_1_16' title='bbox 1945 469 2276 528; x_wconf 88' lang='lat' dir='ltr'><strong>nonusAet</strong></span> <span class='ocrx_word' id='word_1_17' title='bbox 2326 470 2602 531; x_wconf 82' lang='lat' dir='ltr'><strong>Romanis</strong></span> <span class='ocrx_word' id='word_1_18' title='bbox 2650 473 2980 548; x_wconf 89' lang='lat' dir='ltr'><strong>potentibus</strong></span> <span class='ocrx_word' id='word_1_19' title='bbox 3025 471 3264 546; x_wconf 84' lang='lat' dir='ltr'><strong>aliquot,</strong></span> <span class='ocrx_word' id='word_1_20' title='bbox 3305 475 3480 532; x_wconf 88' lang='lat' dir='ltr'><strong>noctu</strong></span> <span class='ocrx_word' id='word_1_21' title='bbox 3525 486 3659 532; x_wconf 92' lang='lat' dir='ltr'><strong>cum</strong></span> <span class='ocrx_word' id='word_1_22' title='bbox 3697 481 3949 535; x_wconf 87' lang='lat' dir='ltr'><strong>armato.-</strong></span> 
     </span>
    </p>
   </div>
   <div class='ocr_carea' id='block_1_4' title="bbox 426 562 3950 642">
    <p class='ocr_par' dir='ltr' id='par_1_4' title="bbox 426 562 3950 642">
     <span class='ocr_line' id='line_1_4' title="bbox 426 562 3950 642; baseline -0.001 -15"><span class='ocrx_word' id='word_1_23' title='bbox 426 570 601 640; x_wconf 82' lang='lat' dir='ltr'><strong>vulgo</strong></span> <span class='ocrx_word' id='word_1_24' title='bbox 633 567 864 638; x_wconf 85' lang='lat' dir='ltr'><strong>dicitur,</strong></span> <span class='ocrx_word' id='word_1_25' title='bbox 901 567 1001 642; x_wconf 88' lang='lat' dir='ltr'><strong>qui</strong></span> <span class='ocrx_word' id='word_1_26' title='bbox 1054 580 1256 624; x_wconf 83' lang='lat' dir='ltr'>revera</span> <span class='ocrx_word' id='word_1_27' title='bbox 1302 564 1561 624; x_wconf 89' lang='lat' dir='ltr'><strong>decimus</strong></span> <span class='ocrx_word' id='word_1_28' title='bbox 1614 562 1955 631; x_wconf 88' lang='lat' dir='ltr'><strong>censendus,</strong></span> <span class='ocrx_word' id='word_1_29' title='bbox 2009 574 2171 637; x_wconf 27' lang='lat' dir='ltr'><strong>cum,</strong></span> <span class='ocrx_word' id='word_1_30' title='bbox 2217 577 2351 620; x_wconf 84' lang='lat' dir='ltr'><strong>rum</strong></span> <span class='ocrx_word' id='word_1_31' title='bbox 2407 563 2590 622; x_wconf 84' lang='lat' dir='ltr'><strong>turbis</strong></span> <span class='ocrx_word' id='word_1_32' title='bbox 2642 563 2939 623; x_wconf 86' lang='lat' dir='ltr'><strong>ecclesiam</strong></span> <span class='ocrx_word' id='word_1_33' title='bbox 2993 578 3111 621; x_wconf 90' lang='lat' dir='ltr'><strong>una</strong></span> <span class='ocrx_word' id='word_1_34' title='bbox 3164 564 3505 635; x_wconf 86' lang='lat' dir='ltr'><strong>pervadunt,</strong></span> <span class='ocrx_word' id='word_1_35' title='bbox 3552 568 3608 621; x_wconf 90' lang='lat' dir='ltr'><strong>et</strong></span> <span class='ocrx_word' id='word_1_36' title='bbox 3657 562 3950 623; x_wconf 87' lang='lat' dir='ltr'><strong>Joannem</strong></span> 
     </span>
    </p>
   </div>
   <div class='ocr_carea' id='block_1_5' title="bbox 428 649 3947 732">
    <p class='ocr_par' dir='ltr' id='par_1_5' title="bbox 428 649 3947 732">
     <span class='ocr_line' id='line_1_5' title="bbox 428 649 3947 732; baseline -0.001 -16"><span class='ocrx_word' id='word_1_37' title='bbox 428 657 751 732; x_wconf 89' lang='lat' dir='ltr'><strong>Stephanus</strong></span> <span class='ocrx_word' id='word_1_38' title='bbox 782 654 1071 713; x_wconf 63' lang='lat' dir='ltr'><strong>Zachariae</strong></span> <span class='ocrx_word' id='word_1_39' title='bbox 1100 670 1396 713; x_wconf 84' lang='lat' dir='ltr'><strong>successor</strong></span> <span class='ocrx_word' id='word_1_40' title='bbox 1439 668 1591 711; x_wconf 91' lang='lat' dir='ltr'><strong>anno</strong></span> <span class='ocrx_word' id='word_1_41' title='bbox 1632 651 1737 710; x_wconf 78' lang='lat'><strong>752</strong></span> <span class='ocrx_word' id='word_1_42' title='bbox 1773 652 2168 724; x_wconf 73' lang='lat' dir='ltr'><strong>constitutus,</strong></span> <span class='ocrx_word' id='word_1_43' title='bbox 2222 649 2669 712; x_wconf 90' lang='lat' dir='ltr'><strong>Veliterrensem</strong></span> <span class='ocrx_word' id='word_1_44' title='bbox 2725 653 3082 726; x_wconf 89' lang='lat' dir='ltr'><strong>episcopum,</strong></span> <span class='ocrx_word' id='word_1_45' title='bbox 3139 651 3424 711; x_wconf 88' lang='lat' dir='ltr'><strong>Mincium</strong></span> <span class='ocrx_word' id='word_1_46' title='bbox 3480 658 3675 726; x_wconf 90' lang='lat' dir='ltr'><strong>postea</strong></span> <span class='ocrx_word' id='word_1_47' title='bbox 3727 669 3947 726; x_wconf 88' lang='lat' dir='ltr'><strong>cogno-</strong></span> 
     </span>
    </p>
   </div>
   <div class='ocr_carea' id='block_1_6' title="bbox 423 741 2139 820">
    <p class='ocr_par' dir='ltr' id='par_1_6' title="bbox 423 741 2139 820">
     <span class='ocr_line' id='line_1_6' title="bbox 423 741 2139 820; baseline -0.001 -19"><span class='ocrx_word' id='word_1_48' title='bbox 423 745 557 805; x_wconf 89' lang='lat' dir='ltr'><strong>licet</strong></span> <span class='ocrx_word' id='word_1_49' title='bbox 608 745 886 820; x_wconf 88' lang='lat' dir='ltr'><strong>pauculos</strong></span> <span class='ocrx_word' id='word_1_50' title='bbox 927 745 1118 803; x_wconf 89' lang='lat' dir='ltr'><strong>solum</strong></span> <span class='ocrx_word' id='word_1_51' title='bbox 1169 744 1291 802; x_wconf 88' lang='lat' dir='ltr'><strong>dies</strong></span> <span class='ocrx_word' id='word_1_52' title='bbox 1336 744 1396 801; x_wconf 90' lang='lat' dir='ltr'><strong>in</strong></span> <span class='ocrx_word' id='word_1_53' title='bbox 1451 757 1518 800; x_wconf 86' lang='lat' dir='ltr'><strong>ea</strong></span> <span class='ocrx_word' id='word_1_54' title='bbox 1573 741 1854 816; x_wconf 76' lang='lat' dir='ltr'><strong>dignitate</strong></span> <span class='ocrx_word' id='word_1_55' title='bbox 1904 743 2139 814; x_wconf 82' lang='lat' dir='ltr'><strong>vixerit,</strong></span> 
     </span>
    </p>
   </div>
   <div class='ocr_carea' id='block_1_7' title="bbox 422 833 2142 908">
    <p class='ocr_par' dir='ltr' id='par_1_7' title="bbox 422 833 2142 908">
     <span class='ocr_line' id='line_1_7' title="bbox 422 833 2142 908; baseline -0.003 -14"><span class='ocrx_word' id='word_1_56' title='bbox 422 835 680 908; x_wconf 82' lang='lat' dir='ltr'><strong>pontifex</strong></span> <span class='ocrx_word' id='word_1_57' title='bbox 739 835 1034 908; x_wconf 88' lang='lat' dir='ltr'><strong>legitimus</strong></span> <span class='ocrx_word' id='word_1_58' title='bbox 1094 834 1288 903; x_wconf 81' lang='lat' dir='ltr'><strong>fuerit,</strong></span> <span class='ocrx_word' id='word_1_59' title='bbox 1345 833 1418 890; x_wconf 93' lang='lat' dir='ltr'><strong>ob</strong></span> <span class='ocrx_word' id='word_1_60' title='bbox 1489 848 1878 892; x_wconf 88' lang='lat' dir='ltr'><strong>successorem</strong></span> <span class='ocrx_word' id='word_1_61' title='bbox 1940 833 2142 891; x_wconf 81' lang='lat' dir='ltr'><strong>itidem</strong></span> 
     </span>
    </p>
   </div>
   <div class='ocr_carea' id='block_1_8' title="bbox 429 919 2142 998">
    <p class='ocr_par' dir='ltr' id='par_1_8' title="bbox 429 919 2142 998">
     <span class='ocr_line' id='line_1_8' title="bbox 429 919 2142 998; baseline -0.002 -17"><span class='ocrx_word' id='word_1_62' title='bbox 429 923 786 998; x_wconf 86' lang='lat' dir='ltr'><strong>Stephanum</strong></span> <span class='ocrx_word' id='word_1_63' title='bbox 840 938 1140 996; x_wconf 88' lang='lat' dir='ltr'><strong>perperam</strong></span> <span class='ocrx_word' id='word_1_64' title='bbox 1190 921 1457 979; x_wconf 90' lang='lat' dir='ltr'><strong>omissus.</strong></span> <span class='ocrx_word' id='word_1_65' title='bbox 1517 919 1638 980; x_wconf 91' lang='lat' dir='ltr'><strong>Sub</strong></span> <span class='ocrx_word' id='word_1_66' title='bbox 1703 922 1812 980; x_wconf 90' lang='lat' dir='ltr'><strong>hoc</strong></span> <span class='ocrx_word' id='word_1_67' title='bbox 1873 920 2142 994; x_wconf 77' lang='lat' dir='ltr'><strong>pontiﬁce</strong></span> 
     </span>
    </p>
   </div>
   <div class='ocr_carea' id='block_1_9' title="bbox 425 1011 2142 1084">
    <p class='ocr_par' dir='ltr' id='par_1_9' title="bbox 425 1011 2142 1084">
     <span class='ocr_line' id='line_1_9' title="bbox 425 1011 2142 1084; baseline -0.003 -11"><span class='ocrx_word' id='word_1_68' title='bbox 425 1013 490 1073; x_wconf 91' lang='lat' dir='ltr'><strong>B.</strong></span> <span class='ocrx_word' id='word_1_69' title='bbox 525 1014 754 1084; x_wconf 88' lang='lat' dir='ltr'><strong>Petrus,</strong></span> <span class='ocrx_word' id='word_1_70' title='bbox 785 1014 1099 1069; x_wconf 65' lang='lat' dir='ltr'><strong>obedientiw</strong></span> <span class='ocrx_word' id='word_1_71' title='bbox 1130 1016 1397 1084; x_wconf 58' lang='lat' dir='ltr'><strong>pracepto</strong></span> <span class='ocrx_word' id='word_1_72' title='bbox 1437 1016 1687 1081; x_wconf 88' lang='lat' dir='ltr'><strong>coactus,</strong></span> <span class='ocrx_word' id='word_1_73' title='bbox 1719 1017 1783 1070; x_wconf 92' lang='lat' dir='ltr'><strong>nt</strong></span> <span class='ocrx_word' id='word_1_74' title='bbox 1819 1011 1973 1068; x_wconf 88' lang='lat' dir='ltr'><strong>infra</strong></span> <span class='ocrx_word' id='word_1_75' title='bbox 1999 1011 2142 1068; x_wconf 89' lang='lat' dir='ltr'><strong>Acta</strong></span> 
     </span>
    </p>
   </div>
   <div class='ocr_carea' id='block_1_10' title="bbox 428 1100 2137 1175">
    <p class='ocr_par' dir='ltr' id='par_1_10' title="bbox 428 1100 2137 1175">
     <span class='ocr_line' id='line_1_10' title="bbox 428 1100 2137 1175; baseline -0.001 -15"><span class='ocrx_word' id='word_1_76' title='bbox 428 1103 665 1175; x_wconf 87' lang='lat' dir='ltr'><strong>habent,</strong></span> <span class='ocrx_word' id='word_1_77' title='bbox 709 1101 986 1161; x_wconf 87' lang='lat' dir='ltr'><strong>Ostiensis</strong></span> <span class='ocrx_word' id='word_1_78' title='bbox 1019 1101 1290 1159; x_wconf 59' lang='lat' dir='ltr'><strong>Ecclesia</strong></span> <span class='ocrx_word' id='word_1_79' title='bbox 1333 1101 1636 1160; x_wconf 91' lang='lat' dir='ltr'><strong>ordinatus</strong></span> <span class='ocrx_word' id='word_1_80' title='bbox 1669 1106 1753 1160; x_wconf 89' lang='lat' dir='ltr'><strong>est</strong></span> <span class='ocrx_word' id='word_1_81' title='bbox 1787 1100 2088 1175; x_wconf 90' lang='lat' dir='ltr'><strong>episcopus</strong></span> <span class='ocrx_word' id='word_1_82' title='bbox 2124 1123 2137 1158; x_wconf 91' lang='lat'>:</span> 
     </span>
    </p>
   </div>
   <div class='ocr_carea' id='block_1_11' title="bbox 2221 739 3950 816">
    <p class='ocr_par' dir='ltr' id='par_1_11' title="bbox 2221 739 3950 816">
     <span class='ocr_line' id='line_1_11' title="bbox 2221 739 3950 816; baseline 0.001 -17"><span class='ocrx_word' id='word_1_83' title='bbox 2221 741 2528 812; x_wconf 90' lang='lat' dir='ltr'><strong>minatum,</strong></span> <span class='ocrx_word' id='word_1_84' title='bbox 2563 757 2769 816; x_wconf 90' lang='lat' dir='ltr'><strong>papam</strong></span> <span class='ocrx_word' id='word_1_85' title='bbox 2804 742 3182 810; x_wconf 87' lang='lat' dir='ltr'><strong>constituunt,</strong></span> <span class='ocrx_word' id='word_1_86' title='bbox 3213 739 3508 798; x_wconf 89' lang='lat' dir='ltr'><strong>Benedicti</strong></span> <span class='ocrx_word' id='word_1_87' title='bbox 3543 741 3632 799; x_wconf 91' lang='lat' dir='ltr'><strong>illi</strong></span> <span class='ocrx_word' id='word_1_88' title='bbox 3673 742 3950 816; x_wconf 90' lang='lat' dir='ltr'><strong>imposito</strong></span> 
     </span>
    </p>
   </div>
   <div class='ocr_carea' id='block_1_12' title="bbox 2221 828 3950 902">
    <p class='ocr_par' dir='ltr' id='par_1_12' title="bbox 2221 828 3950 902">
     <span class='ocr_line' id='line_1_12' title="bbox 2221 828 3950 902; baseline 0.002 -15"><span class='ocrx_word' id='word_1_89' title='bbox 2221 831 2478 890; x_wconf 90' lang='lat' dir='ltr'><strong>nomine.</strong></span> <span class='ocrx_word' id='word_1_90' title='bbox 2521 829 2685 899; x_wconf 87' lang='lat' dir='ltr'><strong>Quod</strong></span> <span class='ocrx_word' id='word_1_91' title='bbox 2709 846 2839 889; x_wconf 89' lang='lat' dir='ltr'><strong>cum</strong></span> <span class='ocrx_word' id='word_1_92' title='bbox 2876 829 3079 887; x_wconf 91' lang='lat' dir='ltr'><strong>Petrus</strong></span> <span class='ocrx_word' id='word_1_93' title='bbox 3109 828 3448 902; x_wconf 86' lang='lat' dir='ltr'><strong>Damianus,</strong></span> <span class='ocrx_word' id='word_1_94' title='bbox 3485 830 3576 888; x_wconf 87' lang='lat' dir='ltr'><strong>vir</strong></span> <span class='ocrx_word' id='word_1_95' title='bbox 3604 830 3774 890; x_wconf 83' lang='lat' dir='ltr'><strong>valde</strong></span> <span class='ocrx_word' id='word_1_96' title='bbox 3803 831 3950 890; x_wconf 87' lang='lat' dir='ltr'><strong>reli-</strong></span> 
     </span>
    </p>
   </div>
   <div class='ocr_carea' id='block_1_13' title="bbox 2222 916 3952 992">
    <p class='ocr_par' dir='ltr' id='par_1_13' title="bbox 2222 916 3952 992">
     <span class='ocr_line' id='line_1_13' title="bbox 2222 916 3952 992; baseline 0.002 -17"><span class='ocrx_word' id='word_1_97' title='bbox 2222 917 2417 991; x_wconf 88' lang='lat' dir='ltr'><strong>giosus</strong></span> <span class='ocrx_word' id='word_1_98' title='bbox 2449 921 2651 990; x_wconf 90' lang='lat' dir='ltr'><strong>(quem</strong></span> <span class='ocrx_word' id='word_1_99' title='bbox 2694 933 2761 976; x_wconf 88' lang='lat' dir='ltr'><strong>eo</strong></span> <span class='ocrx_word' id='word_1_100' title='bbox 2801 924 3054 990; x_wconf 90' lang='lat' dir='ltr'><strong>tempore</strong></span> <span class='ocrx_word' id='word_1_101' title='bbox 3094 916 3426 990; x_wconf 89' lang='lat' dir='ltr'><strong>Stephanus</strong></span> <span class='ocrx_word' id='word_1_102' title='bbox 3466 933 3610 992; x_wconf 91' lang='lat' dir='ltr'><strong>papa</strong></span> <span class='ocrx_word' id='word_1_103' title='bbox 3646 919 3720 977; x_wconf 89' lang='lat' dir='ltr'><strong>ab</strong></span> <span class='ocrx_word' id='word_1_104' title='bbox 3751 935 3952 978; x_wconf 90' lang='lat' dir='ltr'><strong>eremo</strong></span> 
     </span>
    </p>
   </div>
   <div class='ocr_carea' id='block_1_14' title="bbox 2224 1006 3952 1083">
    <p class='ocr_par' dir='ltr' id='par_1_14' title="bbox 2224 1006 3952 1083">
     <span class='ocr_line' id='line_1_14' title="bbox 2224 1006 3952 1083; baseline 0.001 -17"><span class='ocrx_word' id='word_1_105' title='bbox 2224 1013 2566 1080; x_wconf 84' lang='lat' dir='ltr'><strong>extractum,</strong></span> <span class='ocrx_word' id='word_1_106' title='bbox 2613 1008 2675 1066; x_wconf 89' lang='lat' dir='ltr'><strong>in</strong></span> <span class='ocrx_word' id='word_1_107' title='bbox 2727 1006 2975 1066; x_wconf 90' lang='lat' dir='ltr'><strong>Ostiensi</strong></span> <span class='ocrx_word' id='word_1_108' title='bbox 3021 1006 3273 1066; x_wconf 86' lang='lat' dir='ltr'><strong>Ecclesia</strong></span> <span class='ocrx_word' id='word_1_109' title='bbox 3328 1008 3660 1083; x_wconf 87' lang='lat' dir='ltr'><strong>episcopum</strong></span> <span class='ocrx_word' id='word_1_110' title='bbox 3713 1010 3952 1082; x_wconf 83' lang='lat' dir='ltr'><strong>fecerat)</strong></span> 
     </span>
    </p>
   </div>
   <div class='ocr_carea' id='block_1_15' title="bbox 2224 1097 3953 1172">
    <p class='ocr_par' dir='ltr' id='par_1_15' title="bbox 2224 1097 3953 1172">
     <span class='ocr_line' id='line_1_15' title="bbox 2224 1097 3953 1172; baseline 0.001 -14"><span class='ocrx_word' id='word_1_111' title='bbox 2224 1098 2615 1172; x_wconf 88' lang='lat' dir='ltr'><strong>comperisset,</strong></span> <span class='ocrx_word' id='word_1_112' title='bbox 2651 1114 2768 1157; x_wconf 89' lang='lat' dir='ltr'><strong>una</strong></span> <span class='ocrx_word' id='word_1_113' title='bbox 2814 1113 2948 1157; x_wconf 90' lang='lat' dir='ltr'><strong>cum</strong></span> <span class='ocrx_word' id='word_1_114' title='bbox 2991 1097 3387 1158; x_wconf 89' lang='lat' dir='ltr'><strong>cardinalibus</strong></span> <span class='ocrx_word' id='word_1_115' title='bbox 3428 1099 3693 1159; x_wconf 87' lang='lat' dir='ltr'><strong>resistere</strong></span> <span class='ocrx_word' id='word_1_116' title='bbox 3739 1116 3806 1159; x_wconf 91' lang='lat' dir='ltr'><strong>ac</strong></span> <span class='ocrx_word' id='word_1_117' title='bbox 3853 1117 3953 1159; x_wconf 85' lang='lat' dir='ltr'><strong>re-</strong></span> 
     </span>
    </p>
   </div>
   <div class='ocr_carea' id='block_1_16' title="bbox 2227 1187 3955 1263">
    <p class='ocr_par' dir='ltr' id='par_1_16' title="bbox 2227 1187 3955 1263">
     <span class='ocr_line' id='line_1_16' title="bbox 2227 1187 3955 1263; baseline 0.001 -17"><span class='ocrx_word' id='word_1_118' title='bbox 2227 1187 2475 1247; x_wconf 90' lang='lat' dir='ltr'><strong>clamare</strong></span> <span class='ocrx_word' id='word_1_119' title='bbox 2515 1187 2706 1261; x_wconf 64' lang='lat' dir='ltr'><strong>coepit,</strong></span> <span class='ocrx_word' id='word_1_120' title='bbox 2740 1195 2913 1263; x_wconf 90' lang='lat' dir='ltr'><strong>atque</strong></span> <span class='ocrx_word' id='word_1_121' title='bbox 2950 1189 3452 1248; x_wconf 89' lang='lat' dir='ltr'><strong>anathematizare.</strong></span> <span class='ocrx_word' id='word_1_122' title='bbox 3504 1188 3614 1249; x_wconf 91' lang='lat' dir='ltr'><strong>Sed</strong></span> <span class='ocrx_word' id='word_1_123' title='bbox 3651 1189 3715 1248; x_wconf 92' lang='lat' dir='ltr'><strong>hi</strong></span> <span class='ocrx_word' id='word_1_124' title='bbox 3753 1195 3955 1248; x_wconf 87' lang='lat' dir='ltr'><strong>tamen</strong></span> 
     </span>
    </p>
   </div>
   <div class='ocr_carea' id='block_1_17' title="bbox 2228 1277 3947 1352">
    <p class='ocr_par' dir='ltr' id='par_1_17' title="bbox 2228 1277 3947 1352">
     <span class='ocr_line' id='line_1_17' title="bbox 2228 1277 3947 1352; baseline 0.001 -16"><span class='ocrx_word' id='word_1_125' title='bbox 2228 1293 2429 1336; x_wconf 91' lang='lat' dir='ltr'><strong>omnes</strong></span> <span class='ocrx_word' id='word_1_126' title='bbox 2478 1283 2692 1336; x_wconf 90' lang='lat' dir='ltr'><strong>terrore</strong></span> <span class='ocrx_word' id='word_1_127' title='bbox 2745 1277 3051 1350; x_wconf 91' lang='lat' dir='ltr'><strong>compulsi,</strong></span> <span class='ocrx_word' id='word_1_128' title='bbox 3103 1293 3203 1351; x_wconf 91' lang='lat' dir='ltr'><strong>per</strong></span> <span class='ocrx_word' id='word_1_129' title='bbox 3248 1278 3408 1337; x_wconf 88' lang='lat' dir='ltr'><strong>varia</strong></span> <span class='ocrx_word' id='word_1_130' title='bbox 3460 1278 3584 1337; x_wconf 87' lang='lat' dir='ltr'><strong>loca</strong></span> <span class='ocrx_word' id='word_1_131' title='bbox 3637 1280 3858 1352; x_wconf 79' lang='lat' dir='ltr'><strong>fugere.</strong></span> <span class='ocrx_word' id='word_1_132' title='bbox 3924 1302 3947 1329; x_wconf 74' lang='grc' dir='ltr'><strong>ιι</strong></span> 
     </span>
    </p>
   </div>
   <div class='ocr_carea' id='block_1_18' title="bbox 2230 1366 3958 1441">
    <p class='ocr_par' dir='ltr' id='par_1_18' title="bbox 2230 1366 3958 1441">
     <span class='ocr_line' id='line_1_18' title="bbox 2230 1366 3958 1441; baseline 0 -15"><span class='ocrx_word' id='word_1_133' title='bbox 2230 1366 2466 1441; x_wconf 89' lang='lat' dir='ltr'><strong>Scripsit</strong></span> <span class='ocrx_word' id='word_1_134' title='bbox 2505 1366 2569 1425; x_wconf 93' lang='lat' dir='ltr'><strong>B.</strong></span> <span class='ocrx_word' id='word_1_135' title='bbox 2604 1366 2808 1425; x_wconf 89' lang='lat' dir='ltr'><strong>Petrus</strong></span> <span class='ocrx_word' id='word_1_136' title='bbox 2834 1367 3003 1441; x_wconf 91' lang='lat' dir='ltr'><strong>epist.</strong></span> <span class='ocrx_word' id='word_1_137' title='bbox 3036 1367 3091 1437; x_wconf 83' lang='grc'><strong>4,</strong></span> <span class='ocrx_word' id='word_1_138' title='bbox 3127 1367 3229 1426; x_wconf 93' lang='lat' dir='ltr'><strong>lib.</strong></span> <span class='ocrx_word' id='word_1_139' title='bbox 3262 1380 3321 1439; x_wconf 69' lang='grc' dir='ltr'><strong>ν,</strong></span> <span class='ocrx_word' id='word_1_140' title='bbox 3356 1368 3428 1426; x_wconf 89' lang='lat' dir='ltr'><strong>de</strong></span> <span class='ocrx_word' id='word_1_141' title='bbox 3474 1367 3612 1425; x_wconf 91' lang='lat' dir='ltr'><strong>dicti</strong></span> <span class='ocrx_word' id='word_1_142' title='bbox 3649 1367 3958 1427; x_wconf 89' lang='lat' dir='ltr'><strong>Benedicti</strong></span> 
     </span>
    </p>
   </div>
   <div class='ocr_carea' id='block_1_19' title="bbox 420 1457 3954 1533">
    <p class='ocr_par' dir='ltr' id='par_1_19' title="bbox 420 1457 3954 1533">
     <span class='ocr_line' id='line_1_19' title="bbox 420 1457 3954 1533; baseline 0.001 -19"><span class='ocrx_word' id='word_1_143' title='bbox 420 1457 554 1516; x_wconf 87' lang='lat' dir='ltr'><strong>licet</strong></span> <span class='ocrx_word' id='word_1_144' title='bbox 587 1458 762 1531; x_wconf 86' lang='lat' dir='ltr'><strong>hujus</strong></span> <span class='ocrx_word' id='word_1_145' title='bbox 792 1457 1089 1530; x_wconf 81' lang='lat' dir='ltr'><strong>dignitatis</strong></span> <span class='ocrx_word' id='word_1_146' title='bbox 1124 1459 1340 1518; x_wconf 89' lang='lat' dir='ltr'><strong>mentio</strong></span> <span class='ocrx_word' id='word_1_147' title='bbox 1383 1475 1501 1518; x_wconf 88' lang='lat' dir='ltr'><strong>non</strong></span> <span class='ocrx_word' id='word_1_148' title='bbox 1554 1460 1654 1517; x_wconf 84' lang='lat' dir='ltr'><strong>fiat</strong></span> <span class='ocrx_word' id='word_1_149' title='bbox 1697 1459 1761 1516; x_wconf 89' lang='lat' dir='ltr'><strong>in</strong></span> <span class='ocrx_word' id='word_1_150' title='bbox 1808 1461 1932 1533; x_wconf 89' lang='lat' dir='ltr'><strong>ejus</strong></span> <span class='ocrx_word' id='word_1_151' title='bbox 1989 1457 2138 1528; x_wconf 86' lang='lat' dir='ltr'><strong>Vita,</strong></span> <span class='ocrx_word' id='word_1_152' title='bbox 2227 1458 2553 1528; x_wconf 89' lang='lat' dir='ltr'><strong>schismate,</strong></span> <span class='ocrx_word' id='word_1_153' title='bbox 2612 1457 2720 1516; x_wconf 87' lang='lat' dir='ltr'><strong>sub</strong></span> <span class='ocrx_word' id='word_1_154' title='bbox 2768 1458 2874 1516; x_wconf 87' lang='lat' dir='ltr'><strong>hac</strong></span> <span class='ocrx_word' id='word_1_155' title='bbox 2918 1457 3292 1532; x_wconf 89' lang='lat' dir='ltr'><strong>inscriptione</strong></span> <span class='ocrx_word' id='word_1_156' title='bbox 3335 1481 3350 1515; x_wconf 89' lang='lat'>:</span> <span class='ocrx_word' id='word_1_157' title='bbox 3403 1462 3606 1516; x_wconf 85' lang='lat' dir='ltr'><strong>Damno</strong></span> <span class='ocrx_word' id='word_1_158' title='bbox 3662 1462 3733 1518; x_wconf 89' lang='lat' dir='ltr'><strong>H.</strong></span> <span class='ocrx_word' id='word_1_159' title='bbox 3795 1477 3954 1517; x_wconf 87' lang='lat' dir='ltr'><strong>reve-</strong></span> 
     </span>
    </p>
   </div>
   <div class='ocr_carea' id='block_1_20' title="bbox 421 1547 3954 1622">
    <p class='ocr_par' dir='ltr' id='par_1_20' title="bbox 421 1547 3954 1622">
     <span class='ocr_line' id='line_1_20' title="bbox 421 1547 3954 1622; baseline 0.001 -18"><span class='ocrx_word' id='word_1_160' title='bbox 421 1553 522 1606; x_wconf 88' lang='lat' dir='ltr'><strong>aut</strong></span> <span class='ocrx_word' id='word_1_161' title='bbox 553 1553 674 1606; x_wconf 91' lang='lat' dir='ltr'><strong>tum</strong></span> <span class='ocrx_word' id='word_1_162' title='bbox 719 1547 1043 1606; x_wconf 85' lang='lat' dir='ltr'><strong>viventium</strong></span> <span class='ocrx_word' id='word_1_163' title='bbox 1085 1549 1432 1622; x_wconf 87' lang='lat' dir='ltr'><strong>pontificum</strong></span> <span class='ocrx_word' id='word_1_164' title='bbox 1481 1547 1778 1622; x_wconf 82' lang='lat' dir='ltr'><strong>epistolis;</strong></span> <span class='ocrx_word' id='word_1_165' title='bbox 1827 1564 2017 1622; x_wconf 88' lang='lat' dir='ltr'><strong>neque</strong></span> <span class='ocrx_word' id='word_1_166' title='bbox 2050 1564 2142 1607; x_wconf 91' lang='lat' dir='ltr'><strong>se-</strong></span> <span class='ocrx_word' id='word_1_167' title='bbox 2227 1551 2551 1606; x_wconf 90' lang='lat' dir='ltr'><strong>rendissimo</strong></span> <span class='ocrx_word' id='word_1_168' title='bbox 2615 1551 3020 1621; x_wconf 74' lang='lat' dir='ltr'><strong>archiepiscopo</strong></span> <span class='ocrx_word' id='word_1_169' title='bbox 3075 1553 3268 1606; x_wconf 84' lang='lat' dir='ltr'><strong>Petrus</strong></span> <span class='ocrx_word' id='word_1_170' title='bbox 3329 1556 3580 1621; x_wconf 81' lang='lat' dir='ltr'><strong>peccator</strong></span> <span class='ocrx_word' id='word_1_171' title='bbox 3630 1552 3954 1616; x_wconf 85' lang='lat' dir='ltr'><strong>monachus,</strong></span> 
     </span>
    </p>
   </div>
   <div class='ocr_carea' id='block_1_21' title="bbox 428 1637 3958 1714">
    <p class='ocr_par' dir='ltr' id='par_1_21' title="bbox 428 1637 3958 1714">
     <span class='ocr_line' id='line_1_21' title="bbox 428 1637 3958 1714; baseline 0 -16"><span class='ocrx_word' id='word_1_172' title='bbox 428 1645 544 1698; x_wconf 85' lang='lat' dir='ltr'><strong>met</strong></span> <span class='ocrx_word' id='word_1_173' title='bbox 576 1637 698 1712; x_wconf 91' lang='lat' dir='ltr'><strong>ipse</strong></span> <span class='ocrx_word' id='word_1_174' title='bbox 727 1638 790 1696; x_wconf 94' lang='lat' dir='ltr'><strong>B.</strong></span> <span class='ocrx_word' id='word_1_175' title='bbox 828 1637 1034 1698; x_wconf 92' lang='lat' dir='ltr'><strong>Petrus</strong></span> <span class='ocrx_word' id='word_1_176' title='bbox 1064 1641 1419 1699; x_wconf 90' lang='lat' dir='ltr'><strong>cardinalem</strong></span> <span class='ocrx_word' id='word_1_177' title='bbox 1465 1641 1526 1699; x_wconf 91' lang='lat' dir='ltr'><strong>in</strong></span> <span class='ocrx_word' id='word_1_178' title='bbox 1559 1641 1682 1700; x_wconf 90' lang='lat' dir='ltr'><strong>suis</strong></span> <span class='ocrx_word' id='word_1_179' title='bbox 1726 1640 2147 1700; x_wconf 88' lang='lat' dir='ltr'><strong>lucubrationi-</strong></span> <span class='ocrx_word' id='word_1_180' title='bbox 2231 1642 2425 1697; x_wconf 80' lang='lat' dir='ltr'><strong>debitae</strong></span> <span class='ocrx_word' id='word_1_181' title='bbox 2449 1639 2802 1709; x_wconf 84' lang='lat' dir='ltr'><strong>subjectionis</strong></span> <span class='ocrx_word' id='word_1_182' title='bbox 2835 1640 3170 1710; x_wconf 81' lang='lat' dir='ltr'><strong>obsequium.</strong></span> <span class='ocrx_word' id='word_1_183' title='bbox 3205 1638 3512 1712; x_wconf 83' lang='lat' dir='ltr'><strong>Cajetanus</strong></span> <span class='ocrx_word' id='word_1_184' title='bbox 3552 1638 3791 1698; x_wconf 90' lang='lat' dir='ltr'><strong>missam</strong></span> <span class='ocrx_word' id='word_1_185' title='bbox 3819 1640 3958 1714; x_wconf 93' lang='lat' dir='ltr'><strong>opi-</strong></span> 
     </span>
    </p>
   </div>
   <div class='ocr_carea' id='block_1_22' title="bbox 428 1189 2141 1264">
    <p class='ocr_par' dir='ltr' id='par_1_22' title="bbox 428 1189 2141 1264">
     <span class='ocr_line' id='line_1_22' title="bbox 428 1189 2141 1264; baseline -0.001 -15"><span class='ocrx_word' id='word_1_186' title='bbox 428 1192 596 1264; x_wconf 87' lang='lat' dir='ltr'><strong>cujus</strong></span> <span class='ocrx_word' id='word_1_187' title='bbox 648 1191 1008 1263; x_wconf 88' lang='lat' dir='ltr'><strong>episcopatus</strong></span> <span class='ocrx_word' id='word_1_188' title='bbox 1047 1189 1186 1264; x_wconf 90' lang='lat' dir='ltr'><strong>quia</strong></span> <span class='ocrx_word' id='word_1_189' title='bbox 1231 1190 1621 1250; x_wconf 89' lang='lat' dir='ltr'><strong>cardinalium</strong></span> <span class='ocrx_word' id='word_1_190' title='bbox 1669 1191 1906 1262; x_wconf 84' lang='lat' dir='ltr'><strong>decano,</strong></span> <span class='ocrx_word' id='word_1_191' title='bbox 1954 1207 1987 1248; x_wconf 91' lang='lat' dir='ltr'><strong>a</strong></span> <span class='ocrx_word' id='word_1_192' title='bbox 2027 1205 2141 1264; x_wconf 92' lang='lat' dir='ltr'><strong>quo</strong></span> 
     </span>
    </p>
   </div>
   <div class='ocr_carea' id='block_1_23' title="bbox 428 1279 2136 1354">
    <p class='ocr_par' dir='ltr' id='par_1_23' title="bbox 428 1279 2136 1354">
     <span class='ocr_line' id='line_1_23' title="bbox 428 1279 2136 1354; baseline -0.002 -15"><span class='ocrx_word' id='word_1_193' title='bbox 428 1297 694 1340; x_wconf 90' lang='lat' dir='ltr'><strong>summus</strong></span> <span class='ocrx_word' id='word_1_194' title='bbox 731 1281 993 1354; x_wconf 81' lang='lat' dir='ltr'><strong>pontifex</strong></span> <span class='ocrx_word' id='word_1_195' title='bbox 1034 1288 1399 1340; x_wconf 89' lang='lat' dir='ltr'><strong>consecratur</strong></span> <span class='ocrx_word' id='word_1_196' title='bbox 1445 1281 1625 1340; x_wconf 89' lang='lat' dir='ltr'><strong>tribui</strong></span> <span class='ocrx_word' id='word_1_197' title='bbox 1663 1281 1826 1352; x_wconf 88' lang='lat' dir='ltr'><strong>solet,</strong></span> <span class='ocrx_word' id='word_1_198' title='bbox 1877 1280 2030 1338; x_wconf 89' lang='lat' dir='ltr'><strong>inter</strong></span> <span class='ocrx_word' id='word_1_199' title='bbox 2077 1279 2136 1339; x_wconf 92' lang='lat' dir='ltr'><strong>S.</strong></span> 
     </span>
    </p>
   </div>
   <div class='ocr_carea' id='block_1_24' title="bbox 427 1369 2140 1442">
    <p class='ocr_par' dir='ltr' id='par_1_24' title="bbox 427 1369 2140 1442">
     <span class='ocr_line' id='line_1_24' title="bbox 427 1369 2140 1442; baseline -0.001 -14"><span class='ocrx_word' id='word_1_200' title='bbox 427 1369 498 1428; x_wconf 81' lang='lat' dir='ltr'><strong>R.</strong></span> <span class='ocrx_word' id='word_1_201' title='bbox 531 1369 594 1427; x_wconf 87' lang='grc' dir='ltr'><strong>Ε.</strong></span> <span class='ocrx_word' id='word_1_202' title='bbox 623 1369 943 1428; x_wconf 88' lang='lat' dir='ltr'><strong>cardinales</strong></span> <span class='ocrx_word' id='word_1_203' title='bbox 974 1370 1036 1427; x_wconf 93' lang='lat' dir='ltr'><strong>B.</strong></span> <span class='ocrx_word' id='word_1_204' title='bbox 1080 1370 1285 1430; x_wconf 88' lang='lat' dir='ltr'><strong>Petrus</strong></span> <span class='ocrx_word' id='word_1_205' title='bbox 1312 1371 1488 1429; x_wconf 88' lang='lat' dir='ltr'><strong>etiam</strong></span> <span class='ocrx_word' id='word_1_206' title='bbox 1527 1369 1731 1430; x_wconf 90' lang='lat' dir='ltr'><strong>merito</strong></span> <span class='ocrx_word' id='word_1_207' title='bbox 1778 1374 2140 1442; x_wconf 89' lang='lat' dir='ltr'><strong>numeratur,</strong></span> 
     </span>
    </p>
   </div>
   <div class='ocr_carea' id='block_1_25' title="bbox 430 1729 2143 1806">
    <p class='ocr_par' dir='ltr' id='par_1_25' title="bbox 430 1729 2143 1806">
     <span class='ocr_line' id='line_1_25' title="bbox 430 1729 2143 1806; baseline 0.001 -19"><span class='ocrx_word' id='word_1_208' title='bbox 430 1729 540 1787; x_wconf 90' lang='lat' dir='ltr'><strong>bus</strong></span> <span class='ocrx_word' id='word_1_209' title='bbox 570 1729 834 1803; x_wconf 86' lang='lat' dir='ltr'><strong>appellet.</strong></span> <span class='ocrx_word' id='word_1_210' title='bbox 870 1730 1074 1790; x_wconf 85' lang='lat' dir='ltr'><strong>Exstat</strong></span> <span class='ocrx_word' id='word_1_211' title='bbox 1107 1732 1234 1804; x_wconf 88' lang='lat' dir='ltr'><strong>ejus</strong></span> <span class='ocrx_word' id='word_1_212' title='bbox 1278 1732 1444 1806; x_wconf 91' lang='lat' dir='ltr'><strong>epist.</strong></span> <span class='ocrx_word' id='word_1_213' title='bbox 1483 1733 1506 1791; x_wconf 90' lang='lat'><strong>1</strong></span> <span class='ocrx_word' id='word_1_214' title='bbox 1544 1732 1644 1792; x_wconf 94' lang='lat' dir='ltr'><strong>lib.</strong></span> <span class='ocrx_word' id='word_1_215' title='bbox 1694 1745 1736 1791; x_wconf 95' lang='lat' dir='ltr'><strong>II</strong></span> <span class='ocrx_word' id='word_1_216' title='bbox 1773 1734 1844 1791; x_wconf 90' lang='lat' dir='ltr'><strong>ad</strong></span> <span class='ocrx_word' id='word_1_217' title='bbox 1903 1737 2143 1792; x_wconf 82' lang='lat' dir='ltr'><strong>Venera-</strong></span> 
     </span>
    </p>
   </div>
   <div class='ocr_carea' id='block_1_26' title="bbox 2231 1731 3960 1804">
    <p class='ocr_par' dir='ltr' id='par_1_26' title="bbox 2231 1731 3960 1804">
     <span class='ocr_line' id='line_1_26' title="bbox 2231 1731 3960 1804; baseline 0 -14"><span class='ocrx_word' id='word_1_218' title='bbox 2231 1739 2406 1790; x_wconf 87' lang='lat' dir='ltr'><strong>natur</strong></span> <span class='ocrx_word' id='word_1_219' title='bbox 2432 1731 2663 1786; x_wconf 76' lang='lat' dir='ltr'><strong>Henrico</strong></span> <span class='ocrx_word' id='word_1_220' title='bbox 2697 1732 3104 1803; x_wconf 76' lang='lat' dir='ltr'><strong>archiepiscopo</strong></span> <span class='ocrx_word' id='word_1_221' title='bbox 3133 1734 3460 1797; x_wconf 81' lang='lat' dir='ltr'><strong>Ravennati,</strong></span> <span class='ocrx_word' id='word_1_222' title='bbox 3495 1736 3551 1789; x_wconf 82' lang='lat' dir='ltr'><strong>et</strong></span> <span class='ocrx_word' id='word_1_223' title='bbox 3575 1731 3670 1804; x_wconf 82' lang='lat' dir='ltr'><strong>agi</strong></span> <span class='ocrx_word' id='word_1_224' title='bbox 3700 1731 3774 1790; x_wconf 91' lang='lat' dir='ltr'><strong>de</strong></span> <span class='ocrx_word' id='word_1_225' title='bbox 3799 1734 3960 1789; x_wconf 81' lang='lat' dir='ltr'><strong>schi-</strong></span> 
     </span>
    </p>
   </div>
   <div class='ocr_carea' id='block_1_27' title="bbox 431 1818 3961 1902">
    <p class='ocr_par' dir='ltr' id='par_1_27' title="bbox 431 1818 3961 1902">
     <span class='ocr_line' id='line_1_27' title="bbox 431 1818 3961 1902; baseline 0.001 -27"><span class='ocrx_word' id='word_1_226' title='bbox 431 1820 562 1876; x_wconf 85' lang='lat' dir='ltr'><strong>biles</strong></span> <span class='ocrx_word' id='word_1_227' title='bbox 613 1823 886 1893; x_wconf 84' lang='lat' dir='ltr'><strong>episcopos</strong></span> <span class='ocrx_word' id='word_1_228' title='bbox 935 1825 1316 1880; x_wconf 83' lang='lat' dir='ltr'><strong>Lateranensis</strong></span> <span class='ocrx_word' id='word_1_229' title='bbox 1367 1825 1621 1880; x_wconf 72' lang='lat' dir='ltr'><strong>Ecclesiae</strong></span> <span class='ocrx_word' id='word_1_230' title='bbox 1671 1825 2024 1881; x_wconf 83' lang='lat' dir='ltr'><strong>cardinales:</strong></span> <span class='ocrx_word' id='word_1_231' title='bbox 2073 1822 2404 1902; x_wconf 84' lang='lat' dir='ltr'><strong>astmate</strong></span> <span class='ocrx_word' id='word_1_232' title='bbox 2446 1821 2674 1878; x_wconf 85' lang='lat' dir='ltr'><strong>Cadalo-i</strong></span> <span class='ocrx_word' id='word_1_233' title='bbox 2714 1823 3012 1892; x_wconf 76' lang='lat' dir='ltr'><strong>antipapaz.</strong></span> <span class='ocrx_word' id='word_1_234' title='bbox 3045 1818 3344 1892; x_wconf 86' lang='lat' dir='ltr'><strong>Inscripsit</strong></span> <span class='ocrx_word' id='word_1_235' title='bbox 3374 1819 3626 1878; x_wconf 89' lang='lat' dir='ltr'><strong>Henrico</strong></span> <span class='ocrx_word' id='word_1_236' title='bbox 3655 1836 3854 1894; x_wconf 89' lang='lat' dir='ltr'><strong>opusc.</strong></span> <span class='ocrx_word' id='word_1_237' title='bbox 3891 1833 3961 1880; x_wconf 81' lang='lat' dir='ltr'><strong>VI</strong></span> 
     </span>
    </p>
   </div>
   <div class='ocr_carea' id='block_1_28' title="bbox 430 1913 2145 1989">
    <p class='ocr_par' dir='ltr' id='par_1_28' title="bbox 430 1913 2145 1989">
     <span class='ocr_line' id='line_1_28' title="bbox 430 1913 2145 1989; baseline 0.001 -18"><span class='ocrx_word' id='word_1_238' title='bbox 430 1928 605 1986; x_wconf 88' lang='lat' dir='ltr'><strong>quam</strong></span> <span class='ocrx_word' id='word_1_239' title='bbox 650 1917 886 1971; x_wconf 89' lang='lat' dir='ltr'><strong>annotat</strong></span> <span class='ocrx_word' id='word_1_240' title='bbox 929 1913 1252 1987; x_wconf 81' lang='lat' dir='ltr'><strong>Cajetanus,</strong></span> <span class='ocrx_word' id='word_1_241' title='bbox 1298 1913 1492 1987; x_wconf 85' lang='lat' dir='ltr'><strong>colligi</strong></span> <span class='ocrx_word' id='word_1_242' title='bbox 1528 1929 1662 1973; x_wconf 90' lang='lat' dir='ltr'><strong>eum</strong></span> <span class='ocrx_word' id='word_1_243' title='bbox 1709 1915 1889 1974; x_wconf 86' lang='lat' dir='ltr'><strong>fuisse</strong></span> <span class='ocrx_word' id='word_1_244' title='bbox 1927 1915 2145 1989; x_wconf 84' lang='lat' dir='ltr'><strong>episco-</strong></span> 
     </span>
    </p>
   </div>
   <div class='ocr_carea' id='block_1_29' title="bbox 2228 1909 3961 1978">
    <p class='ocr_par' dir='ltr' id='par_1_29' title="bbox 2228 1909 3961 1978">
     <span class='ocr_line' id='line_1_29' title="bbox 2228 1909 3961 1978; baseline -0.002 -6"><span class='ocrx_word' id='word_1_245' title='bbox 2228 1917 2428 1977; x_wconf 84' lang='lat' dir='ltr'><strong>contra</strong></span> <span class='ocrx_word' id='word_1_246' title='bbox 2488 1909 2851 1978; x_wconf 89' lang='lat' dir='ltr'><strong>simoniacos,</strong></span> <span class='ocrx_word' id='word_1_247' title='bbox 2906 1924 3040 1968; x_wconf 87' lang='lat' dir='ltr'><strong>cum</strong></span> <span class='ocrx_word' id='word_1_248' title='bbox 3089 1912 3300 1966; x_wconf 75' lang='lat' dir='ltr'><strong>nouiter</strong></span> <span class='ocrx_word' id='word_1_249' title='bbox 3353 1912 3714 1968; x_wconf 85' lang='lat' dir='ltr'><strong>sacerdotium</strong></span> <span class='ocrx_word' id='word_1_250' title='bbox 3766 1928 3961 1969; x_wconf 86' lang='lat' dir='ltr'><strong>susce-</strong></span> 
     </span>
    </p>
   </div>
   <div class='ocr_carea' id='block_1_30' title="bbox 426 1996 2019 2077">
    <p class='ocr_par' dir='ltr' id='par_1_30' title="bbox 426 2003 2007 2077">
     <span class='ocr_line' id='line_1_30' title="bbox 426 2003 2007 2077; baseline 0.001 -14"><span class='ocrx_word' id='word_1_251' title='bbox 426 2020 569 2077; x_wconf 91' lang='lat' dir='ltr'><strong>pum</strong></span> <span class='ocrx_word' id='word_1_252' title='bbox 619 2003 972 2062; x_wconf 89' lang='lat' dir='ltr'><strong>cardinalem</strong></span> <span class='ocrx_word' id='word_1_253' title='bbox 1019 2005 1092 2063; x_wconf 93' lang='lat' dir='ltr'><strong>ob</strong></span> <span class='ocrx_word' id='word_1_254' title='bbox 1140 2005 1266 2064; x_wconf 71' lang='lat' dir='ltr'><strong>haec</strong></span> <span class='ocrx_word' id='word_1_255' title='bbox 1305 2005 1481 2064; x_wconf 90' lang='lat' dir='ltr'><strong>verba</strong></span> <span class='ocrx_word' id='word_1_256' title='bbox 1524 2005 1784 2065; x_wconf 89' lang='lat' dir='ltr'><strong>inserta:</strong></span> <span class='ocrx_word' id='word_1_257' title='bbox 1826 2029 1854 2058; x_wconf 76' lang='grc' dir='ltr'><strong>α</strong></span> <span class='ocrx_word' id='word_1_258' title='bbox 1892 2005 2007 2064; x_wconf 89' lang='lat' dir='ltr'><strong>Nos</strong></span> 
     </span>
    </p>
   </div>
   <div class='ocr_carea' id='block_1_31' title="bbox 2367 1996 3960 2077">
    <p class='ocr_par' dir='ltr' id='par_1_31' title="bbox 2367 1996 3960 2074">
     <span class='ocr_line' id='line_1_31' title="bbox 2367 1996 3960 2074; baseline 0.002 -17"><span class='ocrx_word' id='word_1_259' title='bbox 2367 2006 2398 2057; x_wconf 65' lang='lat' dir='ltr'><strong>et</strong></span> <span class='ocrx_word' id='word_1_260' title='bbox 2451 2015 2607 2058; x_wconf 91' lang='lat' dir='ltr'><strong>anno</strong></span> <span class='ocrx_word' id='word_1_261' title='bbox 2661 1998 2817 2057; x_wconf 77' lang='lat'><strong>1051.</strong></span> <span class='ocrx_word' id='word_1_262' title='bbox 2875 1996 2987 2056; x_wconf 92' lang='lat' dir='ltr'><strong>Sed</strong></span> <span class='ocrx_word' id='word_1_263' title='bbox 3029 1996 3093 2055; x_wconf 91' lang='lat' dir='ltr'><strong>in</strong></span> <span class='ocrx_word' id='word_1_264' title='bbox 3140 1999 3494 2072; x_wconf 88' lang='lat' dir='ltr'><strong>Appendice,</strong></span> <span class='ocrx_word' id='word_1_265' title='bbox 3538 2016 3640 2060; x_wconf 89' lang='lat' dir='ltr'><strong>seu</strong></span> <span class='ocrx_word' id='word_1_266' title='bbox 3684 2015 3808 2074; x_wconf 87' lang='lat' dir='ltr'><strong>cap.</strong></span> <span class='ocrx_word' id='word_1_267' title='bbox 3855 2000 3960 2072; x_wconf 88' lang='lat'><strong>39,</strong></span> 
     </span>
    </p>
   </div>
   <div class='ocr_carea' id='block_1_32' title="bbox 435 2093 2148 2166">
    <p class='ocr_par' dir='ltr' id='par_1_32' title="bbox 435 2093 2148 2166">
     <span class='ocr_line' id='line_1_32' title="bbox 435 2093 2148 2166; baseline 0.002 -14"><span class='ocrx_word' id='word_1_268' title='bbox 435 2108 567 2166; x_wconf 91' lang='lat' dir='ltr'><strong>que,</strong></span> <span class='ocrx_word' id='word_1_269' title='bbox 605 2093 816 2160; x_wconf 70' lang='lat' dir='ltr'><strong>fratres</strong></span> <span class='ocrx_word' id='word_1_270' title='bbox 864 2093 1001 2165; x_wconf 91' lang='lat' dir='ltr'><strong>mei,</strong></span> <span class='ocrx_word' id='word_1_271' title='bbox 1035 2099 1099 2154; x_wconf 92' lang='lat' dir='ltr'><strong>ut</strong></span> <span class='ocrx_word' id='word_1_272' title='bbox 1130 2099 1186 2153; x_wconf 91' lang='lat' dir='ltr'><strong>et</strong></span> <span class='ocrx_word' id='word_1_273' title='bbox 1232 2110 1324 2153; x_wconf 90' lang='lat' dir='ltr'><strong>me</strong></span> <span class='ocrx_word' id='word_1_274' title='bbox 1368 2094 1535 2154; x_wconf 90' lang='lat' dir='ltr'><strong>vobis</strong></span> <span class='ocrx_word' id='word_1_275' title='bbox 1584 2096 1863 2155; x_wconf 87' lang='lat' dir='ltr'><strong>audenter</strong></span> <span class='ocrx_word' id='word_1_276' title='bbox 1909 2097 2148 2155; x_wconf 87' lang='lat' dir='ltr'><strong>interse-</strong></span> 
     </span>
    </p>
   </div>
   <div class='ocr_carea' id='block_1_33' title="bbox 435 2183 2148 2259">
    <p class='ocr_par' dir='ltr' id='par_1_33' title="bbox 435 2183 2148 2259">
     <span class='ocr_line' id='line_1_33' title="bbox 435 2183 2148 2259; baseline 0.002 -16"><span class='ocrx_word' id='word_1_277' title='bbox 435 2198 584 2252; x_wconf 84' lang='lat' dir='ltr'><strong>ram,</strong></span> <span class='ocrx_word' id='word_1_278' title='bbox 620 2197 747 2254; x_wconf 91' lang='lat' dir='ltr'><strong>nos,</strong></span> <span class='ocrx_word' id='word_1_279' title='bbox 780 2183 1044 2258; x_wconf 91' lang='lat' dir='ltr'><strong>inquam,</strong></span> <span class='ocrx_word' id='word_1_280' title='bbox 1080 2183 1184 2257; x_wconf 89' lang='lat' dir='ltr'><strong>qui</strong></span> <span class='ocrx_word' id='word_1_281' title='bbox 1215 2191 1737 2259; x_wconf 75' lang='lat' dir='ltr'><strong>tanquam&#39;septem</strong></span> <span class='ocrx_word' id='word_1_282' title='bbox 1766 2186 2148 2246; x_wconf 58' lang='lat' dir='ltr'><strong>sumus-oculi</strong></span> 
     </span>
    </p>
   </div>
   <div class='ocr_carea' id='block_1_34' title="bbox 435 2271 2150 2350">
    <p class='ocr_par' dir='ltr' id='par_1_34' title="bbox 435 2271 2150 2350">
     <span class='ocr_line' id='line_1_34' title="bbox 435 2271 2150 2350; baseline 0.003 -19"><span class='ocrx_word' id='word_1_283' title='bbox 435 2287 608 2345; x_wconf 88' lang='lat' dir='ltr'><strong>super</strong></span> <span class='ocrx_word' id='word_1_284' title='bbox 651 2271 901 2343; x_wconf 90' lang='lat' dir='ltr'><strong>lapidem</strong></span> <span class='ocrx_word' id='word_1_285' title='bbox 932 2288 1142 2343; x_wconf 92' lang='lat' dir='ltr'><strong>unum,</strong></span> <span class='ocrx_word' id='word_1_286' title='bbox 1177 2274 1281 2347; x_wconf 89' lang='lat' dir='ltr'><strong>qui</strong></span> <span class='ocrx_word' id='word_1_287' title='bbox 1313 2274 1612 2334; x_wconf 90' lang='lat' dir='ltr'><strong>stellarum</strong></span> <span class='ocrx_word' id='word_1_288' title='bbox 1662 2284 1954 2350; x_wconf 89' lang='lat' dir='ltr'><strong>portamus</strong></span> <span class='ocrx_word' id='word_1_289' title='bbox 1999 2278 2150 2336; x_wconf 90' lang='lat' dir='ltr'><strong>ima-</strong></span> 
     </span>
    </p>
   </div>
   <div class='ocr_carea' id='block_1_35' title="bbox 433 2359 2150 2438">
    <p class='ocr_par' dir='ltr' id='par_1_35' title="bbox 433 2359 2150 2438">
     <span class='ocr_line' id='line_1_35' title="bbox 433 2359 2150 2438; baseline 0.003 -20"><span class='ocrx_word' id='word_1_290' title='bbox 433 2361 649 2435; x_wconf 86' lang='lat' dir='ltr'><strong>ginem,</strong></span> <span class='ocrx_word' id='word_1_291' title='bbox 687 2359 788 2433; x_wconf 85' lang='lat' dir='ltr'><strong>qui</strong></span> <span class='ocrx_word' id='word_1_292' title='bbox 837 2362 1180 2435; x_wconf 90' lang='lat' dir='ltr'><strong>angelorum</strong></span> <span class='ocrx_word' id='word_1_293' title='bbox 1232 2368 1498 2423; x_wconf 87' lang='lat' dir='ltr'><strong>tenemus</strong></span> <span class='ocrx_word' id='word_1_294' title='bbox 1545 2380 1646 2438; x_wconf 90' lang='lat' dir='ltr'><strong>per</strong></span> <span class='ocrx_word' id='word_1_295' title='bbox 1686 2365 2150 2424; x_wconf 89' lang='lat' dir='ltr'><strong>annuntiationis</strong></span> 
     </span>
    </p>
   </div>
   <div class='ocr_carea' id='block_1_36' title="bbox 440 2450 2153 2529">
    <p class='ocr_par' dir='ltr' id='par_1_36' title="bbox 440 2450 2153 2529">
     <span class='ocr_line' id='line_1_36' title="bbox 440 2450 2153 2529; baseline 0.003 -19"><span class='ocrx_word' id='word_1_296' title='bbox 440 2450 695 2511; x_wconf 71' lang='lat' dir='ltr'><strong>officium</strong></span> <span class='ocrx_word' id='word_1_297' title='bbox 716 2450 1079 2524; x_wconf 88' lang='lat' dir='ltr'><strong>dignitatem,</strong></span> <span class='ocrx_word' id='word_1_298' title='bbox 1103 2452 1424 2526; x_wconf 87' lang='lat' dir='ltr'><strong>videamus,</strong></span> <span class='ocrx_word' id='word_1_299' title='bbox 1454 2454 1884 2529; x_wconf 89' lang='lat' dir='ltr'><strong>splendeamus,</strong></span> <span class='ocrx_word' id='word_1_300' title='bbox 1904 2463 1959 2515; x_wconf 91' lang='lat' dir='ltr'><strong>et</strong></span> <span class='ocrx_word' id='word_1_301' title='bbox 1977 2457 2153 2515; x_wconf 91' lang='lat' dir='ltr'><strong>verba</strong></span> 
     </span>
    </p>
   </div>
   <div class='ocr_carea' id='block_1_37' title="bbox 438 2538 2153 2613">
    <p class='ocr_par' dir='ltr' id='par_1_37' title="bbox 438 2538 2153 2613">
     <span class='ocr_line' id='line_1_37' title="bbox 438 2538 2153 2613; baseline 0.005 -17"><span class='ocrx_word' id='word_1_302' title='bbox 438 2540 573 2598; x_wconf 69' lang='lat' dir='ltr'><strong>vitae</strong></span> <span class='ocrx_word' id='word_1_303' title='bbox 615 2538 863 2613; x_wconf 90' lang='lat' dir='ltr'><strong>populis,</strong></span> <span class='ocrx_word' id='word_1_304' title='bbox 915 2555 1034 2599; x_wconf 89' lang='lat' dir='ltr'><strong>non</strong></span> <span class='ocrx_word' id='word_1_305' title='bbox 1085 2541 1274 2600; x_wconf 89' lang='lat' dir='ltr'><strong>solum</strong></span> <span class='ocrx_word' id='word_1_306' title='bbox 1325 2542 1580 2613; x_wconf 92' lang='lat' dir='ltr'><strong>vocibus,</strong></span> <span class='ocrx_word' id='word_1_307' title='bbox 1638 2544 1736 2602; x_wconf 92' lang='lat' dir='ltr'><strong>sed</strong></span> <span class='ocrx_word' id='word_1_308' title='bbox 1792 2551 1845 2602; x_wconf 93' lang='lat' dir='ltr'><strong>et</strong></span> <span class='ocrx_word' id='word_1_309' title='bbox 1891 2545 2153 2604; x_wconf 89' lang='lat' dir='ltr'><strong>moribus</strong></span> 
     </span>
    </p>
   </div>
   <div class='ocr_carea' id='block_1_38' title="bbox 436 2628 2148 2706">
    <p class='ocr_par' dir='ltr' id='par_1_38' title="bbox 436 2628 2148 2706">
     <span class='ocr_line' id='line_1_38' title="bbox 436 2628 2148 2706; baseline 0.002 -18"><span class='ocrx_word' id='word_1_310' title='bbox 436 2628 792 2688; x_wconf 88' lang='lat' dir='ltr'><strong>nuntiemus.</strong></span> <span class='ocrx_word' id='word_1_311' title='bbox 829 2652 854 2679; x_wconf 76' lang='grc' dir='ltr'><strong>υ</strong></span> <span class='ocrx_word' id='word_1_312' title='bbox 893 2628 1034 2687; x_wconf 61' lang='lat' dir='ltr'><strong>Haec</strong></span> <span class='ocrx_word' id='word_1_313' title='bbox 1074 2629 1178 2688; x_wconf 86' lang='lat' dir='ltr'><strong>ibi.</strong></span> <span class='ocrx_word' id='word_1_314' title='bbox 1212 2629 1465 2690; x_wconf 83' lang='lat' dir='ltr'><strong>Clariora</strong></span> <span class='ocrx_word' id='word_1_315' title='bbox 1493 2631 1708 2690; x_wconf 91' lang='lat' dir='ltr'><strong>indicia</strong></span> <span class='ocrx_word' id='word_1_316' title='bbox 1736 2649 1811 2691; x_wconf 91' lang='lat' dir='ltr'><strong>ex</strong></span> <span class='ocrx_word' id='word_1_317' title='bbox 1845 2633 1970 2706; x_wconf 90' lang='lat' dir='ltr'><strong>ejus</strong></span> <span class='ocrx_word' id='word_1_318' title='bbox 2015 2649 2148 2706; x_wconf 90' lang='lat' dir='ltr'><strong>ope-</strong></span> 
     </span>
    </p>
   </div>
   <div class='ocr_carea' id='block_1_39' title="bbox 437 2716 2152 2788">
    <p class='ocr_par' dir='ltr' id='par_1_39' title="bbox 437 2716 2152 2788">
     <span class='ocr_line' id='line_1_39' title="bbox 437 2716 2152 2788; baseline 0.002 -12"><span class='ocrx_word' id='word_1_319' title='bbox 437 2717 598 2777; x_wconf 87' lang='lat' dir='ltr'><strong>ribus</strong></span> <span class='ocrx_word' id='word_1_320' title='bbox 638 2733 774 2777; x_wconf 83' lang='lat' dir='ltr'><strong>mox</strong></span> <span class='ocrx_word' id='word_1_321' title='bbox 820 2716 1112 2779; x_wconf 87' lang='lat' dir='ltr'><strong>dabimus.</strong></span> <span class='ocrx_word' id='word_1_322' title='bbox 1159 2719 1506 2779; x_wconf 90' lang='lat' dir='ltr'><strong>Bertholdus</strong></span> <span class='ocrx_word' id='word_1_323' title='bbox 1558 2721 2032 2788; x_wconf 88' lang='lat' dir='ltr'><strong>Constantiensis,</strong></span> <span class='ocrx_word' id='word_1_324' title='bbox 2079 2723 2152 2780; x_wconf 89' lang='lat' dir='ltr'><strong>ab</strong></span> 
     </span>
    </p>
   </div>
   <div class='ocr_carea' id='block_1_40' title="bbox 437 2809 2151 2888">
    <p class='ocr_par' dir='ltr' id='par_1_40' title="bbox 437 2809 2151 2888">
     <span class='ocr_line' id='line_1_40' title="bbox 437 2809 2151 2888; baseline 0.003 -21"><span class='ocrx_word' id='word_1_325' title='bbox 437 2809 641 2868; x_wconf 88' lang='lat' dir='ltr'><strong>Ottone</strong></span> <span class='ocrx_word' id='word_1_326' title='bbox 672 2809 933 2883; x_wconf 90' lang='lat' dir='ltr'><strong>episcopo</strong></span> <span class='ocrx_word' id='word_1_327' title='bbox 965 2809 1235 2882; x_wconf 84' lang='lat' dir='ltr'><strong>Ostiensi,</strong></span> <span class='ocrx_word' id='word_1_328' title='bbox 1267 2811 1402 2869; x_wconf 91' lang='lat' dir='ltr'><strong>dein</strong></span> <span class='ocrx_word' id='word_1_329' title='bbox 1440 2811 1671 2871; x_wconf 89' lang='lat' dir='ltr'><strong>Urbano</strong></span> <span class='ocrx_word' id='word_1_330' title='bbox 1717 2812 1772 2870; x_wconf 97' lang='grc' dir='ltr'><strong>ΙΙ</strong></span> <span class='ocrx_word' id='word_1_331' title='bbox 1805 2830 1966 2888; x_wconf 88' lang='lat' dir='ltr'><strong>papa,</strong></span> <span class='ocrx_word' id='word_1_332' title='bbox 1999 2829 2151 2872; x_wconf 90' lang='lat' dir='ltr'><strong>anno</strong></span> 
     </span>
    </p>
   </div>
   <div class='ocr_carea' id='block_1_41' title="bbox 439 2897 2154 2974">
    <p class='ocr_par' dir='ltr' id='par_1_41' title="bbox 439 2897 2154 2974">
     <span class='ocr_line' id='line_1_41' title="bbox 439 2897 2154 2974; baseline 0.002 -19"><span class='ocrx_word' id='word_1_333' title='bbox 439 2897 596 2964; x_wconf 78' lang='lat'><strong>1081.</strong></span> <span class='ocrx_word' id='word_1_334' title='bbox 653 2905 1016 2957; x_wconf 88' lang='lat' dir='ltr'><strong>consecratus</strong></span> <span class='ocrx_word' id='word_1_335' title='bbox 1089 2899 1407 2972; x_wconf 82' lang='lat' dir='ltr'><strong>presbyter,</strong></span> <span class='ocrx_word' id='word_1_336' title='bbox 1471 2901 1716 2974; x_wconf 79' lang='lat' dir='ltr'><strong>appellat</strong></span> <span class='ocrx_word' id='word_1_337' title='bbox 1764 2906 1983 2959; x_wconf 85' lang='lat' dir='ltr'><strong>Petrum</strong></span> <span class='ocrx_word' id='word_1_338' title='bbox 2037 2907 2154 2959; x_wconf 89' lang='lat' dir='ltr'><strong>Da-</strong></span> 
     </span>
    </p>
   </div>
   <div class='ocr_carea' id='block_1_42' title="bbox 437 2989 2154 3065">
    <p class='ocr_par' dir='ltr' id='par_1_42' title="bbox 437 2989 2154 3065">
     <span class='ocr_line' id='line_1_42' title="bbox 437 2989 2154 3065; baseline 0.006 -25"><span class='ocrx_word' id='word_1_339' title='bbox 437 2989 612 3041; x_wconf 84' lang='lat' dir='ltr'><strong>miani</strong></span> <span class='ocrx_word' id='word_1_340' title='bbox 650 2990 761 3058; x_wconf 64' lang='lat' dir='ltr'><strong>piw</strong></span> <span class='ocrx_word' id='word_1_341' title='bbox 796 2991 1064 3043; x_wconf 75' lang='lat' dir='ltr'><strong>memoria:</strong></span> <span class='ocrx_word' id='word_1_342' title='bbox 1105 2990 1439 3044; x_wconf 81' lang='lat' dir='ltr'><strong>cardinalem</strong></span> <span class='ocrx_word' id='word_1_343' title='bbox 1474 2993 1782 3062; x_wconf 83' lang='lat' dir='ltr'><strong>episcopum</strong></span> <span class='ocrx_word' id='word_1_344' title='bbox 1820 2991 1884 3049; x_wconf 85' lang='lat' dir='ltr'><strong>in</strong></span> <span class='ocrx_word' id='word_1_345' title='bbox 1929 2993 2154 3065; x_wconf 83' lang='lat' dir='ltr'><strong>Appen-</strong></span> 
     </span>
    </p>
   </div>
   <div class='ocr_carea' id='block_1_43' title="bbox 437 3073 2149 3150">
    <p class='ocr_par' dir='ltr' id='par_1_43' title="bbox 437 3073 2149 3150">
     <span class='ocr_line' id='line_1_43' title="bbox 437 3073 2149 3150; baseline 0.005 -19"><span class='ocrx_word' id='word_1_346' title='bbox 437 3073 562 3132; x_wconf 90' lang='lat' dir='ltr'><strong>dice</strong></span> <span class='ocrx_word' id='word_1_347' title='bbox 617 3074 888 3133; x_wconf 85' lang='lat' dir='ltr'><strong>Chronici</strong></span> <span class='ocrx_word' id='word_1_348' title='bbox 953 3075 1277 3134; x_wconf 87' lang='lat' dir='ltr'><strong>Hermanni</strong></span> <span class='ocrx_word' id='word_1_349' title='bbox 1337 3078 1642 3147; x_wconf 85' lang='lat' dir='ltr'><strong>Contracti,</strong></span> <span class='ocrx_word' id='word_1_350' title='bbox 1695 3079 1765 3136; x_wconf 91' lang='lat' dir='ltr'><strong>ad</strong></span> <span class='ocrx_word' id='word_1_351' title='bbox 1828 3095 1922 3137; x_wconf 87' lang='lat' dir='ltr'><strong>an.</strong></span> <span class='ocrx_word' id='word_1_352' title='bbox 1998 3079 2149 3150; x_wconf 85' lang='lat'><strong>1100,</strong></span> 
     </span>
    </p>
   </div>
   <div class='ocr_carea' id='block_1_44' title="bbox 2229 2088 3962 2164">
    <p class='ocr_par' dir='ltr' id='par_1_44' title="bbox 2229 2088 3962 2164">
     <span class='ocr_line' id='line_1_44' title="bbox 2229 2088 3962 2164; baseline -0.002 -13"><span class='ocrx_word' id='word_1_353' title='bbox 2229 2091 2380 2151; x_wconf 92' lang='lat' dir='ltr'><strong>dolet</strong></span> <span class='ocrx_word' id='word_1_354' title='bbox 2408 2088 2469 2147; x_wconf 92' lang='lat' dir='ltr'><strong>id</strong></span> <span class='ocrx_word' id='word_1_355' title='bbox 2504 2105 2538 2146; x_wconf 90' lang='lat' dir='ltr'><strong>a</strong></span> <span class='ocrx_word' id='word_1_356' title='bbox 2570 2103 2631 2146; x_wconf 80' lang='lat' dir='ltr'><strong>se</strong></span> <span class='ocrx_word' id='word_1_357' title='bbox 2660 2088 2894 2158; x_wconf 88' lang='lat' dir='ltr'><strong>factum,</strong></span> <span class='ocrx_word' id='word_1_358' title='bbox 2928 2102 3061 2146; x_wconf 92' lang='lat' dir='ltr'><strong>cum</strong></span> <span class='ocrx_word' id='word_1_359' title='bbox 3097 2112 3123 2136; x_wconf 88' lang='grc'><strong>‹‹</strong></span> <span class='ocrx_word' id='word_1_360' title='bbox 3158 2103 3230 2145; x_wconf 89' lang='lat' dir='ltr'><strong>ne</strong></span> <span class='ocrx_word' id='word_1_361' title='bbox 3261 2094 3494 2148; x_wconf 90' lang='lat' dir='ltr'><strong>tenuem</strong></span> <span class='ocrx_word' id='word_1_362' title='bbox 3525 2089 3764 2164; x_wconf 91' lang='lat' dir='ltr'><strong>quidem</strong></span> <span class='ocrx_word' id='word_1_363' title='bbox 3796 2089 3962 2149; x_wconf 85' lang='lat' dir='ltr'><strong>scin-</strong></span> 
     </span>
    </p>
   </div>
   <div class='ocr_carea' id='block_1_45' title="bbox 2228 2177 3960 2251">
    <p class='ocr_par' dir='ltr' id='par_1_45' title="bbox 2228 2177 3960 2251">
     <span class='ocr_line' id='line_1_45' title="bbox 2228 2177 3960 2251; baseline 0.001 -14"><span class='ocrx_word' id='word_1_364' title='bbox 2228 2182 2414 2241; x_wconf 90' lang='lat' dir='ltr'><strong>tillam</strong></span> <span class='ocrx_word' id='word_1_365' title='bbox 2463 2178 2770 2238; x_wconf 89' lang='lat' dir='ltr'><strong>solutionis</strong></span> <span class='ocrx_word' id='word_1_366' title='bbox 2809 2177 3119 2251; x_wconf 90' lang='lat' dir='ltr'><strong>exculpere</strong></span> <span class='ocrx_word' id='word_1_367' title='bbox 3162 2178 3370 2250; x_wconf 89' lang='lat' dir='ltr'><strong>potuit.</strong></span> <span class='ocrx_word' id='word_1_368' title='bbox 3413 2201 3436 2231; x_wconf 77' lang='grc'><strong>»</strong></span> <span class='ocrx_word' id='word_1_369' title='bbox 3488 2178 3650 2239; x_wconf 89' lang='lat' dir='ltr'><strong>Unde</strong></span> <span class='ocrx_word' id='word_1_370' title='bbox 3693 2193 3815 2238; x_wconf 88' lang='lat' dir='ltr'><strong>non</strong></span> <span class='ocrx_word' id='word_1_371' title='bbox 3857 2179 3960 2239; x_wconf 88' lang='lat' dir='ltr'><strong>vi-</strong></span> 
     </span>
    </p>
   </div>
   <div class='ocr_carea' id='block_1_46' title="bbox 2231 2269 3966 2344">
    <p class='ocr_par' dir='ltr' id='par_1_46' title="bbox 2231 2269 3966 2344">
     <span class='ocr_line' id='line_1_46' title="bbox 2231 2269 3966 2344; baseline -0.001 -12"><span class='ocrx_word' id='word_1_372' title='bbox 2231 2274 2400 2333; x_wconf 91' lang='lat' dir='ltr'><strong>detur</strong></span> <span class='ocrx_word' id='word_1_373' title='bbox 2441 2271 2494 2330; x_wconf 92' lang='lat' dir='ltr'><strong>ei</strong></span> <span class='ocrx_word' id='word_1_374' title='bbox 2531 2269 2900 2344; x_wconf 88' lang='lat' dir='ltr'><strong>postmodum</strong></span> <span class='ocrx_word' id='word_1_375' title='bbox 2946 2269 3176 2339; x_wconf 88' lang='lat' dir='ltr'><strong>favisse,</strong></span> <span class='ocrx_word' id='word_1_376' title='bbox 3227 2277 3329 2329; x_wconf 89' lang='lat' dir='ltr'><strong>aut</strong></span> <span class='ocrx_word' id='word_1_377' title='bbox 3369 2271 3680 2330; x_wconf 89' lang='lat' dir='ltr'><strong>amicitiam</strong></span> <span class='ocrx_word' id='word_1_378' title='bbox 3725 2287 3966 2332; x_wconf 88' lang='lat' dir='ltr'><strong>conser-</strong></span> 
     </span>
    </p>
   </div>
   <div class='ocr_carea' id='block_1_47' title="bbox 2231 2359 3964 2438">
    <p class='ocr_par' dir='ltr' id='par_1_47' title="bbox 2231 2359 3964 2438">
     <span class='ocr_line' id='line_1_47' title="bbox 2231 2359 3964 2438; baseline -0.001 -15"><span class='ocrx_word' id='word_1_379' title='bbox 2231 2378 2415 2423; x_wconf 91' lang='lat' dir='ltr'><strong>vasse.</strong></span> <span class='ocrx_word' id='word_1_380' title='bbox 2451 2363 2524 2419; x_wconf 89' lang='lat' dir='ltr'><strong>At</strong></span> <span class='ocrx_word' id='word_1_381' title='bbox 2564 2361 2635 2419; x_wconf 93' lang='lat' dir='ltr'><strong>de</strong></span> <span class='ocrx_word' id='word_1_382' title='bbox 2683 2361 2992 2418; x_wconf 89' lang='lat' dir='ltr'><strong>schismate</strong></span> <span class='ocrx_word' id='word_1_383' title='bbox 3033 2359 3348 2427; x_wconf 86' lang='lat' dir='ltr'><strong>Benedicti,</strong></span> <span class='ocrx_word' id='word_1_384' title='bbox 3397 2377 3516 2422; x_wconf 88' lang='lat' dir='ltr'><strong>non</strong></span> <span class='ocrx_word' id='word_1_385' title='bbox 3565 2361 3819 2434; x_wconf 87' lang='lat' dir='ltr'><strong>Cadaloi,</strong></span> <span class='ocrx_word' id='word_1_386' title='bbox 3859 2365 3964 2438; x_wconf 86' lang='lat' dir='ltr'><strong>agi</strong></span> 
     </span>
    </p>
   </div>
   <div class='ocr_carea' id='block_1_48' title="bbox 2231 2452 3966 2528">
    <p class='ocr_par' dir='ltr' id='par_1_48' title="bbox 2231 2452 3966 2528">
     <span class='ocr_line' id='line_1_48' title="bbox 2231 2452 3966 2528; baseline -0.001 -14"><span class='ocrx_word' id='word_1_387' title='bbox 2231 2456 2382 2515; x_wconf 89' lang='lat' dir='ltr'><strong>clare</strong></span> <span class='ocrx_word' id='word_1_388' title='bbox 2403 2453 2620 2512; x_wconf 90' lang='lat' dir='ltr'><strong>indicat</strong></span> <span class='ocrx_word' id='word_1_389' title='bbox 2640 2452 2732 2510; x_wconf 91' lang='lat' dir='ltr'><strong>his</strong></span> <span class='ocrx_word' id='word_1_390' title='bbox 2754 2452 2946 2511; x_wconf 90' lang='lat' dir='ltr'><strong>verbis</strong></span> <span class='ocrx_word' id='word_1_391' title='bbox 2973 2476 2985 2510; x_wconf 76' lang='grc' dir='ltr'>ε</span> <span class='ocrx_word' id='word_1_392' title='bbox 3008 2477 3034 2502; x_wconf 89' lang='grc'><strong>‹‹</strong></span> <span class='ocrx_word' id='word_1_393' title='bbox 3051 2452 3183 2511; x_wconf 89' lang='lat' dir='ltr'><strong>Huc</strong></span> <span class='ocrx_word' id='word_1_394' title='bbox 3201 2453 3434 2522; x_wconf 89' lang='lat' dir='ltr'><strong>accedit,</strong></span> <span class='ocrx_word' id='word_1_395' title='bbox 3463 2462 3526 2513; x_wconf 89' lang='lat' dir='ltr'><strong>ut</strong></span> <span class='ocrx_word' id='word_1_396' title='bbox 3541 2453 3679 2528; x_wconf 91' lang='lat' dir='ltr'><strong>quia</strong></span> <span class='ocrx_word' id='word_1_397' title='bbox 3695 2453 3808 2528; x_wconf 64' lang='lat' dir='ltr'><strong>piae</strong></span> <span class='ocrx_word' id='word_1_398' title='bbox 3828 2469 3966 2514; x_wconf 86' lang='lat' dir='ltr'><strong>me-</strong></span> 
     </span>
    </p>
   </div>
   <div class='ocr_carea' id='block_1_49' title="bbox 2231 2543 3969 2618">
    <p class='ocr_par' dir='ltr' id='par_1_49' title="bbox 2231 2543 3969 2618">
     <span class='ocr_line' id='line_1_49' title="bbox 2231 2543 3969 2618; baseline -0.001 -14"><span class='ocrx_word' id='word_1_399' title='bbox 2231 2545 2433 2604; x_wconf 67' lang='lat' dir='ltr'><strong>moria:</strong></span> <span class='ocrx_word' id='word_1_400' title='bbox 2475 2543 2800 2618; x_wconf 89' lang='lat' dir='ltr'><strong>Stephanus</strong></span> <span class='ocrx_word' id='word_1_401' title='bbox 2841 2559 3008 2618; x_wconf 88' lang='lat' dir='ltr'><strong>papa,</strong></span> <span class='ocrx_word' id='word_1_402' title='bbox 3049 2543 3407 2618; x_wconf 84' lang='lat' dir='ltr'><strong>congregatis</strong></span> <span class='ocrx_word' id='word_1_403' title='bbox 3443 2543 3596 2602; x_wconf 91' lang='lat' dir='ltr'><strong>intra</strong></span> <span class='ocrx_word' id='word_1_404' title='bbox 3641 2544 3969 2604; x_wconf 76' lang='lat' dir='ltr'><strong>Ecclesium</strong></span> 
     </span>
    </p>
   </div>
   <div class='ocr_carea' id='block_1_50' title="bbox 2232 2633 3970 2711">
    <p class='ocr_par' dir='ltr' id='par_1_50' title="bbox 2232 2633 3970 2711">
     <span class='ocr_line' id='line_1_50' title="bbox 2232 2633 3970 2711; baseline -0.001 -15"><span class='ocrx_word' id='word_1_405' title='bbox 2232 2634 2531 2711; x_wconf 91' lang='lat' dir='ltr'><strong>episcopis,</strong></span> <span class='ocrx_word' id='word_1_406' title='bbox 2560 2633 2901 2706; x_wconf 89' lang='lat' dir='ltr'><strong>civibusque</strong></span> <span class='ocrx_word' id='word_1_407' title='bbox 2933 2634 3237 2706; x_wconf 71' lang='lat' dir='ltr'><strong>Romanis,</strong></span> <span class='ocrx_word' id='word_1_408' title='bbox 3287 2634 3439 2694; x_wconf 91' lang='lat' dir='ltr'><strong>clero</strong></span> <span class='ocrx_word' id='word_1_409' title='bbox 3477 2642 3531 2695; x_wconf 89' lang='lat' dir='ltr'><strong>et</strong></span> <span class='ocrx_word' id='word_1_410' title='bbox 3563 2635 3797 2710; x_wconf 91' lang='lat' dir='ltr'><strong>populo,</strong></span> <span class='ocrx_word' id='word_1_411' title='bbox 3845 2635 3970 2695; x_wconf 92' lang='lat' dir='ltr'><strong>hoc</strong></span> 
     </span>
    </p>
   </div>
   <div class='ocr_carea' id='block_1_51' title="bbox 2233 2724 3964 2799">
    <p class='ocr_par' dir='ltr' id='par_1_51' title="bbox 2233 2724 3964 2799">
     <span class='ocr_line' id='line_1_51' title="bbox 2233 2724 3964 2799; baseline 0 -14"><span class='ocrx_word' id='word_1_412' title='bbox 2233 2727 2342 2785; x_wconf 90' lang='lat' dir='ltr'><strong>sub</strong></span> <span class='ocrx_word' id='word_1_413' title='bbox 2363 2725 2605 2784; x_wconf 87' lang='lat' dir='ltr'><strong>districti</strong></span> <span class='ocrx_word' id='word_1_414' title='bbox 2627 2724 3010 2782; x_wconf 88' lang='lat' dir='ltr'><strong>anathematis</strong></span> <span class='ocrx_word' id='word_1_415' title='bbox 3030 2725 3634 2784; x_wconf 86' lang='lat' dir='ltr'><strong>excommunicatione</strong></span> <span class='ocrx_word' id='word_1_416' title='bbox 3651 2731 3964 2799; x_wconf 88' lang='lat' dir='ltr'><strong>statuerat,</strong></span> 
     </span>
    </p>
   </div>
   <div class='ocr_carea' id='block_1_52' title="bbox 2233 2812 3969 2889">
    <p class='ocr_par' dir='ltr' id='par_1_52' title="bbox 2233 2812 3969 2889">
     <span class='ocr_line' id='line_1_52' title="bbox 2233 2812 3969 2889; baseline 0.002 -17"><span class='ocrx_word' id='word_1_417' title='bbox 2233 2821 2318 2885; x_wconf 91' lang='lat' dir='ltr'><strong>ut,</strong></span> <span class='ocrx_word' id='word_1_418' title='bbox 2352 2813 2401 2872; x_wconf 92' lang='lat' dir='ltr'><strong>si</strong></span> <span class='ocrx_word' id='word_1_419' title='bbox 2435 2829 2569 2872; x_wconf 90' lang='lat' dir='ltr'><strong>eum</strong></span> <span class='ocrx_word' id='word_1_420' title='bbox 2600 2813 2669 2870; x_wconf 91' lang='lat' dir='ltr'><strong>de</strong></span> <span class='ocrx_word' id='word_1_421' title='bbox 2699 2813 2807 2870; x_wconf 91' lang='lat' dir='ltr'><strong>hoc</strong></span> <span class='ocrx_word' id='word_1_422' title='bbox 2838 2812 3057 2871; x_wconf 91' lang='lat' dir='ltr'><strong>mundo</strong></span> <span class='ocrx_word' id='word_1_423' title='bbox 3088 2813 3338 2886; x_wconf 90' lang='lat' dir='ltr'><strong>migrare</strong></span> <span class='ocrx_word' id='word_1_424' title='bbox 3375 2814 3754 2889; x_wconf 89' lang='lat' dir='ltr'><strong>contingeret,</strong></span> <span class='ocrx_word' id='word_1_425' title='bbox 3788 2823 3969 2876; x_wconf 88' lang='lat' dir='ltr'><strong>ante-</strong></span> 
     </span>
    </p>
   </div>
   <div class='ocr_carea' id='block_1_53' title="bbox 2233 2899 3969 2977">
    <p class='ocr_par' dir='ltr' id='par_1_53' title="bbox 2233 2899 3969 2977">
     <span class='ocr_line' id='line_1_53' title="bbox 2233 2899 3969 2977; baseline 0.001 -16"><span class='ocrx_word' id='word_1_426' title='bbox 2233 2918 2409 2977; x_wconf 90' lang='lat' dir='ltr'><strong>quam</strong></span> <span class='ocrx_word' id='word_1_427' title='bbox 2454 2899 2861 2960; x_wconf 89' lang='lat' dir='ltr'><strong>Hidebrandus</strong></span> <span class='ocrx_word' id='word_1_428' title='bbox 2901 2900 3170 2959; x_wconf 66' lang='lat' dir='ltr'><strong>Ecclesiae</strong></span> <span class='ocrx_word' id='word_1_429' title='bbox 3220 2900 3500 2961; x_wconf 73' lang='lat' dir='ltr'><strong>Romana:</strong></span> <span class='ocrx_word' id='word_1_430' title='bbox 3539 2902 3969 2976; x_wconf 88' lang='lat' dir='ltr'><strong>subdiaconus,</strong></span> 
     </span>
    </p>
   </div>
   <div class='ocr_carea' id='block_1_54' title="bbox 2233 2989 3971 3065">
    <p class='ocr_par' dir='ltr' id='par_1_54' title="bbox 2233 2989 3971 3065">
     <span class='ocr_line' id='line_1_54' title="bbox 2233 2989 3971 3065; baseline 0.002 -15"><span class='ocrx_word' id='word_1_431' title='bbox 2233 2993 2336 3065; x_wconf 93' lang='lat' dir='ltr'><strong>qui</strong></span> <span class='ocrx_word' id='word_1_432' title='bbox 2378 3006 2512 3050; x_wconf 92' lang='lat' dir='ltr'><strong>cum</strong></span> <span class='ocrx_word' id='word_1_433' title='bbox 2543 2989 2839 3048; x_wconf 91' lang='lat' dir='ltr'><strong>communi</strong></span> <span class='ocrx_word' id='word_1_434' title='bbox 2884 2990 3151 3048; x_wconf 89' lang='lat' dir='ltr'><strong>omnium</strong></span> <span class='ocrx_word' id='word_1_435' title='bbox 3197 2991 3440 3052; x_wconf 91' lang='lat' dir='ltr'><strong>consilio</strong></span> <span class='ocrx_word' id='word_1_436' title='bbox 3481 2993 3843 3065; x_wconf 87' lang='lat' dir='ltr'><strong>mittebatur,</strong></span> <span class='ocrx_word' id='word_1_437' title='bbox 3888 2995 3971 3054; x_wconf 88' lang='lat' dir='ltr'><strong>ab</strong></span> 
     </span>
    </p>
   </div>
   <div class='ocr_carea' id='block_1_55' title="bbox 2234 3079 3974 3156">
    <p class='ocr_par' dir='ltr' id='par_1_55' title="bbox 2234 3079 3974 3156">
     <span class='ocr_line' id='line_1_55' title="bbox 2234 3079 3974 3156; baseline 0.002 -18"><span class='ocrx_word' id='word_1_438' title='bbox 2234 3080 2596 3154; x_wconf 91' lang='lat' dir='ltr'><strong>imperatrice</strong></span> <span class='ocrx_word' id='word_1_439' title='bbox 2649 3079 2879 3151; x_wconf 92' lang='lat' dir='ltr'><strong>rediret,</strong></span> <span class='ocrx_word' id='word_1_440' title='bbox 2935 3095 3140 3152; x_wconf 90' lang='lat' dir='ltr'><strong>papam</strong></span> <span class='ocrx_word' id='word_1_441' title='bbox 3208 3080 3410 3140; x_wconf 91' lang='lat' dir='ltr'><strong>nullus</strong></span> <span class='ocrx_word' id='word_1_442' title='bbox 3473 3081 3730 3156; x_wconf 88' lang='lat' dir='ltr'><strong>eligeret,</strong></span> <span class='ocrx_word' id='word_1_443' title='bbox 3793 3083 3974 3142; x_wconf 89' lang='lat' dir='ltr'><strong>sedes</strong></span> 
     </span>
    </p>
   </div>
   <div class='ocr_carea' id='block_1_56' title="bbox 438 3161 3970 3264">
    <p class='ocr_par' dir='ltr' id='par_1_56' title="bbox 438 3161 3970 3264">
     <span class='ocr_line' id='line_1_56' title="bbox 438 3161 3970 3264; baseline 0.002 -44"><span class='ocrx_word' id='word_1_444' title='bbox 438 3162 699 3264; x_wconf 72' lang='lat' dir='ltr'><strong>deducta.</strong></span> <span class='ocrx_word' id='word_1_445' title='bbox 746 3161 1190 3264; x_wconf 27' lang='lat' dir='ltr'><strong>‘Sec‘uti-‘auctor</strong></span> <span class='ocrx_word' id='word_1_446' title='bbox 1243 3165 1391 3264; x_wconf 63' lang='lat' dir='ltr'><strong>Vitae</strong></span> <span class='ocrx_word' id='word_1_447' title='bbox 1437 3165 1497 3225; x_wconf 94' lang='lat' dir='ltr'><strong>S.</strong></span> <span class='ocrx_word' id='word_1_448' title='bbox 1545 3167 1787 3264; x_wconf 85' lang='lat' dir='ltr'><strong>Joannis</strong></span> <span class='ocrx_word' id='word_1_449' title='bbox 1835 3167 2152 3227; x_wconf 88' lang='lat' dir='ltr'><strong>Laudensis</strong></span> <span class='ocrx_word' id='word_1_450' title='bbox 2174 3170 2545 3264; x_wconf 76' lang='lat' dir='ltr'><strong>Capostolica</strong></span> <span class='ocrx_word' id='word_1_451' title='bbox 2583 3185 2768 3264; x_wconf 81' lang='lat' dir='ltr'><strong>usque</strong></span> <span class='ocrx_word' id='word_1_452' title='bbox 2805 3168 2877 3227; x_wconf 91' lang='lat' dir='ltr'><strong>ad</strong></span> <span class='ocrx_word' id='word_1_453' title='bbox 2915 3167 3078 3264; x_wconf 77' lang='lat' dir='ltr'><strong>illius</strong></span> <span class='ocrx_word' id='word_1_454' title='bbox 3117 3169 3366 3264; x_wconf 78' lang='lat' dir='ltr'><strong>reditum</strong></span> <span class='ocrx_word' id='word_1_455' title='bbox 3400 3171 3609 3230; x_wconf 87' lang='lat' dir='ltr'><strong>intacta</strong></span> <span class='ocrx_word' id='word_1_456' title='bbox 3646 3179 3907 3231; x_wconf 89' lang='lat' dir='ltr'><strong>vacaret.</strong></span> <span class='ocrx_word' id='word_1_457' title='bbox 3939 3198 3970 3226; x_wconf 77' lang='grc' dir='ltr'><strong>ιι</strong></span> 
     </span>
    </p>
   </div>
   <div class='ocr_carea' id='block_1_57' title="bbox 439 3252 3976 3334">
    <p class='ocr_par' dir='ltr' id='par_1_57' title="bbox 439 3252 3976 3334">
     <span class='ocr_line' id='line_1_57' title="bbox 439 3252 3976 3334; baseline 0.003 -22"><span class='ocrx_word' id='word_1_458' title='bbox 439 3252 565 3326; x_wconf 89' lang='lat' dir='ltr'><strong>ejus</strong></span> <span class='ocrx_word' id='word_1_459' title='bbox 619 3252 908 3328; x_wconf 90' lang='lat' dir='ltr'><strong>discipuli,</strong></span> <span class='ocrx_word' id='word_1_460' title='bbox 957 3255 1299 3314; x_wconf 87' lang='lat' dir='ltr'><strong>Franciscus</strong></span> <span class='ocrx_word' id='word_1_461' title='bbox 1347 3255 1670 3328; x_wconf 87' lang='lat' dir='ltr'><strong>Petrarcba,</strong></span> <span class='ocrx_word' id='word_1_462' title='bbox 1718 3258 1972 3317; x_wconf 89' lang='lat' dir='ltr'><strong>Joannes</strong></span> <span class='ocrx_word' id='word_1_463' title='bbox 2019 3252 2385 3320; x_wconf 56' lang='lat' dir='ltr'><strong>Tri-&quot;Cum</strong></span> <span class='ocrx_word' id='word_1_464' title='bbox 2427 3275 2561 3334; x_wconf 90' lang='lat' dir='ltr'><strong>ergo</strong></span> <span class='ocrx_word' id='word_1_465' title='bbox 2611 3257 3045 3328; x_wconf 85' lang='lat' dir='ltr'><strong>Hidebrandus,</strong></span> <span class='ocrx_word' id='word_1_466' title='bbox 3087 3258 3191 3333; x_wconf 93' lang='lat' dir='ltr'><strong>qui</strong></span> <span class='ocrx_word' id='word_1_467' title='bbox 3235 3266 3431 3332; x_wconf 89' lang='lat' dir='ltr'><strong>postea</strong></span> <span class='ocrx_word' id='word_1_468' title='bbox 3475 3261 3585 3320; x_wconf 90' lang='lat' dir='ltr'><strong>fuit</strong></span> <span class='ocrx_word' id='word_1_469' title='bbox 3631 3276 3776 3334; x_wconf 90' lang='lat' dir='ltr'><strong>papa</strong></span> <span class='ocrx_word' id='word_1_470' title='bbox 3815 3260 3976 3322; x_wconf 89' lang='lat' dir='ltr'><strong>Gre-</strong></span> 
     </span>
    </p>
   </div>
   <div class='ocr_carea' id='block_1_58' title="bbox 440 3342 2150 3418">
    <p class='ocr_par' dir='ltr' id='par_1_58' title="bbox 440 3342 2150 3418">
     <span class='ocr_line' id='line_1_58' title="bbox 440 3342 2150 3418; baseline 0.005 -18"><span class='ocrx_word' id='word_1_471' title='bbox 440 3342 755 3411; x_wconf 89' lang='lat' dir='ltr'><strong>theminus,</strong></span> <span class='ocrx_word' id='word_1_472' title='bbox 791 3342 1065 3418; x_wconf 76' lang='lat' dir='ltr'><strong>Aloysius</strong></span> <span class='ocrx_word' id='word_1_473' title='bbox 1104 3344 1461 3417; x_wconf 89' lang='lat' dir='ltr'><strong>Lipomanus</strong></span> <span class='ocrx_word' id='word_1_474' title='bbox 1501 3345 1736 3418; x_wconf 91' lang='lat' dir='ltr'><strong>aliique.</strong></span> <span class='ocrx_word' id='word_1_475' title='bbox 1778 3349 1852 3405; x_wconf 92' lang='lat' dir='ltr'><strong>At</strong></span> <span class='ocrx_word' id='word_1_476' title='bbox 1893 3349 2150 3408; x_wconf 88' lang='lat' dir='ltr'><strong>cardina-</strong></span> 
     </span>
    </p>
   </div>
   <div class='ocr_carea' id='block_1_59' title="bbox 439 3429 2155 3511">
    <p class='ocr_par' dir='ltr' id='par_1_59' title="bbox 439 3429 2155 3511">
     <span class='ocr_line' id='line_1_59' title="bbox 439 3429 2155 3511; baseline 0.005 -23"><span class='ocrx_word' id='word_1_477' title='bbox 439 3429 512 3488; x_wconf 90' lang='lat' dir='ltr'><strong>lis</strong></span> <span class='ocrx_word' id='word_1_478' title='bbox 531 3429 818 3490; x_wconf 88' lang='lat' dir='ltr'><strong>Baronius</strong></span> <span class='ocrx_word' id='word_1_479' title='bbox 835 3432 905 3489; x_wconf 89' lang='lat' dir='ltr'><strong>ad</strong></span> <span class='ocrx_word' id='word_1_480' title='bbox 922 3449 1106 3491; x_wconf 87' lang='lat' dir='ltr'><strong>annos</strong></span> <span class='ocrx_word' id='word_1_481' title='bbox 1136 3433 1292 3505; x_wconf 87' lang='lat'><strong>1057,</strong></span> <span class='ocrx_word' id='word_1_482' title='bbox 1323 3451 1488 3494; x_wconf 91' lang='lat' dir='ltr'><strong>num.</strong></span> <span class='ocrx_word' id='word_1_483' title='bbox 1525 3433 1607 3504; x_wconf 88' lang='lat'><strong>19,</strong></span> <span class='ocrx_word' id='word_1_484' title='bbox 1629 3435 1896 3508; x_wconf 92' lang='lat' dir='ltr'><strong>pluribus</strong></span> <span class='ocrx_word' id='word_1_485' title='bbox 1914 3439 2155 3511; x_wconf 85' lang='lat' dir='ltr'><strong>exponit</strong></span> 
     </span>
    </p>
   </div>
   <div class='ocr_carea' id='block_1_60' title="bbox 439 3519 2155 3599">
    <p class='ocr_par' dir='ltr' id='par_1_60' title="bbox 439 3519 2155 3599">
     <span class='ocr_line' id='line_1_60' title="bbox 439 3519 2155 3599; baseline 0.006 -23"><span class='ocrx_word' id='word_1_486' title='bbox 439 3519 711 3578; x_wconf 68' lang='lat' dir='ltr'><strong>Ecclesiae</strong></span> <span class='ocrx_word' id='word_1_487' title='bbox 738 3521 1017 3580; x_wconf 75' lang='lat' dir='ltr'><strong>Romanae</strong></span> <span class='ocrx_word' id='word_1_488' title='bbox 1048 3523 1294 3581; x_wconf 89' lang='lat' dir='ltr'><strong>formam</strong></span> <span class='ocrx_word' id='word_1_489' title='bbox 1321 3523 1482 3582; x_wconf 92' lang='lat' dir='ltr'><strong>illius</strong></span> <span class='ocrx_word' id='word_1_490' title='bbox 1507 3525 1799 3599; x_wconf 91' lang='lat' dir='ltr'><strong>temporis,</strong></span> <span class='ocrx_word' id='word_1_491' title='bbox 1831 3527 2155 3586; x_wconf 91' lang='lat' dir='ltr'><strong>secundum</strong></span> 
     </span>
    </p>
   </div>
   <div class='ocr_carea' id='block_1_61' title="bbox 437 3610 2155 3688">
    <p class='ocr_par' dir='ltr' id='par_1_61' title="bbox 437 3610 2155 3688">
     <span class='ocr_line' id='line_1_61' title="bbox 437 3610 2155 3688; baseline 0.006 -20"><span class='ocrx_word' id='word_1_492' title='bbox 437 3625 613 3683; x_wconf 89' lang='lat' dir='ltr'><strong>quam</strong></span> <span class='ocrx_word' id='word_1_493' title='bbox 628 3610 885 3684; x_wconf 91' lang='lat' dir='ltr'><strong>primum</strong></span> <span class='ocrx_word' id='word_1_494' title='bbox 904 3612 1288 3673; x_wconf 90' lang='lat' dir='ltr'><strong>cardinalium</strong></span> <span class='ocrx_word' id='word_1_495' title='bbox 1308 3615 1704 3688; x_wconf 92' lang='lat' dir='ltr'><strong>episcoporum</strong></span> <span class='ocrx_word' id='word_1_496' title='bbox 1723 3617 1918 3677; x_wconf 89' lang='lat' dir='ltr'><strong>statuit</strong></span> <span class='ocrx_word' id='word_1_497' title='bbox 1938 3618 2155 3678; x_wconf 88' lang='lat' dir='ltr'><strong>Ostien-</strong></span> 
     </span>
    </p>
   </div>
   <div class='ocr_carea' id='block_1_62' title="bbox 436 3704 2154 3784">
    <p class='ocr_par' dir='ltr' id='par_1_62' title="bbox 436 3704 2154 3784">
     <span class='ocr_line' id='line_1_62' title="bbox 436 3704 2154 3784; baseline 0.006 -26"><span class='ocrx_word' id='word_1_498' title='bbox 436 3717 554 3759; x_wconf 90' lang='lat' dir='ltr'><strong>sem</strong></span> <span class='ocrx_word' id='word_1_499' title='bbox 593 3721 604 3760; x_wconf 92' lang='lat'>:</span> <span class='ocrx_word' id='word_1_500' title='bbox 655 3707 710 3759; x_wconf 89' lang='lat' dir='ltr'><strong>et</strong></span> <span class='ocrx_word' id='word_1_501' title='bbox 761 3704 1126 3778; x_wconf 87' lang='lat' dir='ltr'><strong>Augustinus</strong></span> <span class='ocrx_word' id='word_1_502' title='bbox 1179 3705 1491 3764; x_wconf 89' lang='lat' dir='ltr'><strong>Fortunius</strong></span> <span class='ocrx_word' id='word_1_503' title='bbox 1531 3706 1593 3764; x_wconf 90' lang='lat' dir='ltr'><strong>in</strong></span> <span class='ocrx_word' id='word_1_504' title='bbox 1641 3706 1770 3766; x_wconf 91' lang='lat' dir='ltr'><strong>Vita</strong></span> <span class='ocrx_word' id='word_1_505' title='bbox 1800 3725 1833 3766; x_wconf 90' lang='lat' dir='ltr'><strong>a</strong></span> <span class='ocrx_word' id='word_1_506' title='bbox 1887 3710 2154 3784; x_wconf 89' lang='lat' dir='ltr'><strong>Cajetano</strong></span> 
     </span>
    </p>
   </div>
   <div class='ocr_carea' id='block_1_63' title="bbox 2236 3347 3977 3422">
    <p class='ocr_par' dir='ltr' id='par_1_63' title="bbox 2236 3347 3977 3422">
     <span class='ocr_line' id='line_1_63' title="bbox 2236 3347 3977 3422; baseline 0.002 -14"><span class='ocrx_word' id='word_1_507' title='bbox 2236 3350 2432 3422; x_wconf 87' lang='lat' dir='ltr'><strong>gorius</strong></span> <span class='ocrx_word' id='word_1_508' title='bbox 2469 3349 2597 3420; x_wconf 86' lang='lat' dir='ltr'><strong>VII,</strong></span> <span class='ocrx_word' id='word_1_509' title='bbox 2640 3363 2715 3406; x_wconf 91' lang='lat' dir='ltr'><strong>ex</strong></span> <span class='ocrx_word' id='word_1_510' title='bbox 2757 3347 3065 3406; x_wconf 87' lang='lat' dir='ltr'><strong>Germania</strong></span> <span class='ocrx_word' id='word_1_511' title='bbox 3105 3364 3165 3406; x_wconf 90' lang='lat' dir='ltr'><strong>se</strong></span> <span class='ocrx_word' id='word_1_512' title='bbox 3203 3348 3510 3420; x_wconf 90' lang='lat' dir='ltr'><strong>retulisset,</strong></span> <span class='ocrx_word' id='word_1_513' title='bbox 3547 3349 3726 3409; x_wconf 90' lang='lat' dir='ltr'><strong>Senas</strong></span> <span class='ocrx_word' id='word_1_514' title='bbox 3771 3351 3849 3409; x_wconf 92' lang='lat' dir='ltr'><strong>ad</strong></span> <span class='ocrx_word' id='word_1_515' title='bbox 3909 3369 3977 3412; x_wconf 90' lang='lat' dir='ltr'><strong>se</strong></span> 
     </span>
    </p>
   </div>
   <div class='ocr_carea' id='block_1_64' title="bbox 2238 3435 3977 3513">
    <p class='ocr_par' dir='ltr' id='par_1_64' title="bbox 2238 3435 3977 3513">
     <span class='ocr_line' id='line_1_64' title="bbox 2238 3435 3977 3513; baseline 0.002 -17"><span class='ocrx_word' id='word_1_516' title='bbox 2238 3438 2576 3507; x_wconf 89' lang='lat' dir='ltr'><strong>cardinales,</strong></span> <span class='ocrx_word' id='word_1_517' title='bbox 2611 3444 2666 3496; x_wconf 92' lang='lat' dir='ltr'><strong>et</strong></span> <span class='ocrx_word' id='word_1_518' title='bbox 2707 3435 2930 3495; x_wconf 90' lang='lat' dir='ltr'><strong>nobiles</strong></span> <span class='ocrx_word' id='word_1_519' title='bbox 2977 3435 3270 3495; x_wconf 83' lang='lat' dir='ltr'><strong>Romanos</strong></span> <span class='ocrx_word' id='word_1_520' title='bbox 3311 3439 3666 3510; x_wconf 88' lang='lat' dir='ltr'><strong>convocavit,</strong></span> <span class='ocrx_word' id='word_1_521' title='bbox 3705 3455 3977 3513; x_wconf 92' lang='lat' dir='ltr'><strong>quorum</strong></span> 
     </span>
    </p>
   </div>
   <div class='ocr_carea' id='block_1_65' title="bbox 2238 3527 3977 3603">
    <p class='ocr_par' dir='ltr' id='par_1_65' title="bbox 2238 3527 3977 3603">
     <span class='ocr_line' id='line_1_65' title="bbox 2238 3527 3977 3603; baseline 0.001 -14"><span class='ocrx_word' id='word_1_522' title='bbox 2238 3529 2532 3603; x_wconf 76' lang='lat' dir='ltr'><strong>suffragiis</strong></span> <span class='ocrx_word' id='word_1_523' title='bbox 2571 3529 2862 3588; x_wconf 89' lang='lat' dir='ltr'><strong>Gerardus</strong></span> <span class='ocrx_word' id='word_1_524' title='bbox 2901 3527 3201 3602; x_wconf 91' lang='lat' dir='ltr'><strong>episcopus</strong></span> <span class='ocrx_word' id='word_1_525' title='bbox 3241 3528 3615 3589; x_wconf 89' lang='lat' dir='ltr'><strong>Florentinus</strong></span> <span class='ocrx_word' id='word_1_526' title='bbox 3653 3532 3977 3591; x_wconf 88' lang='lat' dir='ltr'><strong>renuntia-</strong></span> 
     </span>
    </p>
   </div>
   <div class='ocr_carea' id='block_1_66' title="bbox 2238 3618 3973 3693">
    <p class='ocr_par' dir='ltr' id='par_1_66' title="bbox 2238 3618 3973 3693">
     <span class='ocr_line' id='line_1_66' title="bbox 2238 3618 3973 3693; baseline 0.001 -14"><span class='ocrx_word' id='word_1_527' title='bbox 2238 3629 2332 3681; x_wconf 90' lang='lat' dir='ltr'><strong>tus</strong></span> <span class='ocrx_word' id='word_1_528' title='bbox 2361 3628 2442 3679; x_wconf 91' lang='lat' dir='ltr'><strong>est</strong></span> <span class='ocrx_word' id='word_1_529' title='bbox 2469 3619 2728 3693; x_wconf 86' lang='lat' dir='ltr'><strong>pontifex</strong></span> <span class='ocrx_word' id='word_1_530' title='bbox 2762 3618 3083 3692; x_wconf 84' lang='lat' dir='ltr'><strong>Romanus,</strong></span> <span class='ocrx_word' id='word_1_531' title='bbox 3113 3633 3179 3676; x_wconf 91' lang='lat' dir='ltr'><strong>ac</strong></span> <span class='ocrx_word' id='word_1_532' title='bbox 3210 3618 3483 3679; x_wconf 89' lang='lat' dir='ltr'><strong>Nicolaus</strong></span> <span class='ocrx_word' id='word_1_533' title='bbox 3519 3618 3573 3677; x_wconf 94' lang='lat' dir='ltr'><strong>II</strong></span> <span class='ocrx_word' id='word_1_534' title='bbox 3607 3619 3973 3692; x_wconf 90' lang='lat' dir='ltr'><strong>appellatus.</strong></span> 
     </span>
    </p>
   </div>
   <div class='ocr_carea' id='block_1_67' title="bbox 2237 3705 3979 3780">
    <p class='ocr_par' dir='ltr' id='par_1_67' title="bbox 2237 3705 3979 3780">
     <span class='ocr_line' id='line_1_67' title="bbox 2237 3705 3979 3780; baseline -0.001 -10"><span class='ocrx_word' id='word_1_535' title='bbox 2237 3712 2385 3770; x_wconf 89' lang='lat' dir='ltr'><strong>Cum</strong></span> <span class='ocrx_word' id='word_1_536' title='bbox 2431 3709 2666 3767; x_wconf 86' lang='lat' dir='ltr'><strong>interim</strong></span> <span class='ocrx_word' id='word_1_537' title='bbox 2709 3707 3056 3766; x_wconf 89' lang='lat' dir='ltr'><strong>Benedictus</strong></span> <span class='ocrx_word' id='word_1_538' title='bbox 3102 3715 3434 3780; x_wconf 89' lang='lat' dir='ltr'><strong>occupatam</strong></span> <span class='ocrx_word' id='word_1_539' title='bbox 3489 3705 3680 3765; x_wconf 90' lang='lat' dir='ltr'><strong>sedem</strong></span> <span class='ocrx_word' id='word_1_540' title='bbox 3734 3707 3979 3769; x_wconf 81' lang='lat' dir='ltr'><strong>Roma-</strong></span> 
     </span>
    </p>
   </div>
   <div class='ocr_carea' id='block_1_68' title="bbox 435 3791 3982 3876">
    <p class='ocr_par' dir='ltr' id='par_1_68' title="bbox 435 3791 3982 3876">
     <span class='ocr_line' id='line_1_68' title="bbox 435 3791 3982 3876; baseline 0.003 -26"><span class='ocrx_word' id='word_1_541' title='bbox 435 3791 585 3851; x_wconf 89' lang='lat' dir='ltr'><strong>edita</strong></span> <span class='ocrx_word' id='word_1_542' title='bbox 630 3792 709 3851; x_wconf 88' lang='lat' dir='ltr'><strong>ait</strong></span> <span class='ocrx_word' id='word_1_543' title='bbox 740 3814 751 3852; x_wconf 89' lang='lat'>:</span> <span class='ocrx_word' id='word_1_544' title='bbox 785 3817 806 3846; x_wconf 75' lang='grc' dir='ltr'><strong>α</strong></span> <span class='ocrx_word' id='word_1_545' title='bbox 856 3794 1218 3870; x_wconf 87' lang='lat' dir='ltr'><strong>Stephanum</strong></span> <span class='ocrx_word' id='word_1_546' title='bbox 1267 3803 1423 3870; x_wconf 91' lang='lat' dir='ltr'><strong>pont.</strong></span> <span class='ocrx_word' id='word_1_547' title='bbox 1479 3813 1636 3857; x_wconf 87' lang='lat' dir='ltr'><strong>max.</strong></span> <span class='ocrx_word' id='word_1_548' title='bbox 1696 3799 2016 3860; x_wconf 91' lang='lat' dir='ltr'><strong>Ostiensem</strong></span> <span class='ocrx_word' id='word_1_549' title='bbox 2067 3803 2154 3861; x_wconf 92' lang='lat' dir='ltr'><strong>illi</strong></span> <span class='ocrx_word' id='word_1_550' title='bbox 2234 3817 2369 3859; x_wconf 86' lang='lat' dir='ltr'><strong>nam</strong></span> <span class='ocrx_word' id='word_1_551' title='bbox 2418 3800 2611 3857; x_wconf 90' lang='lat' dir='ltr'><strong>adhuc</strong></span> <span class='ocrx_word' id='word_1_552' title='bbox 2655 3799 2713 3856; x_wconf 91' lang='lat' dir='ltr'><strong>vi</strong></span> <span class='ocrx_word' id='word_1_553' title='bbox 2763 3797 3064 3867; x_wconf 90' lang='lat' dir='ltr'><strong>detineret,</strong></span> <span class='ocrx_word' id='word_1_554' title='bbox 3119 3798 3331 3856; x_wconf 90' lang='lat' dir='ltr'><strong>dictam</strong></span> <span class='ocrx_word' id='word_1_555' title='bbox 3373 3799 3675 3873; x_wconf 89' lang='lat' dir='ltr'><strong>epistolam</strong></span> <span class='ocrx_word' id='word_1_556' title='bbox 3723 3801 3982 3876; x_wconf 90' lang='lat' dir='ltr'><strong>scripsit</strong></span> 
     </span>
    </p>
   </div>
   <div class='ocr_carea' id='block_1_69' title="bbox 435 3884 3983 3964">
    <p class='ocr_par' dir='ltr' id='par_1_69' title="bbox 435 3884 3983 3964">
     <span class='ocr_line' id='line_1_69' title="bbox 435 3884 3983 3964; baseline 0.001 -18"><span class='ocrx_word' id='word_1_557' title='bbox 435 3884 794 3957; x_wconf 85' lang='lat' dir='ltr'><strong>copulavisse</strong></span> <span class='ocrx_word' id='word_1_558' title='bbox 853 3887 1187 3961; x_wconf 89' lang='lat' dir='ltr'><strong>Ecclesiam,</strong></span> <span class='ocrx_word' id='word_1_559' title='bbox 1259 3890 1530 3964; x_wconf 88' lang='lat' dir='ltr'><strong>sacrique</strong></span> <span class='ocrx_word' id='word_1_560' title='bbox 1585 3892 1814 3964; x_wconf 89' lang='lat' dir='ltr'><strong>collegii</strong></span> <span class='ocrx_word' id='word_1_561' title='bbox 1871 3893 2154 3953; x_wconf 88' lang='lat' dir='ltr'><strong>decanum</strong></span> <span class='ocrx_word' id='word_1_562' title='bbox 2237 3887 2460 3960; x_wconf 85' lang='lat' dir='ltr'><strong>Petrus,</strong></span> <span class='ocrx_word' id='word_1_563' title='bbox 2492 3888 2553 3945; x_wconf 91' lang='lat' dir='ltr'><strong>in</strong></span> <span class='ocrx_word' id='word_1_564' title='bbox 2599 3902 2713 3962; x_wconf 90' lang='lat' dir='ltr'><strong>qua</strong></span> <span class='ocrx_word' id='word_1_565' title='bbox 2761 3886 3182 3944; x_wconf 90' lang='lat' dir='ltr'><strong>cardinalitiam</strong></span> <span class='ocrx_word' id='word_1_566' title='bbox 3227 3903 3392 3946; x_wconf 89' lang='lat' dir='ltr'><strong>suam</strong></span> <span class='ocrx_word' id='word_1_567' title='bbox 3431 3887 3771 3961; x_wconf 89' lang='lat' dir='ltr'><strong>dignitatem</strong></span> <span class='ocrx_word' id='word_1_568' title='bbox 3807 3890 3983 3952; x_wconf 88' lang='lat' dir='ltr'><strong>clare</strong></span> 
     </span>
    </p>
   </div>
   <div class='ocr_carea' id='block_1_70' title="bbox 434 3973 3981 4057">
    <p class='ocr_par' dir='ltr' id='par_1_70' title="bbox 434 3973 3981 4057">
     <span class='ocr_line' id='line_1_70' title="bbox 434 3973 3981 4057; baseline 0.005 -27"><span class='ocrx_word' id='word_1_569' title='bbox 434 3973 638 4032; x_wconf 88' lang='lat' dir='ltr'><strong>fecisse</strong></span> <span class='ocrx_word' id='word_1_570' title='bbox 680 3993 835 4034; x_wconf 90' lang='lat' dir='ltr'><strong>anno</strong></span> <span class='ocrx_word' id='word_1_571' title='bbox 868 3978 1005 4036; x_wconf 83' lang='lat'><strong>1058</strong></span> <span class='ocrx_word' id='word_1_572' title='bbox 1043 3979 1212 4038; x_wconf 91' lang='lat' dir='ltr'><strong>initio</strong></span> <span class='ocrx_word' id='word_1_573' title='bbox 1251 3980 1739 4057; x_wconf 73' lang='lat' dir='ltr'><strong>Quadragesimae,</strong></span> <span class='ocrx_word' id='word_1_574' title='bbox 1775 4001 1972 4044; x_wconf 90' lang='lat' dir='ltr'><strong>mense</strong></span> <span class='ocrx_word' id='word_1_575' title='bbox 2001 3985 2155 4044; x_wconf 88' lang='lat' dir='ltr'><strong>Mar-</strong></span> <span class='ocrx_word' id='word_1_576' title='bbox 2233 3977 2489 4036; x_wconf 75' lang='lat' dir='ltr'><strong>iudicat:</strong></span> <span class='ocrx_word' id='word_1_577' title='bbox 2541 3999 2561 4026; x_wconf 75' lang='grc' dir='ltr'>ι</span> <span class='ocrx_word' id='word_1_578' title='bbox 2598 3975 2752 4034; x_wconf 78' lang='grc' dir='ltr'><strong>ΙΙΙυά</strong></span> <span class='ocrx_word' id='word_1_579' title='bbox 2796 3983 3010 4047; x_wconf 64' lang='lat' dir='ltr'><strong>autem.</strong></span> <span class='ocrx_word' id='word_1_580' title='bbox 3049 3976 3262 4050; x_wconf 72' lang='lat' dir='ltr'><strong>inquit,</strong></span> <span class='ocrx_word' id='word_1_581' title='bbox 3299 3978 3454 4050; x_wconf 85' lang='lat' dir='ltr'><strong>quod</strong></span> <span class='ocrx_word' id='word_1_582' title='bbox 3505 3976 3568 4035; x_wconf 84' lang='lat' dir='ltr'><strong>iu</strong></span> <span class='ocrx_word' id='word_1_583' title='bbox 3618 3976 3772 4036; x_wconf 74' lang='lat' dir='ltr'><strong>calce</strong></span> <span class='ocrx_word' id='word_1_584' title='bbox 3817 3981 3981 4040; x_wconf 80' lang='lat' dir='ltr'><strong>sub-</strong></span> 
     </span>
    </p>
   </div>
   <div class='ocr_carea' id='block_1_71' title="bbox 442 4062 2035 4142">
    <p class='ocr_par' dir='ltr' id='par_1_71' title="bbox 442 4062 2027 4142">
     <span class='ocr_line' id='line_1_71' title="bbox 442 4062 2027 4142; baseline 0.009 -22"><span class='ocrx_word' id='word_1_585' title='bbox 442 4063 541 4132; x_wconf 89' lang='lat' dir='ltr'><strong>tio,</strong></span> <span class='ocrx_word' id='word_1_586' title='bbox 596 4062 842 4122; x_wconf 91' lang='lat' dir='ltr'><strong>Sabbato</strong></span> <span class='ocrx_word' id='word_1_587' title='bbox 887 4074 1131 4140; x_wconf 88' lang='lat' dir='ltr'><strong>quatuor</strong></span> <span class='ocrx_word' id='word_1_588' title='bbox 1167 4074 1512 4142; x_wconf 89' lang='lat' dir='ltr'><strong>temporum.</strong></span> <span class='ocrx_word' id='word_1_589' title='bbox 1551 4093 1579 4126; x_wconf 85' lang='lat'><strong>»</strong></span> <span class='ocrx_word' id='word_1_590' title='bbox 1622 4073 1925 4134; x_wconf 88' lang='lat' dir='ltr'><strong>Ciaconius</strong></span> <span class='ocrx_word' id='word_1_591' title='bbox 1961 4092 2027 4135; x_wconf 95' lang='lat' dir='ltr'><strong>eo</strong></span> 
     </span>
    </p>
   </div>
   <div class='ocr_carea' id='block_1_72' title="bbox 2392 4062 3985 4142">
    <p class='ocr_par' dir='ltr' id='par_1_72' title="bbox 2392 4065 3985 4141">
     <span class='ocr_line' id='line_1_72' title="bbox 2392 4065 3985 4141; baseline 0.008 -20"><span class='ocrx_word' id='word_1_592' title='bbox 2392 4066 2446 4125; x_wconf 83' lang='lat' dir='ltr'><strong>is</strong></span> <span class='ocrx_word' id='word_1_593' title='bbox 2489 4066 2767 4140; x_wconf 70' lang='lat' dir='ltr'><strong>epistolae,</strong></span> <span class='ocrx_word' id='word_1_594' title='bbox 2812 4074 2878 4125; x_wconf 92' lang='lat' dir='ltr'><strong>ut</strong></span> <span class='ocrx_word' id='word_1_595' title='bbox 2927 4065 3092 4124; x_wconf 89' lang='lat' dir='ltr'><strong>vobis</strong></span> <span class='ocrx_word' id='word_1_596' title='bbox 3139 4067 3471 4135; x_wconf 88' lang='lat' dir='ltr'><strong>scriberem,</strong></span> <span class='ocrx_word' id='word_1_597' title='bbox 3519 4067 3659 4141; x_wconf 91' lang='lat' dir='ltr'><strong>quid</strong></span> <span class='ocrx_word' id='word_1_598' title='bbox 3693 4068 3850 4129; x_wconf 89' lang='lat' dir='ltr'><strong>mihi</strong></span> <span class='ocrx_word' id='word_1_599' title='bbox 3901 4073 3985 4133; x_wconf 88' lang='lat' dir='ltr'><strong>de</strong></span> 
     </span>
    </p>
   </div>
   <div class='ocr_carea' id='block_1_73' title="bbox 438 4152 2031 4237">
    <p class='ocr_par' dir='ltr' id='par_1_73' title="bbox 438 4152 2031 4237">
     <span class='ocr_line' id='line_1_73' title="bbox 438 4152 2031 4237; baseline 0.008 -27"><span class='ocrx_word' id='word_1_600' title='bbox 438 4152 642 4210; x_wconf 87' lang='lat' dir='ltr'><strong>asserit</strong></span> <span class='ocrx_word' id='word_1_601' title='bbox 698 4152 946 4226; x_wconf 88' lang='lat' dir='ltr'><strong>primam</strong></span> <span class='ocrx_word' id='word_1_602' title='bbox 1001 4154 1384 4215; x_wconf 90' lang='lat' dir='ltr'><strong>cardinalium</strong></span> <span class='ocrx_word' id='word_1_603' title='bbox 1441 4161 1788 4219; x_wconf 90' lang='lat' dir='ltr'><strong>creationem</strong></span> <span class='ocrx_word' id='word_1_604' title='bbox 1845 4165 2031 4237; x_wconf 83' lang='lat' dir='ltr'><strong>contig</strong></span> 
     </span>
    </p>
   </div>
   <div class='ocr_carea' id='block_1_74' title="bbox 2392 4152 3985 4237">
    <p class='ocr_par' dir='ltr' id='par_1_74' title="bbox 2395 4155 3985 4236">
     <span class='ocr_line' id='line_1_74' title="bbox 2395 4155 3985 4236; baseline 0.004 -22"><span class='ocrx_word' id='word_1_605' title='bbox 2395 4156 2456 4214; x_wconf 93' lang='lat' dir='ltr'>ui</span> <span class='ocrx_word' id='word_1_606' title='bbox 2482 4156 2544 4213; x_wconf 89' lang='lat' dir='ltr'><strong>in</strong></span> <span class='ocrx_word' id='word_1_607' title='bbox 2585 4155 2894 4229; x_wconf 89' lang='lat' dir='ltr'><strong>apostolica</strong></span> <span class='ocrx_word' id='word_1_608' title='bbox 2932 4155 3065 4214; x_wconf 83' lang='lat' dir='ltr'><strong>sede</strong></span> <span class='ocrx_word' id='word_1_609' title='bbox 3112 4171 3270 4213; x_wconf 91' lang='lat' dir='ltr'><strong>nunc</strong></span> <span class='ocrx_word' id='word_1_610' title='bbox 3302 4156 3587 4228; x_wconf 70' lang='lat' dir='ltr'><strong>praesidet,</strong></span> <span class='ocrx_word' id='word_1_611' title='bbox 3620 4157 3713 4216; x_wconf 89' lang='lat' dir='ltr'><strong>vel</strong></span> <span class='ocrx_word' id='word_1_612' title='bbox 3743 4174 3816 4218; x_wconf 91' lang='lat' dir='ltr'><strong>eo</strong></span> <span class='ocrx_word' id='word_1_613' title='bbox 3859 4163 3985 4236; x_wconf 90' lang='lat' dir='ltr'><strong>qui</strong></span> 
     </span>
    </p>
   </div>
   <div class='ocr_carea' id='block_1_75' title="bbox 442 4240 3987 4324">
    <p class='ocr_par' dir='ltr' id='par_1_75' title="bbox 442 4240 3987 4324">
     <span class='ocr_line' id='line_1_75' title="bbox 442 4240 3987 4324; baseline 0.003 -24"><span class='ocrx_word' id='word_1_614' title='bbox 442 4240 550 4300; x_wconf 90' lang='lat' dir='ltr'><strong>sub</strong></span> <span class='ocrx_word' id='word_1_615' title='bbox 591 4240 901 4315; x_wconf 88' lang='lat' dir='ltr'><strong>Stephano,</strong></span> <span class='ocrx_word' id='word_1_616' title='bbox 945 4249 1001 4301; x_wconf 91' lang='lat' dir='ltr'><strong>et</strong></span> <span class='ocrx_word' id='word_1_617' title='bbox 1039 4260 1172 4304; x_wconf 92' lang='lat' dir='ltr'><strong>cum</strong></span> <span class='ocrx_word' id='word_1_618' title='bbox 1220 4245 1286 4305; x_wconf 93' lang='lat' dir='ltr'><strong>B.</strong></span> <span class='ocrx_word' id='word_1_619' title='bbox 1334 4248 1500 4307; x_wconf 92' lang='lat' dir='ltr'><strong>Petro</strong></span> <span class='ocrx_word' id='word_1_620' title='bbox 1537 4249 1820 4309; x_wconf 87' lang='lat' dir='ltr'><strong>Damiano</strong></span> <span class='ocrx_word' id='word_1_621' title='bbox 1861 4269 1964 4311; x_wconf 91' lang='lat' dir='ltr'><strong>sex</strong></span> <span class='ocrx_word' id='word_1_622' title='bbox 2008 4253 2154 4312; x_wconf 89' lang='lat' dir='ltr'><strong>alios</strong></span> <span class='ocrx_word' id='word_1_623' title='bbox 2233 4243 2493 4316; x_wconf 77' lang='lat' dir='ltr'><strong>ejusdem</strong></span> <span class='ocrx_word' id='word_1_624' title='bbox 2524 4243 2677 4302; x_wconf 77' lang='lat' dir='ltr'><strong>SBdiS</strong></span> <span class='ocrx_word' id='word_1_625' title='bbox 2714 4243 2930 4302; x_wconf 74' lang='lat' dir='ltr'><strong>electus</strong></span> <span class='ocrx_word' id='word_1_626' title='bbox 2967 4250 3070 4314; x_wconf 69' lang='lat' dir='ltr'><strong>est,</strong></span> <span class='ocrx_word' id='word_1_627' title='bbox 3111 4243 3426 4314; x_wconf 75' lang='lat' dir='ltr'><strong>Videretul‘,</strong></span> <span class='ocrx_word' id='word_1_628' title='bbox 3468 4261 3811 4320; x_wconf 75' lang='lat' dir='ltr'><strong>quanquam</strong></span> <span class='ocrx_word' id='word_1_629' title='bbox 3866 4265 3987 4324; x_wconf 85' lang='lat' dir='ltr'><strong>per</strong></span> 
     </span>
    </p>
   </div>
   <div class='ocr_carea' id='block_1_76' title="bbox 438 4330 3986 4408">
    <p class='ocr_par' dir='ltr' id='par_1_76' title="bbox 438 4330 3986 4408">
     <span class='ocr_line' id='line_1_76' title="bbox 438 4330 3986 4408; baseline 0.003 -20"><span class='ocrx_word' id='word_1_630' title='bbox 438 4331 616 4389; x_wconf 87' lang='lat' dir='ltr'><strong>factos</strong></span> <span class='ocrx_word' id='word_1_631' title='bbox 653 4330 997 4396; x_wconf 79' lang='lat' dir='ltr'><strong>cardinales.</strong></span> <span class='ocrx_word' id='word_1_632' title='bbox 1043 4331 1110 4391; x_wconf 90' lang='lat' dir='ltr'><strong>In</strong></span> <span class='ocrx_word' id='word_1_633' title='bbox 1140 4350 1316 4408; x_wconf 89' lang='lat' dir='ltr'><strong>supra</strong></span> <span class='ocrx_word' id='word_1_634' title='bbox 1348 4335 1661 4396; x_wconf 71' lang='lat' dir='ltr'><strong>membrato</strong></span> <span class='ocrx_word' id='word_1_635' title='bbox 1701 4338 1872 4397; x_wconf 91' lang='lat' dir='ltr'><strong>Brevi</strong></span> <span class='ocrx_word' id='word_1_636' title='bbox 1905 4339 2069 4399; x_wconf 89' lang='lat' dir='ltr'><strong>Pauli</strong></span> <span class='ocrx_word' id='word_1_637' title='bbox 2105 4338 2153 4398; x_wconf 89' lang='lat' dir='ltr'><strong>V</strong></span> <span class='ocrx_word' id='word_1_638' title='bbox 2234 4333 2554 4391; x_wconf 83' lang='lat' dir='ltr'><strong>nonnullos</strong></span> <span class='ocrx_word' id='word_1_639' title='bbox 2597 4333 2870 4392; x_wconf 73' lang='lat' dir='ltr'><strong>Ecclesiae</strong></span> <span class='ocrx_word' id='word_1_640' title='bbox 2900 4338 3108 4390; x_wconf 65' lang='lat' dir='ltr'><strong>vestrm</strong></span> <span class='ocrx_word' id='word_1_641' title='bbox 3146 4332 3298 4391; x_wconf 81' lang='lat' dir='ltr'><strong>ﬁlios</strong></span> <span class='ocrx_word' id='word_1_642' title='bbox 3334 4334 3454 4407; x_wconf 86' lang='lat' dir='ltr'><strong>jam</strong></span> <span class='ocrx_word' id='word_1_643' title='bbox 3487 4335 3824 4408; x_wconf 90' lang='lat' dir='ltr'><strong>potuissetis</strong></span> <span class='ocrx_word' id='word_1_644' title='bbox 3858 4355 3986 4400; x_wconf 90' lang='lat' dir='ltr'><strong>au-</strong></span> 
     </span>
    </p>
   </div>
   <div class='ocr_carea' id='block_1_77' title="bbox 437 4420 3984 4501">
    <p class='ocr_par' dir='ltr' id='par_1_77' title="bbox 437 4420 3984 4501">
     <span class='ocr_line' id='line_1_77' title="bbox 437 4420 3984 4501; baseline 0.003 -22"><span class='ocrx_word' id='word_1_645' title='bbox 437 4420 508 4479; x_wconf 87' lang='lat' dir='ltr'><strong>ad</strong></span> <span class='ocrx_word' id='word_1_646' title='bbox 539 4421 875 4492; x_wconf 77' lang='lat' dir='ltr'><strong>Cajetanum</strong></span> <span class='ocrx_word' id='word_1_647' title='bbox 909 4425 968 4481; x_wconf 93' lang='lat' dir='ltr'><strong>S.</strong></span> <span class='ocrx_word' id='word_1_648' title='bbox 1002 4426 1069 4480; x_wconf 88' lang='lat' dir='ltr'><strong>R.</strong></span> <span class='ocrx_word' id='word_1_649' title='bbox 1116 4428 1183 4481; x_wconf 89' lang='lat' dir='ltr'><strong>E.</strong></span> <span class='ocrx_word' id='word_1_650' title='bbox 1219 4428 1523 4484; x_wconf 81' lang='lat' dir='ltr'><strong>cardinalis</strong></span> <span class='ocrx_word' id='word_1_651' title='bbox 1567 4431 1852 4501; x_wconf 85' lang='lat' dir='ltr'><strong>episcopus</strong></span> <span class='ocrx_word' id='word_1_652' title='bbox 1889 4431 2152 4487; x_wconf 86' lang='lat' dir='ltr'><strong>Ostiensis</strong></span> <span class='ocrx_word' id='word_1_653' title='bbox 2234 4421 2378 4493; x_wconf 90' lang='lat' dir='ltr'><strong>dire,</strong></span> <span class='ocrx_word' id='word_1_654' title='bbox 2433 4437 2565 4496; x_wconf 68' lang='lat' dir='ltr'><strong>quae</strong></span> <span class='ocrx_word' id='word_1_655' title='bbox 2614 4421 2688 4478; x_wconf 90' lang='lat' dir='ltr'><strong>sit</strong></span> <span class='ocrx_word' id='word_1_656' title='bbox 2741 4428 2936 4479; x_wconf 89' lang='lat' dir='ltr'><strong>nostra</strong></span> <span class='ocrx_word' id='word_1_657' title='bbox 2984 4435 3158 4493; x_wconf 91' lang='lat' dir='ltr'><strong>super</strong></span> <span class='ocrx_word' id='word_1_658' title='bbox 3201 4421 3450 4480; x_wconf 89' lang='lat' dir='ltr'><strong>duorum</strong></span> <span class='ocrx_word' id='word_1_659' title='bbox 3506 4421 3823 4484; x_wconf 89' lang='lat' dir='ltr'><strong>hominum</strong></span> <span class='ocrx_word' id='word_1_660' title='bbox 3881 4429 3984 4488; x_wconf 90' lang='lat' dir='ltr'><strong>di-</strong></span> 
     </span>
    </p>
   </div>
   <div class='ocr_carea' id='block_1_78' title="bbox 431 4509 3989 4594">
    <p class='ocr_par' dir='ltr' id='par_1_78' title="bbox 431 4509 3989 4594">
     <span class='ocr_line' id='line_1_78' title="bbox 431 4509 3989 4594; baseline 0.002 -24"><span class='ocrx_word' id='word_1_661' title='bbox 431 4511 777 4586; x_wconf 85' lang='lat' dir='ltr'><strong>appellatur.</strong></span> <span class='ocrx_word' id='word_1_662' title='bbox 814 4537 839 4561; x_wconf 87' lang='grc'><strong>‹‹</strong></span> <span class='ocrx_word' id='word_1_663' title='bbox 885 4511 1212 4586; x_wconf 89' lang='lat' dir='ltr'><strong>Stephanus</strong></span> <span class='ocrx_word' id='word_1_664' title='bbox 1253 4539 1278 4566; x_wconf 73' lang='grc' dir='ltr'><strong>υ</strong></span> <span class='ocrx_word' id='word_1_665' title='bbox 1311 4532 1445 4592; x_wconf 87' lang='lat' dir='ltr'><strong>ergo</strong></span> <span class='ocrx_word' id='word_1_666' title='bbox 1489 4539 1510 4569; x_wconf 74' lang='grc' dir='ltr'><strong>α</strong></span> <span class='ocrx_word' id='word_1_667' title='bbox 1545 4517 1716 4591; x_wconf 91' lang='lat' dir='ltr'><strong>Papa,</strong></span> <span class='ocrx_word' id='word_1_668' title='bbox 1755 4541 1776 4571; x_wconf 76' lang='grc' dir='ltr'><strong><em>ι</em></strong></span> <span class='ocrx_word' id='word_1_669' title='bbox 1823 4526 1887 4578; x_wconf 91' lang='lat' dir='ltr'><strong>ut</strong></span> <span class='ocrx_word' id='word_1_670' title='bbox 1922 4520 1981 4577; x_wconf 89' lang='lat' dir='ltr'><strong>in</strong></span> <span class='ocrx_word' id='word_1_671' title='bbox 2024 4510 2503 4594; x_wconf 65' lang='lat' dir='ltr'><strong>ejusnversitate</strong></span> <span class='ocrx_word' id='word_1_672' title='bbox 2557 4509 2886 4581; x_wconf 83' lang='lat' dir='ltr'><strong>sententia;</strong></span> <span class='ocrx_word' id='word_1_673' title='bbox 2938 4515 3152 4581; x_wconf 88' lang='lat' dir='ltr'><strong>tamen,</strong></span> <span class='ocrx_word' id='word_1_674' title='bbox 3206 4511 3345 4584; x_wconf 86' lang='lat' dir='ltr'><strong>quia</strong></span> <span class='ocrx_word' id='word_1_675' title='bbox 3402 4512 3732 4586; x_wconf 71' lang='lat' dir='ltr'><strong>prmcipitis,</strong></span> <span class='ocrx_word' id='word_1_676' title='bbox 3785 4518 3989 4580; x_wconf 90' lang='lat' dir='ltr'><strong>etiam</strong></span> 
     </span>
    </p>
   </div>
   <div class='ocr_carea' id='block_1_79' title="bbox 439 4598 3988 4685">
    <p class='ocr_par' dir='ltr' id='par_1_79' title="bbox 439 4598 3988 4685">
     <span class='ocr_line' id='line_1_79' title="bbox 439 4598 3988 4685; baseline 0.005 -29"><span class='ocrx_word' id='word_1_677' title='bbox 439 4598 568 4657; x_wconf 89' lang='lat' dir='ltr'><strong>Vita</strong></span> <span class='ocrx_word' id='word_1_678' title='bbox 617 4601 889 4660; x_wconf 88' lang='lat' dir='ltr'><strong>Conciliis</strong></span> <span class='ocrx_word' id='word_1_679' title='bbox 939 4602 1090 4661; x_wconf 85' lang='lat' dir='ltr'><strong>edita</strong></span> <span class='ocrx_word' id='word_1_680' title='bbox 1120 4603 1355 4680; x_wconf 88' lang='lat' dir='ltr'><strong>legitur,</strong></span> <span class='ocrx_word' id='word_1_681' title='bbox 1388 4629 1409 4658; x_wconf 73' lang='grc' dir='ltr'>ι</span> <span class='ocrx_word' id='word_1_682' title='bbox 1444 4608 1655 4666; x_wconf 87' lang='lat' dir='ltr'><strong>habitis</strong></span> <span class='ocrx_word' id='word_1_683' title='bbox 1707 4611 1768 4668; x_wconf 94' lang='lat' dir='ltr'><strong>in</strong></span> <span class='ocrx_word' id='word_1_684' title='bbox 1828 4610 1970 4669; x_wconf 92' lang='lat' dir='ltr'><strong>urbe</strong></span> <span class='ocrx_word' id='word_1_685' title='bbox 2015 4610 2147 4685; x_wconf 89' lang='lat' dir='ltr'><strong>plu-</strong></span> <span class='ocrx_word' id='word_1_686' title='bbox 2173 4598 2498 4675; x_wconf 69' lang='lat' dir='ltr'><strong>“apiCibus</strong></span> <span class='ocrx_word' id='word_1_687' title='bbox 2528 4606 2894 4658; x_wconf 61' lang='lat' dir='ltr'><strong>annommus-</strong></span> <span class='ocrx_word' id='word_1_688' title='bbox 2930 4599 3036 4657; x_wconf 72' lang='lat' dir='ltr'><strong>me</strong></span> <span class='ocrx_word' id='word_1_689' title='bbox 3074 4598 3356 4658; x_wconf 61' lang='lat' dir='ltr'><strong>nimirum</strong></span> <span class='ocrx_word' id='word_1_690' title='bbox 3386 4600 3602 4673; x_wconf 72' lang='grc' dir='ltr'><strong>ίὼεαυθ</strong></span> <span class='ocrx_word' id='word_1_691' title='bbox 3628 4602 3751 4662; x_wconf 71' lang='lat' dir='ltr'><strong>una</strong></span> <span class='ocrx_word' id='word_1_692' title='bbox 3778 4621 3988 4668; x_wconf 73' lang='lat' dir='ltr'><strong>excu-</strong></span> 
     </span>
    </p>
   </div>
   <div class='ocr_carea' id='block_1_80' title="bbox 434 4689 3997 4777">
    <p class='ocr_par' dir='ltr' id='par_1_80' title="bbox 434 4689 3997 4777">
     <span class='ocr_line' id='line_1_80' title="bbox 434 4689 3997 4777; baseline 0.005 -30"><span class='ocrx_word' id='word_1_693' title='bbox 434 4691 595 4749; x_wconf 89' lang='lat' dir='ltr'><strong>rimis</strong></span> <span class='ocrx_word' id='word_1_694' title='bbox 639 4691 900 4751; x_wconf 92' lang='lat' dir='ltr'><strong>consiliis</strong></span> <span class='ocrx_word' id='word_1_695' title='bbox 957 4701 1155 4753; x_wconf 90' lang='lat' dir='ltr'><strong>contra</strong></span> <span class='ocrx_word' id='word_1_696' title='bbox 1205 4699 1682 4773; x_wconf 89' lang='lat' dir='ltr'><strong>concubinatum,</strong></span> <span class='ocrx_word' id='word_1_697' title='bbox 1728 4701 1959 4776; x_wconf 89' lang='lat' dir='ltr'><strong>aliaque</strong></span> <span class='ocrx_word' id='word_1_698' title='bbox 2012 4703 2150 4777; x_wconf 82' lang='lat' dir='ltr'><strong>plu-</strong></span> <span class='ocrx_word' id='word_1_699' title='bbox 2237 4692 2458 4752; x_wconf 71' lang='lat' dir='ltr'><strong>satione</strong></span> <span class='ocrx_word' id='word_1_700' title='bbox 2489 4691 2842 4750; x_wconf 71' lang='lat' dir='ltr'><strong>Simeuiaeus</strong></span> <span class='ocrx_word' id='word_1_701' title='bbox 2871 4696 2976 4762; x_wconf 58' lang='lat' dir='ltr'><strong>est,</strong></span> <span class='ocrx_word' id='word_1_702' title='bbox 3019 4691 3159 4765; x_wconf 68' lang='lat' dir='ltr'><strong>(illia</strong></span> <span class='ocrx_word' id='word_1_703' title='bbox 3189 4689 3356 4749; x_wconf 73' lang='lat' dir='ltr'><strong>ﬂebis</strong></span> <span class='ocrx_word' id='word_1_704' title='bbox 3385 4692 3655 4752; x_wconf 75' lang='lat' dir='ltr'><strong>omnibus</strong></span> <span class='ocrx_word' id='word_1_705' title='bbox 3697 4695 3997 4769; x_wconf 77' lang='lat' dir='ltr'><strong>ejusdem</strong></span> 
     </span>
    </p>
   </div>
   <div class='ocr_carea' id='block_1_81' title="bbox 433 4777 3994 4856">
    <p class='ocr_par' dir='ltr' id='par_1_81' title="bbox 433 4777 3994 4856">
     <span class='ocr_line' id='line_1_81' title="bbox 433 4777 3994 4856; baseline 0.003 -17"><span class='ocrx_word' id='word_1_706' title='bbox 433 4777 581 4836; x_wconf 81' lang='lat' dir='ltr'><strong>rima</strong></span> <span class='ocrx_word' id='word_1_707' title='bbox 610 4781 746 4839; x_wconf 89' lang='lat' dir='ltr'><strong>vitia</strong></span> <span class='ocrx_word' id='word_1_708' title='bbox 783 4780 944 4854; x_wconf 87' lang='lat' dir='ltr'><strong>cleri,</strong></span> <span class='ocrx_word' id='word_1_709' title='bbox 982 4799 1171 4842; x_wconf 90' lang='lat' dir='ltr'><strong>mores</strong></span> <span class='ocrx_word' id='word_1_710' title='bbox 1202 4784 1476 4846; x_wconf 67' lang='lat' dir='ltr'><strong>Ecclesiae</strong></span> <span class='ocrx_word' id='word_1_711' title='bbox 1504 4789 1860 4848; x_wconf 78' lang='lat' dir='ltr'><strong>reformavit,</strong></span> <span class='ocrx_word' id='word_1_712' title='bbox 1910 4790 2149 4850; x_wconf 74' lang='lat' dir='ltr'><strong>Petrum</strong></span> <span class='ocrx_word' id='word_1_713' title='bbox 2238 4780 2401 4841; x_wconf 92' lang='lat' dir='ltr'><strong>urbis</strong></span> <span class='ocrx_word' id='word_1_714' title='bbox 2429 4779 2825 4840; x_wconf 89' lang='lat' dir='ltr'><strong>cardinalibus</strong></span> <span class='ocrx_word' id='word_1_715' title='bbox 2856 4779 3138 4855; x_wconf 90' lang='lat' dir='ltr'><strong>episcopis</strong></span> <span class='ocrx_word' id='word_1_716' title='bbox 3170 4779 3640 4856; x_wconf 89' lang='lat' dir='ltr'><strong>reclamantibus,</strong></span> <span class='ocrx_word' id='word_1_717' title='bbox 3672 4783 3994 4848; x_wconf 88' lang='lat' dir='ltr'><strong>obsisten-</strong></span> 
     </span>
    </p>
   </div>
   <div class='ocr_carea' id='block_1_82' title="bbox 438 4865 3996 4956">
    <p class='ocr_par' dir='ltr' id='par_1_82' title="bbox 438 4865 3996 4956">
     <span class='ocr_line' id='line_1_82' title="bbox 438 4865 3996 4956; baseline 0.004 -31"><span class='ocrx_word' id='word_1_718' title='bbox 438 4865 701 4956; x_wconf 82' lang='lat' dir='ltr'><strong>Damiani</strong></span> <span class='ocrx_word' id='word_1_719' title='bbox 754 4871 827 4930; x_wconf 89' lang='lat' dir='ltr'><strong>ab</strong></span> <span class='ocrx_word' id='word_1_720' title='bbox 893 4888 1086 4931; x_wconf 87' lang='lat' dir='ltr'><strong>eremo</strong></span> <span class='ocrx_word' id='word_1_721' title='bbox 1142 4874 1491 4936; x_wconf 69' lang='lat' dir='ltr'><strong>abstractum</strong></span> <span class='ocrx_word' id='word_1_722' title='bbox 1550 4878 1767 4939; x_wconf 69' lang='lat' dir='ltr'><strong>creavit</strong></span> <span class='ocrx_word' id='word_1_723' title='bbox 1819 4881 2145 4956; x_wconf 76' lang='lat' dir='ltr'><strong>episcopum</strong></span> <span class='ocrx_word' id='word_1_724' title='bbox 2239 4870 2413 4941; x_wconf 88' lang='lat' dir='ltr'><strong>tibus,</strong></span> <span class='ocrx_word' id='word_1_725' title='bbox 2466 4877 2520 4928; x_wconf 91' lang='lat' dir='ltr'><strong>et</strong></span> <span class='ocrx_word' id='word_1_726' title='bbox 2579 4869 2916 4928; x_wconf 88' lang='lat' dir='ltr'><strong>terribiliter</strong></span> <span class='ocrx_word' id='word_1_727' title='bbox 2970 4868 3609 4943; x_wconf 88' lang='lat' dir='ltr'><strong>anathematizantibus,</strong></span> <span class='ocrx_word' id='word_1_728' title='bbox 3670 4881 3996 4939; x_wconf 88' lang='lat' dir='ltr'><strong>nocturno</strong></span> 
     </span>
    </p>
   </div>
   <div class='ocr_carea' id='block_1_83' title="bbox 435 4953 3998 5036">
    <p class='ocr_par' dir='ltr' id='par_1_83' title="bbox 435 4953 3998 5036">
     <span class='ocr_line' id='line_1_83' title="bbox 435 4953 3998 5036; baseline 0.008 -24"><span class='ocrx_word' id='word_1_729' title='bbox 435 4953 784 5014; x_wconf 89' lang='lat' dir='ltr'><strong>cardinalem</strong></span> <span class='ocrx_word' id='word_1_730' title='bbox 812 4958 1229 5021; x_wconf 71' lang='lat' dir='ltr'><strong>Ostiensem...</strong></span> <span class='ocrx_word' id='word_1_731' title='bbox 1256 4963 1346 5021; x_wconf 92' lang='lat' dir='ltr'><strong>Ad</strong></span> <span class='ocrx_word' id='word_1_732' title='bbox 1374 4965 1747 5028; x_wconf 90' lang='lat' dir='ltr'><strong>invisendum</strong></span> <span class='ocrx_word' id='word_1_733' title='bbox 1778 4968 1836 5029; x_wconf 94' lang='lat' dir='ltr'><strong>S.</strong></span> <span class='ocrx_word' id='word_1_734' title='bbox 1857 4953 2150 5028; x_wconf 78' lang='lat' dir='ltr'><strong>Joannem</strong></span> <span class='ocrx_word' id='word_1_735' title='bbox 2238 4968 2510 5034; x_wconf 57' lang='lat' dir='ltr'><strong>tempore,</strong></span> <span class='ocrx_word' id='word_1_736' title='bbox 2543 4975 2677 5018; x_wconf 73' lang='lat' dir='ltr'><strong>cum</strong></span> <span class='ocrx_word' id='word_1_737' title='bbox 2709 4966 3062 5018; x_wconf 55' lang='lat' dir='ltr'><strong>armatorum</strong></span> <span class='ocrx_word' id='word_1_738' title='bbox 3093 4960 3274 5019; x_wconf 63' lang='lat' dir='ltr'><strong>turbis</strong></span> <span class='ocrx_word' id='word_1_739' title='bbox 3305 4962 3566 5036; x_wconf 71' lang='lat' dir='ltr'><strong>undique</strong></span> <span class='ocrx_word' id='word_1_740' title='bbox 3590 4965 3998 5029; x_wconf 72' lang='grc' dir='ltr'><strong>ῐυωιιηυᾶῐι-</strong></span> 
     </span>
    </p>
   </div>
   <div class='ocr_carea' id='block_1_84' title="bbox 437 5043 2030 5127">
    <p class='ocr_par' dir='ltr' id='par_1_84' title="bbox 437 5043 2030 5118">
     <span class='ocr_line' id='line_1_84' title="bbox 437 5043 2030 5118; baseline 0.009 -14"><span class='ocrx_word' id='word_1_741' title='bbox 437 5043 819 5104; x_wconf 89' lang='lat' dir='ltr'><strong>Gualbertum</strong></span> <span class='ocrx_word' id='word_1_742' title='bbox 868 5049 1020 5108; x_wconf 91' lang='lat' dir='ltr'><strong>fama</strong></span> <span class='ocrx_word' id='word_1_743' title='bbox 1063 5052 1379 5112; x_wconf 89' lang='lat' dir='ltr'><strong>sanctitatis</strong></span> <span class='ocrx_word' id='word_1_744' title='bbox 1425 5056 1865 5118; x_wconf 91' lang='lat' dir='ltr'><strong>celeberrimum</strong></span> <span class='ocrx_word' id='word_1_745' title='bbox 1915 5059 2030 5118; x_wconf 79' lang='lat' dir='ltr'><strong>FlOl</strong></span> 
     </span>
    </p>
   </div>
   <div class='ocr_carea' id='block_1_85' title="bbox 2406 5043 3999 5127">
    <p class='ocr_par' dir='ltr' id='par_1_85' title="bbox 2406 5047 3999 5127">
     <span class='ocr_line' id='line_1_85' title="bbox 2406 5047 3999 5127; baseline -0.002 -19"><span class='ocrx_word' id='word_1_746' title='bbox 2406 5099 2411 5118; x_wconf 78' lang='lat'><strong>,</strong></span> <span class='ocrx_word' id='word_1_747' title='bbox 2449 5057 2505 5108; x_wconf 92' lang='lat' dir='ltr'><strong>et</strong></span> <span class='ocrx_word' id='word_1_748' title='bbox 2546 5049 2897 5118; x_wconf 89' lang='lat' dir='ltr'><strong>furentibus,</strong></span> <span class='ocrx_word' id='word_1_749' title='bbox 2934 5047 3356 5109; x_wconf 89' lang='lat' dir='ltr'><strong>inthronizatus</strong></span> <span class='ocrx_word' id='word_1_750' title='bbox 3405 5058 3508 5110; x_wconf 90' lang='lat' dir='ltr'><strong>est.</strong></span> <span class='ocrx_word' id='word_1_751' title='bbox 3554 5073 3582 5106; x_wconf 86' lang='lat'><strong>»</strong></span> <span class='ocrx_word' id='word_1_752' title='bbox 3615 5053 3784 5127; x_wconf 69' lang='lat' dir='ltr'><strong>Quae,</strong></span> <span class='ocrx_word' id='word_1_753' title='bbox 3830 5059 3999 5119; x_wconf 73' lang='lat' dir='ltr'><strong>reli-</strong></span> 
     </span>
    </p>
   </div>
   <div class='ocr_carea' id='block_1_86' title="bbox 438 5135 4003 5224">
    <p class='ocr_par' dir='ltr' id='par_1_86' title="bbox 438 5135 4003 5224">
     <span class='ocr_line' id='line_1_86' title="bbox 438 5135 4003 5224; baseline 0.006 -30"><span class='ocrx_word' id='word_1_754' title='bbox 438 5135 576 5194; x_wconf 86' lang='lat' dir='ltr'><strong>tiam</strong></span> <span class='ocrx_word' id='word_1_755' title='bbox 623 5136 934 5209; x_wconf 85' lang='lat' dir='ltr'><strong>profectus,</strong></span> <span class='ocrx_word' id='word_1_756' title='bbox 965 5139 1170 5200; x_wconf 87' lang='lat' dir='ltr'><strong>incidit</strong></span> <span class='ocrx_word' id='word_1_757' title='bbox 1209 5142 1272 5202; x_wconf 88' lang='lat' dir='ltr'><strong>in</strong></span> <span class='ocrx_word' id='word_1_758' title='bbox 1300 5145 1588 5219; x_wconf 90' lang='lat' dir='ltr'><strong>morbum,</strong></span> <span class='ocrx_word' id='word_1_759' title='bbox 1617 5156 1673 5206; x_wconf 92' lang='lat' dir='ltr'><strong>et</strong></span> <span class='ocrx_word' id='word_1_760' title='bbox 1705 5150 1906 5224; x_wconf 89' lang='lat' dir='ltr'><strong>paucis</strong></span> <span class='ocrx_word' id='word_1_761' title='bbox 1947 5148 2153 5208; x_wconf 88' lang='lat' dir='ltr'><strong>diebus</strong></span> <span class='ocrx_word' id='word_1_762' title='bbox 2236 5142 2370 5214; x_wconf 73' lang='lat' dir='ltr'><strong>(illis</strong></span> <span class='ocrx_word' id='word_1_763' title='bbox 2421 5139 2672 5212; x_wconf 69' lang='grc' dir='ltr'><strong>οωίεδίεν</strong></span> <span class='ocrx_word' id='word_1_764' title='bbox 2727 5137 2985 5197; x_wconf 63' lang='lat' dir='ltr'><strong>indicant</strong></span> <span class='ocrx_word' id='word_1_765' title='bbox 3035 5139 3107 5198; x_wconf 75' lang='lat' dir='ltr'><strong>de</strong></span> <span class='ocrx_word' id='word_1_766' title='bbox 3157 5145 3290 5198; x_wconf 58' lang='lat' dir='ltr'><strong>ante</strong></span> <span class='ocrx_word' id='word_1_767' title='bbox 3342 5139 3592 5200; x_wconf 68' lang='lat' dir='ltr'><strong>indicate</strong></span> <span class='ocrx_word' id='word_1_768' title='bbox 3649 5143 4003 5208; x_wconf 70' lang='lat' dir='ltr'><strong>SChiSmate</strong></span> 
     </span>
    </p>
   </div>
   <div class='ocr_carea' id='block_1_87' title="bbox 438 5231 2349 5313">
    <p class='ocr_par' dir='ltr' id='par_1_87' title="bbox 438 5231 2349 5313">
     <span class='ocr_line' id='line_1_87' title="bbox 438 5231 2349 5313; baseline 0.009 -31"><span class='ocrx_word' id='word_1_769' title='bbox 438 5231 741 5313; x_wconf 86' lang='lat' dir='ltr'><strong>postquam</strong></span> <span class='ocrx_word' id='word_1_770' title='bbox 786 5234 1132 5302; x_wconf 73' lang='lat' dir='ltr'><strong>tegrotasset,</strong></span> <span class='ocrx_word' id='word_1_771' title='bbox 1162 5231 1301 5290; x_wconf 90' lang='lat' dir='ltr'><strong>obiit</strong></span> <span class='ocrx_word' id='word_1_772' title='bbox 1341 5235 1374 5294; x_wconf 85' lang='grc'>4</span> <span class='ocrx_word' id='word_1_773' title='bbox 1419 5235 1706 5297; x_wconf 86' lang='lat' dir='ltr'><strong>Kalendas</strong></span> <span class='ocrx_word' id='word_1_774' title='bbox 1735 5238 1954 5313; x_wconf 90' lang='lat' dir='ltr'><strong>Aprilis</strong></span> <span class='ocrx_word' id='word_1_775' title='bbox 1998 5253 2152 5298; x_wconf 89' lang='lat' dir='ltr'><strong>anno</strong></span> <span class='ocrx_word' id='word_1_776' title='bbox 2234 5232 2349 5308; x_wconf 77' lang='lat' dir='ltr'><strong>agi-</strong></span> 
     </span>
    </p>
   </div>
   <div class='ocr_carea' id='block_1_88' title="bbox 445 5311 4003 5401">
    <p class='ocr_par' dir='ltr' id='par_1_88' title="bbox 445 5311 4003 5401">
     <span class='ocr_line' id='line_1_88' title="bbox 445 5311 4003 5401; baseline 0.009 -34"><span class='ocrx_word' id='word_1_777' title='bbox 445 5311 597 5401; x_wconf 55' lang='lat'><strong>1058.</strong></span> <span class='ocrx_word' id='word_1_778' title='bbox 633 5341 659 5365; x_wconf 87' lang='lat'><strong>»</strong></span> <span class='ocrx_word' id='word_1_779' title='bbox 1795 5311 1809 5313; x_wconf 56' lang='grc'><strong><em>“</em></strong></span> <span class='ocrx_word' id='word_1_780' title='bbox 2305 5328 2394 5386; x_wconf 81' lang='lat'><strong>27.</strong></span> <span class='ocrx_word' id='word_1_781' title='bbox 2447 5327 2592 5384; x_wconf 87' lang='lat' dir='ltr'><strong>Cum</strong></span> <span class='ocrx_word' id='word_1_782' title='bbox 2645 5324 2990 5386; x_wconf 92' lang='lat' dir='ltr'><strong>Benedictus</strong></span> <span class='ocrx_word' id='word_1_783' title='bbox 3047 5325 3410 5401; x_wconf 89' lang='lat' dir='ltr'><strong>pseudopapa</strong></span> <span class='ocrx_word' id='word_1_784' title='bbox 3457 5333 3511 5386; x_wconf 90' lang='lat' dir='ltr'><strong>et</strong></span> <span class='ocrx_word' id='word_1_785' title='bbox 3555 5330 4003 5400; x_wconf 87' lang='lat' dir='ltr'><strong>schismaticus</strong></span> 
     </span>
    </p>
   </div>
   <div class='ocr_carea' id='block_1_89' title="bbox 473 5400 4003 5498">
    <p class='ocr_par' dir='ltr' id='par_1_89' title="bbox 473 5400 4003 5498">
     <span class='ocr_line' id='line_1_89' title="bbox 473 5400 4003 5498; baseline 0.009 -42"><span class='ocrx_word' id='word_1_786' title='bbox 473 5488 484 5498; x_wconf 67' lang='lat'>_</span> <span class='ocrx_word' id='word_1_787' title='bbox 629 5402 790 5471; x_wconf 85' lang='lat' dir='ltr'><strong>Quod</strong></span> <span class='ocrx_word' id='word_1_788' title='bbox 818 5419 956 5464; x_wconf 82' lang='lat' dir='ltr'><strong>mox</strong></span> <span class='ocrx_word' id='word_1_789' title='bbox 986 5405 1251 5470; x_wconf 88' lang='lat' dir='ltr'><strong>obortum</strong></span> <span class='ocrx_word' id='word_1_790' title='bbox 1278 5416 1361 5469; x_wconf 89' lang='lat' dir='ltr'><strong>est</strong></span> <span class='ocrx_word' id='word_1_791' title='bbox 1385 5411 1656 5484; x_wconf 90' lang='lat' dir='ltr'><strong>schisma,</strong></span> <span class='ocrx_word' id='word_1_792' title='bbox 1682 5415 1762 5472; x_wconf 89' lang='lat' dir='ltr'><strong>ita</strong></span> <span class='ocrx_word' id='word_1_793' title='bbox 1788 5415 1903 5474; x_wconf 92' lang='lat' dir='ltr'><strong>Leo</strong></span> <span class='ocrx_word' id='word_1_794' title='bbox 1923 5417 2151 5475; x_wconf 88' lang='lat' dir='ltr'><strong>Ostien-</strong></span> <span class='ocrx_word' id='word_1_795' title='bbox 2235 5424 2294 5480; x_wconf 92' lang='lat' dir='ltr'><strong>in</strong></span> <span class='ocrx_word' id='word_1_796' title='bbox 2343 5418 2589 5479; x_wconf 92' lang='lat' dir='ltr'><strong>concilio</strong></span> <span class='ocrx_word' id='word_1_797' title='bbox 2623 5418 2860 5480; x_wconf 88' lang='lat' dir='ltr'><strong>Sutrino</strong></span> <span class='ocrx_word' id='word_1_798' title='bbox 2904 5400 3357 5490; x_wconf 48' lang='lat' dir='ltr'><strong>condemnatus,</strong></span> <span class='ocrx_word' id='word_1_799' title='bbox 3380 5423 3657 5497; x_wconf 91' lang='lat' dir='ltr'><strong>omnique</strong></span> <span class='ocrx_word' id='word_1_800' title='bbox 3691 5429 4003 5489; x_wconf 83' lang='lat' dir='ltr'><strong>sacerdo-</strong></span> 
     </span>
    </p>
   </div>
   <div class='ocr_carea' id='block_1_90' title="bbox 440 5491 4000 5592">
    <p class='ocr_par' dir='ltr' id='par_1_90' title="bbox 440 5491 4000 5592">
     <span class='ocr_line' id='line_1_90' title="bbox 440 5491 4000 5592; baseline 0.008 -47"><span class='ocrx_word' id='word_1_801' title='bbox 440 5491 539 5592; x_wconf 36' lang='lat' dir='ltr'><strong>sis.</strong></span> <span class='ocrx_word' id='word_1_802' title='bbox 571 5491 610 5548; x_wconf 93' lang='lat' dir='ltr'><strong>l.</strong></span> <span class='ocrx_word' id='word_1_803' title='bbox 664 5506 724 5564; x_wconf 82' lang='lat'><strong>11,</strong></span> <span class='ocrx_word' id='word_1_804' title='bbox 767 5513 887 5592; x_wconf 84' lang='lat' dir='ltr'><strong>cap.</strong></span> <span class='ocrx_word' id='word_1_805' title='bbox 949 5497 1064 5592; x_wconf 68' lang='lat'><strong>102,</strong></span> <span class='ocrx_word' id='word_1_806' title='bbox 1119 5500 1391 5592; x_wconf 80' lang='lat' dir='ltr'><strong>describit</strong></span> <span class='ocrx_word' id='word_1_807' title='bbox 1428 5526 1440 5560; x_wconf 91' lang='lat'><strong>:</strong></span> <span class='ocrx_word' id='word_1_808' title='bbox 1504 5525 1525 5554; x_wconf 73' lang='grc' dir='ltr'>ε</span> <span class='ocrx_word' id='word_1_809' title='bbox 1581 5503 1805 5563; x_wconf 90' lang='lat' dir='ltr'><strong>Interea</strong></span> <span class='ocrx_word' id='word_1_810' title='bbox 1845 5506 2152 5581; x_wconf 85' lang='lat' dir='ltr'><strong>Gregorius</strong></span> <span class='ocrx_word' id='word_1_811' title='bbox 2236 5507 2338 5566; x_wconf 89' lang='lat' dir='ltr'><strong>tali</strong></span> <span class='ocrx_word' id='word_1_812' title='bbox 2375 5506 2560 5565; x_wconf 83' lang='lat' dir='ltr'><strong>ofﬁcio</strong></span> <span class='ocrx_word' id='word_1_813' title='bbox 2592 5507 2852 5581; x_wconf 79' lang='lat' dir='ltr'><strong>privatus</strong></span> <span class='ocrx_word' id='word_1_814' title='bbox 2884 5514 3052 5580; x_wconf 88' lang='lat' dir='ltr'><strong>esset,</strong></span> <span class='ocrx_word' id='word_1_815' title='bbox 3084 5516 3139 5567; x_wconf 91' lang='lat' dir='ltr'><strong>et</strong></span> <span class='ocrx_word' id='word_1_816' title='bbox 3177 5507 3448 5568; x_wconf 91' lang='lat' dir='ltr'><strong>Nicolaus</strong></span> <span class='ocrx_word' id='word_1_817' title='bbox 3480 5527 3514 5569; x_wconf 88' lang='lat' dir='ltr'><strong>a</strong></span> <span class='ocrx_word' id='word_1_818' title='bbox 3560 5491 3734 5582; x_wconf 77' lang='lat' dir='ltr'><strong>clero,</strong></span> <span class='ocrx_word' id='word_1_819' title='bbox 3775 5531 4000 5592; x_wconf 78' lang='lat' dir='ltr'><strong>pepu-</strong></span> 
     </span>
    </p>
   </div>
   <div class='ocr_carea' id='block_1_91' title="bbox 443 5578 4002 5680">
    <p class='ocr_par' dir='ltr' id='par_1_91' title="bbox 443 5578 4002 5680">
     <span class='ocr_line' id='line_1_91' title="bbox 443 5578 4002 5680; baseline 0.008 -43"><span class='ocrx_word' id='word_1_820' title='bbox 443 5578 841 5680; x_wconf 69' lang='lat' dir='ltr'><strong>Lateranensis</strong></span> <span class='ocrx_word' id='word_1_821' title='bbox 869 5595 921 5680; x_wconf 84' lang='lat' dir='ltr'><strong>et</strong></span> <span class='ocrx_word' id='word_1_822' title='bbox 961 5588 1414 5650; x_wconf 90' lang='lat' dir='ltr'><strong>Tusculanensis</strong></span> <span class='ocrx_word' id='word_1_823' title='bbox 1455 5607 1665 5666; x_wconf 90' lang='lat' dir='ltr'><strong>comes,</strong></span> <span class='ocrx_word' id='word_1_824' title='bbox 1699 5578 1987 5670; x_wconf 76' lang='lat' dir='ltr'><strong>comperto</strong></span> <span class='ocrx_word' id='word_1_825' title='bbox 2034 5597 2149 5658; x_wconf 84' lang='lat' dir='ltr'><strong>Ro-</strong></span> <span class='ocrx_word' id='word_1_826' title='bbox 2235 5599 2405 5672; x_wconf 92' lang='lat' dir='ltr'><strong>loque</strong></span> <span class='ocrx_word' id='word_1_827' title='bbox 2451 5578 2712 5657; x_wconf 78' lang='lat' dir='ltr'><strong>Romano</strong></span> <span class='ocrx_word' id='word_1_828' title='bbox 2747 5598 2922 5672; x_wconf 88' lang='lat' dir='ltr'><strong>digno</strong></span> <span class='ocrx_word' id='word_1_829' title='bbox 2969 5578 3187 5657; x_wconf 78' lang='lat' dir='ltr'><strong>lieuore</strong></span> <span class='ocrx_word' id='word_1_830' title='bbox 3235 5605 3558 5673; x_wconf 89' lang='lat' dir='ltr'><strong>susceptus,</strong></span> <span class='ocrx_word' id='word_1_831' title='bbox 3589 5608 3643 5659; x_wconf 91' lang='lat' dir='ltr'><strong>et</strong></span> <span class='ocrx_word' id='word_1_832' title='bbox 3691 5578 4002 5678; x_wconf 68' lang='lat' dir='ltr'><strong>pontifex</strong></span> 
     </span>
    </p>
   </div>
   <div class='ocr_carea' id='block_1_92' title="bbox 437 5675 4002 5773">
    <p class='ocr_par' dir='ltr' id='par_1_92' title="bbox 437 5675 4002 5773">
     <span class='ocr_line' id='line_1_92' title="bbox 437 5675 4002 5773; baseline 0.01 -46"><span class='ocrx_word' id='word_1_833' title='bbox 437 5675 598 5729; x_wconf 88' lang='lat' dir='ltr'><strong>mani</strong></span> <span class='ocrx_word' id='word_1_834' title='bbox 643 5675 930 5744; x_wconf 86' lang='lat' dir='ltr'><strong>pontiﬁcis</strong></span> <span class='ocrx_word' id='word_1_835' title='bbox 957 5680 1140 5755; x_wconf 87' lang='lat' dir='ltr'><strong>obitu,</strong></span> <span class='ocrx_word' id='word_1_836' title='bbox 1173 5683 1386 5742; x_wconf 90' lang='lat' dir='ltr'><strong>sociato</strong></span> <span class='ocrx_word' id='word_1_837' title='bbox 1415 5681 1527 5742; x_wconf 87' lang='lat' dir='ltr'><strong>sibi</strong></span> <span class='ocrx_word' id='word_1_838' title='bbox 1558 5683 1800 5747; x_wconf 86' lang='lat' dir='ltr'><strong>Girardo</strong></span> <span class='ocrx_word' id='word_1_839' title='bbox 1845 5687 2153 5750; x_wconf 83' lang='lat' dir='ltr'><strong>Galerense</strong></span> <span class='ocrx_word' id='word_1_840' title='bbox 2234 5687 2480 5750; x_wconf 87' lang='lat' dir='ltr'><strong>solemni</strong></span> <span class='ocrx_word' id='word_1_841' title='bbox 2511 5688 2878 5752; x_wconf 89' lang='lat' dir='ltr'><strong>coronatione</strong></span> <span class='ocrx_word' id='word_1_842' title='bbox 2923 5703 3121 5749; x_wconf 89' lang='lat' dir='ltr'><strong>mense</strong></span> <span class='ocrx_word' id='word_1_843' title='bbox 3168 5689 3302 5750; x_wconf 87' lang='lat' dir='ltr'><strong>Jan.</strong></span> <span class='ocrx_word' id='word_1_844' title='bbox 3340 5689 3485 5750; x_wconf 88' lang='lat' dir='ltr'><strong>anni</strong></span> <span class='ocrx_word' id='word_1_845' title='bbox 3517 5691 3654 5754; x_wconf 88' lang='grc'>1059</span> <span class='ocrx_word' id='word_1_846' title='bbox 3692 5675 4002 5773; x_wconf 78' lang='lat' dir='ltr'><strong>inaugu-</strong></span> 
     </span>
    </p>
   </div>
  </div>
