4034 6478
173 315 282 373 105

678 316 1256 379 PROLEGOMENA.
1296 348 1366 363 --
1403 318 1498 377 DE
1541 316 1600 376 S.
1641 312 1888 374 PETRO
1927 311 2273 372 DAMIANO
2310 312 2778 380 HENSGHENII
2815 321 3195 385 COMMENT.

3596 330 3699 390 106

170 443 373 506 ratus;
438 453 576 496 mox
627 440 830 498 eodem
881 458 980 500 an,
1037 441 1301 502 habitum
1350 443 1550 501 Ριοωευ
1583 438 2119 526 conciliumArum
2156 435 2338 526 igitur
2365 437 2732 518 aliorumque
2765 443 3000 504 Patrum
3031 450 3368 508 auctoritate
3396 449 3694 526 suffultus,

169 533 425 586 centum
461 535 518 585 et
557 529 828 588 tredecim
887 531 1308 604 episcoporum,
1349 532 1409 589 in
1462 547 1577 607 quo
1613 529 1902 602 Berenga-

172 617 311 676 rius
347 619 618 678 haeresim
657 621 966 695 abjuravit,
995 623 1324 681 constitutio
1364 623 1435 682 de
1473 623 1748 682 electione
1787 621 1903 680 Ro-

175 707 351 765 mani
389 708 674 780 pontiﬁcis
713 711 885 782 edita,
929 719 986 769 et
1031 711 1326 769 decretum
1379 718 1572 771 contra
1625 710 1902 770 simonia-

175 811 280 854 eos
333 798 570 869 factum,
619 799 787 872 cujus
835 799 1104 857 meminit
1152 799 1216 858 B.
1271 800 1472 859 Petrus
1510 815 1706 874 opusc.
1745 811 1900 871 xxx,

176 901 314 958 cap.
363 886 411 943 1.
462 885 569 956 Qui
624 888 754 945 dein
808 889 878 946 ad
919 888 1396 960 Mediolanenses,
1425 906 1459 948 a
1488 888 1720 947 Nicolao
1757 904 1904 963 papa

179 976 427 1047 missus,
451 977 765 1037 Ecclesiam
796 979 958 1038 illam
986 996 1020 1038 a
1053 979 1179 1037 labe
1207 979 1426 1053 duplici
1454 978 1739 1058 liberavit,
1770 994 1903 1053 quae

177 1065 246 1123 in
275 1065 410 1123 Vita
444 1082 494 1124 c.
530 1067 561 1123 7
582 1069 936 1140 referuntur,
958 1085 1208 1143 quorum
1235 1067 1905 1129 memineruntAlexan-

179 1155 278 1212 dri
327 1155 403 1225 ΙΙ,
437 1156 539 1230 qui
590 1157 824 1216 Nicolao
865 1164 1233 1228 successerat,
1283 1156 1452 1233 legati
1501 1158 1563 1230 in
1621 1157 1900 1216 constitu-

182 1245 445 1303 tionibus
506 1263 600 1304 an.
675 1247 811 1306 1067
875 1248 1028 1306 clero
1088 1248 1416 1322 populoque
1485 1246 1904 1306 Mediolanensi

183 1335 560 1409 praescriptis,
595 1337 697 1394 ubi
734 1338 859 1395 haec
891 1338 1208 1411 prudenter
1243 1339 1458 1396 inserta
1487 1344 1622 1396 sunt
1651 1360 1663 1395 :
1702 1336 1904 1405 «Quia

184 1424 383 1498 itaque
431 1441 533 1498 per
581 1427 928 1485 confratrem
983 1436 1245 1486 nostrum
1302 1427 1608 1486 dominum
1667 1427 1901 1486 Petrum

184 1512 511 1572 Ostiensem
547 1514 904 1589 episcopum,
946 1517 1278 1575 reverendae
1315 1515 1632 1575 sanctitatis
1679 1516 1896 1586 virum,

183 1602 455 1676 quaedam
507 1611 643 1662 sunt
689 1603 829 1662 olim
867 1605 926 1664 in
968 1607 1076 1665 hac
1125 1605 1268 1665 urbe
1306 1613 1576 1678 correcta,
1607 1622 1722 1664 non
1758 1621 1902 1680 opus

185 1697 273 1748 est
335 1707 422 1763 ea,
473 1692 564 1749 vel
620 1693 938 1764 praeteritas
988 1693 1118 1752 lites
1172 1693 1446 1753 omnibus
1499 1703 1683 1767 notas,
1725 1695 1898 1769 repli-

1989 525 2340 598 episcopatui
2393 528 2590 598 simul,
2622 537 2677 588 et
2730 536 3093 595 monasteriis
3137 536 3199 594 in
3242 539 3456 597 sanctis
3505 525 3694 599 mani;

1987 613 2099 672 bus
2159 615 2363 673 vestris
2425 617 2912 681 irretractabiliter
2984 625 3349 690 abrenuntio.
3407 643 3696 704 omneque

1983 703 2081 776 jus
2109 720 2140 760 a
2170 720 2262 762 me
2286 707 2590 765 movendae
2625 709 2686 766 in
2716 720 3006 783 posterum
3047 717 3385 788 quaestionis
3425 734 3493 777 ac
3531 703 3694 795 repe-

1992 792 2210 852 titionis
2257 793 2549 854 abscindo.
2609 797 2677 855 Et
2733 801 2869 872 quia
2913 818 3017 876 pro
3073 805 3398 864 innumeris
3449 792 3695 882 peccatis

1987 882 2134 940 meis
2161 897 2276 940 non
2307 898 2435 942 sum
2466 883 2679 956 dignus
2723 887 2787 944 in
2823 890 3206 949 ecclesiastica
3247 893 3524 966 dignitate
3571 913 3696 971 per-

1987 971 2208 1040 sistere,
2266 971 2360 1030 det
2413 973 2560 1031 mihi
2612 973 2813 1033 divina
2869 977 3264 1039 misericordia
3316 998 3419 1056 per
3470 993 3695 1044 sanctas

1987 1061 2271 1119 orationes
2322 1069 2558 1134 vestras,
2617 1066 2966 1125 venerabilis
3016 1068 3204 1140 Pater,
3265 1085 3332 1130 eo
3384 1071 3507 1146 ipso
3559 1074 3696 1132 vita;

1988 1150 2142 1225 quod
2193 1157 2384 1224 restat,
2419 1151 2479 1210 in
2536 1153 2695 1213 luctu
2751 1162 2808 1214 et
2861 1158 3202 1230 poenitentia
3259 1176 3690 1232 permanere....

1989 1239 2362 1312 Omnipotens
2403 1241 2578 1309 Deus,
2623 1242 2724 1316 qui
2770 1244 3346 1320 incomprehensibili
3391 1249 3693 1324 dispensa-

1987 1331 2158 1390 tionis
2212 1348 2334 1390 suze
2385 1332 2645 1405 consilio,
2676 1341 2730 1392 et
2777 1351 2871 1394 me
2925 1338 2998 1396 ab
3043 1337 3341 1398 obtinendi
3395 1342 3694 1416 regiminis

1985 1419 2299 1480 ambitione
2356 1421 2578 1495 dejecit,
2627 1431 2681 1482 et
2730 1440 2833 1483 vos
2880 1426 2950 1482 ad
3007 1426 3375 1488 ecclesiastici
3421 1432 3697 1492 culminis

1987 1525 2217 1568 summa
2262 1511 2551 1584 provexit,
2583 1521 2780 1571 sancto
2821 1513 2978 1572 cordi
3022 1523 3230 1589 vestro,
3259 1519 3425 1592 cujus
3475 1527 3560 1579 est
3601 1523 3694 1580 in-

1986 1599 2291 1670 habitator,
2346 1600 2589 1674 inspiret
2662 1601 2796 1661 talia
2863 1603 3012 1662 mihi
3065 1622 3166 1678 per
3223 1622 3410 1668 sacras
3480 1610 3698 1672 litteras

1987 1688 2260 1746 mandata
2311 1688 2563 1762 dirigere
2603 1705 2737 1764 quae
2780 1691 2925 1751 meis
2972 1693 3120 1754 votis
3159 1697 3425 1773 meisque
3468 1701 3700 1760 valeant

185 1794 336 1838 care.
383 1803 411 1830 υ
444 1779 586 1850 Quae
632 1781 838 1854 legitur
886 1781 986 1840 lib.
1041 1796 1144 1854 VII,
1193 1783 1359 1857 epist.
1401 1785 1456 1854 9,
1505 1801 1632 1843 eam
1677 1775 2290 1859 scripsitheSidel‘iiS
2317 1779 2681 1838 CODCOFdaFe-
2720 1802 2742 1830 ι

188 1868 252 1926 Β.
297 1867 503 1927 Petrus
540 1871 780 1929 nomine
819 1871 1038 1930 Nicolai
1077 1888 1239 1946 papae
1274 1873 1345 1931 ad
1385 1875 1621 1932 Annam
1659 1875 1903 1938 Jaroslai

189 1957 520 2017 Bussorum
560 1961 712 2033 regis
753 1961 954 2032 ﬁliam,
995 1962 1253 2035 reginam
1293 1962 1500 2022 Galliae
1532 1970 1703 2038 atque
1739 1967 1901 2026 Hen-

189 2047 293 2105 rici
345 2050 520 2121 primi
570 2065 837 2122 uxorem,
871 2052 1038 2125 cujus
1094 2051 1364 2125 pietatem
1411 2059 1467 2110 et
1520 2053 1584 2111 in
1624 2070 1905 2129 pauperes

192 2137 631 2198 beneﬁcentiam
671 2140 866 2200 laudat
903 2159 967 2200 ac
1007 2143 1228 2212 suadet,
1259 2149 1323 2202 ut
1361 2144 1557 2202 virum
1603 2161 1777 2205 suum
1813 2164 1904 2206 re-

191 2243 322 2302 gem
364 2229 436 2286 ad
471 2232 894 2306 rempublicam
929 2233 1086 2306 juste
1123 2234 1664 2310 administrandam,
1705 2238 1904 2297 Eccle-

193 2319 337 2374 siam
367 2320 800 2394 protegendum,
833 2323 1063 2396 aliaque
1089 2323 1314 2396 pietatis
1343 2340 1516 2397 opera
1541 2326 1902 2388 inﬂammet:

194 2406 344 2464 ﬁlios
383 2424 613 2482 quoque
651 2427 803 2481 suos,
835 2411 1050 2484 quibus
1082 2412 1205 2485 ipsa
1242 2413 1467 2472 imbuta
1505 2423 1591 2474 est
1623 2415 1905 2488 moribus,

193 2495 476 2555 instituat.
510 2497 777 2558 Mortuus
827 2507 912 2558 est
967 2500 1254 2560 Henricus
1304 2518 1409 2560 rex
1468 2518 1563 2560 an.
1615 2503 1773 2576 1060,
1813 2507 1907 2564 cui

197 2584 503 2660 Philippus
546 2589 770 2661 primus
819 2591 1008 2649 adhuc
1055 2606 1201 2663 puer
1246 2592 1534 2650 successit.
1565 2591 1727 2661 Quod
1765 2592 1907 2652 olim

195 2675 345 2734 idem
388 2677 651 2750 pontifex
688 2685 917 2736 curarat
972 2678 1312 2737 remdiﬁcari
1347 2680 1515 2754 juxta
1553 2680 1908 2739 Florentiam

197 2765 610 2822 monasterium
675 2763 732 2824 S.
790 2765 1121 2835 Felicitatis,
1177 2768 1431 2825 munivit
1485 2768 1788 2842 privilegio
1846 2781 1909 2828 IV

196 2853 332 2913 Idus
367 2854 523 2926 Jan.,
551 2855 866 2914 indictione
911 2856 996 2928 13,
1029 2855 1338 2916 Florentiae
1370 2858 1520 2932 dato,
1553 2859 1614 2916 id
1642 2868 1726 2918 est
1755 2875 1909 2918 anno

205 2941 361 3012 1060,
391 2943 491 3017 qui
525 2951 717 3002 tamen
746 2945 949 3003 Romae
971 2947 1388 3004 numerabatur
1406 2946 1478 3005 ab
1500 2948 1912 3008 Annuntiatio-

202 3033 492 3102 nis‘festo,
523 3042 579 3091 et
615 3033 952 3093 inscribitur
990 3035 1047 3094 in
1091 3036 1241 3094 dicto
1278 3036 1583 3110 privilegio
1619 3054 1712 3096 an.
1750 3039 1907 3110 1059,

2063 1865 2152 1924 29.
2186 1865 2324 1925 Haec
2367 1867 2483 1941 egit
2516 1867 2581 1926 B.
2627 1867 2831 1929 Petrus
2864 1886 2966 1944 pro
3011 1871 3372 1935 abdicatione
3405 1879 3700 1956 episcopa-

1989 1961 2104 2025 tus,
2151 1971 2256 2013 nec
2313 1963 2500 2014 tamen
2556 1958 2671 2017 voti
2719 1960 2810 2018 sui
2854 1977 3086 2036 compos
3132 1965 3314 2024 factus
3367 1976 3472 2040 est,
3505 1971 3700 2030 forsan

1990 2043 2064 2101 ob
2123 2043 2341 2102 Nicolai
2390 2047 2677 2117 pontiﬁcis
2735 2056 3000 2109 mortem.
3045 2051 3201 2110 Obiit
3251 2054 3302 2112 is
3352 2057 3462 2116 sub
3518 2061 3700 2120 linem

1990 2131 2136 2191 Julii
2189 2149 2288 2192 an.
2347 2133 2503 2206 1061,
2557 2137 2654 2194 cui
2710 2146 2836 2212 post
2890 2139 3036 2199 duos
3097 2157 3328 2204 menses
3381 2145 3703 2225 interregni

1992 2223 2264 2280 successit
2314 2223 2631 2282 Anselmus
2675 2227 2976 2300 episcopus
3026 2229 3328 2304 Lucensis,
3359 2250 3392 2292 a
3434 2223 3702 2298 cardina-

1992 2307 2150 2368 libus
2187 2309 2339 2368 circa
2385 2309 2513 2369 Kal.
2547 2312 2665 2371 Oct.
2703 2312 2959 2387 legitime
3004 2316 3238 2393 electus,
3271 2328 3327 2379 et
3369 2323 3704 2388 Alexander

1992 2398 2049 2457 ΙΙ
2083 2399 2420 2474 appellatus.
2461 2401 2672 2461 Fuerat
2704 2403 2754 2462 is
2792 2420 2983 2465 comes
3024 2407 3088 2466 B.
3125 2408 3280 2468 Petri
3321 2410 3587 2475 Damiani
3640 2419 3703 2478 in

1993 2490 2206 2548 celebri
2257 2492 2330 2550 ad
2373 2492 2833 2554 Mediolanenses
2877 2497 3177 2570 legatione,
3207 2517 3458 2577 eumque
3503 2522 3702 2580 opusc.

1993 2580 2148 2651 quod
2199 2583 2373 2637 Actus
2415 2584 2720 2640 Mediolani
2754 2584 3101 2658 indigitavit,
3129 2592 3429 2660 prudentia
3463 2611 3526 2651 ac
3571 2613 3704 2653 san-

1995 2675 2183 2728 ctitate
2220 2675 2567 2744 conspicuum
2609 2674 2792 2732 fuisse
2833 2681 3086 2735 testatur.
3116 2679 3326 2739 Contra
3367 2683 3526 2741 hunc
3565 2700 3706 2758 pou-

1996 2763 2230 2834 titicem,
2279 2779 2430 2822 novo
2477 2765 2784 2824 schismate
2829 2767 3099 2840 conﬂato,
3159 2769 3444 2833 Cadalous
3484 2775 3704 2849 episco-

1994 2868 2103 2926 pus
2172 2852 2500 2912 Parmensis
2558 2854 2626 2913 ‘28
2679 2855 2876 2914 Octob.
2933 2859 3296 2936 pseudOpapa
3361 2865 3707 2925 constitutus

1994 2951 2099 3012 est,
2126 2953 2422 3019 assumpto
2449 2945 2696 3005 Honorii
2720 2947 2774 3006 II
2801 2950 3039 3007 nomine
3064 2967 3272 3025 :quem
3291 2953 3447 3014 binis
3473 2955 3544 3015 ad
3571 2973 3707 3017 eum

1996 3034 2223 3108 scriptis
2258 3034 2466 3093 litteris
2515 3034 2579 3094 Β.
2612 3035 2817 3095 Petrus
2856 3039 3104 3112 monuit,
3135 3041 3366 3104 sceleris
3408 3045 3708 3120 magnitu-

199 3123 287 3179 cui
345 3137 479 3180 cum
535 3123 666 3181 aliis
724 3131 971 3198 quatuor
1024 3125 1306 3199 episcopis
1360 3127 1670 3185 subscribit
1717 3131 1910 3185 Petrus
1933 3123 2134 3224 Gdine
2172 3130 2306 3221 ante
2343 3124 2539 3224 oculos
2570 3127 2879 3224 proposita,
2911 3134 2967 3186 et
2994 3129 3108 3224 nisi
3139 3131 3454 3207 resipiscat,
3489 3134 3711 3196 divinae

197 3217 446 3282 peccator
474 3217 787 3280 monachus,
817 3214 867 3273 is
891 3221 992 3286 est,
1021 3215 1092 3274 de
1123 3231 1238 3289 quo
1264 3216 1511 3289 agimus,
1541 3216 1880 3278 Damianus.

1018 3342 1133 3416 §V-
1792 3408 1810 3420 .

206 3430 452 3487 Schisma
506 3434 734 3506 Cadaloi
777 3435 1145 3505 pseudopapaa
1195 3451 1296 3506 per
1343 3438 1407 3491 B.
1447 3438 1666 3492 Petrum
1711 3441 1912 3493 restin-

275 3510 419 3558 ctum
453 3525 469 3559 :
502 3506 620 3574 ejus
657 3505 730 3559 ad
758 3522 989 3560 eremum
1023 3505 1213 3562 Fontis
1257 3507 1518 3562 Avellam’
1561 3510 1790 3566 reditus.
1820 3513 1916 3566 Le-

271 3579 423 3642 gatio
479 3577 552 3630 ad
606 3578 1001 3640 Cluniacenses,
1060 3580 1494 3650 archiepiscopo:
1579 3582 1792 3646 Galliae,
1864 3586 1915 3636 et

271 3650 566 3703 Henricum
595 3665 772 3716 regem
801 3650 899 3704 sub
925 3650 1246 3704 Alexandro
1273 3653 1329 3705 II
1347 3668 1520 3722 papa.

271 3754 361 3811 28.
395 3755 562 3822 Cum,
606 3753 838 3812 Nicolao
869 3753 924 3812 II
955 3755 1110 3812 orbis
1149 3756 1452 3815 christiani
1491 3757 1746 3816 habenas
1784 3773 1910 3817 mo-

205 3844 459 3915 derante,
493 3845 746 3904 Ecclesia
778 3845 883 3903 Dei
920 3846 1123 3919 majori
1176 3847 1594 3922 tranquillitate
1635 3858 1691 3908 et
1731 3850 1915 3909 felici-

206 3943 313 3994 tate
381 3937 496 3994 frui
575 3937 856 4010 cmpisset,
929 3938 1116 3998 eidem
1187 3941 1511 4013 gratulatur
1571 3942 1639 4000 B.
1713 3942 1915 4002 Petrus

206 4026 365 4098 epist.
402 4027 455 4097 7,
487 4025 585 4084 lib.
619 4040 658 4098 I,
691 4036 860 4101 atque
897 4043 1014 4086 una
1050 4045 1154 4101 pro
1183 4030 1586 4104 Anconitanis,
1621 4031 1722 4105 qui
1760 4049 1794 4090 a
1820 4049 1915 4092 ca-

210 4115 417 4173 tholica
441 4118 850 4175 communione
874 4121 1153 4178 summoti
1180 4121 1430 4193 fuerant,
1449 4127 1592 4191 orat,
1612 4129 1677 4180 ut
1703 4122 1765 4179 in
1795 4121 1917 4182 feli-

208 4221 298 4264 ces
357 4206 624 4265 homines
669 4224 700 4265 a
753 4209 955 4266 mortis
999 4215 1233 4265 aeternae
1272 4209 1528 4282 periculo
1571 4209 1912 4284 eripiantur.

211 4296 407 4355 Eidem
443 4298 673 4357 Nicolao
697 4298 954 4372 pontiﬁci
983 4299 1275 4373 inscripsit
1305 4303 1650 4374 opusculum
1681 4314 1811 4361 XVII
1843 4301 1920 4360 De

210 4386 478 4446 caelibatu
503 4388 886 4461 sacerdotum,
922 4390 1230 4464 ipsumque
1259 4391 1539 4462 hortatur,
1571 4397 1655 4463 ut,
1687 4398 1918 4466 postpo-

210 4479 316 4537 sito
371 4479 532 4538 omni
587 4481 842 4541 humano
885 4490 1166 4554 respectu,
1221 4481 1499 4541 adversus
1556 4482 1914 4556 hujusmodi,

209 4569 514 4643 apostolico
535 4571 654 4628 zelo
674 4587 1003 4641 succensus,
1019 4571 1295 4644 insurgat,
1316 4587 1506 4645 neque
1518 4579 1795 4645 potentes,
1816 4569 1919 4644 qui

210 4657 524 4716 Ecclesiam
573 4658 930 4733 turpitudine
974 4659 1370 4735 coinquinent,
1412 4666 1762 4719 revereatur.
1809 4659 1920 4717 Sed

209 4746 299 4804 vel
345 4747 711 4820 potissimum
750 4749 902 4822 apud
946 4750 1104 4808 hunc
1129 4749 1458 4823 pontiﬁcem
1491 4749 1548 4807 id
1580 4751 1697 4823 egit
1724 4749 1787 4808 B.
1824 4749 1923 4809 Pe-

211 4842 350 4905 trus,
377 4844 441 4894 ut
485 4836 597 4894 sibi
645 4852 794 4894 onus
844 4837 1166 4911 episcopale
1207 4837 1494 4912 deponere
1541 4838 1919 4912 permitteret.

211 4925 408 4984 Exstat
440 4944 507 4986 ea
543 4929 614 4985 de
640 4944 701 4986 re
735 4929 900 5002 epist.
931 4931 986 5001 8,
1020 4928 1061 4988 1.
1097 4941 1140 5000 Ι,
1169 4929 1242 4988 ad
1287 4929 1558 4988 eumdem
1618 4929 1922 4988 Nicolaum

211 5032 414 5092 papam
463 5025 519 5076 et
565 5018 1029 5077 Hildebrandum
1064 5017 1122 5078 S.
1162 5019 1230 5078 R.
1273 5019 1337 5078 E.
1380 5019 1755 5078 cardinalem.
1810 5021 1924 5079 Ex-

211 5112 318 5164 stat
347 5107 522 5165 etiam
562 5107 908 5182 opusculum
939 5119 1070 5178 XIX,
1104 5107 1292 5166 eidem
1329 5107 1589 5182 pontiﬁci
1646 5109 1921 5180 dicatum,

213 5193 292 5252 De
345 5195 704 5255 abdicatione
748 5196 1152 5270 episcopatus:
1186 5197 1248 5255 in
1274 5197 1442 5269 cujus
1491 5196 1726 5271 prologo
1774 5198 1926 5256 inter

213 5285 352 5344 alias
400 5301 603 5346 causas
645 5289 794 5346 hanc
836 5287 1045 5363 allegat
1076 5309 1088 5348 :
1123 5312 1144 5342 ς
1175 5289 1322 5349 Cum
1367 5290 1476 5348 sub
1509 5297 1704 5348 sancto
1741 5290 1928 5364 ponti-

216 5377 386 5436 ﬁcatu
417 5387 609 5437 vestro
636 5380 898 5452 jucunda
929 5395 1068 5454 pace
1118 5379 1471 5439 universalis
1519 5379 1774 5437 Ecclesia
1819 5393 1924 5451 po-

218 5466 405 5537 tiatur,
437 5467 596 5526 canis
659 5469 803 5528 meis
865 5478 920 5527 et
972 5466 1303 5544 grandaeva:
1352 5469 1592 5543 jamjam
1645 5467 1926 5526 senectuti

216 5558 442 5632 requies
470 5572 586 5617 non
622 5567 885 5632 negetur.
919 5585 946 5610 »
979 5564 1064 5620 Ac
1093 5558 1324 5618 tandem
1355 5575 1566 5634 magna
1593 5558 1776 5617 animi
1799 5573 1923 5615 Ino-

217 5645 393 5707 destia
441 5647 712 5708 libellum
759 5649 923 5709 hunc
967 5649 1154 5724 capite
1185 5649 1243 5708 11
1278 5647 1359 5708 ita
1387 5647 1681 5708 concludit
1715 5662 1728 5703 :
1765 5669 1788 5699 α
1820 5645 1928 5704 Ho-

498 5763 754 5828 PATROL.
785 5763 1034 5830 CXLIV.

1998 3211 2259 3286 ultionis:
2280 3215 2672 3288 propinquum
2724 3215 2952 3275 fulmen
2978 3217 3302 3280 minitatur.
3337 3221 3486 3284 Sunt
3508 3241 3593 3285 eae
3615 3243 3706 3302 ep.

1996 3302 2068 3362 20
2095 3311 2150 3362 et
2177 3304 2242 3363 21
2276 3304 2315 3362 l.
2345 3305 2538 3378 primi.
2572 3306 2878 3376 Quoniam
2907 3326 3044 3369 vero
3071 3324 3432 3387 cognoverat,
3473 3329 3710 3380 causam

1995 3393 2229 3452 Cadaloi
2272 3394 2344 3452 ab
2389 3394 2622 3453 asseclis
2677 3395 2917 3456 Henrici
2974 3400 3124 3472 regis
3182 3400 3527 3478 Germaniae,
3585 3415 3711 3467 tum

1996 3481 2187 3541 adhuc
2235 3482 2635 3556 adolescentis,
2667 3491 2723 3543 et
2769 3486 3018 3545 necdum
3069 3487 3133 3547 in
3168 3490 3571 3566 imperatorem
3614 3513 3710 3554 as-

1998 3571 2234 3646 sumpti,
2283 3571 2461 3646 impie
2490 3571 2744 3644 defendi,
2778 3574 2943 3647 epist.
2975 3575 3031 3648 3,
3063 3577 3102 3635 l.
3137 3590 3242 3653 VII,
3269 3583 3395 3655 ejus
3443 3583 3710 3643 animum

1996 3659 2346 3734 quibusdam
2375 3661 2545 3734 quasi
2569 3660 2820 3720 stimulis
2849 3663 3149 3738 impellere
3174 3678 3417 3730 conatur
3444 3673 3516 3731 ad
3539 3689 3709 3746 opem

1996 3750 2269 3809 Ecclesiae
2308 3751 2626 3823 ferendam,
2672 3766 2807 3825 erga
2861 3768 3037 3824 quam
3079 3756 3336 3815 eximius
3380 3758 3507 3830 ejus
3552 3760 3712 3820 zelus

1997 3858 2063 3902 ac
2091 3843 2352 3902 studium
2394 3842 2618 3900 elucet:
2653 3841 2810 3915 quod
2838 3843 3037 3915 paucis
3065 3845 3224 3904 hisce
3256 3848 3450 3908 verbis
3475 3867 3552 3909 ex
3583 3850 3707 3926 epi-

1995 3932 2126 4006 logo
2175 3931 2456 4005 decerptis
2509 3931 2748 3990 ostendo
2804 3951 2816 3990 :
2877 3956 2900 3985 «
2945 3931 2990 3992 Ο
3043 3934 3291 4007 utinam,
3343 3936 3559 4013 inquit,
3605 3956 3711 4013 ego

1997 4029 2132 4081 ante
2187 4022 2442 4081 tribunal
2495 4029 2666 4081 tuum
2722 4023 3023 4097 adjudicer
3073 4040 3208 4084 reus
3267 4029 3707 4101 perduellionis,

1997 4113 2137 4172 dum
2172 4118 2233 4172 tu
2265 4120 2455 4171 tamen
2483 4113 2545 4172 in
2574 4113 2933 4172 adversarios
2966 4115 3292 4190 apostolicae
3327 4119 3479 4177 sedis
3517 4120 3710 4178 vindi-

1997 4218 2092 4261 ces
2139 4201 2355 4262 arbiter
2409 4203 2738 4277 aequitatis!
2788 4202 2858 4261 In
2922 4204 3165 4263 cervicis
3232 4222 3378 4266 meae
3436 4209 3714 4283 jugulum

1999 4293 2215 4352 securis
2239 4293 2460 4352 vibrata
2488 4292 2782 4364 desaeviat,
2815 4293 3212 4354 tantummodo
3235 4295 3496 4356 Romana
3522 4297 3713 4358 Eccle-

1999 4381 2086 4440 sia
2125 4381 2374 4456 propriae
2429 4380 2728 4454 dignitatis
2778 4383 2999 4455 apicem
3047 4398 3147 4457 per
3201 4389 3252 4444 te
3287 4392 3547 4459 reparata
3585 4403 3716 4446 con-

2004 4472 2254 4530 scendat.
2285 4470 2460 4530 Porro
2507 4470 2558 4528 si
2613 4470 2928 4530 Cadaloum
2982 4470 3115 4544 cito,
3145 4473 3307 4532 velut
3365 4473 3508 4532 alter
3561 4475 3712 4533 Cou-

2007 4561 2294 4621 stantinus
2362 4561 2592 4631 Arium,
2649 4561 2918 4632 destruis,
2980 4569 3035 4621 et
3089 4563 3380 4638 Ecclesia,
3437 4581 3540 4638 pro
3600 4580 3714 4641 qua

2007 4654 2269 4712 Christus
2305 4660 2570 4711 mortuus
2608 4659 2712 4724 est,
2753 4669 2953 4728 pacem
3010 4653 3324 4714 reformare
3380 4655 3710 4727 contendis;

2005 4745 2175 4804 faciat
2211 4751 2263 4803 te
2293 4744 2450 4804 Deus
2488 4745 2552 4804 in
2590 4743 2858 4820 proximo
2898 4747 2970 4804 de
3006 4761 3183 4820 regno
3215 4747 3516 4821 imperiale
3557 4748 3716 4808 fasti-

2005 4835 2170 4908 gium
2225 4835 2496 4894 scandere
2551 4841 2607 4894 et
2656 4853 2690 4894 a
2731 4836 2956 4896 cunctis
3006 4835 3270 4897 hostibus
3321 4839 3433 4900 tuis
3471 4841 3720 4916 insignis

2004 4923 2205 4998 gloriw
2236 4923 2435 4983 titulos
2466 4930 2752 4999 reportare
2787 4941 2800 4975 :
2833 4923 3097 4998 alioquin
3128 4924 3179 4984 si
3209 4926 3402 4988 adhuc
3439 4929 3636 4988 dissim
3649 4946 3717 4987 u-

2005 5017 2112 5088 las,
2142 5016 2191 5076 si
2222 5017 2435 5076 mundi
2468 5015 2850 5091 periclitantis
2881 5030 3157 5090 errorem,
3188 5033 3325 5078 cum
3362 5017 3543 5092 possis
3579 5017 3718 5075 abo-

2005 5107 2146 5178 lere,
2178 5107 2455 5165 detrectas
2483 5123 2500 5178 ;
2529 5112 2585 5164 et
2613 5103 2856 5178 reliqua.
2887 5103 3141 5167 Cohibeo
3179 5108 3448 5184 spiritum
3488 5112 3543 5164 et
3581 5121 3722 5164 cou-

2009 5196 2329 5274 sequentiaa
2357 5194 2623 5270 relinquo
2657 5194 2964 5254 lectoribus
2994 5194 3372 5255 intellectum.
3403 5219 3430 5245 vo

2078 5288 2166 5346 30.
2226 5286 2369 5343 Haec
2421 5285 2492 5343 ad
2545 5301 2739 5359 regem
2787 5285 2852 5346 B.
2911 5285 3136 5360 Petrus,
3186 5287 3355 5360 cujus
3409 5289 3493 5345 est
3547 5283 3722 5346 etiam

2008 5394 2097 5452 ep.
2135 5377 2188 5446 6,
2221 5378 2260 5436 l.
2304 5388 2388 5447 III,
2429 5375 2499 5434 ad
2547 5374 2604 5435 S.
2654 5378 2964 5436 Annonem
3013 5375 3508 5448 archiepiscopum
3559 5376 3726 5436 Colo-

2010 5467 2298 5538 niensem,
2349 5481 2522 5540 quem
2581 5465 2778 5525 laudat
2821 5456 3340 5540 quod'Gadaloum
3393 5476 3730 5540 persecutus

2009 5556 2101 5626 sit,
2133 5563 2188 5615 et
2236 5571 2340 5629 pro
2370 5556 2598 5614 viribus
2650 5554 3032 5614 ecclesiastico
3077 5568 3360 5614 mucrone
3401 5556 3685 5631 jugularit
3711 5575 3727 5627 ;

2011 5646 2275 5704 hortatur
2304 5652 2370 5704 ut
2400 5653 2721 5706 extremam
2751 5643 2907 5716 operi
2946 5657 3189 5704 manum
3233 5645 3534 5722 imponat;
3563 5647 3620 5706 id
3644 5649 3734 5707 fu-

3411 5767 3443 5825 4
