4034 6464
311 339 417 398 107

1226 332 1286 393 S.
1328 329 1622 391 PETRUS
1660 329 2053 392 DAMIANUS
2093 329 2152 393 S.
2196 330 2265 391 Β.
2309 331 2374 389 Ε.
2416 328 2894 391 CARDINALIS.

3722 326 3831 388 108

307 471 528 536 turum,
566 464 615 523 si
675 463 802 535 ejus
848 456 1021 536 opera
1065 459 1356 535 generalis
1404 459 1644 520 Patrum
1696 464 2020 518 conventus
2035 467 2087 526 Α
2110 459 2227 518 cies
2274 458 2469 533 ducas,
2497 458 2620 519 sive
2665 457 2871 531 viginti
2915 456 3257 532 quinquies,
3308 459 3543 513 centum
3580 453 3828 512 faciunt.

302 563 558 633 cegatur.
608 555 771 627 Quod
844 558 900 611 et
953 554 1173 611 factum
1228 556 1331 611 est.
1387 552 1535 611 Nam
1593 550 1653 609 in
1709 549 2018 610 Germania

303 649 646 710 Osboriense
700 644 1013 705 concilium
1066 643 1309 703 traditur
1335 642 1664 704 auctoritate
1711 641 1770 703 S.
1815 645 2019 703 Anno-

303 742 399 801 nis
451 745 879 815 congregatum,
932 737 996 797 in
1040 752 1176 811 quo,
1234 754 1364 812 rege
1416 735 1667 796 Henrico
1712 743 2017 812 prasente,

299 833 534 893 recitata
581 836 666 891 est
710 829 1011 905 synodalis
1061 828 1413 903 disceptatio,
1465 842 1640 903 quam
1694 826 1758 887 B.
1813 828 2017 887 Petrus

299 921 640 993 Damianus,
717 926 993 996 tanquam
1060 917 1213 985 inter
1274 918 1615 978 advocatum
1679 915 1907 991 regium
1963 922 2020 976 et

298 1011 665 1070 defensorem
705 1008 987 1069 Romana
1032 1004 1304 1065 Ecclesia
1352 1005 1547 1065 habita
1594 1004 1820 1075 fuisset,
1858 1020 2017 1064 com-

299 1104 571 1176 posuerat
617 1117 631 1159 :
667 1099 770 1160 ubi
819 1097 1089 1159 omnium
1137 1109 1429 1155 consensu
1479 1093 1833 1154 conclamata
1872 1093 2018 1153 dici-

299 1196 396 1250 tur
453 1188 748 1249 damnatio
804 1184 1322 1262 pseudopontiﬁcis
1380 1182 1634 1256 Cadaloi,
1699 1182 2018 1243 Alexandri

299 1294 435 1337 vero
478 1277 677 1338 electio
701 1275 1094 1351 comprobata.
1145 1273 1395 1333 Consule
1442 1272 1758 1333 Baronium
1799 1272 1871 1331 ad
1916 1288 2014 1333 an.

299 1365 457 1440 1061,
515 1383 576 1426 n.
626 1366 720 1441 21,
779 1365 883 1425 ubi
936 1366 1005 1426 27
1056 1363 1176 1425 Oct.
1230 1360 1373 1438 ipsis
1420 1361 1640 1438 vigiliis
1684 1368 2014 1422 sanctorum

293 1456 688 1532 apostolorum
735 1454 992 1516 Simonis
1030 1460 1084 1514 et
1132 1452 1325 1527 Juda,
1363 1452 1491 1512 hac
1524 1458 1749 1529 peracta
1793 1451 2010 1511 scribit.

295 1546 643 1625 Disceptatio
698 1542 801 1604 illa
866 1542 1161 1620 synodalis
1243 1543 1576 1603 continetur
1633 1541 1806 1602 etiam
1866 1542 2015 1601 inter

295 1651 470 1711 opera
519 1634 585 1694 B.
641 1633 795 1693 Petri
852 1640 989 1693 tom.
1047 1632 1157 1706 III,
1188 1647 1386 1708 opusc.
1432 1642 1517 1706 Iv,
1568 1632 1623 1691 et
1681 1635 1819 1692 tom.
1857 1630 2017 1690 XXV

297 1725 694 1788 Conciliorum
751 1722 1023 1784 editionis
1078 1722 1251 1798 regia
1308 1739 1342 1782 a
1397 1739 1525 1801 pag.
1584 1722 1708 1782 638.
1772 1721 2015 1782 Hortatu

2105 551 2489 625 Consequitur
2541 565 2696 624 ergo,
2724 555 2789 609 ut
2833 547 2935 624 qui
2974 547 3189 622 viginti
3242 546 3511 623 psalteria
3551 561 3688 606 cum
3741 544 3830 603 di-

2104 642 2347 715 sciplina
2380 640 2658 711 decantat,
2698 644 2932 698 centum
2985 652 3278 697 annorum
3326 635 3729 713 panitentiam
3765 650 3831 693 se

2102 731 2387 806 peregisse
2433 729 2700 789 confidat.
2730 747 2759 783 »
2801 729 2878 789 At
2908 743 3027 804 qua
3056 731 3225 788 atate
3257 742 3385 787 eam
3418 725 3827 802 panitentiam

2102 820 2415 894 susceperit
2458 818 2523 878 B.
2559 818 2778 890 Petrus,
2807 817 2870 875 in
2897 816 3051 876 dicto
3096 817 3375 892 opusculo
3408 828 3521 891 xx,
3548 832 3600 877 c.
3639 814 3691 887 5,
3723 815 3826 873 in—

2100 908 2249 968 dicat
2289 927 2300 966 :
2342 928 2369 962 ‹‹
2408 908 2551 967 Ecce
2590 908 2713 984 jam
2752 906 2928 981 oculi,
2968 907 3185 983 inquit,
3223 907 3498 981 caligant,
3548 911 3604 966 et
3651 904 3828 965 solito

2101 996 2355 1073 amplius
2395 992 2743 1075 phlegmatis
2784 997 3061 1057 humores
3107 996 3429 1058 abundant.
3462 995 3647 1071 Ruga
3678 995 3826 1056 sub-

2101 1093 2265 1161 euut,
2302 1092 2356 1145 et
2386 1085 2651 1147 dentium
2705 1085 2939 1146 ruinam
2984 1085 3242 1162 gingiva
3289 1085 3606 1146 minantur.
3636 1085 3827 1160 Caput

2101 1178 2371 1252 denique,
2404 1177 2558 1255 quod
2610 1176 2770 1236 canis
2814 1177 3090 1237 hactenus
3146 1176 3537 1253 spargebatur,
3573 1192 3823 1252 cyguao

2094 1267 2216 1341 jam
2251 1265 2445 1327 albore
2479 1264 2723 1326 nivescit
2760 1288 2773 1323 :
2811 1281 2931 1325 vox
2960 1265 3164 1339 raucit,
3201 1267 3387 1326 virtus
3420 1264 3648 1338 deﬁcit;
3692 1285 3720 1320 »
3763 1270 3825 1324 et

2099 1376 2222 1436 cap.
2278 1361 2312 1419 7
2375 1359 2528 1419 inter
2582 1357 2989 1434 perorandum,
3065 1357 3298 1432 addicit,
3362 1374 3442 1432 se,
3502 1362 3569 1417 ut
3616 1356 3824 1431 jussus

2098 1459 2237 1527 erat,
2303 1476 2325 1507 11
2374 1467 2581 1528 cupere
2655 1451 2979 1527 apostolica
3039 1452 3191 1511 sedis
3256 1450 3590 1527 pontiﬁcem
3655 1449 3822 1510 ordi-

2098 1562 2258 1620 nare,
2296 1568 2316 1597 ι
2349 1559 2453 1603 seu
2479 1557 2834 1619 consecrare,
2867 1570 2894 1594 ‹‹
2929 1559 2997 1602 ac
3020 1544 3288 1620 protinus
3332 1560 3367 1604 a
3398 1538 3621 1623 proprii
3665 1554 3820 1614 pon-

2096 1638 2348 1697 tiﬁcatus
2375 1635 2653 1696 Ostiensis
2679 1651 2810 1696 arce
2831 1635 3113 1695 recedere.
3150 1660 3176 1685 ››

2171 1727 2258 1788 32.
2314 1728 2531 1789 Verum
2588 1728 2696 1788 etsi
2747 1726 2816 1786 B.
2879 1727 3046 1787 Petro
3109 1742 3449 1789 concessum
3506 1728 3696 1789 fuerat
3749 1727 3821 1791 in

294 1819 437 1878 item
483 1817 542 1879 S.
585 1819 874 1887 Annonis,
925 1832 959 1874 a
1010 1816 1345 1893 proceribus
1390 1815 1716 1876 Germania
1764 1814 2008 1876 Romam
2033 1832 2286 1893 Beremo
2311 1816 2510 1878 Fontis
2537 1815 2808 1877 Avellani
2858 1817 3225 1891 commorari,
3251 1833 3373 1878 non
3400 1816 3586 1881 fuisse
3614 1824 3819 1879 tamen

294 1910 494 1985 legati,
525 1906 840 1968 concilium
889 1904 1278 1965 Mantuanum
1310 1923 1407 1965 an.
1441 1906 1576 1966 1064
1605 1906 1873 1967 habitum
1903 1913 2005 1978 est,
2093 1924 2229 1968 eum
2258 1905 2569 1981 episcopali
2594 1922 2770 1966 onere
2795 1922 3033 1982 prorsus
3074 1906 3388 1968 liberatum
3432 1907 3629 1970 innuit
3655 1909 3814 1984 ipse-

290 2001 388 2061 cui
420 1998 757 2059 Alexander
783 2011 931 2075 papa
959 2011 1095 2055 cum
1137 1995 1528 2057 cardinalibus
1558 1996 1785 2069 adfuit;
1825 2012 2006 2070 eoque
2090 2007 2208 2059 met
2255 2000 2495 2077 epistola
2550 1999 2637 2073 15,
2688 1997 2729 2057 1.
2768 2012 2809 2074 I,
2849 1996 2921 2059 ad
2969 1999 3353 2058 Alexandrum
3400 2017 3622 2060 summa
3662 2002 3815 2063 sedis

288 2095 515 2166 petente
541 2088 607 2147 B.
640 2086 844 2147 Petrus
884 2085 1205 2145 Damianus
1232 2091 1287 2145 et
1319 2085 1375 2146 S.
1404 2087 1578 2145 Anno
1620 2084 2004 2162 archiepisco-
2090 2094 2415 2159 antistitem,
2452 2092 2575 2149 tum
2621 2096 3017 2150 consecratum
3051 2110 3063 2150 :
3097 2089 3162 2149 in
3194 2106 3313 2166 qua
3339 2090 3448 2151 sub
3492 2092 3672 2151 tinem
3700 2090 3817 2152 ista

289 2194 402 2254 pus
456 2177 854 2237 interfuerunt
894 2191 907 2233 :
942 2175 1045 2235 ubi
1098 2172 1344 2233 Cadaloo
1395 2172 1760 2250 pseudopapa
1813 2174 2004 2235 denuo
2089 2182 2305 2242 habet:
2347 2207 2374 2231 1(
2408 2179 2453 2239 0
2484 2195 2661 2255 quam
2702 2179 3051 2256 jucundum,
3085 2195 3261 2255 quam
3304 2195 3483 2241 suave
3509 2179 3812 2253 nuntium,

288 2267 691 2337 condemnato,
738 2263 1015 2324 Ecclesia
1058 2269 1115 2323 et
1149 2263 1378 2338 imperii
1421 2263 1759 2325 scandalum
1804 2264 2004 2325 subla-
2088 2287 2265 2347 quam
2314 2269 2567 2345 denique
2592 2268 2778 2328 dulcis
2802 2269 2873 2327 ad
2904 2284 3077 2329 aures
3102 2285 3262 2329 meas
3294 2285 3485 2344 nuper
3528 2270 3683 2330 fama
3715 2268 3816 2330 de-

291 2363 417 2418 tum
453 2361 556 2417 est.
585 2353 767 2415 Multa
807 2353 1042 2414 interim
1079 2352 1200 2412 illis
1225 2353 1397 2414 annis
1428 2353 1606 2414 subiit
1632 2354 1769 2415 vita
1797 2352 2001 2414 discri-
2086 2362 2263 2435 venit,
2293 2377 2426 2436 quae
2456 2376 2560 2420 vos
2587 2357 2848 2420 Ostiense
2887 2359 3226 2418 comitalum
3264 2358 3413 2418 mihi
3452 2359 3816 2423 subtraxisse

288 2449 453 2508 mina
494 2447 560 2507 B.
590 2446 815 2519 Petrus,
859 2461 994 2525 qua
1040 2444 1203 2519 epist.
1238 2444 1291 2517 5,
1322 2443 1424 2502 lib.
1458 2458 1535 2519 v1,
1569 2444 1641 2505 ad
1689 2445 2001 2506 monachos
2086 2457 2139 2510 et
2188 2448 2290 2509 alii
2334 2448 2635 2509 tradidisse
2688 2447 3056 2524 perhibuit...
3107 2447 3271 2509 Ultro
3312 2447 3490 2507 etiam
3544 2446 3813 2509 divinam

287 2539 697 2601 Cluniacenses
741 2535 992 2612 appellat
1021 2556 1049 2590 «
1076 2535 1443 2611 conglobatus
1496 2534 1784 2597 Cadaloici
1834 2537 1997 2597 furo-

286 2632 369 2692 ris
415 2628 680 2689 insidias.
735 2654 762 2677 »
813 2626 977 2698 Quod
1025 2625 1341 2688 Cadaloum
1395 2627 1642 2706 hospitio
1691 2628 2000 2703 accepisset

283 2718 657 2781 Gothit‘redus
696 2716 817 2779 dux
858 2724 913 2778 et
954 2733 1145 2778 comes
1186 2714 1435 2794 Tuscia,
1465 2718 1538 2779 ab
1562 2719 1763 2781 eodem
1790 2719 1853 2781 B.
1888 2718 1995 2780 Pe-

282 2815 372 2869 tro
396 2808 639 2885 epistola
670 2806 753 2880 10,
783 2807 824 2868 1.
857 2818 966 2881 vn,
992 2807 1250 2868 monitus
1280 2815 1385 2891 est.

354 2899 442 2959 31.
469 2898 804 2959 Alexander
848 2897 902 2956 II
950 2914 1106 2971 cum,
1137 2905 1201 2958 ut
1241 2915 1413 2973 supra
1457 2898 1673 2958 dictum
1717 2903 1821 2972 est,
1846 2899 1996 2960 circa

280 2990 409 3049 Kal.
466 2989 586 3049 Oct.
638 2988 777 3047 anni
840 2987 967 3047 1061
1030 2993 1179 3047 esset
1229 2988 1462 3061 electus,
1505 2989 1995 3050 consecrationem

278 3077 527 3149 distulit,
562 3090 867 3152 quousque
898 3074 1164 3152 synodali
1195 3075 1420 3136 decreto
1449 3092 1553 3136 sua
1582 3076 1783 3136 electio
1819 3094 1992 3138 cano-

280 3166 410 3226 nice
459 3167 604 3225 facta
654 3170 1110 3239 cognosceretur,
1160 3170 1332 3240 atque
1386 3170 1508 3227 rata
1557 3166 1766 3242 pariter
1820 3168 1994 3229 habe-

276 3263 456 3315 retur.
484 3260 610 3314 Imo
637 3269 771 3314 cum
800 3254 1049 3313 schisma
1082 3252 1314 3313 Cadaloi
1347 3254 1694 3329 accessisset,
1727 3258 1801 3316 ab
1840 3256 1991 3317 Urbe

276 3347 477 3420 fugam
503 3343 768 3419 arripuit,
804 3361 877 3404 ne
905 3358 940 3403 a
971 3344 1274 3405 nonnullis
1305 3343 1583 3406 Romanis
1613 3347 1858 3408 Cadaloo
1907 3349 1994 3409 fa-

275 3435 556 3496 ventibus
610 3435 1032 3511 Opprimerctur
1089 3459 1101 3494 :
1154 3453 1187 3495 a
1235 3452 1351 3510 quo
1399 3436 1461 3495 B.
1513 3438 1717 3499 Petrus
1760 3445 1885 3499 tum
1935 3456 1996 3500 se

274 3541 449 3586 onere
478 3524 790 3602 episcopali
822 3525 1131 3585 liberatum
1163 3524 1362 3585 scribit
1390 3527 1667 3602 opusculo
1694 3541 1803 3602 xx,
1834 3530 1993 3605 quod

275 3614 465 3674 eidem
498 3640 525 3665 ‹‹
552 3614 908 3686 Alexandro,
957 3613 1288 3688 apostolica
1339 3613 1491 3675 sedis
1542 3616 1721 3677 electo
1768 3624 1823 3678 et
1868 3617 1995 3678 Hil-

272 3706 567 3767 debrando
598 3730 624 3759 η
660 3700 953 3781 inscripsit
985 3725 997 3764 :
1034 3711 1209 3780 atque
1248 3704 1328 3765 ita
1379 3713 1551 3782 caput
1582 3707 1601 3765 1
1640 3709 1942 3773 exorditur
1978 3732 1990 3771 :

279 3818 303 3850 ι
332 3795 638 3856 Benedicta
667 3796 1078 3870 omnipotentis
1095 3794 1445 3870 dispensatio
1474 3797 1823 3873 Conditoris,
1854 3801 1997 3875 quia

272 3887 345 3944 ad
365 3900 469 3944 vos
487 3899 677 3959 nuper
695 3882 1031 3956 ascendens,
1056 3884 1309 3949 duorum
1332 3886 1791 3961 episcopatuum,
1814 3887 1994 3950 unius

271 3973 533 4049 regendi,
574 3989 781 4048 nempe
817 3973 1117 4046 Ostiensis,
1156 3975 1397 4037 alterius
1434 3975 1733 4051 visitandi,
1778 3977 1993 4039 scilicet

272 4061 593 4136 Eugubini,
651 4060 802 4120 mole
859 4062 1188 4137 depressus,
1235 4070 1525 4140 prarupta
1566 4064 1810 4141 Alpium
1852 4068 1992 4145 juga

275 4151 519 4212 transivi
557 4176 570 4209 :
604 4165 863 4227 moxque
906 4152 1133 4211 sarcina
1177 4152 1571 4216 tribulationis
1621 4157 1861 4232 abjecta,
1885 4174 1992 4219 ex-

277 4247 570 4314 oneratus,
598 4247 653 4299 et
701 4240 849 4300 liber
884 4242 957 4300 ad
994 4241 1262 4302 dilectam
1297 4242 1674 4305 solitudinem
1715 4253 1992 4324 tanquam

278 4332 563 4407 fugitivus
636 4329 994 4406 postliminio
1066 4334 1427 4408 repedavi....
1482 4335 1647 4397 Unde
1698 4353 1802 4413 ego
1857 4355 1991 4401 cum

277 4420 730 4483 ecclesiasticum
786 4420 951 4481 vobis
1007 4424 1267 4497 regimen
1321 4424 1655 4486 renuntiare
1707 4428 1991 4503 disposui,

278 4529 397 4573 non
444 4511 652 4579 erravi,
682 4507 821 4585 quia
864 4510 1165 4586 Romana,
1194 4530 1328 4590 qua
1372 4531 1475 4575 vos
1515 4516 1672 4590 estis,
1699 4516 1989 4591 Ecclesia,

281 4604 434 4678 quod
482 4618 657 4663 suum
698 4605 838 4673 erat,
874 4601 1048 4676 digne
1094 4603 1335 4676 restitui,
1370 4611 1515 4665 etut
1541 4605 1706 4667 vobis
1737 4623 1828 4667 me
1856 4625 1992 4668 cou-

283 4693 501 4751 fessum
550 4707 675 4751 esse
727 4690 1017 4767 proﬁtear,
1066 4707 1171 4767 pro
1222 4692 1329 4751 hac
1378 4695 1721 4758 refutatione
1761 4705 1991 4759 centum

284 4796 574 4841 annorum
602 4782 943 4854 poenitentia
973 4786 1057 4840 est
1084 4781 1231 4839 mihi
1259 4791 1678 4859 consequenter
1709 4784 1994 4863 iujuncta,

286 4890 388 4949 per
416 4871 519 4931 illa
547 4871 827 4931 nimirum
870 4872 1146 4946 remedia,
1178 4889 1309 4949 qua
1341 4873 1676 4935 monasticis
1710 4885 1847 4939 sunt
1903 4897 1993 4939 re-

286 4964 445 5040 gulis
469 4961 752 5021 instituta.
787 4985 814 5012 »
856 4961 1154 5032 Quomodo
1189 4969 1383 5024 autem
1432 4969 1668 5025 centum
1708 4984 1996 5029 annorum

288 5052 630 5129 poenitentia
675 5048 1003 5127 expleatur,
1036 5052 1273 5128 exponit
1302 5052 1369 5112 B.
1401 5052 1605 5116 Petrus
1630 5056 1691 5116 in
1728 5056 1856 5118 Vita
1884 5058 1996 5118 Do-

294 5143 491 5202 minici
542 5139 793 5203 Loricati
846 5139 940 5200 his
993 5142 1231 5202 verbis:
1272 5165 1294 5196 u
1342 5143 1518 5205 Porro
1553 5162 1689 5207 cum
1733 5148 1839 5207 tria
1884 5165 2000 5209 sco-

291 5248 500 5306 parum
528 5226 714 5291 millia
746 5246 969 5291 annum
1014 5230 1373 5305 pauitantia
1400 5235 1553 5311 apud
1584 5252 1689 5296 nos
1718 5237 1997 5311 regulari-

295 5331 380 5382 ter
423 5324 707 5398 expleant,
771 5323 969 5383 decem
1024 5330 1213 5383 autem
1277 5326 1631 5401 psalmorum
1683 5326 1999 5388 modulatio

296 5413 459 5472 mille
503 5429 699 5488 SCOleS
747 5414 1032 5487 admittat,
1094 5413 1235 5473 dum
1290 5423 1523 5475 centum
1574 5416 1997 5490 quinquaginta

294 5502 534 5579 psalmis
562 5511 821 5565 constare
852 5505 1187 5581 psalterium
1219 5524 1337 5566 non
1364 5506 1703 5581 ambigitur,
1738 5508 2001 5585 quinque

294 5607 581 5653 annorum
637 5595 979 5667 poenitentia
1028 5595 1091 5654 in
1152 5597 1332 5657 unius
1382 5596 1644 5671 psalterii
1691 5594 1999 5673 disciplina

295 5686 445 5742 recte
489 5683 936 5755 supputantibus
973 5684 1292 5749 invenitur.
1328 5682 1440 5746 Sed
1464 5685 1588 5747 sive
1614 5685 1879 5762 quinque
1906 5689 1996 5748 vi-

2083 2537 2333 2613 imploro
2360 2537 2751 2610 clementiam,
2778 2543 2845 2596 ut
2872 2536 3265 2613 episcopatum
3296 2551 3529 2613 quoque
3559 2543 3812 2612 quanto-

2082 2628 2209 2688 cius
2250 2627 2517 2688 ordinare
2563 2643 2681 2686 non
2718 2626 2974 2699 diﬁ'eras,
3004 2630 3061 2684 et
3092 2624 3283 2687 sterile
3312 2626 3541 2686 arenosi
3597 2625 3813 2687 littoris

2080 2726 2338 2781 aratrum
2370 2719 2517 2778 mihi
2544 2717 2615 2777 de
2647 2718 2923 2778 manibus
2952 2716 3140 2777 tollas.
3172 2737 3199 2771 »
3231 2715 3395 2786 Quod
3425 2733 3544 2777 non
3573 2715 3811 2778 videtur

2080 2809 2437 2885 impetrasse.
2492 2806 2639 2867 Nam
2704 2812 2914 2881 prater
2983 2805 3107 2877 illa,
3163 2820 3298 2881 qua
3348 2811 3547 2866 contra
3623 2805 3809 2867 Cada-

2080 2899 2245 2959 loum
2281 2897 2611 2973 antipapam
2641 2898 2778 2973 egit,
2810 2897 2987 2958 variis
3015 2897 3315 2957 adhibitus
3367 2903 3453 2958 est
3496 2896 3808 2974 legationi-

2078 2989 2189 3049 bus
2219 3004 2471 3063 quarum
2512 2988 2708 3048 forsan
2734 2987 2894 3062 prior
2922 2987 3032 3048 fuit
3063 2986 3135 3047 ad
3160 2985 3541 3048 Cluniacense
3596 3003 3806 3047 mona-

2080 3079 2343 3151 sterium,
2377 3095 2510 3139 cum
2542 3079 2724 3154 hujus
2751 3077 2928 3137 abbas
2958 3076 3016 3137 S.
3047 3076 3242 3151 Hugo,
3276 3083 3341 3138 ut
3368 3094 3544 3155 supra
3573 3093 3644 3137 ex
3675 3078 3808 3154 ejus

2083 3168 2214 3229 Vita
2241 3167 2522 3241 diximus,
2550 3190 2577 3223 «
2603 3168 2882 3228 Romana
2902 3165 3052 3225 sedis
3074 3165 3457 3239 patrocinium
3475 3168 3803 3239 advocaret,

2081 3256 2314 3333 quando
2346 3272 2555 3331 magno
2580 3256 2773 3316 labore
2801 3262 2857 3315 et
2884 3250 3219 3329 difﬁcultate
3248 3269 3281 3312 a
3310 3253 3486 3313 latere
3510 3254 3806 3330 pontificis

2081 3348 2353 3408 avulsum
2382 3345 2663 3405 domuum
2703 3346 2958 3414 Petrum,
2989 3341 3355 3400 Hostiensem
3384 3340 3649 3400 videlicet
3673 3343 3801 3416 epi-

2079 3450 2338 3511 scopum,
2376 3440 2754 3508 cognomento
2785 3431 3161 3504 Damianum,
3207 3428 3480 3490 obtinuit.
3527 3451 3549 3482 ι
3607 3428 3802 3489 Labo-

2078 3543 2201 3587 rem
2226 3532 2350 3585 tum
2379 3539 2411 3583 a
2442 3540 2502 3582 se
2533 3523 2868 3598 impensum
2897 3522 3179 3579 memorat
3203 3517 3268 3577 B.
3308 3516 3511 3578 Petrus
3542 3517 3709 3591 epist.
3740 3515 3801 3589 2,

2077 3616 2119 3676 l.
2151 3628 2232 3687 VI,
2261 3613 2331 3674 ad
2354 3613 2411 3673 S.
2427 3612 2735 3688 Hugonem
2760 3609 3029 3671 abbatem
3059 3630 3073 3672 :
3102 3608 3289 3670 «Cum
3300 3608 3424 3686 jam
3442 3623 3555 3681 me,
3581 3607 3801 3683 inquit,

2078 3709 2342 3765 senectus
2372 3703 2507 3761 incu
2518 3717 2616 3762 rva
2641 3700 3010 3776 deprimeret,
3044 3706 3103 3761 et
3122 3701 3290 3761 effeto
3316 3700 3539 3760 viribus
3563 3713 3805 3773 corpore

2077 3793 2418 3857 nutabunda
2460 3791 2777 3869 gradientis
2819 3790 3064 3865 vestigia
3094 3791 3204 3850 sub
3234 3788 3468 3850 incertis
3502 3788 3802 3864 gressibus

2076 3883 2451 3955 vacillarent;
2477 3897 2582 3957 ego
2618 3881 2690 3939 ad
2720 3886 2835 3941 tua
2859 3879 3144 3954 jussionis
3176 3880 3512 3956 imperium,
3539 3878 3801 3941 animam

2078 3993 2288 4049 meam,
2323 3982 2389 4035 ut
2412 3974 2490 4033 ita
2520 3974 2745 4050 loquar,
2778 3973 2842 4032 in
2872 3972 3149 4037 manibus
3177 3972 3323 4031 meis
3350 3972 3541 4046 posui,
3579 3972 3799 4033 astivis

2075 4061 2346 4142 adoperta
2376 4062 2617 4123 nivibus
2644 4061 2887 4138 Alpium
2914 4066 3207 4137 prarupta
3248 4060 3573 4133 conscendi,
3609 4067 3666 4120 et
3689 4077 3796 4136 pro

2075 4155 2327 4217 utilitate
2376 4151 2725 4212 venerabilis
2772 4150 3116 4211 monasterii
3165 4149 3252 4210 tui
3292 4150 3615 4224 propinqua
3654 4151 3795 4210 satis

2074 4262 2288 4307 oceano
2339 4242 2671 4303 Halliarum
2700 4242 2909 4301 intima
2940 4240 3256 4319 penetravi.
3298 4263 3320 4295 ι
3350 4239 3464 4300 Diu
3493 4258 3554 4302 se
3572 4239 3795 4302 ibidem

2075 4341 2364 4397 moratum
2409 4333 2786 4409 consequitur
2831 4334 2896 4394 in
2942 4334 3110 4410 epist.
3162 4331 3195 4393 5
3234 4332 3494 4410 ejusdem
3541 4333 3584 4393 l.
3628 4346 3691 4394 VI
3720 4333 3792 4395 ad

2075 4427 2391 4487 monachos
2443 4423 2853 4484 Cluniacenses
2904 4424 2999 4483 his
3047 4424 3241 4485 verbis
3285 4448 3299 4485 :
3350 4446 3379 4480 «
3430 4422 3794 4486 Promissum

2079 4516 2226 4579 mihi
2254 4518 2459 4589 fuerat,
2492 4515 2645 4590 quod
2672 4514 2735 4573 in
2766 4513 3054 4574 Kalendas
3080 4513 3332 4589 Augusti
3361 4514 3543 4574 forem
3567 4530 3793 4590 regres—

2011 4578 2178 4668 Dsus
2205 4607 2275 4668 ad
2311 4578 2543 4682 propria
2576 4625 2588 4665 :
2623 4604 2722 4663 sed
2768 4603 3064 4682 proﬂigato
3108 4578 3478 4681 postmodum
3516 4578 3795 4663 trimestri

2077 4698 2388 4769 curriculo,
2421 4705 2477 4756 et
2512 4702 2727 4774 quanta
2757 4695 2919 4770 potui
2949 4694 3236 4756 celeritate
3262 4694 3482 4768 curavi,
3514 4698 3571 4753 et
3598 4697 3794 4753 tamen

2078 4788 2181 4849 vix
2210 4793 2344 4849 ante
2380 4787 2654 4862 quintum
2689 4785 2816 4846 Kal.
2851 4785 3134 4847 Novemb.
3170 4783 3349 4858 diem,
3381 4782 3582 4844 Fontis
3613 4782 3792 4843 Avel-

2083 4876 2221 4950 lani,
2253 4875 2407 4936 unde
2448 4890 2858 4949 processeram,
2898 4890 3178 4939 cacumen
3231 4874 3484 4937 ascendi.
3524 4896 3546 4928 ι
3583 4872 3795 4933 Memi-

2082 4967 2168 5026 nit
2209 4965 2383 5025 etiam
2409 4964 2473 5026 B.
2505 4964 2708 5023 Petrus
2735 4964 2914 5041 hujus
2946 4967 3041 5026 sui
3068 4965 3298 5027 itineris
3345 4978 3543 5041 opuse.
3592 4974 3795 5022 XXXIV

2082 5076 2130 5117 c.
2160 5058 2214 5131 6,
2248 5064 2302 5118 et
2330 5073 2525 5132 opusc.
2566 5068 2789 5115 XXXIX.

2157 5149 2245 5209 33.
2295 5149 2551 5208 Alteram
2589 5148 2651 5209 B.
2684 5144 2835 5209 Petri
2877 5148 2936 5209 in
2984 5148 3200 5211 Gallias
3244 5150 3611 5225 legationem,
3659 5164 3797 5208 cum

2084 5239 2302 5300 eximia
2329 5239 2453 5313 ejus
2484 5238 2981 5299 commendatione
3032 5240 3287 5301 continet
3313 5258 3402 5316 ep.
3436 5240 3500 5300 21
3533 5239 3797 5298 Alexam

2083 5331 2173 5391 dri
2221 5345 2383 5405 papa
2422 5328 2494 5387 ad
2540 5328 2805 5403 quinque
2858 5329 3315 5404 arcliicpiscopos
3363 5329 3589 5401 Gallia,
3618 5343 3796 5403 quam

2086 5422 2179 5479 hic
2209 5420 2498 5491 integram
2528 5418 2735 5478 damus
2766 5439 2779 5479 ;
2818 5443 2843 5469 ‹‹
2876 5418 3209 5478 Alexander
3242 5420 3562 5494 episc0pus,
3593 5432 3796 5477 servus

2085 5522 2387 5567 servorum
2431 5505 2557 5577 Dei,
2587 5507 2653 5567 Gr.
2687 5508 2983 5577 Remensi,
3020 5508 3087 5565 11.
3136 5508 3479 5578 Seuonensi,
3509 5508 3573 5567 B.
3609 5505 3794 5567 Turo-

2087 5598 2277 5670 nensi,
2310 5595 2386 5657 Μ.
2420 5596 2787 5671 Bituricensi,
2822 5596 2890 5657 T.
2925 5597 3354 5671 Burdigalensi,
3407 5595 3792 5671 archiepisco-

2083 5692 2191 5764 pis,
2247 5684 2513 5765 salutem,
2570 5698 2625 5753 et
2676 5688 3047 5765 apostolicam
3123 5687 3606 5753 benedictionem.
3663 5685 3789 5749 Non
