4034 6450
237 256 344 317 109

735 250 1310 313 PROLEGOMENA.
1353 279 1421 295 -—
1459 250 1556 308 DE
1598 249 1656 309 S.
1697 248 1939 308 PETRO
1978 247 2322 306 DAMIANU
2360 246 2821 306 HENSUHENII
2862 246 3243 307 UOMMEN’I‘.

3642 255 3740 315 110

230 382 467 456 ignorat
505 382 699 438 sancta
741 381 932 438 vestra
971 375 1316 448 fraternitas,
1363 373 1745 448 dilectissimi,
1793 373 1946 448 quod
1968 369 2294 436 Aconsiliis
2342 375 2668 444 superatus,
2721 385 2796 429 ne
2828 370 3118 448 principes
3167 375 3332 447 regni
3371 374 3742 440 frustraretur

229 485 317 528 ex
367 467 710 528 auctoritate
766 466 919 525 sedis
964 464 1307 539 apostolicae,
1365 463 1463 524 cui
1523 479 1630 523 nos
1681 463 1954 537 indignos

2034 476 2178 536 quos
2231 475 2464 520 summa
2526 459 2850 536 frequentia
2905 461 3018 519 sibi
3073 461 3390 532 Moguntize
3439 480 3743 527 occurrere

229 559 548 619 clementia
583 556 785 617 divina
823 555 1095 630 praefecit,
1144 555 1317 614 totius
1364 553 1718 613 universalis
1756 552 1955 612 Eccle-
2027 549 2322 624 jussisset;
2371 549 2816 608 Francofurtum
2857 549 3017 620 abiit,
3056 549 3257 625 ibique
3308 567 3409 612 eos
3457 555 3558 627 qui
3615 555 3744 616 Mo-

231 653 345 710 size
380 647 692 724 regendus,
725 660 790 704 ac
833 645 1230 718 disponendus
1278 643 1447 702 nobis
1491 649 1674 702 status
1720 643 1953 702 incum-

233 739 348 799 bit.
387 736 676 809 Quoniam
724 734 903 809 igitur
949 731 1218 807 pluribus
1272 731 1658 792 Ecclesiarum
1708 732 1955 807 negotiis

233 825 525 900 occupati,
557 823 631 882 ad
681 837 779 882 vos
816 821 929 895 ipsi
976 821 1176 880 venire
1222 836 1339 880 non
1391 836 1722 896 possumus,
1783 823 1952 882 talem

237 915 408 975 vobis
431 914 629 974 virum
661 911 946 970 destinare
975 913 1333 983 curavimus,
1365 927 1480 986 quo
1510 911 1792 971 nimirum
1830 918 1959 986 post

239 1022 349 1066 nos
379 1007 565 1079 major
596 1005 657 1063 in
685 1003 944 1063 Romana
979 1003 1232 1063 Ecclesia
1258 1017 1376 1063 non
1415 1004 1679 1076 habetur,
1722 1005 1956 1062 Petrum

239 1089 509 1154 videlicet
542 1093 894 1152 Damianum
932 1093 1251 1152 Ostiensem
1321 1093 1674 1167 episcopum,
1721 1095 1824 1168 qui
1862 1095 1955 1152 ni-

245 1184 462 1244 mirum
521 1190 578 1242 et
637 1189 830 1242 noster
884 1189 970 1241 est
1025 1183 1253 1255 oculus,
1307 1191 1362 1242 et
1418 1185 1747 1258 apostolicae
1807 1185 1959 1244 sedis

240 1272 545 1334 immobile
578 1273 1032 1331 ﬁrmamentum.
1066 1272 1218 1332 Huic
1248 1274 1442 1347 itaque
1482 1274 1671 1333 vicem
1702 1281 1958 1333 nostram

241 1364 414 1438 pleno
444 1364 579 1438 jure
631 1360 1049 1431 commisimus,
1092 1367 1159 1419 ut
1205 1361 1497 1436 quidquid
1551 1363 1614 1421 in
1668 1363 1787 1422 illis
1841 1363 1961 1422 Deo

243 1452 572 1514 auxiliante
623 1451 900 1521 statuerit,
951 1450 1032 1508 ita
1076 1455 1266 1510 ratum
1312 1456 1576 1511 teneatur
1620 1458 1675 1511 et
1718 1453 1958 1512 ﬁrmum

247 1559 315 1602 ac
349 1544 401 1602 si
455 1542 691 1616 speciali
733 1541 913 1601 nostri
953 1543 1243 1601 examinis
1286 1545 1465 1603 fuerit
1495 1544 1778 1604 sententia
1825 1560 1960 1618 pro-

248 1634 598 1708 mulgatum.
684 1631 1038 1707 Quapropter
1136 1634 1532 1693 venerabilem
1602 1636 1960 1695 sanctitatem

2033 642 2256 716 guntiae
2307 645 2716 712 convenerant,
2769 641 2966 700 adesse
3012 640 3203 715 jussit.
3259 642 3385 714 Quo
3433 644 3576 704 dum
3635 647 3744 706 fre~

2036 737 2282 805 quentes
2313 728 2630 800 venissent,
2659 728 2864 790 Petrus
2899 730 3218 788 Damianus
3255 732 3325 795 (is
3369 732 3590 806 legatus
3622 747 3743 796 erat

2035 823 2187 882 sedis
2228 820 2576 896 apostolicae,
2628 823 2722 880 vir
2755 828 2921 883 aetate
2979 829 3035 883 et
3072 826 3208 883 vitae
3261 825 3593 886 innocentia
3637 829 3742 887 ad-

2039 913 2270 972 modum
2302 912 2674 984 reverendus)
2717 915 2984 973 mandata
3020 916 3291 990 exposuit
3323 917 3568 977 Romani
3597 934 3742 993 pon-

2039 1004 2224 1076 tiﬁcis,
2281 1005 2591 1078 pessimam
2658 1017 2799 1076 rem,
2878 1009 2934 1062 et
3007 1021 3040 1063 a
3098 1007 3340 1066 nomine
3394 1008 3740 1082 Christiano,

2039 1093 2256 1151 nedum
2298 1093 2372 1152 ab
2417 1093 2595 1165 regio,
2643 1093 2898 1151 multum
2944 1093 3348 1154 abhorrentem
3401 1112 3524 1156 esse
3567 1113 3743 1172 quam

2038 1183 2329 1242 moliatur.
2381 1183 2442 1242 Si
2480 1182 2680 1241 minus
2724 1183 2999 1242 humanis
3037 1183 3284 1258 legibus,
3317 1185 3409 1244 vel
3447 1201 3742 1246 canonum

2038 1271 2436 1331 sanctionibus
2495 1276 2824 1343 terreretur,
2876 1277 3132 1344 parceret
3175 1273 3379 1333 saltem
3441 1275 3631 1348 tamen,
3686 1285 3744 1336 et

2040 1359 2452 1420 existimationi
2483 1360 2748 1434 proprias,
2784 1375 2860 1420 ne
2897 1361 3114 1420 scilicet
3154 1369 3269 1421 tam
3313 1365 3452 1422 foedi
3485 1367 3742 1440 exempli

2039 1466 2356 1524 venenum,
2375 1450 2448 1507 ab
2473 1465 2608 1523 rege
2633 1455 2864 1524 sumpto
2890 1449 3078 1522 initio,
3095 1455 3278 1510 totum
3301 1455 3748 1516 commacularet

2041 1541 2318 1616 populum
2370 1540 2777 1611 christianum,
2841 1545 2898 1600 et
2963 1541 3066 1614 qui
3121 1541 3279 1601 ultor
3330 1558 3457 1603 esse
3509 1545 3749 1606 debuis-

2041 1636 2126 1689 set
2190 1629 2528 1697 criminum,
2593 1629 2716 1704 ipse
2770 1635 2970 1690 auctor
3026 1636 3082 1690 et
3154 1632 3399 1706 signifer
3471 1635 3634 1695 ﬁeret
3677 1636 3750 1696 ad

249 1730 504 1784 vestram
566 1723 818 1782 fraterna
876 1723 1153 1781 charitate
1224 1739 1548 1794 monemus,
1611 1731 1669 1784 et
1718 1720 2349 1800 insuperBﬂagitium.
2395 1721 2690 1780 Postremo
2737 1721 2789 1780 si
2826 1737 2946 1782 non
3002 1723 3328 1783 ﬂecteretur
3363 1725 3645 1798 consiliis,
3693 1741 3756 1786 se

246 1813 560 1890 apostolica
623 1812 790 1871 vobis
847 1811 1182 1872 auctoritate
1227 1814 1617 1888 prmeipimus,
1669 1821 1733 1874 ut
1784 1815 1958 1875 talem

249 1911 596 1979 tantumque
633 1903 850 1974 virum,
891 1907 1168 1978 tanquam
1206 1908 1460 1961 nostram
1498 1919 1822 1976 personam,
1877 1904 1958 1963 di-

250 2009 367 2068 gna
413 1992 691 2053 studeatis
724 1992 1029 2052 devotione
1078 1992 1387 2067 suscipere,
1430 1994 1669 2067 ejusque
1722 1997 1955 2051 senten-

248 2083 346 2142 tiis
399 2088 574 2158 atque
628 2081 865 2156 judiciis
929 2086 1160 2156 propter
1223 2079 1288 2141 B.
1351 2082 1504 2142 Petri
1567 2083 1956 2157 apostolorum

247 2173 528 2249 principis
583 2173 963 2234 reverentiam
1007 2171 1312 2232 humiliter
1374 2173 1626 2234 obedire.
1689 2173 1962 2247 Quisquis

248 2264 406 2324 enim
472 2263 624 2322 fastu
681 2261 969 2337 superbire
1033 2261 1210 2335 (quod
1262 2261 1430 2332 absit)
1493 2262 1750 2334 inﬂatus,
1801 2261 1964 2321 illius

244 2349 470 2426 judicio
503 2347 886 2408 contradictor
941 2345 1035 2405 vel
1071 2346 1404 2406 adversatur
1447 2348 1749 2417 exstiterit,
1779 2363 1964 2422 usque

251 2441 320 2500 ad
375 2439 614 2514 dignam
688 2436 1157 2510 satisfactionem,
1208 2441 1465 2495 nostram
1537 2436 1625 2495 vel
1685 2437 1966 2495 Romanae

254 2528 530 2590 Ecclesia)
573 2529 816 2603 gratiam
864 2543 984 2586 non
1018 2525 1270 2586 habebit.
1322 2525 1466 2598 Quia
1502 2541 1658 2596 vero,
1708 2540 1842 2584 cum
1893 2523 1965 2583 ad

257 2634 356 2678 vos
402 2618 731 2678 Girelmum
786 2615 1073 2686 misimus,
1131 2615 1320 2675 adhuc
1369 2614 1684 2674 adventum
1740 2613 1967 2688 praefati

253 2711 479 2772 domini
522 2707 678 2769 Petri
706 2722 814 2767 nos
853 2707 1162 2782 impetrare
1186 2721 1370 2781 posse
1391 2706 1729 2766 nullatenus
1773 2721 1968 2779 spera-

255 2815 474 2872 remus,
509 2799 786 2858 volumus
814 2802 898 2869 ut,
937 2797 987 2856 si
1015 2796 1156 2872 quid
1188 2795 1341 2870 apud
1381 2811 1483 2854 vos
1515 2795 1813 2855 Girelmus
1851 2810 1972 2853 coe-

256 2890 360 2965 pit,
409 2889 483 2948 ad
535 2887 759 2948 domini
811 2885 964 2945 Petri
1021 2885 1419 2959 magisterium
1474 2884 1690 2956 veniat,
1750 2891 1803 2942 et
1868 2899 1973 2958 per

258 2977 384 3051 ejus
409 2991 650 3036 manum
686 2974 974 3050 quidquid
997 2974 1285 3049 agendum
1326 2979 1430 3040 est,
1466 2973 1583 3032 ﬁat.
1620 2996 1641 3022 ιι
1678 2972 1974 3031 Hactenus

2042 1813 2364 1870 necessario
2397 1811 2521 1871 vim
2559 1811 3002 1871 ecclesiasticam
3032 1811 3455 1886 adhibituram,
3491 1821 3549 1874 et
3574 1831 3752 1876 mno-

2043 1917 2188 1962 num
2231 1903 2355 1976 lege
2393 1901 2582 1963 scelus
2624 1904 3077 1977 prohibiturum.
3121 1905 3211 1963 Ad
3249 1905 3376 1964 haec
3403 1905 3526 1966 suis
3562 1907 3754 1966 mani-

2043 1993 2152 2052 bus
2194 2007 2501 2067 nunquam
2533 1991 2939 2064 imperatorem
2971 1994 3427 2052 consccrandum
3467 1995 3610 2066 fore,
3648 1996 3754 2070 qui

2047 2091 2161 2144 tam
2188 2083 2482 2159 pestilenti
2516 2083 2806 2156 exemplo,
2836 2091 3120 2158 quantum
3165 2084 3228 2143 in
3271 2101 3332 2145 se
3383 2091 3548 2157 esset,
3580 2086 3755 2146 ﬁdem

2049 2173 2434 2232 Christianam
2484 2171 2847 2245 prodidisset.
2889 2195 2911 2225 θ
2978 2173 3117 2232 Haec
3175 2189 3405 2233 summa
3454 2173 3758 2248 legationis

2045 2265 2112 2324 Β.
2166 2263 2339 2337 Petri,
2374 2279 2552 2340 quam
2599 2263 2888 2338 principes
2925 2277 3155 2336 aequam
3202 2278 3501 2334 censuere,
3546 2277 3612 2322 ac
3654 2277 3760 2323 rex

2049 2355 2172 2428 ipse
2213 2352 2447 2413 tandem
2485 2353 2724 2427 fractus,
2770 2354 2831 2412 in
2879 2353 3042 2428 regni
3089 2369 3155 2411 ac
3207 2353 3356 2412 thori
3401 2355 3756 2415 consortium

2049 2443 2311 2515 reginam
2357 2439 2612 2515 admisit,
2659 2457 2736 2501 ex
2779 2457 2964 2517 eaque
3005 2441 3166 2517 regni
3209 2441 3499 2503 haeredem
3543 2449 3601 2504 et
3636 2459 3761 2504 suc-

2050 2549 2334 2593 cessorem
2356 2533 2578 2608 genuit.

2122 2622 2209 2680 35.
2267 2623 2508 2681 Henrici
2545 2622 2724 2697 hujus
2776 2619 2928 2696 regis
2960 2626 3144 2679 mater
3185 2627 3305 2681 erat
3347 2622 3562 2697 Agnes,
3595 2623 3760 2685 Guil-

2051 2711 2212 2771 lelmi
2237 2711 2338 2783 IV,
2362 2711 2533 2770 ducis
2555 2710 2906 2784 Aquitaniae,
2937 2711 3081 2783 ﬁlia,
3104 2725 3237 2771 cum
3278 2711 3484 2772 marito
3506 2714 3761 2776 Henrico

2051 2801 2299 2860 Conradi
2356 2801 2533 2861 Salici
2571 2799 2717 2870 ﬁlio,
2761 2815 2794 2858 a
2845 2799 3204 2860 GlementeI
3254 2817 3419 2876 papa,
3472 2809 3537 2862 ut
3587 2819 3762 2879 supra

2051 2892 2333 2965 diximus,
2366 2907 2466 2950 an.
2498 2890 2636 2951 1046
2670 2889 3011 2965 imperatrix
3045 2897 3312 2951 coronata
3341 2917 3354 2950 :
3400 2908 3533 2966 quae
3560 2893 3765 2970 inique

2053 2981 2227 3040 etiam
2277 2980 2489 3040 tulerat
2533 2979 2751 3054 absque
2801 2977 3031 3039 licentia
3079 2995 3205 3053 sua,
3256 2983 3312 3039 et
3354 2980 3462 3039 ﬁlii
3507 2989 3766 3042 creatum

259 3082 348 3141 ep.
379 3065 701 3126 Alexandri
737 3066 812 3126 Il.
843 3065 1002 3124 Inter
1038 3065 1152 3124 alia
1190 3073 1315 3125 tum
1352 3064 1628 3139 praeclare
1665 3065 1727 3122 in
1767 3063 1972 3123 Galliis
1995 3071 2237 3146 “fuisse
2275 3087 2483 3146 papam
2522 3071 2924 3131 Alexandrum
2962 3071 3038 3145 Π,
3080 3077 3136 3130 et
3171 3077 3369 3132 contra
3406 3088 3542 3132 eum
3580 3075 3769 3134 adha-

259 3176 293 3218 a
331 3159 397 3218 B.
435 3159 605 3219 Petro
632 3162 870 3233 patrata,
908 3159 1190 3217 sententia
1235 3157 1626 3217 exsecutionis
1667 3171 1798 3215 cum
1839 3154 1971 3214 aliis

261 3248 540 3323 episcopis
572 3249 633 3307 in
668 3246 1059 3320 Reginaldum
1095 3247 1433 3306 monasterii
1473 3246 1530 3306 S.
1579 3245 1837 3304 Medardi
1876 3245 1972 3303 in—

262 3357 529 3402 vasorem
576 3339 692 3398 lata
741 3345 846 3413 est,
888 3354 1067 3414 quam
1105 3339 1444 3398 Alexander
1478 3339 1555 3413 II,
1596 3338 1833 3413 epistola
1879 3335 1968 3409 2?,

263 3432 335 3490 ad
385 3430 732 3491 Gervasium
770 3430 1265 3505 archiepiscopum
1302 3432 1542 3506 ejusque
1580 3431 1976 3504 suifraganeos

268 3524 398 3582 data
452 3522 774 3595 confirmat,
814 3536 1058 3596 eamque
1095 3521 1455 3581 exsecutioni
1501 3519 1764 3580 mandari
1823 3534 1974 3594 prae-

264 3612 425 3687 cipit.
452 3611 774 3688 Epistolam
801 3610 1100 3671 brevitatis
1128 3625 1302 3670 causa
1325 3610 1547 3670 omitto.

339 3706 428 3766 3i.
467 3704 688 3765 Iterum
733 3709 892 3764 trans
926 3703 1104 3779 Alpes
1142 3703 1364 3779 legatus
1417 3709 1502 3763 est
1543 3703 1608 3764 B.
1658 3703 1862 3764 Petrus
1907 3702 1979 3763 ad

271 3797 592 3859 Henricum
641 3812 856 3872 regem,
894 3810 1029 3856 cum
1073 3795 1126 3853 is
1158 3795 1413 3871 juvenili
1452 3795 1648 3856 furore
1685 3797 1976 3870 abreptus,

271 3890 503 3949 Bertam
541 3887 867 3962 conjugem,
907 3901 1082 3961 quam
1122 3890 1258 3946 ante
1293 3885 1602 3946 biennium
1633 3885 1696 3943 in
1735 3899 1982 3945 uxorem

271 3981 540 4054 duxerat,
593 3979 880 4039 statuisset
931 3975 1257 4052 repudiare.
1307 3977 1650 4037 Lambertus
1701 3973 1983 4035 Schafna-

273 4069 602 4147 burgensis,
631 4068 738 4144 qui
766 4072 890 4128 tum
924 4065 1172 4138 vivebat,
1204 4081 1327 4126 rem
1359 4071 1580 4141 gestam
1605 4065 1668 4122 in
1698 4061 1985 4122 Chronico

276 4158 346 4219 ad
400 4170 624 4217 annum
678 4154 816 4215 1069
856 4169 972 4228 quo
1025 4152 1284 4227 contigit,
1347 4153 1426 4212 ita
1478 4157 1672 4211 narrat
1729 4168 1744 4210 ε
1802 4148 1989 4210 «Post

276 4248 649 4308 Pentecosten
696 4260 802 4303 rex
852 4242 1199 4304 Wormatiae
1245 4259 1380 4303 cum
1422 4241 1785 4318 principibus
1823 4239 1987 4316 regni

275 4335 636 4412 colloquium
673 4333 896 4392 habuit.
939 4332 1028 4392 Ibi
1068 4333 1326 4408 primum
1380 4348 1518 4392 cum
1556 4331 1820 4406 episcopo
1864 4331 1990 4389 Mo-

276 4428 522 4503 guntino
570 4441 694 4485 rem
740 4430 956 4486 secreto
1003 4426 1141 4499 agit,
1183 4425 1423 4501 ejusque
1476 4440 1645 4499 opem
1693 4424 1762 4482 ad
1817 4425 1990 4497 perti-

277 4483 572 4588 giendum,
595 4515 749 4590 quod
774 4519 965 4574 mente
987 4483 1378 4586 nidcbin‘etur,
1409 4483 1624 4573 obn‘ixe
1652 4512 1732 4571 im
1741 4483 1988 4587 plorat...
2007 4483 2055 4543 Β

282 4607 583 4684 Synodum
660 4606 1016 4666 conﬁciendo
1092 4607 1320 4681 negotio
1387 4605 1604 4665 indixit
1677 4603 1991 4677 Moguntina

280 4700 549 4775 proxima
614 4705 741 4773 post
796 4699 1004 4758 festum
1072 4699 1130 4760 S.
1188 4698 1488 4758 Michaelis
1536 4695 1988 4756 hebdomadam”

279 4790 629 4851 Imminente
674 4791 792 4864 jam
843 4790 956 4856 die,
999 4789 1103 4864 qui
1158 4789 1475 4849 scindendo
1515 4789 1664 4862 regis
1721 4787 1992 4863 conjugio

279 4880 467 4942 dictus
519 4881 726 4952 fuerat,
779 4895 885 4937 rex
934 4876 1292 4951 Moguntiam
1330 4876 1594 4936 concitus
1631 4875 1988 4950 properabat.

283 4969 351 5028 Et
377 4986 506 5029 ecce
544 4968 697 5027 inter
742 4967 1006 5027 eundum
1044 4968 1321 5041 comperit
1357 4965 1611 5040 legatum
1653 4963 1805 5022 sedis
1857 4979 1990 5038 apo-

282 5059 499 5120 stolica)
560 5075 736 5118 suum
783 5057 1098 5131 Moguntiae
1137 5058 1451 5115 adventum
1502 5054 1838 5129 praestolari,
1887 5053 1992 5128 qui

283 5149 595 5209 discidium
646 5149 774 5207 fieri
830 5148 1152 5224 prohibeat,
1209 5153 1264 5206 et
1334 5146 1599 5220 episcopo
1653 5145 1992 5219 Moguntino

285 5239 611 5314 apostolicae
675 5237 1195 5297 animadversionis
1259 5237 1603 5295 sententiam
1670 5237 1989 5306 minitetur,

289 5328 443 5402 quod
492 5333 610 5386 tam
647 5326 885 5386 nefaria
923 5325 1300 5401 separationis
1346 5341 1406 5383 se
1442 5330 1734 5383 auctorem
1773 5323 1992 5397 promi-

289 5419 442 5477 serit.
499 5417 908 5477 Consternatus
954 5415 1131 5487 illico,
1179 5414 1328 5489 quod
1369 5430 1490 5474 rem
1525 5415 1628 5473 diu
1667 5420 1994 5488 exoptatam

291 5509 630 5584 perdidisset
660 5527 692 5570 e
720 5509 1010 5582 manibus,
1042 5509 1254 5584 pariter
1284 5521 1399 5582 quo
1439 5511 1672 5568 venerat
1712 5504 1774 5563 in
1808 5505 1992 5565 Saxo-

295 5602 452 5664 niam
501 5601 688 5663 redire
725 5601 969 5662 volebat.
1010 5599 1127 5659 Vix
1165 5604 1221 5659 et
1258 5613 1410 5674 aegre
1443 5603 1636 5658 tamen
1675 5598 1990 5659 amicorum

2056 3168 2206 3222 serat
2268 3163 2602 3236 faveratque
2673 3161 2918 3222 Cadaloo
2978 3162 3358 3237 pseudOpapa!
3416 3183 3430 3222 :
3492 3180 3596 3238 pro
3653 3181 3768 3242 quo

2058 3253 2265 3312 delicto
2317 3251 2608 3327 expiando
2644 3251 2888 3310 Romam
2928 3251 3087 3310 venit
3125 3251 3196 3309 ad
3241 3251 3445 3311 limina
3480 3255 3768 3328 apostolo-

2060 3357 2212 3414 rum,
2243 3341 2346 3401 ubi
2388 3356 2495 3400 usa
2533 3344 2620 3399 est
2655 3337 2901 3399 concilio
2932 3337 2997 3398 B.
3041 3338 3193 3398 Petri
3225 3339 3390 3400 Dam.
3440 3341 3504 3400 in
3547 3349 3768 3416 patrem

2060 3433 2416 3508 spiritualem
2481 3431 2787 3506 assumpti,
2855 3431 2953 3490 cui
3015 3429 3212 3490 omnia
3273 3447 3382 3492 sua
3449 3440 3678 3506 peccata
3739 3453 3775 3495 a

2064 3524 2250 3596 prima
2289 3521 2534 3581 infantia
2588 3525 2804 3596 patrata
2852 3519 3112 3579 confessa
3168 3525 3273 3578 est.
3332 3521 3472 3592 Quae
3531 3523 3774 3597 ipsemet

2065 3615 2131 3674 Β.
2164 3613 2367 3673 Petrus
2407 3617 2650 3672 testatur
2671 3610 2948 3685 opusculo
2973 3623 3070 3671 LVI
3100 3610 3183 3670 De
3208 3610 3369 3672 ﬂuxa
3398 3614 3609 3673 mundi
3646 3615 3776 3689 glo~

2066 3704 2151 3763 ria
2191 3708 2246 3762 et
2283 3701 2484 3762 saeculi
2521 3699 2888 3776 despectione
2921 3700 3010 3760 illi
3049 3701 3327 3775 inscripto
3373 3717 3496 3778 cap.
3549 3705 3602 3764 5.
3647 3705 3771 3766 Ex-

2069 3798 2221 3854 stant
2291 3799 2346 3854 et
2395 3798 2647 3868 quatuor
2696 3791 2956 3865 ejusdem
3006 3791 3077 3850 ad
3130 3793 3282 3850 hanc
3347 3791 3776 3870 imperatricem

2070 3885 2326 3959 epistolae
2364 3883 2404 3944 l.
2447 3894 2552 3955 VII,
2592 3882 2653 3941 in
2694 3897 2944 3958 quarum
2981 3881 3186 3942 ultima
3218 3885 3482 3946 eamdem
3527 3888 3587 3948 in
3632 3890 3776 3951 Ger-

2071 3973 2327 4034 maniam
2385 3974 2696 4048 profectam
2758 3975 3040 4049 hortatur,
3100 3982 3166 4036 ut
3231 3971 3476 4038 Romam
3539 3981 3773 4042 redeat:

2073 4063 2226 4142 quod
2259 4070 2316 4123 et
2360 4063 2512 4136 fecit,
2549 4079 2615 4123 ac
2654 4065 2856 4124 Romae
2895 4079 3267 4140 permanens,
3301 4070 3598 4132 sanctitate
3637 4089 3774 4133 con-

2075 4153 2274 4229 spicua
2303 4168 2334 4213 e
2362 4152 2478 4213 vita
2508 4153 2749 4214 decessit
2773 4168 2930 4214 anno
2959 4155 3114 4216 1077.

2834 4300 2859 4368 Ξ
2917 4299 3008 4362 VI.

2834 4302 2858 4368 ’.
2917 4300 3008 4362 VI.

2079 4399 2301 4468 Legatio
2360 4401 2516 4457 Beati
2569 4400 2718 4456 Pet-ri
2783 4300 2859 4455 at:
2917 4399 3254 4458 Florentinos
3317 4407 3367 4460 et
3418 4407 3776 4481 Ravennates,

2507 4489 2704 4554 obitus,
2730 4491 3034 4561 sepultura,
3065 4495 3356 4548 veneratio.

2146 4603 2234 4662 36.
2267 4603 2333 4662 In
2381 4603 2546 4664 Italia
2579 4602 2801 4665 ultimis
2848 4602 2982 4662 vitae
3021 4619 3145 4664 suae
3190 4605 3360 4664 annis
3408 4607 3589 4668 multa
3633 4625 3779 4685 prm-

2076 4692 2223 4753 clara
2273 4693 2388 4768 egit
2421 4692 2486 4755 B.
2523 4693 2749 4766 Petrus,
2793 4708 3046 4770 quorum
3089 4693 3202 4752 alia
3231 4708 3354 4769 cap.
3393 4693 3430 4754 8
3465 4704 3520 4758 et
3567 4699 3602 4759 9
3633 4699 3780 4761 Vitae

2075 4789 2406 4854 narrantur,
2457 4783 2572 4843 alia
2620 4782 2743 4842 illic
2794 4784 3006 4843 omissa
3045 4781 3244 4857 paucis
3276 4785 3371 4844 hic
3416 4790 3773 4865 attingimus.

2077 4873 2351 4948 Magnum
2379 4872 2530 4931 circa
2567 4887 2792 4932 annum
2829 4869 2966 4931 1063
3004 4871 3320 4933 conflatum
3351 4881 3436 4934 est
3473 4877 3535 4935 in
3584 4877 3779 4938 Eccle-

2077 4960 2159 5020 sia
2210 4961 2544 5021 Florentina
2599 4962 2871 5035 schisma,
2931 4960 3347 5024 dissidentibus
3393 4965 3465 5024 ab
3515 4967 3779 5043 episcopo

2079 5047 2396 5122 monachis,
2462 5049 2614 5109 inter
2676 5064 2825 5125 quos
2903 5049 3162 5126 primum
3245 5052 3434 5112 locum
3521 5055 3780 5116 tenuisse

2082 5139 2141 5200 S.
2171 5140 2454 5200 Joannem
2466 5140 2868 5214 Gualbertum,
2882 5141 3104 5201 ordinis
3125 5141 3306 5201 Vallis
3330 5140 3625 5202 Umbrosee
3643 5145 3778 5206 fun-

2077 5231 2352 5301 datorem,
2393 5230 2455 5289 in
2509 5229 2639 5290 Vita
2694 5231 2897 5308 ipsius,
2953 5234 3025 5293 ad
3096 5235 3160 5292 1‘2
3211 5232 3355 5292 Julii
3409 5231 3776 5313 illustranda,

2077 5320 2352 5380 asseritur
2388 5321 2482 5380 his
2519 5321 2712 5382 verbis
2761 5344 2773 5384 :
2830 5347 2859 5380 ‹‹
2890 5323 2992 5383 Vir
3039 5325 3240 5383 beatus
3273 5324 3606 5402 episcopum
3642 5329 3777 5392 Flo-

2082 5413 2396 5487 rentinum,
2436 5415 2677 5477 nomine
2719 5415 2970 5488 Petrum,
3010 5414 3192 5489 patria
3230 5413 3622 5494 Ticinensem,
3659 5438 3780 5484 non

2081 5505 2270 5565 solum
2325 5505 2613 5580 simonize,
2673 5507 2772 5566 sed
2823 5507 2996 5566 etiam
3045 5506 3306 5582 haeresis,
3355 5517 3585 5587 propter
3627 5512 3779 5575 illud

2080 5595 2293 5657 vitium
2346 5611 2481 5659 cum
2529 5596 2652 5660 suis
2690 5594 2965 5659 fratribus
3001 5603 3165 5660 reum
3201 5601 3510 5677 asserebat,
3551 5620 3658 5665 nec
3705 5606 3782 5667 ab
