4034 6454
440 374 511 433 95
1351 363 1408 423 S.
1454 361 1743 422 PETBUS
1783 356 2174 418 DAMIANUS
2217 356 2276 416 S.
2319 355 2386 414 Β.
2433 355 2497 414 Ε.
2540 351 3020 414 CARDINALIS.

3877 337 3961 396 96

442 504 674 561 exstant
715 498 754 554 l.
798 509 816 555 I
861 495 1133 554 Virorum
1178 490 1495 549 illustrium
1541 487 1760 547 ordinis
1809 483 2415 551 Przedicato-Arium,
2449 486 2502 539 et
2529 480 2682 556 apud
2716 478 3020 554 Lipeloum
3050 489 3268 534 recusa.
3301 469 3712 561 Cajetanus-ex
3742 462 3962 561 eodem

444 605 596 648 rum.
629 585 951 646 Flaminius
980 583 1152 641 etiam
1179 580 1370 640 varias
1396 578 1554 636 Vitas
1585 577 1819 634 Patrum
1847 575 1973 634 0rd.
2010 573 2157 631 Prm—

439 678 759 736 dicatorum
787 690 820 732 a
848 673 1109 732 Leandro
1147 671 1328 730 editas
1359 666 1714 740 conscripsit,
1744 670 1808 724 ut
1841 664 1898 724 S.
1935 662 2155 722 Alberti

444 766 660 840 Magni,
690 763 980 824 Vincentii
1030 759 1345 830 Valentini,
1377 757 1573 816 Jacobi
1620 755 1847 824 Veneti,
1891 753 2156 812 Mauricii

448 855 761 925 Pannonii,
823 852 1135 912 Venturini
1197 847 1614 922 Bergamensis,
1674 851 1729 903 et
1775 844 1971 904 Jacobi
2020 842 2155 901 Ale-

448 944 688 1012 manni;
741 958 917 1019 quam
967 949 1155 1000 tamen
1213 955 1288 997 ex
1345 936 1542 995 Italico
1595 935 1799 994 Latine
1853 933 2153 1008 expressit.

444 1033 659 1092 Eodem
695 1032 864 1092 modo
890 1030 1186 1105 scripsisse
1214 1045 1273 1086 se
1307 1025 1465 1084 Vitas
1505 1031 1754 1098 quatuor
1774 1022 2160 1082 sanctissimo-

451 1138 584 1181 rum
617 1128 990 1196 patronorum
1031 1117 1193 1178 urbis
1230 1115 1587 1186 Faventinae,
1625 1114 1686 1171 in
1737 1112 1970 1188 prologo
2012 1111 2160 1170 Vitae

449 1213 516 1273 B.
550 1212 702 1272 Petri
739 1211 1005 1270 Damiani
1045 1211 1137 1269 his
1172 1209 1364 1268 verbis
1396 1213 1632 1267 testatur
1662 1230 1675 1264 :
1713 1229 1734 1257 ι
1773 1206 1979 1278 Magna
2006 1206 2160 1264 soleo

447 1301 744 1375 voluptate
778 1300 949 1376 allici,
985 1301 1097 1360 viri
1132 1297 1460 1368 Faventini,
1489 1296 1715 1373 quoties
1742 1301 1952 1369 repeto,
1987 1311 2162 1368 quam

453 1397 634 1462 grata,
671 1396 727 1448 et
765 1406 940 1464 quam
973 1389 1233 1465 jucunda
1270 1389 1436 1447 vobis
1475 1387 1732 1460 obtingat
1769 1401 1958 1459 opera,
1988 1400 2163 1460 quam

456 1481 520 1538 in
551 1481 942 1541 describendis
974 1486 1120 1541 Vitis
1149 1485 1491 1546 Sanctorum,
1522 1478 1623 1553 qui
1652 1493 1686 1536 a
1732 1478 1898 1536 vobis
1931 1477 2162 1550 religio-

459 1573 687 1631 sissime
711 1573 1002 1645 coluntur,
1031 1579 1301 1647 praestare
1330 1571 1497 1644 coepi,
1532 1576 1688 1627 tanta
1708 1568 1946 1643 quidem
1983 1569 2167 1626 animi

459 1660 770 1732 alacritate,
826 1669 1042 1736 quanta
1094 1677 1212 1720 non
1272 1661 1438 1719 facile
1490 1659 1748 1733 praestari
1795 1675 1829 1716 a
1872 1673 2166 1733 quoquam

459 1754 638 1813 vestri
682 1754 1080 1814 amantissimo
1137 1761 1327 1828 queat.
1378 1753 1501 1813 Hoc
1544 1759 1740 1812 autem
1786 1751 2168 1811 animadverti

2236 572 2438 631 Bubeo
2469 553 2729 630 eamdem
2779 553 2990 640 Vitam,
3022 566 3121 624 sed
3174 562 3289 621 alio
3333 558 3537 618 ordine
3585 553 3963 629 dispositam,

2237 676 2372 720 cum
2416 658 2875 734 prmcedentibus
2918 653 3249 715 auctoribus
3290 647 3575 723 vulgavit.
3623 645 3764 715 Quae
3812 655 3967 700 cum

2239 733 2434 810 omnia
2479 758 2582 809 aut
2628 767 2700 808 ex
2739 750 2856 806 vita
2894 748 3082 822 priore
3124 758 3158 800 a
3201 741 3424 800 Joanne
3471 736 3756 809 descripta
3813 733 3966 802 sint,

2239 849 2338 902 aut
2403 859 2476 900 ex
2549 840 2678 898 aliis
2748 836 3004 914 antiquis
3074 831 3426 900 auctoribus,
3481 828 3553 886 de
3601 822 3973 914 quibusin-

2242 934 2327 991 fra
2375 947 2636 1004 agemus,
2682 913 2948 1002 excerpta
2993 929 3337 997 exstentque
3383 917 3596 991 saepius
3647 914 3800 989 typis
3839 913 3968 970 im-

2240 1037 2455 1097 pressa,
2505 1021 2600 1078 hic
2641 1018 2984 1086 omittimus,
3036 1013 3260 1088 rejectis
3306 1006 3610 1068 nonnullis
3653 1006 3715 1063 in
3763 1009 3968 1097 notas,

2244 1089 2300 1170 et
2349 1089 2654 1184 sequentes
2707 1109 2795 1180 §§.
2851 1104 3133 1164 Eamdem
3193 1101 3385 1159 Vitam
3454 1093 3825 1184 ItaliceAlib.
3888 1089 3970 1147 de

2248 1182 2472 1260 Sanctis
2516 1215 2581 1256 ac
2622 1197 2811 1255 Beatis
2859 1189 3398 1253 Camaldulensibus
3447 1185 3628 1244 edidit
3671 1182 3973 1243 Silvanus

2246 1290 2487 1349 Razzius
2541 1287 2716 1346 abbas
2777 1282 3236 1343 Camaldulensis
3283 1299 3296 1338 :
3351 1291 3531 1351 quam
3585 1267 3974 1345 potissimum

2245 1382 2523 1455 praefatur
2544 1395 2604 1437 se
2629 1394 2704 1435 ex
2733 1375 2935 1435 Rubeo
2965 1369 3342 1432 transtulisse.

2322 1471 2406 1528 14.
2471 1468 2710 1526 Beatum
2772 1465 3006 1524 Petrum
3060 1461 3408 1519 Damianum
3461 1453 3556 1513 die
3612 1450 3978 1510 anniversa-

2249 1560 2334 1619 ria
2386 1557 2672 1616 cathedrae
2723 1555 2781 1614 S.
2837 1553 2990 1612 Petri
3065 1549 3307 1625 apostoli
3372 1544 3640 1620 spiritum
3716 1537 3978 1625 Domino

2249 1648 2583 1716 reddidisse,
2629 1644 2863 1704 tradunt
2912 1624 3162 1701 Joannes
3211 1640 3275 1696 in
3325 1634 3456 1694 Vita
3508 1649 3568 1690 n.
3617 1629 3707 1702 49,
3756 1634 3819 1686 et
3868 1624 3984 1685 alii

2243 1754 2389 1798 eum
2417 1737 2620 1797 secuti.
2651 1735 2734 1795 Ob
2775 1734 2924 1791 hanc
2953 1738 3144 1789 tamen
3183 1724 3482 1785 Cathedrte
3540 1718 3983 1780 solemnitatem

461 1845 526 1904 in
553 1845 836 1920 descripta
867 1861 1053 1920 nuper
1083 1861 1117 1904 a
1146 1811 1241 1904 ine
1277 1844 1342 1903 Β.
1375 1844 1630 1904 Terentii
1667 1843 2031 1913 confessoris,
2063 1841 2164 1917 qui
2185 1856 2231 1916 Β
2253 1828 2559 1888 Ἐθνθῐιῐὶηί
2598 1826 3024 1886 venerationem
3065 1822 3129 1880 Β·
3164 1818 3316 1920 Petri
3345 1818 3408 1876 in
3428 1815 3592 1916 filem.
3627 1811 3985 1920 Ρνξζκίῑῖξιιω

465 1934 614 1993 mihi
659 1898 881 2008 priiuus
929 1898 1154 1993 o‘blatus
1188 1898 1412 2003 ξεί-ξιξ
2113 1898 2231 1992 et“
2253 1921 2321 1979 23
2370 1919 2534 1978 Febr.
2587 1915 2872 1992 Pejieilml,
2905 1927 3021 1988 quo
3075 1911 3167 1968 die
3217 1906 3517 2008 Ferrarilff
3697 1898 3987 2008 (ἐθίὶξοὲξίξ

465 2023 736 2096 martyris
766 2024 902 2082 vita.
929 2022 1117 2092 Quare
1145 2038 1277 2080 cum
1301 2039 1334 2079 a
1364 2023 1529 2082 vobis
1555 2023 1827 2092 duorum,
1857 2021 1960 2098 qui
1985 2021 2176 2080 adhuc

467 2110 778 2182 restabant,
812 2117 1144 2170 sanctorum
1184 2111 1437 2170 similem
1475 2127 1508 2168 a
1558 2125 1652 2167 me
1695 2126 1926 2184 operam
1968 2126 2175 2184 exspe-

467 2201 607 2257 ctari
651 2199 934 2273 audirem,
961 2200 1160 2276 putavi
1207 2216 1301 2258 me
1345 2199 1551 2258 debere
1596 2199 1796 2258 eodem
1835 2201 2027 2259 studio
2071 2216 2175 2258 ex-

475 2289 810 2362 spectationi
861 2299 1066 2349 vestrae
1122 2307 1187 2350 ac
1238 2291 1522 2350 desiderio
1577 2292 1942 2366 respondere.
1995 2291 2179 2362 Igitur

471 2378 539 2440 B.
592 2381 745 2440 Petri
783 2382 1068 2453 Damiani,
1125 2389 1178 2440 et
1218 2382 1274 2442 S.
1312 2382 1636 2454 1Emiliani,
1676 2398 1823 2456 quos
1861 2379 2180 2455 episcopale

471 2470 767 2545 fastigium
839 2487 976 2531 cum
1047 2471 1342 2529 sanctitate
1413 2470 1666 2530 illustres
1720 2469 1870 2540 fecit,
1926 2470 2177 2538 duobus,

473 2575 620 2634 quos
673 2560 820 2631 dixi,
865 2561 1158 2635 prioribus
1209 2560 1408 2635 adjeci,
1451 2568 1515 2620 ut
1567 2566 1882 2634 spectatum
1934 2562 2075 2634 jam,
2118 2557 2182 2615 ni

471 2650 656 2722 fallor,
697 2667 954 2711 amorem
982 2668 1116 2726 erga
1148 2668 1250 2711 vos
1281 2667 1510 2726 meum,
1541 2658 1596 2710 et
1630 2652 1987 2710 voluntatem
2019 2647 2182 2706 vobis

473 2758 571 2816 per
600 2744 796 2801 omnia
837 2745 990 2817 (quae
1027 2759 1058 2800 a
1102 2759 1194 2801 me
1232 2741 1488 2816 praestari
1528 2742 1764 2815 possint)
1799 2739 2182 2813 gratiﬁcandi,

477 2831 968 2890 manifestioribus
996 2832 1256 2906 quotidie
1284 2832 1516 2890 indiciis
1544 2830 1951 2906 experiamini.
1988 2851 2014 2879 »
2047 2827 2184 2885 Haec

474 2918 818 2980 Flaminius.
871 2917 1156 2979 Coluntur
1200 2921 1501 2978 memorati
1559 2918 1658 2976 alii
1707 2933 1841 2977 cum
1893 2917 1958 2975 B.
2019 2916 2184 2974 Petro

2255 2011 2510 2086 generali
2542 1989 2658 2068 ista
2687 2007 2857 2065 habet
2890 2025 2901 2064 :
2941 2028 2963 2057 α
3001 2001 3293 2062 Faventite
3330 1999 3392 2056 in
3440 1994 3675 2055 [Emilia
3713 1991 3770 2050 S.
3817 1989 3988 2086 Petri

2256 2079 2522 2161 Damiani
2551 2099 2799 2173 episcOpi
2837 2095 3133 2162 Ostiensis,
3166 2093 3290 2165 ejus
3343 2087 3506 2147 urbis
3549 2079 3913 2173 protectoris.
3959 2100 3986 2126 η

2259 2189 2532 2265 Longiori
2589 2168 2863 2247 encomio
2931 2184 3202 2243 eumdem
3273 2178 3519 2238 celebrat
3586 2175 3647 2232 in
3702 2168 3991 2241 Catalogo

2262 2279 2364 2340 SS.
2388 2259 2597 2350 italiae,
2630 2293 2696 2334 ac
2725 2279 2903 2331 sancti
2939 2274 3104 2332 titulo
3141 2269 3313 2329 etiam
3343 2272 3525 2336 ornat,
3565 2263 3692 2321 licet
3727 2259 3990 2316 nondum

2259 2375 2318 2426 in
2376 2373 2685 2424 sanctorum
2737 2382 3018 2421 numerum
3073 2363 3306 2417 relatum
3356 2373 3466 2412 esse
3521 2354 3783 2412 fateatur.
3823 2350 3990 2407 Cum

2260 2457 2521 2517 Ferrario
2559 2462 2805 2512 sanctum
2850 2451 3098 2528 appellat
3144 2447 3463 2507 Jacobillus
3514 2443 3584 2500 de
3637 2437 3890 2528 Sanctis,
3921 2453 3994 2495 ac

2261 2544 2746 2612 BeatisiUmbrize
2789 2544 2860 2601 ad
2891 2527 2971 2599 7‘23
3021 2538 3184 2598 Febr.
3217 2538 3287 2595 ad
3329 2549 3504 2610 quem
3547 2531 3702 2589 diem
3749 2534 3807 2586 et
3856 2527 3998 2600 ipse

2262 2638 2519 2711 aliquam
2556 2633 2744 2692 Vitam
2778 2633 2904 2706 ejus
2950 2630 3142 2701 habet,
3169 2635 3224 2687 et
3270 2626 3382 2685 coli
3425 2623 3579 2699 apud
3631 2617 4000 2711 Faventinos

2261 2710 2482 2796 asserit,
2514 2715 2688 2799 atque
2721 2726 2984 2793 antiquas
3025 2722 3274 2777 lectiones
3311 2732 3440 2798 mss.
3483 2714 3735 2771 Ecclesiae
3768 2710 4000 2764 Faven-

2265 2822 2412 2882 tinae,
2446 2831 2579 2890 quae
2594 2797 2678 2874 ex
2712 2812 2838 2871 Vita
2871 2811 2996 2884 ejus
3025 2816 3152 2869 tum
3179 2797 3408 2866 recitari
3439 2802 3726 2890 solebant,
3747 2797 3996 2890 all_eg_at.

2265 2905 2413 2964 Cum
2449 2886 2592 2979 ipsis
2623 2899 2960 2961 Faventinis
3008 2906 3064 2957 et
3097 2911 3202 2956 nos
3239 2897 3378 2954 Acta
3409 2892 3668 2967 ejusdem
3703 2887 3787 2979 237
3810 2886 3999 2979 Febr.

472 3007 634 3067 urbis
669 2978 1005 3068 Faventinus
1052 3016 1416 3084 protectores,
1462 3011 1740 3066 Terentius
1779 3006 1848 3065 30
1883 3005 2048 3079 Julii,
2086 3010 2187 3064 Sa-
2265 2995 2672 3084 damus;qu_o
2713 2993 2807 3050 die
2852 2992 2991 3084 ejus
3013 2989 3238 3084 obitum
3263 2987 3547 3084 feferu‘ut
3584 2978 3872 3078 Calvisius
3923 2978 4004 3084 ad

478 3065 1756 3174 binaeve—DeeJQEmilianus
1803 3096 1836 3155 6
1876 3065 2181 3168 Nove'mb,’
2265 3065 2505 3142 annum
2528 3065 2682 3150 1072,
2711 3086 2766 3138 et
2797 3076 3135 3138 Schmidius
3165 3076 3224 3132 in
3257 3073 3451 3131 Diario
3476 3068 3746 3168 historico
3778 3085 3791 3124 :
3827 3065 4003 3140 quod

476 3187 546 3245 ad
583 3189 749 3264 cujus
792 3205 900 3249 ms.
935 3190 1127 3248 Vitam
1162 3157 1365 3250 auctor
1406 3189 1619 3248 dicitur
1648 3192 1879 3245 Joannes
1908 3157 2182 3244 Antonius
2203 3220 2247 3280 Ο
2269 3180 2461 3280 mmee
2514 3171 2667 3246 apud
2714 3166 3266 3280 Bemllicllql‘skcujus
3311 3160 3662 3280 teillmonio‘
3687 3157 4003 3228 nituntur.

477 3255 782 3340 Flaminius
867 3286 1177 3339 Faventinae
1261 3284 1514 3340 Ecclesia
1587 3283 1912 3354 presbyter,
2007 3255 2390 3353 quemunon
2441 3265 2717 3335 legerant.
2763 3263 2839 3319 At
2879 3259 2950 3318 22
2992 3257 3160 3316 Febr.
3214 3272 3330 3332 quo
3372 3255 3466 3314 die
3514 3256 3813 3312 mortuum
3861 3265 4006 3309 esse

479 3372 742 3432 Leander
789 3373 1062 3432 Albertus
1110 3377 1289 3430 virum
1341 3345 1644 3429 litteratum
1692 3345 1956 3444 ap'pellat,
1990 3345 2183 3428 vitam
2271 3358 2554 3426 diximus,
2595 3353 2936 3427 inscripsere
2988 3349 3259 3410 eumdem
3306 3345 3751 3444 Balinghemius
3792 3350 4008 3400 noster

480 3460 546 3520 Β.
579 3460 732 3520 Petri
779 3463 857 3520 ita
901 3462 1236 3521 concludit:
1275 3483 1296 3514 ι
1329 3461 1575 3520 Demum
1620 3460 1680 3518 in
1727 3432 1992 3534 sepulcro
2029 3473 2185 3515 mar-
2274 3449 2402 3507 Kal.
2452 3445 2730 3515 Mariano,
2779 3441 3030 3501 Ghinius
3082 3439 3266 3498 Nata].
3317 3444 3497 3496 sanet.
3547 3432 4005 3504 canonicorum,

484 3564 680 3610 moreo
728 3550 990 3610 locarunt
1047 3567 1273 3625 corpus,
1323 3551 1426 3610 ubi
1479 3566 1665 3626 usque
1718 3523 1810 3608 in-
1836 3550 2186 3608 hodiernum
2273 3538 2478 3608 Wion,
2517 3533 2858 3608 Dorganius,
2895 3531 3229 3602 Menardus,
3269 3527 3606 3597 Bucelinus,
3642 3523 4007 3597 Martyrolo-

481 3638 636 3697 diem
661 3639 863 3699 multis
892 3613 1168 3715 prodigiis
1198 3613 1463 3700 sanctum
1494 3613 1810 3698 antistitem
1838 3653 2010 3697 suum
2035 3636 2188 3694 Deus
2273 3629 2384 3705 giis
2426 3623 2836 3696 Benedictinis,
2880 3639 2946 3681 ac
2993 3621 3219 3693 Surius,
3280 3619 3543 3689 Harteus,
3595 3613 3816 3686 aliique
3865 3614 4010 3688 ejus

485 3727 794 3801 illustrem,
819 3745 886 3788 ac
908 3730 1302 3790 venerabilem
1327 3730 1537 3805 populo
1559 3730 1709 3788 facit.
1737 3730 1916 3804 Cujus
1943 3733 2190 3801 spectata
2275 3721 2470 3778 Vitam
2499 3715 2726 3775 dedere.

486 3819 712 3890 magnis
757 3819 1116 3880 documentis
1153 3822 1303 3881 mira
1327 3782 1634 3880 sanctitate
1675 3782 1849 3893 atque
1896 3782 2188 3887 facrundia,
3051 3787 3082 3857 ἓ
3113 3782 3218 3842 ΠΙ·

489 3917 777 3980 quantum
805 3911 966 3971 sidus
989 3914 1052 3970 in
1075 3913 1328 3972 Ecclesia
1358 3913 1461 3971 Dei
1489 3911 1792 3982 exstiterit,
1822 3910 1924 3985 qui
1949 3925 2033 3978 ea,
2059 3923 2191 3982 qum

489 3997 560 4055 de
583 3999 686 4058 illo
710 4003 1111 4074 compendiose
1135 4004 1568 4077 descripsimus,
1595 4003 1817 4078 quique
1841 4001 2189 4073 luculentas,

491 4103 556 4146 ac
593 4089 1006 4152 saluberrimos
1041 4095 1206 4154 illius
1251 4110 1547 4155 sermones
1577 4096 1844 4168 legerint,
1886 4095 2100 4162 testari,
2132 4093 2194 4151 ni

490 4177 676 4253 fallor,
718 4180 946 4241 abunde
983 4189 1273 4258 poterunt.
1314 4183 1523 4243 Beatus
1561 4192 1756 4243 autem
1795 4183 2000 4240 Petrus
2045 4182 2196 4239 circa

487 4283 711 4328 annum
765 4270 978 4332 Christi
1014 4274 1407 4334 millesimum
1464 4281 1520 4333 et
1567 4271 1984 4348 octogesimum
2043 4270 2198 4328 diem

491 4373 669 4418 suum
693 4361 856 4434 obiit,
881 4379 1129 4438 magnus
1159 4365 1492 4424 Faventinae
1519 4365 1680 4423 urbis
1701 4367 2002 4437 protector,
2030 4366 2084 4418 et
2105 4375 2200 4419 cu-

491 4454 626 4508 stos.
658 4474 679 4503 »
711 4451 850 4510 Haec
874 4452 979 4514 ibi.
1011 4453 1093 4512 De
1120 4468 1277 4511 anno
1296 4453 1488 4512 obitus
1515 4451 1580 4511 B.
1601 4450 1918 4510 Petriinfra
1937 4465 2196 4523 agemus.

567 4540 650 4600 13.
681 4543 854 4616 Apud
884 4542 1218 4616 Cajetanum
1242 4542 1356 4602 alia
1379 4548 1566 4602 exstat
1599 4566 1626 4594 α
1657 4542 1721 4600 B.
1747 4541 1899 4600 Petri
1933 4539 2199 4598 Damiani

493 4633 641 4704 Vita,
699 4649 774 4692 ex
819 4634 1148 4707 Augustino
1202 4634 1479 4694 Fortunio
1533 4636 1817 4695 monacho
1869 4631 2199 4706 Congrega-

497 4721 673 4779 tionis
717 4721 1173 4780 Camaldulensis
1224 4722 1372 4781 libro
1429 4723 1638 4796 quinto‘
1677 4723 2062 4781 Historiarum
2103 4719 2202 4776 Ca-

496 4809 970 4881 maldulensium,
1004 4818 1058 4869 et
1091 4811 1267 4884 partis
1297 4811 1626 4885 posterioris
1657 4828 1691 4869 a
1723 4811 1905 4885 capite
1940 4810 1973 4868 6
2013 4824 2201 4882 usque

497 4896 569 4955 ad
609 4898 694 4956 14.
729 4923 749 4950 η
794 4900 1048 4960 Priorem
1089 4907 1311 4975 partem
1353 4899 1517 4958 libris
1561 4901 1745 4959 tribus
1791 4899 1970 4959 edidit
2005 4906 2204 4958 auctor

499 4988 609 5048 sub
637 4987 872 5046 nomine
914 4990 1226 5063 Augustini
1255 4990 1573 5049 Florentini
1611 5005 1762 5047 anno
1806 4990 1963 5059 1575,
1995 5003 2204 5060 magno

497 5079 630 5141 duci
673 5077 919 5136 Etruriae
945 5079 1211 5139 dicatam.
1241 5080 1365 5140 Sub
1395 5079 1609 5138 calcem
1640 5079 1816 5154 hujus
1855 5078 2003 5136 Vitae
2029 5076 2206 5136 relata

500 5169 855 5246 apparitione
903 5169 970 5228 B.
1025 5169 1200 5242 Petri,
1234 5186 1408 5246 quam
1457 5170 1519 5228 in
1567 5167 1959 5244 Appendicem
2001 5166 2205 5240 rejeci—

502 5280 653 5335 mus,
709 5263 835 5322 haec
883 5261 1180 5320 adduntur
1214 5282 1226 5320 :
1267 5285 1288 5313 ι
1320 5262 1529 5320 Beatus
1567 5277 1703 5319 vero
1739 5259 1942 5319 Petrus
1993 5256 2208 5315 exinde

509 5353 590 5423 (id
621 5362 707 5414 est
744 5355 816 5414 ab
852 5367 1005 5412 anno
1049 5351 1203 5423 1080)
1252 5352 1324 5410 ab
1367 5351 1530 5410 omni
1570 5350 1824 5408 Ecclesia
1867 5365 1967 5421 pro
2015 5353 2208 5406 sancto

503 5443 759 5516 habitus,
817 5452 872 5502 et
945 5443 1095 5501 inter
1165 5439 1452 5499 cmlicolas
1520 5447 1778 5512 receptus
1854 5443 1960 5496 est.
1999 5459 2018 5488 ι
2079 5435 2210 5493 Alia

503 5533 764 5606 ejusdem
793 5535 856 5592 B.
889 5534 1042 5594 Petri
1083 5531 1210 5590 Vita
1242 5547 1316 5592 ex
1354 5527 1697 5602 Hieronymi
1729 5525 1917 5585 Bubei
1939 5526 2072 5584 hist.
2104 5524 2213 5582 Ra-

512 5628 760 5679 vennate
808 5622 1043 5682 collecta
1109 5629 1193 5680 est
1242 5638 1274 5679 a
1321 5617 1530 5678 Jacobo
1573 5616 1896 5687 Mosandro,
1948 5614 2212 5689 editaque

507 5720 659 5770 torno
687 5708 789 5769 Vll
817 5711 888 5769 de
919 5711 1068 5771 Vitis
1098 5719 1427 5771 sanctorum
1458 5709 1518 5767 in
1548 5707 1959 5782 Supplemento
1997 5706 2068 5765 ad
2097 5703 2212 5764 Su-

2276 3905 2339 3961 B.
2372 3899 2522 3957 Petri
2549 3901 2766 3953 animus
2794 3910 3040 3951 reverens
3068 3907 3198 3960 erga
3223 3891 3283 3946 S.
3318 3887 3685 3949 Benedictum,
3719 3885 3890 3952 hujus
3921 3901 4013 3940 res

2351 3982 2557 4052 gulam,
2595 3984 2644 4033 et
2686 3977 2949 4033 ordinem.
2992 3976 3156 4030 Alius
3197 3971 3358 4026 abeo
3390 3971 3583 4024 Petrus
3617 3965 3684 4020 de
3711 3967 4007 4022 Honestis.

2355 4065 2651 4131 Cognomen
2676 4059 2956 4115 Damiani.

2356 4169 2442 4226 15.
2497 4167 2783 4225 Caeterum
2835 4158 3197 4222 Benedictini
3239 4159 3372 4232 jure
3424 4152 3640 4228 optimo
3685 4158 4015 4210 assumunt

2283 4257 2456 4316 etiam
2499 4254 2743 4323 cultum,
2786 4267 2851 4309 ac
2899 4247 3331 4308 venerationem
3381 4243 3444 4302 B.
3502 4241 3654 4300 Petri
3702 4239 4014 4313 Damiani,

2284 4349 2479 4419 utpote
2540 4342 2642 4414 qui
2698 4338 3129 4398 sanctissimum
3179 4331 3563 4407 patriarcbain
3617 4327 4018 4388 Benedictum

2286 4418 2531 4495 solemni
2555 4430 2718 4489 cultu
2751 4431 3090 4502 prosecutus
3125 4428 3226 4492 est,
3261 4421 3322 4479 in
3381 4423 3624 4497 ejusque
3676 4418 3769 4476 die
3816 4419 4020 4478 natali

2286 4527 2394 4584 hac
2416 4523 2487 4581 de
2510 4535 2682 4579 causa
2719 4516 2983 4576 strictum
3009 4511 3476 4584 Quadragesimze
3501 4509 3791 4584 jejunium
3831 4521 4020 4580 posse

2284 4613 2722 4691 aliquantulum
2759 4608 3010 4669 relaxari
3039 4604 3392 4680 praescripsit
3429 4617 3627 4674 Opusc.
3660 4609 3767 4657 XIV
3796 4597 3872 4656 de
3909 4615 4021 4658 or-

2284 4687 2418 4765 dine
2457 4709 2512 4761 et
2552 4700 2753 4773 regula
2795 4694 2974 4755 eremi
3012 4691 3212 4752 Fontis
3252 4689 3540 4750 Avellani.
3575 4713 3596 4740 «
3631 4687 3698 4745 In
3740 4687 4018 4761 duabus,

2283 4797 2504 4872 inquit,
2551 4787 3033 4864 Quadragesimis,
3091 4801 3224 4862 quae
3281 4785 3372 4844 vel
3425 4781 3684 4842 Natalem
3735 4777 4022 4854 Domini,

2287 4869 2383 4947 vel
2423 4888 2689 4943 sanctum
2732 4878 2948 4939 Pascha
2989 4874 3346 4952 praecedunt,
3391 4869 3743 4931 consuetudo
3785 4869 4026 4941 tenuit,

2286 4983 2351 5036 ut
2397 4988 2586 5048 neque
2642 4966 2962 5036 monachis,
3017 4981 3208 5040 neque
3264 4962 3450 5033 laicis,
3504 4959 3650 5029 vini,
3682 4955 3772 5016 vel
3823 4956 4028 5017 etiam

2287 5068 2462 5145 piscis
2501 5065 2786 5138 perceptio
2824 5059 3186 5119 concedatur.
3227 5055 3602 5114 Pulmentum
3641 5062 3877 5122 quoque
3952 5050 4034 5108 in

2290 5143 2507 5219 eisdem
2549 5153 3014 5227 Quadragesimis
3052 5160 3357 5222 nunquam
3411 5143 3483 5200 sit
3533 5147 3744 5214 praeter
3791 5155 4029 5214 unum,

2290 5249 2404 5307 nisi
2451 5247 2544 5304 his
2586 5250 2838 5318 quatuor
2879 5237 3305 5303 festivitatibus,
3345 5231 3560 5290 scilicet
3616 5227 3684 5286 B.
3728 5227 4029 5303 Andreae,

2292 5348 2347 5399 et
2378 5340 2435 5400 S.
2468 5335 2778 5407 Benedicti,
2816 5343 2871 5392 et
2906 5334 2966 5391 in
3015 5325 3313 5389 Dominica
3351 5320 3708 5392 Palmarum,
3735 5327 3791 5377 et
3825 5318 4029 5381 Coena

2295 5427 2548 5497 Domini,
2589 5425 2803 5499 quibus
2839 5421 3118 5481 nimirum
3151 5409 3550 5472 sacratissimis
3579 5409 3784 5467 diebus
3818 5407 4026 5481 pisces

2296 5529 2351 5580 et
2403 5520 2611 5580 vinum
2660 5533 2793 5576 cum
2848 5512 3163 5586 gratiarum
3218 5505 3440 5562 actione
3498 5501 3923 5576 percipiuntur.
3985 5526 4016 5552 »ι

2297 5613 2420 5672 Imo
2460 5635 2484 5662 «
2515 5606 2831 5668 nonnullos
2866 5624 2886 5653 υ
2917 5600 2998 5659 ait
3029 5621 3053 5649 α
3084 5594 3303 5670 duplex
3332 5593 3479 5652 illud
3506 5590 4025 5666 quadragesimale

2300 5701 2551 5778 spatium
2593 5697 2811 5770 absque
2852 5688 3056 5749 diebus
3095 5682 3414 5745 Dominicis
3455 5687 3635 5739 totum
3683 5675 4021 5751 jejunando
