4034 6496
70 324 130 380 07
559 319 1139 381 PROLEGOMENA.
1182 351 1243 363 —
1289 320 1383 381 DE
1426 321 1483 382 S.
1529 320 1771 381 PETRO
1816 321 2153 383 DAMIANO
2193 326 2653 386 HENSUHENII
2694 328 3071 389 COMMENT.

3495 337 3570 397 98

65 463 327 525 peragere
403 448 628 518 solere,
694 444 947 520 exceptis
1015 445 1201 506 tribus
1276 445 2196 523 solemnitatibus,Apossibilitas
2239 448 2622 511 administrat.
2654 453 2945 512 Horarum
2998 460 3192 514 autem
3244 459 3566 531 psalmodia

66 540 238 600 sancti
288 537 560 596 videlicet
588 536 862 607 Andrea,
895 542 950 594 et
987 534 1048 595 S.
1079 537 1396 608 Benedicti,
1428 546 1482 595 et
1521 539 1774 598 Annuu-

69 629 316 690 tiationis
345 627 688 687 Dominica.
719 647 747 680 »
781 627 882 684 Est
919 642 1151 687 eremus
1203 628 1302 685 illa
1348 628 1532 686 dicata
1559 631 1620 686 S.
1655 631 1773 684 An-

71 724 222 786 dreae,
253 718 413 778 unde
468 722 524 776 et
572 720 958 774 monasterium
1009 721 1068 776 S.
1102 719 1338 774 Andreae
1397 719 1462 773 de
1503 719 1776 773 Avellana

74 811 180 870 dici
224 809 436 882 legitur
480 807 632 882 apud
668 807 1060 880 Augustinum
1089 805 1508 877 Florentinum,
1541 806 1778 865 citatum

75 918 104 959 a
129 899 348 959 Wione
377 896 481 955 lib.
515 909 556 956 11
589 896 756 968 Ligni
788 895 923 954 vita
953 912 1074 970 cap.
1110 896 1162 954 9.
1197 897 1272 953 At
1311 897 1368 956 S.
1399 895 1777 954 Benedictum

77 991 132 1048 in
157 986 596 1062 congregatione
625 985 804 1044 eremi
833 985 1032 1044 Fontis
1057 984 1327 1044 Avellani
1355 992 1662 1058 patronum
1691 1001 1781 1044 co-

81 1079 328 1150 luerunt,
377 1093 497 1135 non
543 1082 606 1135 ut
654 1075 952 1134 canobita
980 1120 996 1145 ,
1043 1090 1248 1133 verum
1300 1081 1368 1132 ut
1419 1078 1778 1134 anachoreta

77 1169 190 1226 sive
253 1165 528 1237 eremita,
582 1179 832 1238 quorum
902 1163 1078 1222 vitam
1132 1163 1548 1238 perfectiorem,
1601 1181 1776 1241 quam

75 1256 510 1326 coenobitarum,
551 1269 676 1312 esse
715 1254 877 1312 docet
904 1252 1172 1326 pluribus
1204 1252 1267 1311 B.
1298 1253 1504 1312 Petrus
1542 1255 1776 1313 Damia-

77 1363 200 1418 nus,
229 1347 268 1404 l.
301 1359 386 1416 v1,
418 1361 507 1418 ep.
545 1344 630 1416 l2,
653 1359 727 1402 ex
757 1342 896 1417 ipsis
926 1341 986 1402 S.
1019 1341 1316 1401 Benedicti
1339 1343 1549 1402 verbis.
1585 1368 1606 1396 α
1637 1345 1778 1403 Hac

77 1438 278 1511 itaque,
309 1434 521 1509 inquit,
554 1441 750 1493 nostra
805 1448 923 1491 non
966 1438 1120 1504 sunt,
1162 1432 1262 1490 sed
1301 1433 1560 1508 ejusdem
1591 1434 1777 1494 Patris

78 1529 243 1588 nostri
279 1527 454 1586 verba
487 1550 500 1584 :
535 1525 888 1597 Secundum,
929 1523 1144 1601 inquit,
1181 1541 1364 1598 genus
1401 1534 1487 1586 est
1522 1529 1775 1588 anacho-

77 1629 338 1687 retarum,
373 1617 432 1675 id
473 1623 577 1688 est,
613 1616 1027 1675 eremitarum:
1063 1615 1272 1674 horum
1325 1615 1430 1690 qui
1468 1634 1586 1677 non
1635 1635 1774 1677 con-

77 1708 347 1768 versionis
390 1708 615 1766 fervore
663 1707 905 1777 novitio,
936 1705 1034 1765 sed
1065 1705 1401 1765 monasterii
1439 1708 1776 1780 probatione

76 1797 392 1856 didicerunt
434 1803 634 1856 contra
678 1794 996 1864 diabolum,
1041 1794 1362 1854 multorum
1415 1796 1616 1857 solatio
1653 1799 1771 1874 jam
1794 1795 2145 1877 BChronici'
2173 1795 2520 1867 Casinensis,
2574 1812 2696 1868 cap.
2753 1794 2843 1869 21,
2892 1797 2982 1856 his
3017 1795 3215 1855 verbis
3265 1819 3278 1853 :

76 1886 233 1958 docti,
261 1901 525 1960 pugnare
554 1904 568 1944 :
601 1891 657 1945 et
683 1885 831 1944 bene
869 1883 1136 1943 instructi
1165 1883 1416 1944 fraterna
1444 1902 1520 1945 ex
1556 1887 1677 1947 acie
1702 1889 1774 1947 ad

75 1975 420 2050 singularem
461 1991 717 2050 pugnam
748 1974 948 2047 eremi,
978 1975 1166 2034 securi
1199 1975 1321 2051 jam
1357 1975 1484 2036 sine
1510 1979 1772 2042 consola-

75 2066 214 2124 tione
249 2063 513 2138 alterius,
563 2065 684 2124 sola
730 2080 932 2138 manu,
985 2063 1076 2124 vel
1118 2063 1352 2124 brachio
1390 2073 1586 2125 contra
1635 2068 1776 2128 vitia

71 2154 271 2225 carnis,
299 2153 395 2213 vel
450 2155 881 2228 cogitationum,
922 2154 1040 2212 Deo
1094 2153 1439 2226 auxiliante,
1479 2156 1778 2216 suﬂiciunt

72 2259 340 2320 pugnare.
376 2266 398 2297 ι
432 2243 572 2304 Hac
596 2260 670 2304 ex
695 2261 818 2320 cap.
852 2245 1140 2320 IRegula
1169 2243 1544 2305 S.Benedicti
1569 2246 1634 2304 B.
1666 2246 1775 2305 Pe-

72 2344 204 2407 trus,
236 2337 412 2411 cujus
450 2343 504 2396 et
549 2335 658 2395 ista
710 2342 845 2396 sunt
893 2335 958 2395 in
1004 2336 1204 2395 eadem
1245 2336 1483 2410 epistola
1518 2357 1531 2397 :
1572 2361 1594 2390 ι
1653 2337 1777 2396 Hoc

69 2434 336 2499 praterea
391 2426 684 2498 novimus,
716 2424 854 2500 quia
897 2425 960 2484 B.
995 2425 1342 2486 Benedictus
1384 2427 1563 2486 eremi
1592 2428 1778 2488 cultor

68 2516 297 2588 exstitit,
331 2522 390 2574 et
440 2516 548 2574 hoc
597 2523 747 2575 certe
805 2531 911 2575 nos
959 2515 1180 2590 optavit
1237 2532 1380 2588 esse,
1435 2516 1592 2591 quod
1642 2518 1772 2588 fuit,

306 2607 698 2680 dispensative
753 2605 1053 2665 constituit
1125 2607 1290 2680 prius
1353 2607 1776 2667 monasterialis

69 2699 194 2758 vita
245 2696 571 2773 planitiem,
608 2699 674 2754 ut
702 2695 821 2754 illic
845 2694 1172 2769 disciplina
1209 2696 1454 2769 ﬂagellis
1490 2697 1689 2768 attriti,
1722 2702 1776 2755 et

69 2786 360 2846 exercitiis
401 2785 649 2860 probati,
681 2784 803 2858 jam
836 2783 1068 2842 facilius
1105 2785 1287 2843 eremi
1324 2785 1778 2846 conscendamus

66 2880 128 2938 ad
182 2894 399 2938 arcem.
432 2876 556 2936 Hoc
616 2875 812 2951 itaque
850 2873 1223 2949 Benedictus,
1262 2877 1414 2951 quod
1465 2883 1522 2936 et
1573 2877 1776 2938 beatus

67 2969 266 3028 iecerat
291 2967 534 3028 Paulus.
567 2969 828 3041 Agamus
856 2961 1104 3041 [ἄγαμος]
1142 2967 1432 3042 siquidem
1468 2975 1590 3028 erat
1617 2971 1774 3044 Apo-

66 3056 253 3128 stolus,
317 3055 590 3115 homines
642 3062 837 3114 tamen
889 3055 962 3113 ad
1011 3056 1356 3130 conjugium
1409 3059 1770 3132 provocabat.

1857 541 2132 599 canonica
2158 543 2416 613 omnino,
2449 542 2597 603 sicut
2634 543 2697 601 ﬁt
2734 543 2793 601 in
2827 547 3192 617 monasterio,
3224 547 3304 605 ita
3342 548 3438 607 hic
3467 565 3568 623 per

1858 630 2122 689 ordinem
2170 631 2556 691 nihilominus
2606 632 2971 707 adimpletur.
3011 658 3032 684 ι
3069 638 3154 693 Ac
3199 635 3371 709 paulo
3412 637 3569 698 infe-

1859 719 2026 779 rius:
2076 743 2102 771 α
2153 722 2438 794 Regulare
2493 729 2596 794 est,
2650 722 2859 797 inquit,
2920 725 3304 796 monasteriis,
3360 732 3424 785 ut
3481 727 3564 798 hi,

1857 807 1959 882 qui
1991 808 2052 867 in
2090 809 2186 868 via
2217 810 2568 884 diriguntur,
2606 813 2743 871 foris
2782 828 2900 870 non
2939 814 3258 885 comedent,
3289 815 3337 874 si
3368 831 3435 875 eo
3471 815 3565 875 die

1857 905 2090 969 sperant
2114 900 2325 957 reverti
2355 919 2366 957 :
2395 899 2492 959 cui
2525 899 2791 960 videlicet
2811 903 3193 962 observantia
3217 903 3364 964 illud
3394 905 3568 964 etiam

1857 987 2009 1060 apud
2055 1004 2160 1048 nos
2212 988 2460 1059 additur,
2511 995 2575 1048 ut
2608 991 2731 1048 sive
2769 991 2914 1064 ipso,
2952 993 3075 1052 sive
3110 993 3224 1052 alio
3262 993 3356 1052 die
3392 994 3568 1053 fuerit

1857 1076 1989 1150 quis
2030 1094 2310 1151 egressus,
2338 1078 2578 1153 jejunus
2619 1095 2844 1154 semper
2885 1083 2955 1140 ad
3000 1098 3260 1142 eremum
3310 1090 3564 1143 reverta-

1861 1171 1970 1223 tur.
2032 1190 2058 1214 ιο
2117 1165 2267 1236 Quin
2327 1165 2499 1224 etiam
2551 1165 2620 1224 B.
2652 1166 2896 1239 Petrus,
2945 1174 3009 1227 ut
3066 1170 3127 1227 in
3183 1170 3311 1229 Vita
3356 1171 3568 1243 legitur

1858 1269 2022 1314 num.
2054 1254 2143 1326 43,
2187 1278 2214 1306 α
2248 1255 2400 1314 hanc
2429 1276 2456 1309 »
2488 1255 2684 1314 Eremi
2710 1272 2833 1316 sua
2872 1281 2895 1308 κ
2930 1273 3196 1317 normam
3221 1260 3566 1319 observatio-

1857 1344 1950 1402 nis
1989 1345 2050 1403 in
2081 1346 2382 1405 nonnullis
2420 1347 2806 1419 monasteriis,
2853 1349 2950 1424 pia
2996 1349 3300 1409 devotione
3343 1350 3562 1426 ample-

1857 1435 2181 1506 ctentibus,
2239 1435 2546 1494 excitando
2612 1435 2909 1506 instituit,
2969 1442 3024 1494 et
3074 1437 3305 1511 insigne
3370 1437 3565 1498 Casini

1857 1522 2071 1582 montis
2114 1521 2448 1582 coenobium
2487 1522 2637 1582 inter
2687 1523 2978 1596 regularia
3011 1523 3281 1583 mandata
3311 1523 3509 1583 statuit
3537 1547 3561 1577 ιν

1855 1614 2146 1675 nonnulla
2177 1635 2205 1668 α
2239 1614 2667 1675 conscribenda.
2704 1639 2726 1669 ι)
2759 1616 2903 1687 Qua
2954 1615 3229 1691 praclare
3265 1615 3568 1676 conﬁrmat

1857 1706 1972 1766 Leo
2017 1705 2395 1778 Marsicanus,
2421 1713 2476 1765 et
2528 1705 2650 1780 ipse
2703 1687 3004 1782 episcopus
3052 1687 3328 1766 Ostiensis
3371 1704 3474 1764 lib.
3505 1716 3568 1764 lII

3333 1821 3359 1844 ‹‹
3393 1795 3568 1855 Porro

1859 1886 2112 1947 domnus
2141 1886 2342 1946 Petrus
2371 1887 2690 1947 Damianus
2735 1887 2807 1946 ad
2849 1887 3265 1948 monasterium
3305 1886 3568 1959 veniens,

1858 1991 1992 2034 cum
2054 1974 2228 2035 verbo
2274 1975 2484 2049 pariter
2543 1982 2599 2034 et
2651 1977 2917 2052 exemplo
2980 1978 3051 2037 ad
3107 1976 3212 2036 Dei
3263 1975 3569 2036 servitium

1857 2081 2236 2141 quoscunque
2288 2072 2513 2138 posset,
2568 2067 2854 2126 ferventer
2904 2067 3281 2136 accenderet;
3334 2065 3568 2124 tandem

1858 2155 2235 2229 permissione
2263 2153 2484 2213 abbatis
2522 2154 2803 2214 Desiderii
2828 2155 2900 2213 ab
2937 2155 3101 2214 omni
3126 2154 3570 2231 congregatione

1858 2243 2113 2304 obtinuit
2146 2243 2475 2303 voluntaria
2504 2243 2794 2303 oblatione
2833 2245 2896 2302 in
2935 2243 3338 2303 remissionem
3369 2259 3568 2317 pecca-

1861 2342 2054 2394 torum
2111 2335 2401 2407 omnium,
2434 2342 2499 2394 ut
2549 2342 2712 2394 sexta
2766 2333 2909 2393 feria
2963 2350 3065 2408 per
3115 2340 3294 2393 totum
3347 2349 3571 2394 annum

1858 2441 2027 2498 pane,
2085 2431 2142 2483 et
2190 2442 2339 2500 aqua
2395 2425 2670 2498 contenti,
2723 2423 3090 2497 disciplinam
3148 2425 3367 2500 singuli
3425 2426 3571 2484 facta

1857 2515 2214 2574 confessione
2261 2515 2638 2589 perciperent,
2668 2514 2909 2587 insuper
2943 2521 2998 2573 et
3038 2514 3376 2574 triduanum
3415 2513 3568 2588 jeju-

1858 2609 2025 2668 nium
2055 2607 2118 2666 in
2167 2607 2349 2682 capite
2393 2607 2858 2682 Quadragesima
2893 2623 2996 2681 per
3031 2624 3126 2665 an.
3155 2606 3417 2678 singulos
3444 2622 3572 2681 age-

1859 2703 2002 2756 rent.
2036 2721 2062 2746 »
2092 2696 2227 2755 Fuit
2257 2694 2591 2754 Desiderius
2621 2694 2798 2754 abbas
2826 2693 2884 2752 S.
2923 2693 2993 2753 B.
3035 2694 3101 2752 E.
3141 2695 3472 2768 cardinalis,
3503 2711 3570 2754 ac

1856 2787 1991 2847 dein
2030 2785 2293 2862 pontifex
2325 2785 2622 2863 Romanus
2663 2784 2856 2843 Victor
2892 2785 2977 2844 ΙΙΙ
3014 2785 3359 2859 appellatus,
3389 2800 3566 2860 quem

1857 2876 2072 2948 sapius
2116 2874 2318 2934 invisit
2367 2873 2433 2932 B.
2469 2873 2689 2939 Petrus,
2725 2879 2781 2932 et
2827 2873 3025 2948 plures
3058 2877 3224 2948 epist.
3257 2874 3572 2950 opuscula-

1857 2982 1971 3040 que
2000 2964 2188 3024 eidem
2237 2963 2484 3038 scripsit.
2517 2963 2660 3037 Ejus
2703 2963 2857 3038 apud
2886 2963 3225 3024 Casinenses
3257 2961 3572 3025 successori

1857 3055 2114 3114 Oderisio
2141 3054 2353 3114 dicavit
2383 3056 2499 3114 Leo
2538 3052 2862 3112 Chronicon
2891 3053 3224 3112 Casinense.

72 3151 468 3220 Unusquisque,
501 3146 796 3244 inquiens,
833 3164 1059 3203 umorem
1111 3151 1368 3221 accipiat,
1402 3156 1453 3206 et
1506 3168 1836 3244 unaqua-C
1932 3147 2038 3244 17..
2068 3145 2355 3244 Florebat.
2380 3161 2447 3204 eo
2502 3152 2754 3219 tempore
2789 3159 2924 3244 ‘pra
2985 3143 3211 3203 cateris
3262 3143 3325 3203 in
3381 3143 3568 3244 Gallia

66 3255 158 3308 que
204 3241 390 3293 virum
443 3255 602 3294 suum
659 3237 943 3296 habent...
973 3239 1026 3310 (Ι
1052 3238 1168 3295 Cor.
1201 3249 1304 3308 VII,
1334 3238 1409 3308 2).
1441 3238 1620 3298 Paulo
1651 3246 1774 3314 post

67 3334 249 3386 tamen
279 3326 422 3386 dicit
454 3347 468 3385 :
500 3328 635 3385 Volo
672 3343 851 3383 omnes
890 3343 1001 3382 esse
1047 3329 1286 3384 homines
1339 3331 1480 3386 sicut
1507 3334 1774 3403 meipsum

65 3421 244 3488 (Ibid.,
280 3421 358 3493 7).
418 3419 598 3479 Aliud
654 3435 792 3479 vero
843 3419 1071 3479 volebat
1129 3421 1461 3494 Apostolus,
1511 3431 1566 3481 et
1615 3422 1776 3482 aliud

63 3512 448 3587 praecipiebat.
504 3511 746 3571 Volebat
803 3528 926 3585 nos,
989 3512 1136 3570 sicut
1187 3511 1310 3586 ipse
1353 3518 1493 3584 erat,
1542 3513 1776 3573 calibes

65 3620 198 3674 esse,
248 3610 483 3678 propter
544 3605 833 3662 excellens
875 3603 1144 3662 videlicet
1190 3605 1488 3663 vernantis
1532 3605 1776 3679 pudiciti

66 3695 363 3766 meritum,
392 3692 492 3752 sed
522 3691 749 3751 volebat
794 3692 943 3750 inire
989 3692 1350 3765 conjugium,
1384 3693 1522 3768 quia
1552 3693 1776 3767 fragili“

71 3781 188 3840 tatis
215 3789 436 3840 nostra
463 3779 788 3856 periculum
818 3779 1145 3838 timebat....
1185 3777 1273 3837 Ita
1304 3779 1370 3838 B.
1405 3779 1772 3854 Benedictus,

68 3886 404 3946 quanquam
446 3869 789 3944 propensius
827 3867 967 3928 velit
1004 3886 1110 3928 nos
1138 3885 1280 3941 esse,
1314 3870 1468 3945 quod
1494 3877 1633 3944 erat,
1668 3871 1776 3931 hoc

66 3968 144 4019 est
177 3959 368 4019 eremi
420 3967 766 4030 sectatores;
804 3958 1161 4018 tolerabilius
1209 3966 1404 4018 tamen
1459 3960 1618 4020 ducit
1668 3978 1775 4021 nos

64 4053 325 4111 inﬁrmos
356 4067 424 4110 ac
464 4050 685 4110 debiles
725 4051 788 4110 in
837 4050 1172 4110 monasterii
1211 4057 1380 4124 portu
1415 4051 1507 4109 vel
1541 4051 1774 4124 ignobi-

63 4140 186 4200 liter
230 4140 456 4210 vivere,
487 4155 666 4214 quam
703 4139 767 4198 in
817 4146 1198 4214 tempestuosa
1249 4138 1515 4212 naufragi
1565 4141 1772 4201 mundi

61 4229 339 4305 voragine
368 4227 648 4302 deperire.
685 4249 712 4278 »
743 4228 829 4286 Ac
859 4227 1091 4287 tandem
1137 4227 1217 4286 ita
1265 4226 1560 4286 concludit
1591 4247 1605 4284 :
1643 4251 1664 4280 α
1705 4229 1774 4287 Ut

62 4341 189 4398 ergo
219 4323 466 4382 Fratres
508 4322 582 4380 ad
622 4339 888 4382 eremum
924 4323 994 4382 de
1042 4320 1440 4382 monasteriali
1477 4323 1596 4382 vita
1632 4337 1769 4381 con-

64 4414 358 4485 scendant,
391 4419 448 4472 et
477 4428 584 4472 nos
612 4412 850 4485 hortari,
883 4419 938 4472 et
967 4418 1090 4484 ﬁnos
1124 4413 1403 4473 debemus
1453 4429 1588 4473 cum
1636 4414 1770 4472 cha-

1858 3235 2137 3295 coenobiis
2186 3235 2566 3294 Cluniacense
2624 3251 2735 3295 sec.
2775 3233 2998 3294 decimo
3052 3240 3433 3306 exstructum,
3480 3235 3568 3295 uti

1856 3326 2136 3396 diximus,
2175 3325 2238 3383 13
2276 3324 2447 3384 Janu.
2493 3325 2566 3383 ad
2599 3324 2792 3383 Vitam
2819 3323 2884 3382 B.
2927 3324 3211 3384 Bernonis
3245 3324 3418 3399 primi
3447 3324 3569 3384 Ab-

1857 3415 2022 3485 batis,
2079 3412 2174 3472 cui
2229 3419 2633 3472 successerunt
2682 3411 2822 3482 Odo,
2887 3411 3240 3486 Aymardus,
3300 3412 3568 3486 Majolus,

1856 3504 2043 3576 Odilo,
2098 3503 2292 3576 Hugo,
2354 3501 2466 3561 viri
2519 3501 2817 3560 sanctitate
2875 3499 3152 3560 illustres.
3203 3502 3285 3560 De
3340 3517 3572 3561 accessu

1856 3592 1920 3650 B.
1955 3591 2109 3650 Petri
2164 3590 2434 3649 Damiani
2489 3591 2563 3648 ad
2617 3589 3036 3649 monasterium
3083 3589 3465 3650 Cluniacense
3507 3589 3571 3648 in

1859 3687 2099 3740 tractatu
2145 3680 2560 3740 miraculorum
2610 3679 2668 3739 S.
2705 3678 2969 3752 Hugonis
3003 3679 3076 3737 ab
3107 3685 3339 3739 auctore
3363 3684 3569 3738 coata-

1856 3787 1964 3830 neo
1996 3771 2226 3846 scripto,
2256 3770 2366 3827 ista
2398 3769 2458 3826 in
2490 3768 2847 3826 Bibliotheca
2875 3767 3269 3838 Cluniacensi,
3296 3766 3405 3825 col.
3440 3765 3565 3837 460,

1855 3871 2207 3921 narrantur:
2248 3885 2275 3913 α
2303 3861 2582 3933 Tempore
2623 3858 2874 3932 quodam
2932 3873 3166 3916 necesse
3215 3857 3327 3917 fuit
3375 3863 3570 3917 sancto

1854 3953 1980 4012 viro
2022 3969 2124 4027 pro
2176 3951 2405 4012 tuendis
2432 3950 2569 4008 liliis
2616 3950 2688 4007 ad
2733 3948 3046 4008 Ecclesiam
3078 3955 3321 4008 matrem
3371 3965 3568 4009 recur-

1853 4059 1997 4113 rere,
2028 4049 2082 4101 et
2131 4041 2410 4100 Romanae
2457 4037 2610 4097 sedis
2657 4037 3044 4112 patrocinium
3088 4039 3386 4099 advocare.
3416 4038 3570 4109 Qua-

1853 4138 2082 4206 propter
2123 4129 2285 4190 urbis
2327 4129 2492 4188 illius
2542 4127 2833 4201 refugium
2865 4133 3080 4203 petens,
3125 4143 3335 4201 magno
3373 4127 3573 4188 labore

1852 4229 1906 4280 et
1957 4219 2289 4280 diﬂicultate
2331 4235 2366 4278 a
2427 4219 2604 4277 latere
2655 4219 2927 4278 avulsum
2981 4216 3262 4277 domuum
3313 4216 3569 4290 Petrum,

1852 4313 2219 4374 Hostiensem
2288 4311 2552 4370 videlicet
2616 4310 2970 4384 episc0pum,
3019 4316 3400 4380 cognomento
3453 4307 3572 4366 Da-

1853 4403 2136 4472 mianum,
2168 4399 2442 4469 obtinuit,
2475 4405 2539 4458 ut
2569 4397 2681 4456 sibi
2711 4397 2945 4456 daretur
2982 4411 3083 4470 pro
3132 4412 3345 4471 magno
3401 4395 3566 4454 Petro

65 4505 222 4566 ritate
281 4484 598 4578 suscipere,
629 4511 694 4563 ιιι
745 4484 863 4564 Ι]οῂ
914 4503 1071 4562 velut
1116 4504 1310 4564 hostes
1349 4520 1384 4562 θ,
1433 4503 1598 4563 beato
1643 4492 2244 4584 vimnpraliaturus,
2277 4494 2332 4548 et
2357 4486 2716 4584 adversarios
2742 4493 3145 4584 .prostraturus
3175 4484 3430 4584 mirabili
3463 4500 3569 4584 sua

62 4555 630 4669 schismaticafqudd
669 4594 838 4665 absit,
881 4592 1184 4654 aversione
1223 4594 1535 4666 discedere,
1567 4593 1663 4652 sed
1706 4555 2163 4675 utDPIflldefllia
2194 4585 2374 4675 ίξῒίίιιεῖ
2403 4576 2695 4675 Ῐὶξευηάίῖιο
2736 4575 2872 4675 Era}
2915 4589 3168 4648 Πειωειιιθ
3208 4573 3299 4675 ’ξίν
3331 4573 3433 4675 ille
3466 4573 3570 4632 ab‘

60 4702 254 4748 revera
287 4663 563 4759 discipuli
600 4663 902 4745 videamur
926 4688 983 4743 et
1014 4682 1103 4743 illi
1132 4683 1385 4744 invicem
1415 4663 1771 4743 unanimiter
1852 4672 2139 4733 stinentia
2187 4667 2497 4744 singularis
2549 4683 2679 4759 usu,
2721 4672 2776 4724 et
2835 4666 3168 4759 terreorum
3193 4663 3569 4759 vinculorum

55 4775 405 4835 consentire.
441 4755 474 4827 ἓ»
1851 4781 2012 4824 nexu
2036 4762 2295 4836 undique
2325 4760 2407 4818 sic
2434 4758 2681 4826 attritus,
2715 4762 2778 4816 ut
2810 4757 2910 4815 vix
2934 4762 3123 4832 posset
3153 4755 3407 4814 inveniri
3440 4770 3568 4815 mo-

122 4867 208 4928 16.
242 4865 545 4926 Hactenus
570 4864 634 4925 in
661 4865 760 4925 illa
790 4882 898 4926 sua
924 4882 1016 4942 ep.
1059 4865 1124 4923 B.
1160 4863 1382 4936 Petrus,
1413 4863 1514 4937 qui
1562 4867 1772 4937 praeter
1852 4853 1983 4945 dus,
2039 4868 2154 4945 quo
2211 4851 2336 4926 ejus
2395 4849 2651 4924 corporis
2707 4846 3074 4945 imbecillitas
3131 4845 3442 4945 reveretur,
3495 4843 3567 4945 ad

54 4964 328 5018 consueta
364 4956 848 5016 monasteriorum
895 4933 1280 5015 S.-Benedicti
1312 4933 1604 5023 exercitia,
1657 4957 1770 5008 tra-
1853 4941 2150 5018 equitandi
2191 4957 2340 5000 onus
2371 4957 2547 5014 grave
2586 4946 2880 5012 utcunque
2915 4933 3298 4995 tolerandum.
3331 4935 3403 4993 Et
3429 4934 3570 5010 quia

55 5045 126 5105 dit
163 5062 374 5122 opusc.
413 5059 522 5107 XIV
573 5047 640 5106 in
681 5061 789 5106 sua
840 5060 1033 5104 eremo
1088 5043 1283 5103 Fontis
1338 5041 1606 5101 Avellani
1659 5040 1772 5099 alia
1854 5033 1970 5093 levi
1997 5033 2340 5108 plerumque
2374 5031 2643 5090 seandalo
2672 5027 2887 5122 oﬂ'endi
2925 5032 3169 5122 poterat,
3195 5043 3427 5122 necesse
3461 5027 3567 5085 ha-

54 5135 512 5212 quamplurima,
561 5140 616 5193 et
666 5133 833 5208 longe
879 5132 1291 5192 excellentiora
1337 5131 1646 5190 observari.
1689 5128 1775 5187 Ita

58 5245 76 5272 ·
105 5225 186 5286 De
213 5223 568 5300 psalmodia,
597 5223 810 5296 inquit,
839 5221 1196 5282 consuetudo
1226 5225 1330 5286 est,
1371 5224 1437 5277 ut
1480 5233 1613 5276 cum
1659 5216 1776 5275 duo

59 5313 259 5374 lratres
304 5313 485 5373 simul
547 5318 980 5371 commorantur
1016 5311 1078 5369 in
1111 5309 1273 5379 cella,
1307 5308 1422 5366 duo
1449 5305 1777 5381 persolvant

61 5404 107 5463 in
142 5406 245 5465 die
288 5404 582 5481 psalteria,
617 5418 804 5462 unum
846 5418 950 5475 pro
999 5400 1175 5472 vivis,
1206 5399 1452 5458 alterum
1483 5414 1586 5472 pro
1619 5413 1777 5456 mor-

61 5496 266 5556 tnis....
301 5495 419 5566 Qui
449 5502 644 5555 autem
673 5491 831 5553 solus
859 5497 1135 5562 moratur,
1166 5487 1504 5563 psalterium
1540 5486 1778 5562 quidem

60 5589 336 5647 vivorum
371 5592 558 5646 totum
593 5600 694 5657 per
721 5580 984 5658 singulos
1020 5580 1142 5640 dies
1179 5577 1524 5652 adimpleat;
1566 5575 1800 5636 delun;

60 5681 287 5739 ctorum
323 5675 453 5737 sive
488 5673 770 5745 medium,
789 5671 914 5734 sive
944 5675 1147 5746 totum,
1172 5669 1344 5746 juxta
1371 5666 1524 5742 quod
1561 5665 1779 5730 virium

1852 5125 2022 5184 bebat
2069 5140 2219 5198 sape
2273 5123 2468 5198 aliqua
2518 5120 2903 5182 satisfactione
2963 5117 3196 5192 placari.
3243 5118 3333 5178 Ad
3388 5130 3566 5190 quam

1856 5230 1980 5273 rem
2033 5213 2380 5272 venerabilis
2434 5212 2609 5284 Hugo
2659 5211 2738 5269 ita
2798 5224 2860 5267 se
2911 5206 3256 5278 inclinabat,
3324 5211 3386 5264 ut
3441 5203 3568 5276 ejus

1856 5303 2122 5362 animum
2172 5303 2507 5362 reformaret
2554 5299 2628 5357 ad
2677 5297 3176 5372 tranquillitatem,
3207 5301 3274 5352 ac
3330 5291 3379 5349 si
3420 5289 3566 5349 alter

1858 5393 2140 5452 Martinus
2187 5399 2352 5462 esset,
2392 5391 2492 5466 qui
2533 5387 2682 5448 nihil
2738 5391 2966 5462 putaret
3017 5384 3346 5457 indignum,
3406 5380 3566 5455 quod

1859 5483 2160 5544 humilitas
2220 5481 2512 5557 agendum
2561 5478 2845 5539 suaderet.
2901 5478 3047 5536 Cum
3119 5487 3255 5546 ergo
3310 5470 3566 5530 venisset

1861 5574 2223 5643 Cluniacum,
2255 5572 2398 5631 alter
2425 5570 2525 5631 ille
2553 5568 2862 5643 Gregorius
2889 5581 2990 5640 per
3015 5560 3367 5638 eloquentia
3395 5560 3565 5622 uber-

1863 5672 2056 5739 tatem,
2086 5681 2204 5726 non
2246 5669 2434 5725 tamen
2473 5679 2576 5738 per
2618 5658 2944 5737 apostolica
2981 5655 3118 5720 vita
3149 5653 3562 5733 aequalitatem,
