4034 6490
476 336 549 396 99
1392 329 1451 390 s.
1494 327 1788 390 PETRUS
1826 323 2216 387 DAMIANUS
2259 322 2319 383 s.
2361 323 2430 383 Ρ..
2476 326 2539 384 s.
2583 282 3061 385 GARBINALIS.

3890 323 4002 383 100

474 460 826 533 vidissetque
871 457 1291 518 humanitatem
1328 461 1384 515 et
1419 434 1807 532 disciplinam,
1838 455 2177 529 virgamque
2196 451 2249 511 A
2265 449 2571 510 Giaconius
2594 451 2657 510 in
2680 450 2867 511 Gestis
2892 463 3261 510 summorum
3283 447 3626 522 pontiﬁcum
3646 454 3703 508 et
3728 449 3790 510 S.
3820 450 3897 511 Β.
3931 452 3998 509 Ε.

474 553 531 609 et
581 548 855 609 baculum
907 546 1264 619 contulisset,
1313 546 1485 621 ccepit
1538 545 1782 617 haerere,
1826 559 1893 603 ac
1934 546 2180 616 stupere,
2264 541 2669 614 cardinalium,
2701 540 2762 600 in
2807 540 3097 616 Stephano
3136 539 3186 598 X
3238 554 3328 599 res
3370 545 3560 614 gestas
3588 539 3652 599 B.
3689 541 3849 602 Petri
3889 543 4004 603 Da-

471 637 720 713 qualiter
758 637 940 697 sancti
996 652 1141 709 esse,
1172 641 1274 697 aut
1315 640 1540 694 sanctos
1577 633 1937 693 institutores
1972 631 2185 692 habere

471 733 724 803 possent,
751 726 852 802 qui
880 727 1054 787 tantis
1071 727 1431 789 abundarent
1448 724 1616 784 bonis
1648 743 1661 783 :
1695 729 1752 784 et
1782 739 2018 785 rursum
2047 740 2184 798 quo-

473 819 646 879 modo
693 833 814 877 non
865 818 1048 878 sancti
1091 834 1216 878 esse
1261 820 1514 893 possent,
1544 820 1646 875 aut
1690 815 1897 889 perire,
1935 815 2038 888 qui
2068 821 2184 874 tam

476 906 681 968 devote
734 907 1089 968 sustinerent
1146 914 1265 967 tam
1314 920 1489 979 grave
1544 904 1772 979 pondus
1827 904 2077 978 laboris,
2129 912 2186 964 et

471 999 790 1059 custodiam
820 997 1155 1058 monasticaa
1179 994 1523 1071 disciplinac.
1552 995 1884 1070 Aliquando
1913 1012 2052 1056 sane
2084 995 2182 1072 ju-

473 1088 699 1150 dicabat
745 1089 1011 1149 ciborum
1050 1087 1299 1163 copiam,
1331 1086 1644 1162 aliquando
1667 1088 1986 1148 mirabatur
2033 1088 2184 1146 hanc

462 1176 867 1253 jejunantibus
896 1177 1095 1238 deesse
1130 1176 1394 1253 gratiam,
1425 1191 1602 1251 quam
1630 1175 1762 1237 illos
1792 1177 2002 1236 habere
2030 1175 2187 1235 vide-

467 1267 584 1328 bat.
616 1266 1034 1329 Verumtamen
1088 1268 1139 1328 si
1185 1269 1309 1328 ﬁeri
1353 1272 1563 1343 posset,
1595 1269 1747 1328 sicut
1793 1268 1916 1344 ipse
1941 1267 2182 1339 dicebat,

473 1361 540 1420 ut
578 1363 829 1434 utraque
867 1360 1055 1421 virtus
1092 1357 1439 1420 obedientize
1467 1364 1523 1418 et
1549 1358 1914 1419 abstinentiae
1940 1358 2188 1419 sociare-

473 1454 569 1510 tur
601 1450 667 1509 in
704 1450 809 1521 eis,
842 1454 968 1511 tum
996 1449 1250 1526 profecto
1285 1448 1611 1526 apostolica:
1657 1447 1810 1509 nihil
1849 1449 2185 1510 defuturum

471 1536 824 1617 perfectioni.

548 1627 636 1690 18.
696 1650 723 1684 ‹‹
779 1630 904 1702 Qua
948 1629 1021 1689 de
1071 1646 1133 1691 re
1187 1630 1540 1693 conveniens
1594 1631 1874 1692 domnum
1920 1629 2185 1690 abbatem

472 1719 824 1792 obsecrabat,
865 1725 931 1781 ut
977 1736 1013 1779 a
1057 1719 1340 1797 sagimine
1389 1719 1614 1781 duabus
1659 1720 1861 1780 saltem
1913 1718 2073 1779 feriis
2125 1733 2186 1777 se

2265 631 2469 706 miani,
2514 636 2568 689 et
2600 629 2843 692 alterius
2898 630 3053 691 Petri
3107 629 3180 688 de
3230 629 3503 689 Honestis
3556 632 3889 705 confundit,
3928 634 4005 692 ab

2267 729 2511 807 Ughello
2532 729 2597 788 in
2617 725 2869 787 secunda
2887 721 3143 782 editione
3162 719 3530 792 emendatus,
3548 721 3792 781 sublatis
3813 723 4001 783 etiam

2266 818 2597 894 insignibus
2643 815 2853 874 domus
2899 812 2971 870 de
2999 809 3291 881 Honestis,
3326 808 3387 867 in
3418 808 3636 883 quibus
3682 811 3865 872 ruber
3906 811 4003 871 leo

2267 914 2445 980 stans,
2478 913 2534 966 et
2562 911 2785 966 erectus
2810 903 2874 961 in
2899 918 3031 961 area
3058 901 3208 965 alba,
3242 898 3477 974 pineam
3507 913 3718 959 nucem
3746 915 4003 961 auream

2267 997 2653 1060 anterioribus
2686 993 2932 1072 pedibus
2963 991 3129 1069 quasi
3166 989 3437 1050 manibus
3465 989 3729 1050 sustinet.
3772 992 4003 1051 Arnol-

2268 1092 2380 1151 dus
2424 1088 2631 1160 Wion,
2672 1086 2839 1163 quasi
2889 1083 3154 1145 omnium
3207 1080 3524 1141 sententias
3573 1080 4003 1144 conciliaturus

2269 1180 2371 1241 lib.
2405 1192 2467 1253 II,
2512 1194 2638 1254 cap.
2694 1175 2754 1251 9,
2798 1175 2878 1235 ita
2931 1173 3279 1234 exorditur:
3315 1195 3336 1224 α
3375 1169 3619 1231 Sanctus
3663 1169 3872 1233 Petrus
3930 1172 4005 1232 de

2269 1268 2563 1342 Honestis,
2594 1270 2977 1343 cognomento
3011 1264 3330 1324 Damianus
3363 1268 3417 1322 et
3456 1262 3743 1337 Peccator,
3776 1263 4003 1323 nobilis

2269 1363 2601 1432 Ravennas,
2647 1359 2972 1419 monachus
3024 1352 3359 1414 monasterii
3414 1352 3472 1412 S.
3505 1352 3754 1413 Andreae
3807 1355 4004 1414 eremi

2270 1454 2341 1514 de
2370 1449 2672 1517 Avellana,
2707 1446 2930 1509 ordinis
2960 1444 3020 1506 S.
3058 1443 3355 1504 Benedicti
3383 1442 3852 1518 congregationis
3885 1443 4009 1504 Coo

2270 1544 2508 1617 lumbm,
2545 1564 2574 1597 »
2608 1547 2714 1604 etc.
2748 1540 2967 1601 Verum
3003 1537 3157 1599 alius
3182 1542 3269 1597 est
3300 1534 3505 1595 Petrus
3549 1535 3899 1610 Damianus,
3936 1538 4010 1596 de

2271 1653 2389 1714 quo
2415 1634 2665 1712 agimus,
2701 1633 2852 1693 alius
2899 1630 3103 1691 Petrus
3150 1631 3223 1688 de
3266 1627 3562 1699 Honestis,
3594 1632 3845 1703 uterque
3881 1628 4007 1688 Ra-

2272 1741 2525 1788 vennam
2564 1723 2810 1801 patriam
2851 1720 3073 1791 habuit,
3116 1725 3364 1794 uterque
3409 1716 3727 1776 Peccatoris
3778 1732 4007 1777 nomen

475 1807 916 1884 suspenderent:
958 1811 1062 1886 (1111
1099 1811 1160 1870 in
1198 1811 1422 1871 εωῖθΐίε
1450 1817 1566 1870 tam
1614 1811 1849 1886 PerfeCti
1884 1814 2091 1882 essent,
2123 1812 2585 1892 utBassumpsit
2616 1833 2629 1875 :
2661 1813 2759 1872 sed
2790 1811 2889 1870 ille
2919 1826 2978 1870 se
2999 1813 3218 1867 Petrum
3262 1812 3599 1882 peccatorem
3648 1810 4007 1874 monachum,

473 1897 832 1957 anachoretis
881 1897 1035 1957 nihil
1079 1898 1368 1959 deberent.
1429 1899 1536 1959 Cui
1583 1898 1949 1959 venerandus
1993 1896 2185 1972 Hugo,

470 1982 830 2047 discretionis
861 1994 1053 2048 custos
1081 1988 1347 2063 egregius
1380 2008 1394 2047 :
1428 1988 1508 2061 Si,
1536 1988 1748 2064 inquit,
1775 1989 1937 2048 Pater
1967 1987 2189 2047 charis-

472 2074 640 2151 sime,
668 2075 848 2136 vultis
875 2076 1044 2137 nobis
1088 2091 1301 2153 augere
1336 2092 1609 2138 coronam
1640 2079 1919 2139 mercedis
1956 2093 2058 2154 per
2084 2077 2188 2137 ad-

469 2163 855 2226 ditamentum
888 2164 1119 2241 jejunii,
1156 2170 1367 2227 tentate
1408 2166 1572 2243 prius
1616 2167 1924 2228 nobiscum
1961 2168 2190 2242 pondus

472 2254 707 2327 laboris,
757 2254 853 2315 vel
901 2270 1002 2328 per
1051 2260 1176 2316 octo
1223 2256 1455 2317 dierum
1503 2259 1772 2332 spatium,
1813 2264 1869 2317 et
1922 2259 2190 2333 deinceps

472 2345 858 2419 aestimabitis,
887 2345 1033 2421 quid
1057 2346 1449 2421 adjiciendum
1473 2363 1703 2408 censere
1730 2347 2007 2408 debeatis.
2043 2347 2189 2407 Nam

476 2435 742 2513 quandiu
786 2450 903 2495 non
945 2436 1314 2508 gustaveritis
1345 2436 1739 2511 pulmentum,
1772 2438 1994 2497 nescire
2028 2443 2187 2513 pote-

472 2524 616 2597 ritis,
649 2525 804 2600 quod
834 2524 1027 2600 exigat
1052 2525 1491 2588 condimentum
1526 2527 1682 2600 salis,
1714 2532 1769 2586 ct
1796 2527 1845 2586 si
1872 2543 1993 2587 non
2022 2526 2187 2587 adhi-

472 2617 715 2679 bueritis
758 2617 959 2679 saltem
1005 2617 1324 2680 minimum
1366 2619 1613 2694 digitum
1660 2623 1939 2693 vestrum,
1966 2634 2186 2695 nequa-

474 2722 650 2783 quam
684 2707 945 2781 judicare
997 2708 1069 2767 de
1122 2724 1297 2769 onere
1346 2711 1597 2772 fraterno
1646 2711 1874 2782 diserte,
1913 2724 1980 2767 ac
2015 2707 2189 2783 digne

476 2798 762 2859 valebitis.
798 2798 1024 2870 Quibus
1052 2799 1153 2860 ille
1197 2800 1433 2875 auditis,
1467 2802 1722 2861 sentiens
1761 2800 1928 2859 fascis
1978 2797 2187 2873 hujus-

476 2889 634 2948 modi
662 2891 1002 2964 gravitatem
1045 2891 1166 2955 suis
1196 2890 1423 2950 viribus
1462 2890 1909 2966 importabilem,
1946 2887 2190 2948 cessavit

473 2994 505 3036 a
554 2975 829 3051 petitione
882 2979 1227 3054 ingravandi
1266 2980 1556 3054 ponderis,
1581 2985 1641 3039 et
1669 2981 2043 3054 semetipsum
2072 2996 2188 3038 cm-

470 3067 556 3141 pit
611 3073 988 3142 repercutere,
1024 3066 1179 3127 unde
1205 3068 1348 3127 alios
1387 3068 1563 3128 ferire
1608 3069 1814 3143 voluit,
1845 3070 1983 3144 quia
2012 3069 2187 3145 sagit-

2273 1908 2380 1967 iste
2409 1910 2629 1964 Petrum
2663 1907 2997 1978 peccatorem
3041 1902 3294 1957 clericum
3344 1895 3708 1956 subscribere
3734 1896 4014 1970 epistolis

2275 1997 2510 2059 solebat.
2544 1996 2799 2070 Uterque
2840 1992 3000 2067 prior
3039 1990 3168 2063 fuit,
3210 1987 3309 2047 ille
3348 1986 3768 2048 monachorum
3815 1990 4015 2046 eremi

2274 2087 2472 2147 Fontis
2503 2083 2773 2145 Avellani
2799 2084 2861 2142 in
2884 2080 3117 2140 dioecesi
3142 2077 3475 2154 Eugubina,
3518 2077 3625 2137 iste
3650 2076 4015 2137 clericorum

2275 2192 2379 2237 seu
2416 2175 2826 2235 canonicorum
2875 2168 3234 2246 regularium
3287 2168 3353 2227 in
3400 2166 3640 2226 ecclesia
3690 2166 4018 2226 Portuensi

2273 2265 2339 2325 B.
2377 2263 2571 2323 Mariae
2598 2264 2662 2322 in
2685 2275 2823 2336 agro
2848 2258 3206 2329 Ravennate,
3237 2256 3457 2332 quibus
3482 2260 3538 2315 et
3558 2254 4020 2315 constitutiones

2274 2351 2641 2432 praescripsit,
2701 2367 2735 2411 a
2784 2348 3049 2408 Paschale
3102 2352 3160 2405 H
3195 2350 3472 2422 pontiﬁce,
3506 2345 3577 2405 10
3624 2346 3753 2405 Kal.
3806 2350 4014 2413 Janu.,

2274 2448 2571 2506 indictione
2620 2456 2686 2515 Χ,
2732 2458 2827 2502 an.
2881 2441 3037 2507 1116,
3096 2438 3457 2514 approbatas.
3514 2435 3781 2497 Mortuus
3831 2436 4021 2496 deni-

2275 2553 2391 2614 que
2423 2541 2506 2595 est
2540 2533 2743 2594 Petrus
2770 2531 2841 2590 de
2866 2528 3140 2590 Honestis
3170 2528 3235 2588 in
3264 2543 3370 2588 suo
3399 2526 3706 2587 Portuensi
3736 2528 4019 2588 coenobio

2273 2642 2371 2688 an.
2412 2624 2569 2697 1119,
2600 2622 2661 2682 id
2691 2627 2776 2682 est
2805 2626 2933 2697 post
2965 2619 3192 2681 obitum
3230 2616 3296 2678 B.
3337 2616 3492 2677 Petri
3524 2616 3793 2676 Damiani
3827 2617 4020 2678 annis

2275 2713 2656 2792 quadraginta
2710 2717 2948 2786 septem.
2996 2708 3372 2787 Epitaphium
3410 2708 3565 2767 Petri
3599 2708 3671 2767 de
3701 2707 4013 2780 Honestis,

2276 2808 2516 2883 ejusque
2561 2805 2635 2865 ad
2687 2802 3023 2864 Paschalem
3064 2816 3275 2877 papam
3317 2800 3640 2875 epistolam,
3698 2816 3764 2859 ac
3818 2801 4022 2878 hujus

2276 2914 2640 2975 responsum,
2670 2901 2727 2956 et
2766 2893 3115 2956 monasteria
3174 2892 3337 2955 varia
3383 2892 3522 2953 huic
3565 2892 4023 2967 congregationi

2277 2989 2582 3051 Portuensi
2607 2989 2878 3064 adjuncta
2906 2989 3167 3047 recenset
3195 2989 3329 3045 ante
3362 2988 3717 3045 memoratus
3755 2983 4026 3043 Pennot-

2280 3087 2394 3154 tus,
2421 3080 2527 3154 qui
2554 3079 2792 3139 Petrum
2830 3077 2901 3137 de
2948 3075 3222 3135 Honestis
3250 3073 3424 3134 etiam
3454 3075 3698 3135 Beatum
3726 3073 4020 3150 appellat,

474 3163 589 3259 ξξπιω
613 3158 685 3216 ad
714 3174 810 3218 905
840 3160 965 3218 Sine
996 3175 1104 3219 SUO
1134 3158 1669 3259 VUlnel‘e_1}_BQ}1iVil
1691 3161 1951 3259 _di_l‘igel‘e
1982 3161 2191 3259 Lintel'
2209 3198 2253 3259 ο
2277 3175 2692 3244 mortuumque
2717 3166 2798 3228 ait
2820 3167 2853 3225 4
2882 3165 3009 3225 Kal.
3037 3164 3181 3226 Julii
3213 3189 3226 3224 :
3259 3170 3318 3224 at
3340 3165 3373 3223 4
3395 3163 3523 3223 Kal.
3556 3160 3773 3240 Aprilis
3804 3179 4019 3226 excu-

470 3246 661 3321 ligens
676 3263 956 3323 magnum
985 3263 1108 3308 esse
1126 3263 1373 3323 pensum
1391 3249 1561 3322 illud,
1587 3266 1653 3309 ac
1677 3250 1884 3310 debere
1905 3249 2187 3325 suﬂicere,

471 3338 629 3412 quod
666 3338 1093 3412 apprehendere
1131 3339 1254 3414 ipse
1291 3356 1408 3400 non
1436 3347 1645 3415 posset,
1678 3341 1780 3414 qui
1819 3341 1881 3400 in
1912 3347 2066 3403 tanto
2096 3342 2189 3401 vi-

472 3429 714 3490 debatur
771 3437 920 3490 stare
973 3431 1259 3492 virtutum
1318 3432 1598 3493 culmine.
1658 3433 1939 3494 Eruditus
1992 3434 2189 3508 itaque

474 3521 692 3596 praesul
728 3520 913 3582 multo
946 3521 1222 3582 eruditior
1248 3523 1419 3583 rediit
1447 3539 1627 3599 quam
1661 3525 1836 3597 venit,
1877 3512 2189 3599 magnum-

474 3628 590 3688 que
613 3613 950 3675 thesaurum
975 3614 1271 3689 fugienda)
1295 3615 1488 3676 inanis
1506 3616 1728 3690 gloria),
1747 3623 1803 3675 et
1824 3617 2189 3692 capessendae

476 3720 631 3765 vera}
647 3702 997 3763 humilitatis
1019 3721 1217 3766 secum
1241 3707 1571 3782 reportavit.
1606 3727 1635 3761 »
1663 3706 1805 3769 Haec
1831 3723 1906 3766 ex
1935 3707 2188 3767 Historia

476 3792 887 3856 miraculorum
933 3794 992 3856 S.
1026 3794 1292 3871 Hugonis
1348 3796 1571 3857 abbatis
1614 3796 2032 3872 Cluniacensis,
2073 3813 2189 3873 quo

470 3892 696 3958 petente
748 3884 943 3944 Vitam
996 3885 1052 3946 S.
1102 3886 1367 3947 Odilonis
1424 3903 1458 3945 a
1514 3904 1574 3946 se
1630 3887 2011 3962 conscriptam
2066 3904 2190 3947 esse

476 3978 710 4033 testatur
757 3972 821 4032 B.
854 3973 1078 4046 Petrus,
1110 3975 1189 4034 ita
1231 3974 1395 4035 illam
1437 3992 1679 4037 exorsus
1710 4002 1722 4036 :
1761 3998 1789 4032 ‹‹
1820 3977 1994 4052 Hugo
2047 3976 2190 4036 Clu-

472 4061 759 4122 niacensis
788 4064 1120 4122 monasterii
1150 4071 1354 4136 rector,
1369 4070 1424 4125 et
1451 4065 1768 4140 Spiritualis
1791 4066 2017 4128 militiai
2041 4066 2187 4140 dux,

472 4168 538 4211 ac
570 4152 897 4227 praecipuus
923 4154 1293 4230 informator',
1324 4155 1435 4216 hoc
1472 4158 1622 4217 mihi
1652 4158 1864 4218 laboris
1895 4158 2182 4234 injunxit,

475 4245 541 4301 ut
560 4238 753 4299 Vitam
780 4240 847 4301 B.
875 4240 1155 4315 Odilonis,
1179 4242 1492 4306 decessoris
1522 4246 1786 4307 videlicet
1814 4246 1928 4321 sui,
1956 4248 2190 4322 proprio

474 4327 624 4402 style
668 4329 954 4390 succincte
994 4333 1461 4409 perstringerem,
1495 4339 1549 4394 et
1582 4351 1657 4393 ex
1704 4335 1797 4394 his
1825 4351 1956 4413 quae
1980 4336 2044 4395 in
2081 4351 2189 4395 an-

479 4418 790 4480 terioribus
833 4422 1060 4497 paginis
1108 4423 1279 4483 latius
1325 4424 1756 4502 reperiebantur
1791 4442 1915 4487 esse
1953 4426 2186 4499 diﬂ‘usa,

2273 3262 2359 3323 dit
2392 3260 2697 3336 Ughellus,
2723 3258 2879 3334 quod
2907 3274 3016 3317 suo
3048 3262 3306 3330 tempore
3336 3255 3794 3316 examinabitur.

2343 3348 2434 3409 20.
2469 3347 2637 3408 Unde
2684 3346 2749 3406 B.
2783 3347 2952 3406 Petro
2999 3362 3323 3422 cognomen
3367 3348 3628 3403 Damiani
3665 3347 4023 3420 accesserit,

2272 3439 2502 3501 variant
2548 3443 2831 3499 auctores.
2872 3435 3200 3509 Ciaconius,
3232 3434 3647 3507 Bellarminus,
3679 3448 3817 3493 cum
3872 3434 4028 3495 aliis

2274 3527 2576 3589 nonnullis
2603 3529 2865 3594 Damiqni
2888 3529 3065 3598 ﬁlium
3099 3525 3409 3601 appellant.
3441 3520 3756 3584 Fortunius
3779 3521 4028 3599 aliique

2273 3636 2304 3677 a
2334 3618 2574 3678 nomine
2604 3617 2798 3676 fratris
2825 3614 3117 3682 Damiani,
3150 3615 3319 3691 cujus
3357 3629 3530 3691 opera
3559 3611 3767 3674 studiis
3794 3611 4030 3675 libera-

2272 3707 2428 3768 libus
2466 3706 2729 3767 imbutus
2758 3712 2864 3781 est,
2903 3704 3054 3766 illud
3083 3704 3195 3765 sibi
3226 3703 3578 3766 vocabulum
3615 3704 4028 3777 assumpsisse

2273 3798 2521 3870 malunt,
2564 3803 2620 3856 et
2674 3799 2869 3856 forsan
2930 3797 3039 3854 hac
3089 3795 3162 3854 de
3216 3809 3391 3855 causa
3442 3793 3645 3854 Petrus
3701 3791 4026 3866 Damiani,

2274 3905 2393 3950 non
2422 3888 2742 3947 Damianus
2778 3886 2851 3946 ab
2890 3885 3188 3962 aliquibus
3218 3883 3509 3945 scribitur.
3539 3884 3616 3942 At
3644 3880 3858 3944 Petrus
3891 3886 4025 3946 Da-

2275 3980 2532 4053 mianus,
2568 3979 2684 4039 nisi
2713 3979 2929 4055 passim
2966 3977 3233 4038 aberrent
3270 3975 3495 4037 codices
3534 3990 3712 4050 quam
3748 3979 4031 4039 exactis-

2276 4072 2421 4133 sime
2448 4070 2675 4145 excusi,
2703 4070 3025 4146 appellatur
3055 4084 3087 4127 a
3119 4067 3314 4127 Leone
3340 4064 3661 4126 Marsicano
3686 4070 3744 4125 et
3765 4072 4032 4129 auctore

2271 4165 2514 4240 antiquo
2559 4162 2978 4223 miraculorum
3029 4159 3088 4221 S.
3130 4159 3397 4236 Hugonis
3447 4176 3619 4236 supra
3659 4158 3859 4220 relatis
3896 4181 3910 4220 :
3950 4163 4028 4223 in

2275 4253 2405 4314 Vita
2436 4254 2719 4329 Stephani
2742 4252 2795 4312 X
2822 4269 3008 4328 papae,
3034 4253 3100 4311 in
3128 4252 3385 4326 epistolis
3413 4250 3737 4312 Alexandri
3764 4250 3822 4310 II
3855 4268 4029 4327 pon-

2273 4342 2461 4415 tiﬁcis;
2483 4343 2665 4403 secuti
2691 4342 2827 4400 dein
2849 4341 3499 4413 Helinandus,Antonin
3510 4357 3597 4413 us,
3620 4340 4027 4419 Lipomanus,

2272 4431 2695 4508 Bergomensis,
2736 4429 3096 4499 Ricordatus,
3153 4430 3585 4505 Rolewinchus,
3632 4446 4025 4509 anonymus,

473 4509 707 4603 1111119Γὲ
732 4526 1004 4588 quaeque.
1034 4515 1335 4592 magisque
1363 4514 1705 4589 necessaria,
1731 4515 1897 4577 bl‘eVi
1923 4525 2686 4603 compen-nBenedictinus
2741 4520 3197 4596 congregationis
3242 4521 3301 4582 S.
3358 4522 3610 4584 Justinm
3656 4527 3712 4583 et
3764 4538 4034 4603 anony—

477 4598 572 4660 dio
597 4601 953 4663 deﬂorarem.
990 4627 1011 4657 n

554 4691 637 4750 19.
671 4689 811 4753 Haec
839 4693 910 4753 de
941 4691 999 4755 S.
1031 4694 1357 4768 Benedicto,
1387 4695 1631 4772 ejusque
1667 4697 1888 4771 regula,
1917 4700 1973 4755 et
1992 4695 2196 4756 ordine

480 4780 679 4855 paucis
703 4783 864 4844 fuere
891 4783 1244 4862 attingenda,
1277 4787 1433 4862 quod
1460 4785 1734 4846 nonnulli
1761 4786 1825 4846 B.
1861 4786 2096 4848 Petrum
2124 4789 2195 4849 ab

480 4888 674 4934 eremo
714 4874 913 4936 Fontis
969 4876 1237 4938 Avellani
1297 4877 1692 4937 transtulerint
1730 4876 1802 4936 ad
1851 4877 2197 4939 Portuenses

479 4964 796 5025 cmnobitas
837 4967 1100 5028 dimcesis
1142 4968 1516 5040 Ravennatis,
1544 4975 1599 5026 et
1640 4966 1713 5027 ab
1751 4967 2014 5028 instituto
2055 4985 2193 5029 ana-

480 5054 765 5116 choretico
812 5055 871 5117 S.
898 5056 1195 5120 Benedicti
1235 5059 1307 5120 ad
1347 5057 1606 5133 regulam
1651 5056 2030 5133 Clericorum,
2073 5059 2198 5120 sive

479 5145 893 5206 canonicorum
933 5148 1331 5224 regularium:
1367 5148 1584 5223 quibus
1625 5146 1798 5207 etiam
1839 5150 2197 5210 constitutio-

478 5252 603 5308 nes,
655 5242 710 5295 et
752 5243 903 5297 recte
952 5240 1190 5301 vivendi
1227 5241 1451 5300 decreta
1504 5238 1920 5313 praescripsisse
1968 5240 2194 5315 volunt,

482 5334 538 5387 et
588 5331 836 5399 regulam
880 5333 1208 5390 Damianum
1259 5342 1558 5405 perperam
1614 5326 1921 5401 appellant.
1957 5327 2039 5387 De
2089 5329 2199 5389 hac

487 5416 901 5483 Portuensimn
946 5420 1372 5481 Canonicorum
1420 5415 1871 5491 Congregatione
1915 5416 2197 5492 legendus

485 5504 719 5569 Gabriel
773 5511 1095 5573 Pennottus
1123 5513 1267 5585 part.
1298 5519 1339 5566 II
1379 5506 1650 5566 Historim
1696 5506 1819 5566 0rd.
1856 5507 2195 5569 clericorum

486 5601 901 5665 canonicorum
947 5618 995 5661 c.
1045 5600 1135 5673 47,
1162 5596 1288 5670 ubi,
1335 5613 1394 5655 n.
1433 5595 1490 5667 2,
1526 5597 1714 5657 varios
1760 5597 1939 5673 hujus
1987 5599 2198 5659 erroris

490 5695 801 5752 assertores
851 5692 1187 5762 enumerat,
1246 5701 1499 5762 quorum
1563 5686 1907 5749 sententiam
1963 5697 2194 5753 secutus

2204 4575 2255 4635 D

2279 4634 2411 4678 mus
2465 4615 2664 4675 Fontis
2714 4611 2987 4674 Avellani
3034 4613 3099 4672 in
3124 4612 3472 4675 testimoniis
3502 4632 3537 4676 a
3563 4614 3835 4691 Cajetano
3867 4625 4034 4677 ante

2279 4723 2451 4782 opera
2480 4704 2541 4765 Β.
2574 4704 2726 4765 Petri
2756 4701 3008 4762 excusis.

3048 4816 3076 4891 ξ
3120 4814 3220 4874 IV.

2281 4906 2424 4964 Acta
2476 4908 2666 4979 priora
2716 4907 2780 4965 B.
2813 4906 2963 4962 Petri
3011 4908 3289 4971 Damiani,
3332 4910 3457 4963 item
3513 4906 3663 4979 apud
3708 4909 4034 4979 pontiﬁces

2354 4990 2675 5056 Gregorium
2730 4989 2826 5052 VI,
2878 4988 3194 5045 Clementem
3245 4991 3317 5054 II,
3378 4988 3601 5044 Leonem
3650 4989 3742 5053 IX,
3802 4990 4034 5050 Victo-

2351 5086 2461 5124 rem
2509 5070 2580 5133 II,
2610 5069 2950 5139 Stephanum
3012 5071 3103 5134 IX,
3152 5071 3438 5127 Nieolawn
3490 5072 3588 5137 II;
3648 5069 4034 5141 episcopatus

2353 5150 2471 5220 ejus
2526 5149 2810 5214 Ostiensis,
2857 5148 3102 5218 dignitas
3154 5149 3529 5205 cardinalitia.
3584 5148 3839 5205 Schisma
3891 5154 4034 5211 Bc-

2353 5230 2559 5286 nedicti
2591 5233 2871 5303 antipapw
2905 5231 3023 5302 ejus
3049 5246 3211 5302 opera
3237 5228 3532 5284 sublatum.

2350 5330 2439 5390 21.
2480 5354 2502 5383 α
2539 5330 2774 5391 Petrum
2824 5331 3171 5391 Damianum
3204 5325 3492 5386 exstitisse
3543 5326 3831 5388 doctorem
3863 5335 4034 5393 exi-

2281 5422 2495 5496 mium,
2536 5437 2601 5481 ac
2632 5421 2774 5497 reip.
2818 5419 3161 5481 Christianae
3206 5423 3259 5476 et
3290 5417 3619 5493 apostolicm
3674 5419 3839 5479 Sedis
3882 5436 4030 5485 no-

2280 5510 2458 5571 bilem
2502 5518 2743 5587 partem,
2774 5532 2803 5567 »
2836 5512 3071 5569 testatus
3098 5512 3181 5566 est
3212 5506 3430 5567 Paulus
3460 5505 3529 5576 V,
3579 5508 3643 5567 in
3672 5522 4034 5577 memorato

2279 5600 2452 5662 Brevi
2489 5602 2561 5662 ad
2590 5598 3036 5663 Constantinum
3076 5597 3437 5674 Cajetanum.
3467 5599 3647 5661 Natus
3677 5599 3728 5658 is
3756 5607 3844 5660 est
3872 5600 4031 5665 Ba-

2284 5708 2516 5768 vennae,
2541 5692 2732 5757 forsan
2764 5691 2915 5752 circa
2941 5704 3036 5751 an.
3071 5685 3284 5753 Christi
3310 5689 3815 5767 nongentesimum
3844 5700 4034 5758 octo-
