4034 6524
124 351 209 413 101

600 345 1175 408 ΡΒΟΕΕΗΟΜΕΝΑ.
1218 379 1284 390 -
1326 347 1418 406 DE
1460 347 1518 406 S.
1563 346 1804 406 PETRO
1845 345 2188 407 DAMIANO
2230 348 2696 412 HENSGHENII
2737 352 3118 416 COMMENT.

3524 363 3623 421 102

115 476 394 550 gesimum
430 479 698 532 octavum
728 471 880 531 infra
909 471 1087 532 relato
1124 473 1249 545 ejus
1280 473 1445 533 obitu
1475 474 1708 546 patebit.
1744 475 1819 531 At
1838 477 2130 547 Aseopus,
2174 490 2241 532 ac
2270 475 2535 536 Clemens
2561 478 2615 536 II
2643 479 2850 553 dictus,
2879 481 2940 539 in
2971 482 3093 555 ipsa
3125 481 3354 542 Natalis
3385 483 3621 544 Domini

116 567 308 643 primis
360 564 765 625 adolescentiae
819 565 991 624 annis
1045 580 1244 639 porcos
1307 581 1538 639 pascere
1601 565 1821 637 debuit,

115 661 277 722 etiam
320 659 750 730 grandiusculus
787 658 973 716 factus
1021 676 1034 717 :
1073 660 1273 716 litteris
1319 662 1515 732 postea
1561 659 1822 724 imbutus,

115 757 167 812 et
219 752 421 809 studiis
475 751 816 815 liberalibus,
876 749 1013 809 dein
1065 752 1297 807 scientia
1347 751 1635 815 excellens,
1681 749 1827 808 alios

119 844 410 900 mdivisse
437 839 683 900 traditur
703 853 868 899 num.
893 840 948 898 7.
981 838 1354 898 Eremiticam
1385 839 1616 898 tandem
1647 840 1826 899 vitam

120 946 430 1005 capessens,
475 930 629 1004 apud
668 928 908 988 Fontem
953 929 1308 989 Avellanam
1357 927 1691 988 monasticis
1731 928 1828 987 in-

121 1021 284 1082 dutus
323 1027 409 1080 est
444 1019 724 1080 vestibus.
769 1019 1033 1094 Cumque
1081 1019 1369 1079 «lectioni
1409 1035 1586 1078 sacrm
1627 1017 1826 1077 sedula

124 1108 488 1171 meditatione
530 1113 777 1180 vacaret,
830 1114 987 1167 tanta
1020 1109 1352 1169 divinarum
1403 1108 1825 1183 Scripturarum

124 1199 350 1259 scientia
382 1200 663 1260 claruisse
693 1222 721 1251 ιι
763 1197 975 1258 dicitur
1013 1214 1178 1258 num.
1221 1198 1308 1271 17,
1341 1219 1370 1254 ‹‹
1400 1205 1615 1271 quanta
1644 1213 1826 1257 saecu-

125 1289 324 1350 larium
366 1295 502 1348 ante
531 1304 652 1349 non
702 1289 1003 1348 claruerat.
1037 1309 1066 1342 »
1107 1286 1316 1348 Docuit
1359 1287 1578 1346 ibidem
1625 1287 1826 1345 fratres

125 1395 238 1439 suae
275 1379 477 1452 eremi,
507 1377 645 1438 dein
691 1377 1006 1438 monachos
1033 1375 1464 1450 Pomposianos,
1501 1391 1536 1433 a
1585 1373 1642 1434 S.
1689 1373 1829 1434 Gui-

125 1470 258 1529 done
306 1469 510 1528 abbate
560 1473 854 1528 evocatus.
910 1468 1175 1528 Mortuus
1224 1469 1322 1529 hic
1371 1468 1548 1527 abbas
1593 1472 1679 1527 est
1728 1482 1824 1527 an.

129 1557 269 1627 1046,
303 1557 405 1615 sed
433 1572 620 1616 annos
662 1573 797 1616 eum
828 1562 952 1616 octo
1001 1573 1176 1632 supra
1220 1557 1602 1632 quadraginta
1641 1571 1830 1616 coeno-

121 1647 207 1707 bio
237 1647 614 1722 Pomposiano
658 1648 961 1723 praefuisse
1004 1648 1176 1707 tradit
1207 1647 1445 1708 Rubeus
1476 1647 1517 1706 l.
1559 1649 1590 1707 5
1628 1648 1826 1708 Histo-

124 1739 216 1798 riae
245 1739 619 1799 Ravennatis.
660 1738 908 1799 Biennio
938 1738 1091 1813 apud
1121 1738 1532 1813 Pomposianos
1571 1754 1687 1814 qua
1722 1740 1826 1798 do-

1907 563 2000 622 die
2038 563 2105 622 25
2152 565 2486 626 Decembris
2528 576 2892 630 consecratus
2923 595 2936 628 :
2971 571 3074 644 qui
3123 587 3263 631 mox
3300 573 3621 635 Henricum

1906 654 2311 728 imperatorem
2357 655 2546 715 ﬁlium
2587 656 2835 718 Conradi
2885 660 3078 731 Salici,
3126 663 3368 736 ejusque
3415 665 3622 738 conju-

1905 758 2035 817 gem
2074 745 2356 816 Agnetem
2402 745 2554 805 inter
2607 747 2917 807 missarum
2969 749 3250 810 solemnia
3301 752 3616 812 coronavit.

1904 831 2188 892 Baronius
2213 849 2368 893 anno
2410 835 2570 907 1047,
2600 853 2766 895 num.
2806 838 2906 897 13:
2945 859 2972 892 «
3001 839 3093 898 Ad
3126 840 3320 914 ipsum
3351 842 3621 901 Clemen-

1907 925 2039 992 tem,
2093 921 2305 998 inquit,
2346 924 2550 983 Petrus
2585 925 2875 1000 Damiani,
2922 929 3101 988 eremi
3140 931 3330 990 incola
3379 931 3623 991 celebris

1907 1009 2161 1069 nominis
2205 1015 2332 1070 tum
2385 1013 2699 1086 sanctitate,
2753 1020 2877 1074 tum
2925 1017 3098 1076 etiam
3146 1019 3426 1091 doctrina,
3479 1020 3622 1078 seri-

1904 1098 2086 1172 psisse
2118 1100 2404 1173 reperitur
2438 1101 2758 1176 epistolam,
2793 1105 2964 1178 cujus
3001 1105 3111 1164 hoc
3147 1113 3233 1166 est
3267 1108 3574 1167 exordium
3606 1131 3618 1166 :

1912 1212 1937 1238 κ
1966 1188 2201 1247 Noverit
2242 1189 2542 1250 Beatitudo
2588 1197 2796 1265 vestra,
2842 1194 3330 1255 excellentissime
3364 1197 3620 1269 domine,

1906 1279 2046 1352 quia
2102 1278 2376 1338 dominus
2422 1280 2842 1342 invictissimus
2893 1282 3204 1356 imperator
3250 1301 3368 1345 non
3420 1286 3622 1358 semel,

1907 1368 2005 1429 sed
2043 1384 2213 1444 saepe,
2250 1369 2399 1428 mihi
2438 1370 2731 1446 praecepit,
2775 1379 2829 1431 et
2870 1373 2920 1431 si
2958 1373 3145 1433 dicere
3185 1376 3389 1448 audeo,
3422 1390 3620 1450 rogare

1907 1459 2176 1534 dignatus
2211 1467 2316 1532 est,
2364 1467 2429 1520 ut
2468 1463 2540 1521 ad
2579 1479 2680 1522 vos
2721 1463 3004 1536 venirem,
3038 1470 3092 1523 et
3139 1480 3275 1538 quae
3319 1466 3383 1524 in
3422 1465 3620 1524 Eccle-

1909 1549 2011 1609 siis
2038 1557 2367 1612 nostrarum
2412 1556 2667 1628 partium
2702 1560 3030 1629 agerentur,
3061 1571 3314 1630 quaeque
3340 1556 3486 1615 011111
3514 1573 3620 1616 08-

1907 1641 2153 1699 08888110
2179 1657 2213 1700 8
2242 1642 2408 1702 vobis
2437 1644 2565 1703 fieri
2608 1643 2963 1717 viderentur,
3012 1647 3218 1705 vestris
3248 1647 3487 1706 auribus
3536 1647 3630 1706 in-

1911 1730 2193 1804 timarem,
2251 1753 2273 1783 ι
2334 1733 2489 1806 quod
2543 1731 2646 1792 illa
2702 1734 2941 1808 epistola
3009 1735 3315 1811 diligenter
3369 1741 3622 1811 praestat,

121 1832 311 1903 cendo,
354 1847 471 1906 qua
504 1830 897 1891 concionando
935 1834 1154 1901 exacto,
1200 1829 1271 1888 ad
1317 1846 1582 1889 eremum
1623 1831 1822 1891 Fontis
1845 1821 2201 1905 Bmittitque
2254 1836 2374 1880 una
2426 1822 2643 1883 litteras
2689 1825 3052 1900 imperatoris
3102 1825 3165 1885 in
3218 1826 3426 1886 itinere
3473 1842 3627 1886 acce-

121 1921 378 1982 Avellani
406 1937 677 1982 reversus
703 1927 789 1980 est
824 1939 836 1980 :
867 1925 1039 1995 atque
1067 1919 1264 1994 aliqua
1301 1921 1426 1979 illic
1454 1921 1648 1997 quiete
1679 1921 1828 1982 frui-

123 2021 203 2075 tus
247 2013 320 2073 ad
367 2013 595 2074 celebre
640 2011 699 2073 S.
743 2012 1035 2072 Vincentii
1074 2014 1493 2073 monasterium
1525 2014 1827 2087 ablegatus

119 2109 212 2163 est.
243 2103 314 2161 In
343 2102 454 2162 hoc
486 2101 748 2162 coenobio
779 2101 843 2161 B.
876 2102 1114 2162 Petrum
1148 2102 1502 2161 Damianum
1532 2103 1826 2178 scripsisse

120 2191 303 2252 Vitam
332 2192 394 2252 S.
429 2191 740 2252 Romualdi
765 2192 899 2252 circ.
932 2208 1025 2251 an.
1063 2193 1294 2252 tertium
1323 2192 1640 2266 decimum,
1668 2197 1824 2266 post-

1907 1916 2055 1984 ptas,
2106 1917 2161 1970 et
2213 1917 2390 1985 rogat,
2436 1920 2507 1971 ut-
2545 1914 2616 1973 ad
2666 1929 2727 1972 se
2766 1915 2979 1974 scribat
3030 1922 3227 1976 utrum
3280 1917 3391 1976 iter
3436 1933 3626 1978 susce-

1907 2003 2072 2072 ptum
2105 1999 2216 2058 sibi
2245 2003 2716 2075 prosequendum
2741 2010 2989 2064 censeat.

1979 2096 2069 2154 24.
2101 2095 2366 2155 Clemens
2395 2096 2470 2168 II,
2502 2098 2704 2157 eodem
2729 2115 2902 2172 anno,
2935 2101 2969 2157 7
2997 2100 3136 2161 Idus
3161 2100 3282 2162 Oct.
3315 2102 3622 2175 exstincto,

1909 2191 2212 2261 postquam
2258 2185 2514 2246 Ecclesia
2541 2201 2574 2244 a
2615 2189 2946 2263 Benedicto,
2977 2191 3144 2251 tertio
3186 2192 3380 2252 sedem
3410 2192 3626 2252 Roma-

115 2297 284 2356 quam
323 2281 425 2340 hic
466 2288 787 2340 excesserat
831 2299 864 2340 e
911 2282 1082 2353 vivis,
1133 2282 1332 2341 asserit
1370 2282 1525 2341 idem
1563 2281 1824 2343 Rubeus.
1909 2295 2048 2339 nam
2096 2281 2425 2354 invadente,
2485 2281 2689 2340 fuisset
2734 2282 3080 2357 aliquandiu
3122 2285 3348 2358 amicta,
3403 2291 3627 2347 creatus

119 2370 302 2432 Vitam
332 2369 395 2431 S.
441 2370 753 2431 Romualdi
789 2369 1079 2430 edidimus
1110 2371 1142 2428 7
1173 2372 1343 2444 febr.,
1379 2377 1434 2430 et
1473 2372 1632 2431 hunc
1669 2388 1826 2432 anno
1912 2376 1996 2430 est
2030 2370 2314 2432 Damasus
2357 2369 2432 2442 II,
2464 2386 2616 2430 anno
2657 2372 2813 2442 1048,
2841 2373 2936 2432 cui
2985 2374 3139 2433 intra
3174 2376 3433 2450 primum
3472 2376 3630 2436 sedis

120 2462 246 2522 1027
283 2467 584 2522 mortuum
635 2477 758 2521 esse
793 2460 1078 2521 diximus.
1118 2461 1271 2520 Hinc
1321 2462 1581 2521 decimus
1621 2465 1825 2523 tertius
1914 2475 2174 2519 mensem
2225 2460 2342 2519 vita
2389 2460 2606 2533 functo,
2663 2462 2895 2520 tandem
2945 2461 3047 2521 ubi
3089 2462 3352 2539 quinque
3398 2479 3629 2523 menses

115 2551 181 2611 ab
203 2551 369 2612 obitu
406 2549 572 2610 illius
603 2565 792 2610 annus
822 2551 1094 2610 convenit
1131 2550 1193 2609 in
1224 2567 1379 2612 anno
1411 2553 1624 2613 Christi
1667 2555 1821 2626 1010,
1914 2550 2074 2609 sedes
2107 2555 2378 2622 vacasset,
2409 2551 2680 2609 successit
2712 2550 2769 2611 S.
2805 2553 2921 2611 Leo
2950 2569 3094 2627 papa
3124 2553 3224 2626 IX,
3257 2559 3388 2612 ante
3427 2554 3627 2613 Bruno

116 2649 166 2702 et
200 2657 401 2702 rerum
429 2656 464 2699 a
501 2639 566 2698 B.
609 2639 776 2700 Petro
813 2645 1103 2714 gestarum
1145 2641 1419 2713 epocham
1461 2642 1825 2717 chronologi-
1913 2642 2121 2713 dictus,
2161 2643 2459 2717 episcopus
2503 2643 2798 2703 Tullensis
2829 2644 2891 2702 in
2938 2644 3171 2718 Belgica
3215 2647 3419 2718 prima.
3472 2646 3630 2704 Huic

118 2747 233 2790 cam
271 2731 484 2796 ﬁrmat,
514 2729 588 2788 ab
617 2730 945 2803 Augustino
982 2729 1281 2802 Fortunio,
1310 2730 1482 2789 etiam
1527 2747 1601 2790 ex
1640 2731 1822 2792 01110-
1914 2732 2142 2806 scripsit
2191 2731 2254 2791 B.
2315 2732 2519 2791 Petrus
2574 2739 2771 2792 contra
2829 2733 3143 2794 malevolos
3199 2735 3626 2795 obtrectatores.

117 2824 254 2883 nisis
283 2819 641 2900 quibusdam
665 2819 984 2895 majoribus
1009 2820 1392 2881 observatam.
1911 2824 1987 2882 At
2012 2823 2130 2882 Leo
2159 2823 2379 2882 remisit
2404 2824 2740 2898 praeclaram
2765 2824 3086 2899 epistolam,
3118 2826 3180 2884 in
3209 2842 3323 2900 qua
3352 2826 3464 2885 viri
3489 2842 3629 2885 san-

178 2918 266 2977 22.
308 2916 551 2977 Greatus
591 2915 727 2976 dein
777 2917 956 2976 eremi
993 2917 1192 2977 Fontis
1228 2917 1498 2978 Avellani
1528 2921 1688 2994 prior
1717 2926 1821 2992 est,
1910 2917 1986 2974 011
2036 2913 2225 2974 zelum
2276 2913 2491 2986 laudat,
2540 2921 2714 2990 atque
2762 2916 3243 2976 incontinentiam
3287 2917 3625 2977 clericorum

115 3024 239 3069 cum
303 3007 648 3082 aliquandiu
714 3006 889 3068 rebus
965 3009 1376 3082 temporalibus
1447 3012 1825 3083 procurandis
1911 3006 2238 3079 detestatur,
2297 3012 2351 3066 et
2403 3006 2760 3081 puniendam
2804 3008 3086 3079 rescribit,
3140 3024 3205 3068 ac
3255 3008 3443 3068 verbis
3502 3008 3631 3068 istis

116 3099 313 3160 fuisset
339 3098 666 3172 praefectus.
701 3097 774 3156 Ut
805 3098 1143 3157 Ravennam
1174 3100 1418 3174 veniret,
1445 3100 1724 3162 invitatus
1752 3105 1822 3163 ab
1910 3095 2202 3154 CODCilldit
2255 3119 2268 3154 =
2327 3118 2353 3147 α
2405 3095 2518 3155 Fili
2569 3096 2929 3169 CilaI‘iSSiiIle.
2977 3097 3439 3156 inenarrabiliter
3493 3114 3631 3172 gall-

113 3187 540 3261 archiepiseopo
592 3186 926 3246 Ravennate
996 3187 1332 3247 Gebehardo
1402 3192 1505 3262 (est
1560 3190 1656 3250 hic
1740 3184 2036 3275 16,Gdeo,
2069 3185 2207 3258 quia
2251 3185 2519 3260 exemplo
2548 3187 3000 3247 conversationis
3043 3187 3306 3260 instruis,
3343 3186 3630 3261 quidquid

115 3276 410 3338 Februarii
482 3291 638 3335 anno
704 3276 838 3336 1044
899 3283 1184 3349 mortuus,
1242 3284 1298 3336 et
1353 3278 1417 3337 in
1475 3283 1827 3342 monasterio
1909 3277 2155 3334 oratoria
2192 3276 2458 3336 facultate
2499 3277 2764 3337 docuisti.
2817 3276 2954 3337 Plus
2985 3282 3068 3337 est
3119 3279 3277 3338 enim
3319 3293 3486 3352 opere
3528 3277 3632 3337 do-

112 3365 496 3441 Pomposiano
549 3365 852 3440 sepultus),
907 3367 1198 3442 rescripsit
1247 3369 1545 3442 epistolam
1583 3387 1758 3447 supra
1795 3391 1829 3433 a
1911 3380 2038 3424 cere
2087 3381 2266 3439 quam
2314 3382 2471 3426 VOCe-
2507 3366 2880 3441 Quapropter,
2913 3373 3144 3428 aUCtOI‘e
3189 3367 3328 3440 D90:
3379 3369 3632 3443 Palmam

116 3455 279 3515 nobis
326 3455 663 3528 indicatam,
701 3471 816 3529 qua
854 3463 1112 3530 excusat,
1157 3474 1294 3518 cum
1325 3459 1448 3532 jam
1485 3461 1642 3534 prior
1684 3462 1829 3523 alios

1993 3455 2199 3516 tinebis
2229 3455 2504 3528 victoriae,
2534 3462 2589 3515 et
2639 3472 2773 3516 cum
2803 3455 2928 3529 Dei,
2966 3464 3019 3516 et
3064 3456 3323 3531 Virginis
3366 3458 3485 3516 lilio
3528 3457 3633 3516 lae-

112 3561 327 3619 regere,
375 3561 697 3620 eorumque
748 3546 1072 3605 necessitati
1117 3548 1421 3617 consulere
1472 3555 1725 3623 cogatur,
1769 3569 1830 3613 se
1913 3549 2122 3608 taberis
2167 3549 2229 3607 in
2271 3549 2490 3608 caelesti
2522 3550 2842 3622 mansione,
2890 3556 2945 3608 et
2995 3554 3074 3609 tot
3101 3549 3465 3609 mercedibus
3515 3550 3632 3610 eris

112 3638 179 3696 ad
214 3653 357 3699 eum
395 3638 565 3697 facile
612 3638 810 3697 venire
851 3654 970 3699 non
1010 3655 1196 3714 posse.
1253 3640 1396 3711 Quae
1435 3647 1570 3701 ante
1609 3642 1828 3702 dictum

115 3743 336 3788 annum
369 3727 506 3787 1044
537 3727 922 3802 contigerunt.
956 3728 1080 3789 Hoc
1121 3735 1318 3789 autem
1342 3743 1498 3791 anno
1525 3736 1829 3808 postquam

115 3823 222 3877 tres
260 3817 443 3876 simul
473 3817 992 3891 pseudopontiﬁces
1030 3819 1346 3879 Ecclesiam
1385 3819 1711 3881 Romanam
1744 3822 1832 3881 in-

115 3909 420 3980 vasissent,
484 3908 712 3969 sublato
787 3909 1111 3979 schismate,
1200 3910 1494 3986 legitimus
1569 3913 1831 3986 pontifex

115 4005 343 4058 creatus
379 4004 465 4057 est
498 3999 811 4072 Gregorius
839 3999 939 4072 VI,
968 4000 1041 4058 ad
1079 4015 1255 4076 quem
1294 4005 1524 4060 exstant
1551 4001 1722 4061 initio
1759 4001 1833 4060 li-

117 4087 205 4147 bri
246 4087 410 4147 binm
436 4087 502 4149 B.
545 4089 698 4148 Petri
725 4089 1015 4164 epistolis;
1051 4089 1116 4148 in
1159 4089 1350 4164 priore
1387 4107 1447 4150 se
1481 4091 1678 4151 audita
1709 4091 1836 4166 ejus

1913 3639 2260 3711 cumulatus,
2295 3645 2436 3713 quot
2467 3639 2674 3715 ereptis
2699 3655 2804 3715 per
2832 3646 2885 3699 te
2913 3657 2948 3700 a
2987 3639 3203 3700 diaboli
3245 3639 3468 3715 laqueis
3499 3641 3633 3698 fue-

1914 3729 1994 3788 ris
2045 3730 2417 3803 constipatus,
2477 3735 2534 3787 et
2579 3729 3001 3804 quodammodo
3053 3736 3379 3790 coronatus.
3410 3755 3436 3779 »
3493 3729 3634 3788 Haec

1918 3815 1978 3876 S.
2030 3818 2145 3876 Leo
2182 3818 2283 3892 qui
2312 3822 2509 3876 contra
2548 3817 2892 3876 simoniacos
2944 3818 3259 3876 concilium
3302 3819 3636 3878 Romanum

1917 3923 2012 3967 an.
2050 3906 2185 3966 1049
2213 3906 2542 3980 celebravit,
2575 3907 2743 3981 cujus
2781 3907 3075 3968 decretum
3107 3909 3305 3971 laudat
3331 3909 3397 3969 B.
3431 3909 3636 3969 Petrus

1918 3998 2236 4058 Damianus
2286 4015 2483 4073 opuse.
2545 4011 2629 4074 VI,
2679 4015 2801 4075 cap.
2842 4001 2930 4061 35.
2967 4000 3108 4072 Quae
3138 4007 3332 4064 autem
3376 4003 3635 4077 ejusdem

1921 4089 2134 4150 Leonis
2182 4096 2369 4149 exstat
2418 4091 2657 4166 epistola
2701 4091 2768 4152 10
2811 4093 2882 4152 ad
2925 4094 3310 4167 Auximanos,
3357 4110 3471 4168 qua
3513 4097 3639 4169 post

115 4177 398 4238 electione
433 4178 824 4240 exhilaratum
849 4179 1120 4252 ostendit,
1153 4187 1208 4238 et
1251 4195 1478 4255 sperare
1519 4179 1835 4240 Ecclesiam
1921 4179 2145 4238 obitum
2191 4179 2441 4253 episcopi
2487 4180 2834 4254 expilatores
2881 4182 3187 4242 domorum
3223 4181 3636 4258 episcopalium

114 4267 217 4328 Dei
256 4285 363 4343 per
399 4285 557 4341 eum,
599 4269 864 4330 sordibus
895 4270 1248 4344 expurgatis,
1281 4272 1598 4346 pristinum
1637 4287 1834 4331 conse-
1923 4268 2234 4342 redarguit,
2288 4275 2620 4329 recensetur
2670 4270 2824 4328 inter
2867 4271 3134 4345 epistolas
3191 4271 3254 4330 B.
3313 4271 3469 4331 Petri
3521 4272 3634 4331 Da-

113 4365 387 4420 cuturam
431 4359 714 4419 decorem.
754 4359 1043 4420 Baronius
1087 4359 1264 4419 relata
1304 4377 1371 4420 ea
1417 4363 1582 4436 epist.
1619 4362 1691 4422 ad
1737 4379 1835 4421 an.
1925 4357 2108 4417 miani
2137 4357 2242 4416 lib.
2290 4370 2330 4415 v
2370 4374 2535 4418 num.
2571 4357 2624 4432 6,
2658 4365 2714 4418 et
2741 4361 2852 4419 sub
2881 4361 3121 4420 nomine
3154 4361 3445 4436 pontiﬁcis
3474 4362 3546 4422 ab
3573 4378 3640 4421 eo

123 4447 278 4520 1044,
329 4462 496 4508 num.
536 4448 591 4520 8,
635 4449 707 4506 de
741 4447 805 4506 B.
849 4447 1014 4508 Petro
1047 4450 1249 4510 addit:
1290 4473 1312 4502 «
1362 4450 1544 4510 Τ8018
1586 4451 1694 4509 1818
1721 4467 1839 4510 non
1926 4449 2134 4522 scripta
2185 4449 2482 4508 asseritur.
2542 4447 2807 4509 Mortuus
2858 4457 2942 4509 est
2998 4449 3055 4510 S.
3120 4451 3237 4511 Leo
3291 4469 3433 4527 papa
3481 4469 3635 4512 anno

117 4538 229 4598 nisi
255 4537 524 4613 legitime
552 4537 730 4598 electo
763 4554 909 4614 papa
946 4539 1122 4614 digna
1147 4555 1292 4612 esse,
1333 4546 1400 4598 ut
1427 4541 1613 4617 plane,
1648 4541 1697 4599 si
1737 4541 1901 4617 de»n
1930 4535 2066 4596 1054
2093 4536 2186 4594 (118
2231 4537 2292 4595 19
2337 4536 2574 4610 Aprilis,
2610 4537 2891 4598 virtutum
2925 4544 2980 4598 et
3008 4539 3427 4602 miraculorum
3469 4540 3641 4600 laude

115 4631 228 4690 sint
277 4630 417 4703 alia,
447 4630 555 4689 ista
589 4630 882 4690 sufﬁciant
912 4631 985 4690 ad
1029 4632 1539 4691 demonstrandam
1579 4628 1900 4705 ejusdem”
1927 4628 2191 4702 insignis,
2247 4628 2334 4687 uti
2381 4643 2514 4687 eum
2558 4628 2772 4688 tabulae
2815 4629 3210 4706 Martyrologii
3250 4629 3498 4690 Romani
3541 4630 3640 4689 de-

113 4721 464 4781 canonicam
509 4720 845 4788 electionem
899 4720 1060 4780 omni
1103 4739 1179 4782 ex
1232 4728 1391 4798 parte
1444 4722 1835 4798 purissimam.
1926 4716 2264 4791 praedicant.
2313 4716 2596 4776 Successit
2627 4717 3001 4778 Gebehardus
3029 4719 3370 4778 Aistetcnsis
3397 4719 3462 4778 in
3497 4717 3640 4778 Ger-

116 4810 245 4872 Non
290 4813 457 4872 enim
494 4812 781 4886 ejusmodi
821 4813 930 4872 fuit
970 4811 1176 4873 Petrus
1208 4812 1493 4885 Damiani,
1537 4813 1639 4888 qui
1670 4813 1841 4872 vellet
1928 4807 2124 4866 mania
2147 4806 2464 4880 episcopus,
2490 4806 2625 4865 dein
2651 4806 2846 4866 Victor
2868 4807 2923 4866 Η
2943 4807 3149 4882 dictus,
3178 4824 3334 4868 anno
3363 4814 3644 4893 sequente

111 4903 238 4961 haec
299 4902 564 4962 scribens
619 4903 861 4977 turpiter
916 4902 1141 4962 adulari
1185 4904 1491 4978 pontiﬁci:
1544 4917 1681 4962 nam
1732 4918 1840 4959 ex-

110 5000 379 5054 aestuans
409 4991 531 5053 zelo
555 4992 956 5052 ecclesiasticas
983 4992 1327 5068 disciplinae,
1353 4991 1580 5052 nemini
1608 5006 1844 5066 parcere

109 5084 301 5155 novit,
339 5081 486 5157 quin
514 5081 882 5141 acerbissime
921 5082 1196 5155 arguerit,
1227 5095 1636 5158 quemcunque
1676 5079 1847 5138 sciret

107 5171 311 5231 eidem
367 5171 788 5230 adversantem.
833 5195 854 5224 ι
910 5170 1050 5230 Haec
1102 5169 1406 5244 Baronius,
1462 5169 1564 5244 qui
1621 5169 1693 5227 ad
1749 5185 1842 5226 an.

113 5261 281 5334 1046,
318 5276 486 5322 num.
524 5261 576 5334 3,
628 5261 728 5333 ait,
769 5261 1038 5320 eumdem
1066 5282 1086 5312 ι
1127 5259 1472 5335 Gregorium
1515 5259 1614 5332 VI,
1644 5275 1847 5318 exem-

109 5352 206 5426 plo
240 5351 310 5412 S.
347 5351 610 5426 Gregorii
651 5350 1014 5422 Nazianzeni,
1049 5348 1152 5424 qui
1189 5349 1264 5408 ob
1292 5365 1492 5424 pacem
1529 5349 1846 5408 concilian-

109 5441 248 5502 dam
319 5441 597 5501 Ecclesiae
653 5444 855 5514 sponte
918 5455 981 5499 se
1034 5437 1340 5510 abdicavit,
1396 5438 1599 5498 eodem
1653 5437 1850 5512 ipsum

110 5532 351 5605 animo,
379 5531 700 5606 eademque
729 5529 942 5590 virtute
974 5527 1270 5604 pontiﬁcia
1316 5529 1450 5589 sede
1487 5534 1687 5604 sponte
1726 5544 1847 5589 ces-

111 5625 290 5684 sisse.
318 5644 351 5679 11

183 5715 286 5776 23.
344 5713 502 5775 Huic
544 5711 819 5774 successit
870 5709 1189 5785 Svidgerus
1241 5709 1680 5784 Bambergensis
1729 5711 1852 5783 epi-

1933 4893 2088 4966 1055,
2132 4893 2332 4954 Idibus
2383 4895 2599 4968 Aprilis
2633 4895 2696 4954 in
2741 4896 2914 4956 Coena
2967 4897 3201 4957 Domini
3231 4905 3594 4960 consecratus
3632 4918 3641 4952 :

1929 4987 1994 5046 in
2030 4986 2196 5061 cujus
2227 4987 2500 5046 manibus
2530 4987 2820 5046 Henricus
2847 4989 3159 5061 imperator
3191 5007 3347 5052 anno
3373 4995 3646 5068 sequente

1933 5076 2091 5149 1056,
2124 5078 2154 5135 3
2198 5077 2391 5135 Nonas
2441 5076 2638 5137 Octob.
2690 5077 2921 5137 tradidit
2962 5079 3080 5139 Deo
3119 5081 3410 5156 spiritum.
3464 5082 3563 5140 Est
3591 5087 3648 5139 et

1929 5167 2053 5243 ipse
2081 5165 2276 5226 Victor
2314 5183 2459 5242 papa
2485 5166 2753 5241 proximo
2789 5185 2885 5226 an.
2921 5169 3060 5228 1057
3106 5169 3417 5231 Florentiae
3445 5169 3652 5228 defun-

1931 5263 2059 5318 ctus
2107 5258 2176 5316 28
2212 5257 2373 5317 Julii.
2414 5258 2808 5332 Reperiuntur
2856 5275 2992 5318 una)
3039 5259 3104 5318 Β.
3139 5260 3292 5320 Ρ8111
3339 5260 3547 5319 littera:
3577 5259 3650 5317 ad

1933 5349 2224 5409 Victorem
2273 5348 2555 5407 amariore
2608 5348 2825 5421 animo,
2883 5350 2982 5409 sed
3033 5349 3152 5410 zelo
3199 5350 3353 5409 laesa:
3400 5349 3643 5423 justitim

1936 5444 2316 5511 exaestuante,
2363 5439 2589 5513 scriptae
2635 5455 2739 5514 pro
2787 5441 3040 5515 quodam
3085 5436 3296 5497 illustri
3349 5437 3475 5496 viro
3520 5454 3650 5512 spo-

1933 5530 2073 5590 liato
2097 5536 2153 5588 et
2179 5530 2398 5604 injuste
2423 5534 2654 5588 vexato.

2007 5619 2098 5679 25.
2131 5618 2344 5678 Eodem
2374 5633 2529 5678 anno
2582 5619 2738 5690 1057,
2773 5615 3100 5675 Fridericus
3137 5632 3213 5675 ex
3254 5616 3457 5677 abbate
3495 5614 3653 5675 Casi—

1938 5710 2105 5770 nensi
2158 5712 2214 5768 et
2273 5706 2564 5767 cardinale
2620 5706 2954 5779 presbytero
3010 5703 3231 5768 invitus
3285 5709 3509 5769 creatus
3565 5708 3655 5763 est
