4034 6486
440 337 538 395 103

1349 327 1406 388 S.
1450 325 1743 388 PETRUS
1785 323 2174 386 DAMIANUS
2216 323 2275 384 S.
2316 327 2388 386 Β.
2434 329 2499 386 E.
2543 328 3024 389 CARDINALIS»

3843 329 3946 390 101

437 459 696 536 pontifex
725 457 762 516 2
804 455 1074 531 Augusti,
1104 471 1172 514 ac
1219 455 1545 529 Stephanus
1575 453 1914 528 appellatur,
1959 450 2289 510 nonusAet
2339 452 2616 513 Romanis
2663 455 2994 530 potentibus
3037 452 3276 527 aliquot,
3317 456 3492 513 noctu
3537 467 3672 512 cum
3709 462 3959 515 armato-

439 553 613 623 vulgo
645 551 876 621 dicitur,
913 550 1014 624 qui
1067 563 1268 606 revera
1314 546 1574 606 decimus
1627 543 1968 613 censendus,
2022 557 2186 620 cum,
2230 559 2364 601 rum
2420 545 2604 604 turbis
2655 545 2952 604 ecclesiam
3005 559 3124 602 una
3177 545 3518 616 pervadunt,
3565 549 3620 602 et
3670 543 3960 604 Joannem

441 640 763 715 Stephanus
795 637 1084 696 Zachariae
1114 652 1408 696 successor
1451 651 1604 694 anno
1645 634 1750 693 752
1786 633 2182 706 constitutus,

437 729 570 789 licet
621 727 898 803 pauculos
939 727 1131 786 solum
1181 727 1304 784 dies
1348 727 1411 784 in
1464 741 1531 782 ea
1587 724 1867 799 dignitate
1917 724 2153 796 vixerit,

436 819 695 892 pontifex
751 817 1047 892 legitimus
1107 817 1301 886 fuerit,
1359 815 1432 873 ob
1503 830 1891 874 successorem
1953 815 2156 873 itidem

442 906 800 980 Stephanum
853 921 1154 980 perperam
1203 904 1471 962 omissus.
1531 902 1652 962 Sub
1717 905 1825 962 hoc
1886 903 2155 977 pontifice

438 996 504 1056 B.
539 997 767 1066 Petrus,
799 997 1112 1052 obedientiae
1143 999 1411 1068 praecepto
1450 999 1701 1064 coactus,
1733 1000 1796 1052 ut
1834 993 1986 1051 infra
2013 993 2156 1051 Acta

442 1086 678 1158 habent,
723 1085 1000 1144 Ostiensis
1033 1084 1304 1142 Ecclesiae
1348 1083 1650 1142 ordinatus
1683 1089 1767 1142 est
1801 1083 2102 1158 episcopus
2138 1105 2151 1140 :

443 1175 610 1247 cujus
662 1174 1022 1246 episcopatus
1062 1172 1200 1246 quia
1245 1173 1635 1233 cardinalium
1683 1173 1920 1245 decano,
1968 1190 2002 1231 a
2040 1188 2155 1246 quo

443 1279 710 1323 summus
747 1264 1008 1337 pontifex
1048 1271 1412 1323 consecratur
1460 1263 1638 1323 tribui
1677 1264 1840 1334 solet,
1891 1263 2044 1321 inter
2092 1261 2150 1322 S.

442 1352 513 1410 Il.
546 1352 608 1410 E.
638 1352 957 1411 cardinales
987 1353 1050 1410 B.
1094 1353 1298 1413 Petrus
1326 1354 1501 1412 etiam
1541 1352 1745 1412 merito
1792 1358 2154 1425 numeratur,

435 1440 569 1499 licet
602 1440 776 1514 hujus
807 1441 1102 1513 dignitatis
1138 1442 1354 1500 mentio
1397 1458 1516 1500 non
1567 1443 1668 1500 fiat
1711 1441 1776 1499 in
1823 1443 1946 1516 ejus
2003 1440 2152 1510 Vita,

437 1536 536 1589 aut
567 1537 688 1589 tum
735 1531 1056 1590 viventium
1099 1532 1446 1606 pontiﬁcum
1495 1530 1792 1604 epistolis;
1841 1547 2032 1604 neque
2065 1547 2156 1589 se-

442 1627 559 1681 met
591 1620 712 1695 ipse
741 1621 804 1680 B.
842 1620 1048 1680 Petrus
1078 1623 1433 1682 cardinalem
1478 1623 1540 1682 in
1573 1624 1696 1682 suis
1741 1623 2162 1683 lucubrationi-

445 1711 555 1770 bus
585 1712 849 1786 appellet.
884 1713 1088 1773 Exstat
1121 1714 1248 1787 ejus
1292 1715 1458 1789 epist.
1497 1715 1520 1774 1
1557 1714 1658 1774 lib.
1709 1727 1750 1774 II
1787 1717 1859 1773 ad
1917 1719 2157 1775 Venera-

2235 630 2682 693 Veliterrensem
2738 635 3096 708 episcopum,
3152 631 3436 692 Mincium
3493 638 3688 706 postea
3739 650 3958 707 cogno-

2235 722 2542 793 minatum,
2576 739 2782 797 papam
2817 723 3194 791 constituunt,
3226 720 3521 779 Benedicti
3556 722 3646 780 illi
3685 722 3961 797 imposito

2235 813 2492 871 nomine.
2535 811 2698 880 Quod
2722 827 2852 870 cum
2889 810 3092 869 Petrus
3122 809 3462 882 Damianus,
3497 810 3589 869 vir
3617 812 3786 872 valde
3816 812 3960 871 reli-
3997 852 4000 854 η

2235 899 2431 972 giosus
2463 902 2665 972 (quem
2707 914 2774 957 eo
2813 905 3067 972 tempore
3108 896 3440 971 Stephanus
3479 914 3623 973 papa
3659 900 3733 958 ab
3764 916 3962 959 eremo

2238 995 2579 1061 extractum,
2627 989 2688 1047 in
2740 987 2987 1047 Ostiensi
3033 987 3287 1047 Ecclesia
3341 989 3674 1064 episcopum
3725 991 3961 1064 fecerat)

2238 1080 2628 1154 comperisset,
2665 1095 2782 1138 una
2828 1095 2962 1138 cum
3005 1079 3400 1138 cardinalibus
3442 1081 3706 1140 resistere
3751 1097 3819 1140 ac
3867 1098 3962 1140 re-

2240 1169 2488 1229 clamare
2529 1169 2719 1243 coepit,
2754 1177 2926 1244 atque
2963 1169 3465 1229 anathematizare.
3517 1168 3628 1230 Sed
3665 1171 3728 1229 hi
3765 1177 3962 1229 tamen

2242 1274 2442 1319 omnes
2492 1265 2705 1317 terrore
2759 1258 3064 1332 compulsi,
3116 1273 3217 1332 per
3262 1258 3421 1318 varia
3473 1259 3597 1317 loca
3649 1261 3871 1333 fugere.
3935 1283 3955 1310 η

2244 1348 2479 1423 Scripsit
2519 1348 2582 1407 B.
2618 1348 2822 1408 Petrus
2847 1347 3017 1422 epist.
3050 1348 3105 1418 4,
3140 1348 3242 1406 lib.
3275 1361 3334 1420 v,
3369 1349 3441 1407 de
3487 1347 3626 1406 dicti
3663 1347 3965 1408 Benedicti

2241 1440 2567 1510 schismate,
2625 1439 2734 1498 sub
2782 1440 2887 1497 hac
2932 1438 3305 1514 inscriptione
3349 1462 3363 1496 :
3417 1442 3620 1496 Damno
3675 1444 3746 1498 H.
3807 1458 3961 1498 reve-

2241 1533 2565 1588 rendissimo
2629 1532 3034 1602 archiepiscopo
3090 1534 3282 1587 Petrus
3343 1537 3594 1602 peccator
3643 1533 3962 1598 monachus,

2245 1624 2439 1679 debita:
2464 1621 2816 1690 subjectionis
2849 1622 3184 1691 obsequium.
3218 1619 3526 1693 Cajetanus
3565 1619 3803 1680 missam
3831 1621 3965 1696 opi-

2244 1720 2420 1772 natur
2445 1713 2676 1768 Henrico
2712 1714 3118 1784 archiepiscopo
3147 1715 3474 1778 Ravennati,
3508 1717 3565 1770 et
3590 1712 3684 1785 agi
3715 1713 3787 1772 de
3812 1715 3966 1770 schi-

445 1803 577 1860 biles
627 1807 900 1876 episcopos
949 1808 1331 1862 Lateranensis
1381 1808 1634 1863 Ecclesia:
1685 1808 1992 1863 cardinales
2022 1825 2038 1862 :
2088 1804 2225 1884 adB
2247 1809 2418 1860 smate
2459 1802 2688 1860 Cadaloi
2729 1803 3026 1873 antipapw.
3059 1800 3358 1873 Inscripsit
3389 1800 3642 1860 Henrico
3669 1817 3867 1876 opusc.
3900 1814 3967 1861 VI

445 1911 620 1970 quam
665 1901 899 1954 annotat
943 1897 1266 1970 Gajetanus,
1312 1895 1506 1969 colligi
1542 1912 1676 1955 eum
1723 1898 1904 1956 fuisse
1941 1897 2160 1972 episco-

441 2003 584 2061 pum
635 1987 986 2046 cardinalem
1033 1988 1106 2046 ob
1154 1989 1280 2047 haec
1319 1988 1496 2047 verba
1539 1989 1799 2048 inserta:
1841 2012 1868 2041 α
1907 1988 2021 2047 Nos
2054 1991 2160 2048 ita-

451 2091 582 2150 que,
621 2075 831 2143 fratres
878 2075 1016 2149 mei,
1050 2083 1114 2136 ut
1145 2082 1201 2136 et
1247 2093 1340 2136 me
1383 2077 1550 2136 vobis
1599 2079 1878 2138 audenter
1925 2079 2163 2138 interse-

450 2182 599 2236 ram,
634 2180 762 2237 nos,
794 2165 1058 2241 inquam,
1095 2166 1198 2241 qui
1231 2174 1751 2242 tanquam'septem
1781 2168 2164 2229 sumusoculi

451 2271 622 2328 super
664 2254 916 2327 lapidem
947 2272 1157 2326 unum,
1191 2257 1296 2330 qui
1328 2257 1626 2316 stellarum
1677 2267 1969 2332 portamus
2015 2260 2164 2318 ima-

448 2344 663 2418 ginem,
701 2343 803 2417 qui
852 2345 1195 2419 angelorum
1247 2350 1512 2406 tenemus
1559 2363 1660 2421 per
1701 2347 2165 2407 annuntiationis

455 2434 709 2494 officium
731 2434 1094 2508 dignitatem,
1117 2436 1439 2509 videamus,
1469 2437 1898 2512 splendeamus,
1919 2445 1973 2498 et
1991 2440 2168 2498 verba

453 2523 588 2581 vitae
630 2522 878 2596 populis,
929 2538 1048 2582 non
1100 2525 1286 2582 solum
1339 2525 1595 2597 vocibus,
1652 2527 1752 2584 sed
1806 2534 1860 2584 et
1906 2527 2168 2587 moribus

451 2612 808 2672 nuntiemus.
844 2635 869 2663 ν
908 2611 1049 2670 Haec
1090 2612 1193 2671 ibi.
1227 2612 1480 2672 Clariora
1508 2615 1722 2673 indicia
1751 2632 1826 2674 ex
1860 2616 1985 2689 ejus
2029 2632 2163 2689 ope-

454 2701 615 2760 ribus
653 2717 790 2760 mox
837 2700 1127 2761 dabimus.
1176 2702 1521 2762 Berlholdus
1573 2704 2046 2771 Constantiensis,
2094 2705 2167 2763 ab

453 2793 657 2852 Ottone
688 2793 950 2865 episcopo
981 2793 1250 2864 Ostiensi,
1283 2793 1417 2852 dein
1456 2794 1686 2854 Urbano
1733 2795 1788 2853 II
1820 2813 1981 2871 papa,
2014 2811 2167 2855 anno

454 2881 611 2944 108i.
669 2887 1032 2940 consecratus
1105 2882 1422 2955 presbyter,
1486 2883 1732 2957 appellat
1780 2888 1998 2942 Petrum
2052 2890 2169 2942 Da-

452 2972 628 3025 miani
665 2973 776 3042 pia:
811 2975 1079 3026 memoria:
1119 2973 1453 3028 cardinalem
1489 2975 1796 3045 episcopum
1835 2974 1898 3031 in
1944 2977 2170 3048 Appen-

452 3057 577 3116 dice
632 3058 902 3117 Glironici
969 3058 1292 3117 Hermanni
1352 3061 1657 3130 Contracti,
1710 3062 1781 3120 ad
1844 3078 1937 3120 an.
2013 3061 2164 3132 1100,

2242 1899 2442 1958 contra
2501 1891 2865 1959 simoniacos,
2920 1905 3055 1949 cum
3103 1893 3314 1947 nouiter
3367 1893 3729 1950 sacerdotium
3779 1909 3967 1950 susce-

2238 1988 2412 2059 pisset
2466 1996 2622 2040 anno
2676 1980 2832 2039 1051.
2889 1977 3002 2037 Sed
3044 1977 3108 2036 in
3154 1980 3509 2054 Appendice,
3553 1997 3655 2041 seu
3699 1997 3821 2056 cap.
3868 1981 3967 2054 39,

2243 2074 2394 2133 dolet
2423 2070 2483 2130 id
2519 2087 2552 2129 a
2585 2085 2646 2128 se
2675 2070 2909 2139 factum,
2943 2083 3075 2128 cum
3112 2093 3138 2118 «
3173 2084 3245 2126 ne
3277 2076 3509 2129 tenuem
3541 2070 3778 2145 quidem
3809 2070 3968 2130 scin-

2242 2164 2428 2223 tillam
2477 2160 2784 2220 solutionis
2823 2158 3134 2232 exculpere
3177 2159 3385 2231 potuit.
3428 2182 3451 2213 ι
3503 2160 3665 2220 Unde
3708 2176 3829 2220 non
3869 2160 3966 2220 vi-

2246 2257 2415 2316 detur
2456 2253 2508 2312 ei
2545 2251 2914 2326 postmodum
2961 2251 3191 2321 favisse,
3242 2259 3344 2310 aut
3383 2252 3696 2312 amicitiam
3741 2269 3972 2314 conser-

2245 2361 2430 2405 vasse.
2465 2344 2538 2402 At
2578 2343 2650 2401 de
2698 2343 3007 2400 schismate
3047 2341 3363 2409 Benedicti,
3411 2358 3530 2403 non
3578 2342 3832 2416 Cadaloi,
3870 2345 3969 2419 agi

2246 2439 2397 2498 clare
2418 2435 2635 2495 indicat
2655 2434 2746 2492 his
2769 2434 2961 2493 verbis
2989 2458 3000 2491 :
3023 2459 3048 2484 «
3066 2433 3199 2493 Huc
3216 2434 3449 2505 accedit,
3477 2442 3541 2494 ut
3556 2434 3695 2510 quia
3709 2435 3821 2510 piae
3839 2450 3970 2494 me-

2247 2529 2448 2588 moriae
2489 2525 2815 2600 Stephanus
2856 2541 3024 2599 papa,
3064 2525 3422 2599 congregatis
3459 2525 3612 2584 intra
3655 2525 3972 2584 Ecclesiam

2247 2617 2546 2694 episcopis,
2575 2615 2916 2688 civibusque
2945 2616 3252 2687 Romanis,
3302 2616 3454 2675 clero
3493 2624 3547 2676 et
3579 2617 3809 2692 populo,
3857 2617 3973 2676 hoc

2248 2709 2357 2768 sub
2379 2706 2621 2766 districti
2642 2706 3025 2764 anathematis
3045 2707 3648 2766 excommunicatione
3666 2713 3967 2780 statuerat,

2249 2803 2334 2868 ut,
2367 2796 2415 2854 si
2449 2811 2584 2854 eum
2615 2795 2684 2852 de
2713 2795 2822 2852 hoc
2853 2793 3072 2852 mundo
3103 2794 3353 2868 migrare
3391 2796 3768 2870 contingeret,
3800 2803 3972 2857 ante-

2248 2900 2424 2959 quam
2469 2882 2876 2941 Hidebrandus
2916 2881 3186 2941 Ecclesiae
3236 2882 3516 2943 Romana:
3554 2884 3970 2956 subdiaconus,

2249 2975 2351 3048 qui
2393 2988 2528 3032 cum
2558 2971 2855 3031 communi
2899 2971 3166 3030 omnium
3213 2973 3455 3033 consilio
3496 2975 3852 3045 mittebatur,
3891 2975 3972 3034 ab

2249 3061 2611 3136 imperatrice
2664 3061 2894 3132 rediret,
2950 3076 3155 3134 papam
3223 3061 3425 3122 nullus
3489 3063 3744 3138 eligeret,
3805 3063 3975 3122 sedes

453 3145 714 3247 deducta.
761 3144 1205 3247 .Seeuti_aucto_r
1258 3148 1406 3247 Vitae
1451 3149 1512 3208 S.
1560 3150 1802 3247 Joannis
1851 3151 2560 3247 Laudensiscapostolica
2598 3167 2794 3247 usque
2821 3149 2892 3208 ad
2930 3149 3094 3247 illius
3132 3151 3382 3247 reditum
3415 3153 3624 3212 intacta
3662 3159 3908 3247 vacaret.
3939 3177 3970 3206 ι)

454 3236 580 3311 ejus
633 3236 923 3312 discipuli,
972 3238 1314 3298 Franciscus
1363 3239 1685 3311 Petrarcha,
1733 3241 1987 3300 Joannes
2035 3236 2401 3302 Tri-“Cum
2442 3257 2577 3316 ergo
2627 3238 3061 3310 Hidebrandus,
3103 3239 3207 3314 qui
3251 3248 3447 3314 postea
3490 3242 3601 3302 fuit
3647 3257 3790 3317 papa
3825 3241 3976 3302 Gre-

454 3327 770 3395 theminus,
805 3326 1080 3402 Aloysius
1119 3327 1476 3401 Lipomanus
1517 3329 1752 3402 aliique.
1793 3332 1868 3388 At
1909 3332 2166 3389 cardina-

454 3414 526 3472 lis
546 3414 833 3474 Baronius
850 3416 921 3474 ad
937 3432 1121 3475 annos
1152 3417 1308 3488 1057,
1338 3435 1504 3478 num.
1540 3417 1623 3488 19,
1645 3418 1912 3491 pluribus
1930 3421 2170 3494 exponit

453 3503 726 3562 Ecclesiae
753 3505 1032 3564 Romanae
1064 3507 1310 3564 formam
1337 3507 1498 3566 illius
1523 3508 1814 3582 temporis,
1847 3511 2170 3568 secundum

453 3610 628 3668 quam
643 3593 901 3668 primum
919 3596 1304 3656 cardinalium
1323 3599 1720 3671 episcoporum
1739 3600 1934 3659 statuit
1953 3601 2170 3660 Ostien-

453 3701 622 3744 sem:
672 3691 727 3744 et
778 3687 1142 3760 Augustinus
1195 3689 1508 3747 Fortunius
1548 3689 1610 3746 in
1657 3689 1786 3748 Vita
1816 3708 1849 3748 a
1902 3692 2170 3766 Cajetano

453 3776 604 3835 edita
647 3777 768 3836 ait:
802 3801 823 3830 α
873 3777 1234 3851 Stephanum
1283 3786 1440 3853 pont.
1495 3796 1652 3840 max.
1711 3781 2032 3842 Ostiensem
2083 3785 2170 3843 illi

452 3869 811 3941 copulavisse
871 3870 1205 3945 Ecclesiam,
1277 3873 1547 3947 sacrique
1601 3874 1830 3947 collegii
1887 3876 2170 3936 decanum

451 3957 656 4016 fecisse
697 3976 852 4018 anno
885 3962 1023 4019 1058
1061 3963 1229 4021 initio
1269 3963 1756 4040 Quadragesimae,
1791 3984 1988 4028 mense
2018 3969 2171 4027 Mar-

460 4047 558 4116 tio,
613 4047 858 4106 Sabbato
904 4057 1148 4124 quatuor
1185 4057 1530 4125 temporum.
1569 4076 1596 4109 »
1639 4056 1942 4118 Ciaconius
1977 4075 2044 4118 eo
2078 4060 2171 4118 die

455 4135 659 4194 asserit
715 4136 963 4210 primam
1017 4137 1400 4199 cardinalium
1458 4145 1805 4202 creationem
1862 4149 2171 4220 contigisse

459 4225 567 4284 sub
608 4224 918 4299 Stephano,
963 4233 1017 4285 et
1056 4245 1188 4288 cum
1237 4229 1302 4288 B.
1351 4232 1516 4292 Petro
1554 4233 1836 4292 Damiano
1879 4252 1980 4294 sex
2024 4237 2171 4295 alios

455 4315 633 4374 factos
671 4313 1014 4381 cardinales.
1060 4315 1128 4375 In
1158 4334 1333 4392 supra
1365 4319 1678 4381 membrato
1717 4321 1889 4380 Brevi
1921 4323 2085 4382 Pauli
2121 4321 2170 4381 V

455 4403 526 4463 ad
557 4403 892 4475 Cajetanum
927 4409 986 4465 S.
1019 4410 1086 4464 R.
1134 4412 1200 4465 E.
1237 4412 1540 4468 cardinalis
1584 4415 1869 4484 episcopus
1906 4414 2169 4470 Ostiensis

449 4495 794 4570 appellatur.
831 4522 857 4545 ‹‹
903 4496 1229 4570 Stephanus
1271 4523 1295 4551 υ
1328 4517 1462 4576 ergo
1507 4524 1527 4553 α
1563 4501 1733 4575 Papa,
1772 4525 1793 4554 ι
1840 4508 1904 4561 ut
1938 4503 1998 4560 in
2041 4502 2168 4578 ejus

457 4583 585 4642 Vita
635 4585 906 4644 Conciliis
956 4586 1107 4646 edita
1138 4588 1372 4665 legitur,
1406 4615 1427 4642 ε
1462 4592 1672 4650 habitis
1724 4594 1786 4652 in
1844 4593 1987 4652 urbe
2032 4593 2164 4668 plu-

451 4676 613 4734 rimis
659 4677 918 4736 consiliis
975 4687 1173 4738 contra
1223 4682 1700 4756 concubinatum,
1745 4685 1976 4759 aliaque
2029 4685 2167 4760 plu-

449 4765 597 4822 rima
630 4765 765 4824 vitia
802 4766 962 4838 cieri,
1001 4783 1189 4827 mores
1219 4769 1495 4830 Ecclesia;
1522 4772 1878 4831 reformavit.
1927 4772 2167 4832 Petrum

453 4852 718 4910 Damiani
773 4855 846 4915 ab
913 4872 1105 4915 eremo
1160 4857 1510 4918 abstractum
1568 4861 1785 4921 creavit
1837 4863 2164 4937 episcopum

452 4937 803 4998 cardinalem
831 4942 1248 5004 Ostiensem...
1274 4945 1364 5004 Ad
1393 4947 1766 5009 invisendum
1796 4950 1855 5010 S.
1885 4951 2169 5010 Joannem

455 5028 838 5090 Gualbertum
886 5032 1038 5091 fama
1083 5035 1398 5094 sanctitatis
1443 5037 1883 5099 celeberrimum
1933 5041 2168 5100 Floren-

457 5121 596 5179 tiam
641 5118 952 5192 profectus,
984 5121 1189 5182 incidit
1229 5125 1290 5184 in
1319 5127 1607 5200 morbum,
1636 5137 1692 5187 et
1725 5132 1924 5205 paucis
1966 5129 2172 5189 diebus

458 5215 762 5357 pgsgquam
805 5215 1151 5282 wgrotasset,
1181 5213 1320 5272 obiit
1359 5217 1392 5276 4
1436 5217 1725 5278 Kalendas
1755 5219 1972 5295 Aprilis
2016 5235 2170 5278 anno

532 5320 561 5354 ἀ)
607 5343 619 5355 .
655 5325 680 5348 ι)

532 5320 619 5355 Οὔ.
655 5325 680 5348 ³)

530 5385 616 5442 26.
650 5386 812 5455 Quod
839 5403 976 5446 mox
1005 5385 1271 5448 obortum
1299 5397 1380 5449 est
1404 5393 1676 5464 schisma,
1703 5397 1782 5454 ita
1807 5397 1922 5455 Leo
1942 5397 2170 5456 Ostien-

459 5473 539 5532 sis
591 5475 630 5532 l.
685 5490 744 5548 II,
789 5495 908 5554 cap.
969 5479 1085 5546 102,
1139 5479 1458 5541 describit:
1523 5507 1544 5535 α
1600 5485 1824 5545 Interea
1864 5487 2171 5563 Gregorius

463 5563 862 5653 Lateranensis
890 5578 942 5629 et
983 5570 1433 5632 Tusculanensis
1474 5589 1684 5648 comes,
1718 5586 2006 5653 comperto
2052 5579 2169 5640 Ro-

457 5644 618 5714 mani
662 5659 950 5728 pontiﬁcis
978 5663 1160 5738 obitu,
1193 5664 1406 5724 sociato
1434 5663 1547 5724 sibi
1577 5644 1818 5729 Girardo
1846 5644 2171 5732 .Galerense

2252 3331 2448 3404 gorius
2484 3331 2612 3402 VII,
2655 3345 2731 3387 ex
2773 3328 3082 3388 Germania
3121 3345 3181 3387 se
3219 3330 3525 3402 retulisset,
3563 3331 3742 3390 Senas
3784 3331 3857 3390 ad
3909 3348 3977 3392 se

2253 3419 2592 3488 cardinales,
2627 3425 2681 3477 et
2723 3416 2946 3476 nobiles
2993 3417 3286 3477 Romanos
3327 3421 3682 3491 convocavit,
3720 3436 3977 3494 quorum

2253 3511 2547 3586 suffragiis
2586 3511 2878 3570 Gerardus
2917 3508 3217 3584 episcopus
3257 3510 3631 3570 Florentinus
3669 3512 3976 3571 renuntia-

2254 3611 2348 3663 tus
2376 3610 2458 3662 est
2485 3602 2745 3675 pontifex
2777 3600 3100 3673 Romanus,
3129 3615 3196 3658 ac
3226 3600 3499 3660 Nicolaus
3536 3599 3590 3658 ΙΙ
3623 3600 3972 3674 appellatus.

2252 3694 2401 3752 Cum
2447 3691 2682 3750 interim
2725 3689 3072 3748 Benedictus
3119 3697 3450 3762 occupatam
3506 3687 3696 3747 sedem
3751 3688 3977 3748 Roma-

2250 3799 2384 3842 nam
2434 3783 2628 3840 adhuc
2671 3782 2729 3838 vi
2779 3780 3080 3850 detineret,
3135 3780 3346 3838 dictam
3389 3779 3692 3854 epistolam
3739 3783 3979 3856 scripsit

2253 3870 2476 3942 Petrus,
2508 3871 2569 3928 in
2615 3885 2729 3944 qua
2777 3869 3198 3928 cardinalitiam
3242 3885 3406 3926 suam
3447 3869 3786 3942 dignitatem
3820 3871 3980 3930 clare

2249 3960 2505 4019 indicat:
2557 3983 2577 4010 ι
2615 3959 2768 4017 Illud
2812 3967 3025 4028 autem,
3063 3957 3278 4032 inquit,
3313 3958 3469 4030 quod
3520 3956 3584 4015 in
3633 3958 3788 4018 calce
3829 3960 3977 4019 sub-

2244 4049 2463 4124 jecistis
2505 4050 2784 4124 epistolae,
2829 4057 2894 4108 ut
2944 4047 3108 4107 vobis
3155 4047 3488 4115 scriberem,
3535 4047 3676 4122 quid
3711 4049 3860 4109 mihi
3901 4051 3980 4110 de

2250 4156 2338 4212 eo,
2370 4140 2560 4214 quiin
2601 4139 2910 4213 apostolica
2949 4137 3082 4198 sede
3128 4153 3287 4195 nunc
3318 4137 3604 4210 praesidet,
3637 4138 3731 4196 vel
3761 4154 3828 4198 eo
3867 4141 3981 4214 qui

2249 4227 2509 4299 ejusdem
2540 4226 2693 4285 sedis
2731 4227 2945 4286 electus
2983 4233 3087 4296 est,
3127 4226 3443 4296 videretur,
3485 4241 3822 4302 quanquam
3872 4243 3981 4302 per

2250 4316 2570 4374 nonnullos
2613 4315 2886 4374 Ecclesiae
2917 4321 3124 4372 vestrae
3162 4314 3314 4371 lilios
3351 4315 3470 4387 jam
3504 4315 3833 4388 potuissetis
3864 4332 3980 4377 au-

2251 4403 2394 4474 dire,
2450 4419 2581 4477 quae
2631 4402 2705 4458 sit
2758 4408 2952 4459 nostra
3001 4415 3174 4472 super
3218 4401 3467 4458 duorum
3523 4402 3832 4463 hominum
3884 4406 3980 4466 di-

2251 4492 2520 4553 versitate
2574 4488 2902 4560 sententia;
2956 4494 3169 4559 tamen,
3223 4489 3362 4562 quia
3419 4493 3749 4568 praecipitis,
3795 4496 3983 4557 etiam

2254 4581 2516 4656 apicibus
2545 4585 2911 4638 annotamus.
2947 4576 3052 4634 Ille
3090 4576 3371 4636 nimirum
3402 4580 3620 4654 absque
3645 4583 3766 4642 ulla
3789 4600 3981 4646 excu-

2255 4673 2475 4733 satione
2506 4669 2859 4729 simoniacus
2887 4674 2993 4738 est,
3036 4667 3175 4742 quia
3205 4668 3372 4728 nobis
3401 4673 3671 4734 omnibus
3713 4675 3989 4749 ejusdem

2255 4761 2419 4823 urbis
2446 4757 2842 4819 cardinalibus
2873 4757 3155 4832 episcopis
3187 4758 3656 4836 reclamantibus,
3687 4763 3986 4825 obsisten-

2256 4851 2430 4920 tibus,
2483 4856 2538 4907 et
2599 4846 2932 4906 terribiliter
2986 4847 3625 4923 anathematizantibus,
3686 4858 3988 4916 nocturno

2256 4949 2528 5014 tempore,
2562 4953 2696 4997 cum
2726 4944 3079 4998 armatorum
3108 4940 3292 5000 turbis
3322 4943 3582 5016 undique
3605 4944 3988 5006 tumultuan-

2257 5032 2429 5101 tibus,
2467 5036 2523 5088 et
2564 5028 2914 5099 furentibus,
2951 5026 3372 5089 inthronizatus
3421 5039 3522 5090 est.
3569 5054 3597 5087 »
3631 5033 3792 5106 Quae,
3837 5035 3989 5095 reli-

2255 5121 2388 5194 quis
2439 5118 2690 5191 omissis,
2746 5117 3002 5177 indicant
3051 5119 3124 5178 de
3173 5126 3306 5177 ante
3359 5119 3607 5179 indicato
3663 5123 3991 5185 schismate

2253 5212 2368 5287 agi.

2324 5308 2413 5366 27.
2465 5307 2611 5365 Cum
2662 5304 3007 5366 Benedictus
3063 5304 3423 5379 pseudopapa
3470 5309 3524 5363 et
3569 5307 3990 5376 schismaticus

2254 5404 2313 5461 in
2362 5399 2608 5460 concilio
2641 5399 2878 5459 Sutrino
2921 5398 3352 5466 condemnatus,
3395 5399 3671 5475 omnique
3706 5405 3987 5466 sacerdo-

2253 5488 2357 5548 tali
2395 5488 2579 5548 oﬂicio
2611 5488 2870 5562 privatus
2901 5493 3068 5559 esset,
3100 5493 3155 5545 et
3191 5484 3464 5546 Nicolaus
3495 5505 3529 5547 a
3568 5489 3748 5564 clero,
3783 5510 3984 5569 popu-

2253 5580 2423 5655 loque
2471 5579 2731 5638 Romano
2765 5578 2941 5652 digno
2987 5577 3204 5636 honore
3252 5582 3574 5652 susceptus,
3604 5587 3658 5638 et
3705 5583 3985 5656 pontifex

2253 5669 2500 5732 solemni
2531 5669 2898 5731 coronatione
2943 5683 3140 5730 mense
3185 5667 3319 5729 Jan.
3357 5668 3502 5728 anni
3533 5669 3668 5733 1059
3712 5672 3984 5749 inaugu-
