4034 6476
203 316 307 374 105

696 317 1276 379 PBOLEGOMENA.
1316 349 1385 364 --
1424 319 1518 378 DE
1561 317 1619 377 S.
1660 313 1908 375 PETRO
1947 311 2292 372 DAMIANO
2330 313 2798 380 HENSGHENII
2834 321 3215 385 COMMENT.

3615 329 3718 391 106

200 444 392 505 ratus;
455 453 595 497 mox
647 440 850 499 eodem
901 459 999 501 an,
1057 443 1321 503 habitum
1370 444 1570 502 Romae
1603 439 1986 502 conciliumA
2007 451 2138 526 rum
2175 437 2358 509 igitur
2384 438 2752 518 aliorumque
2784 443 3020 505 Patrum
3050 449 3388 507 auctoritate
3415 449 3713 526 suffultus,

201 533 443 586 centum
479 535 536 586 et
575 530 848 589 tredecim
907 532 1328 606 episcoporum,
1370 533 1431 590 in
1482 547 1597 608 quo
1633 530 1921 604 Berenga-

202 618 330 678 rius
366 620 638 679 haeresim
677 623 986 696 abjuravit,
1014 623 1344 682 constitutio
1383 624 1455 683 de
1493 623 1768 682 electione
1807 623 1922 680 Ro-

205 708 370 766 mani
408 709 693 781 pontiﬁcis
733 712 904 783 edita,
949 720 1004 770 et
1050 712 1346 770 decretum
1398 719 1592 771 contra
1645 711 1922 770 simonia—

206 812 304 854 cos
351 798 589 870 factum,
639 799 807 873 cujus
855 800 1124 858 meminit
1171 800 1236 858 B.
1289 801 1491 859 Petrus
1530 816 1726 874 opusc.
1764 812 1920 870 xxx,

205 902 332 959 cap.
382 887 429 944 'l.
480 887 590 957 Qui
643 889 774 946 dein
828 890 898 947 ad
939 888 1415 961 Mediolancnses,
1445 907 1479 948 a
1507 889 1740 948 Nicolao
1777 905 1923 963 papa

207 977 444 1048 missus,
468 978 784 1038 Ecclesiam
815 979 978 1038 illam
1006 997 1040 1038 a
1072 979 1199 1038 labe
1227 980 1446 1054 duplici
1473 978 1759 1046 liberavit,
1789 995 1923 1054 quas

207 1067 271 1124 in
300 1066 428 1125 Vita
462 1083 512 1125 c.
549 1069 582 1125 7
603 1071 955 1141 referuntur,
978 1086 1229 1143 quorum
1254 1071 1655 1130 meminerunt
1671 1069 1925 1127 Alexan-

207 1155 300 1213 dri
346 1156 422 1226 ΙΙ,
456 1157 558 1231 qui
611 1158 844 1218 Nicolao
885 1164 1253 1229 successerat,
1302 1157 1473 1234 legati
1521 1159 1584 1230 in
1641 1158 1920 1217 constitu-

207 1246 462 1304 tionibus
525 1263 620 1305 an.
694 1248 831 1306 1067
895 1248 1048 1307 clero
1108 1249 1436 1322 populoque
1504 1247 1924 1306 Mediolanensi

206 1336 580 1410 praescriptis,
615 1338 716 1396 ubi
753 1339 878 1396 haec
912 1339 1227 1412 prudenter
1263 1340 1478 1397 inserta
1507 1344 1642 1397 sunt
1672 1362 1684 1396 :
1722 1337 1923 1406 «Quia

207 1425 404 1499 itaque
449 1441 552 1499 per
601 1429 948 1486 confratrem
1003 1437 1265 1487 nostrum
1322 1429 1627 1487 dominum
1687 1428 1921 1486 Petrum

207 1513 529 1572 Ostiensem
567 1515 923 1590 episcopum,
966 1519 1298 1576 reverendae
1336 1515 1652 1576 sanctitatis
1699 1517 1916 1586 virum,

204 1603 475 1676 quadam
526 1612 663 1663 sunt
709 1604 850 1663 olim
886 1606 946 1664 in
988 1608 1096 1666 hac
1145 1607 1289 1666 urbe
1326 1614 1596 1678 correcta,
1627 1622 1742 1665 non
1778 1622 1923 1680 opus

206 1699 294 1748 est
355 1709 441 1764 ea,
492 1693 585 1750 vel
640 1693 958 1766 praeteritas
1009 1694 1138 1752 lites
1192 1694 1466 1753 omnibus
1520 1703 1704 1767 notas,
1745 1695 1918 1769 repli-

2008 525 2360 599 episcopatui
2413 529 2610 599 simul,
2641 538 2696 589 et
2749 536 3113 595 monasteriis
3157 537 3218 595 in
3262 539 3476 596 sanctis
3523 525 3714 599 manié

2007 613 2119 673 bus
2178 615 2383 674 vestris
2446 617 2932 681 irretractabiliter
3003 625 3368 693 abrenuntio.
3426 644 3715 704 omneque

2003 704 2100 777 jus
2129 720 2160 762 a
2190 720 2281 762 me
2306 707 2610 766 movendae
2643 709 2706 767 in
2736 719 3025 783 posterum
3067 717 3404 788 quaestionis
3444 733 3512 777 ac
3551 735 3714 794 repe-

2011 792 2230 852 titionis
2277 793 2568 855 abscindo.
2629 797 2696 855 Et
2751 801 2888 872 quia
2931 818 3036 876 pro
3092 805 3418 864 innumeris
3469 792 3714 882 peccatis

2008 882 2154 941 meis
2179 897 2296 940 non
2327 899 2456 942 sum
2486 885 2698 957 dignus
2742 887 2806 945 in
2842 890 3226 950 ecclesiastica
3266 893 3544 967 dignitate
3590 913 3715 971 per-

2007 971 2227 1040 sistere,
2286 972 2380 1030 det
2432 974 2580 1032 mihi
2632 973 2833 1034 divina
2888 977 3284 1039 misericordia
3335 999 3438 1056 per
3489 993 3714 1044 sanctas

2006 1061 2292 1120 orationes
2342 1070 2578 1135 vestras,
2636 1065 2986 1125 venerabilis
3035 1069 3224 1140 Pater,
3284 1085 3351 1129 eo
3403 1071 3526 1145 ipso
3579 1074 3715 1132 vitae

2008 1150 2162 1226 quod
2213 1158 2404 1224 restat,
2440 1153 2498 1210 in
2556 1153 2714 1213 luctu
2771 1162 2828 1214 et
2881 1158 3223 1230 poenitentia
3279 1176 3710 1233 permanere....

2008 1240 2382 1312 Omnipotens
2422 1241 2598 1309 Deus,
2643 1242 2743 1316 qui
2790 1243 3366 1320 incomprehensibili
3410 1249 3713 1324 dispensa-

2009 1332 2179 1390 tionis
2231 1348 2354 1390 suae
2405 1332 2665 1405 consilio,
2695 1341 2750 1393 et
2797 1351 2890 1394 me
2944 1338 3017 1396 ab
3062 1338 3360 1398 obtinendi
3413 1342 3714 1416 regiminis

2005 1419 2319 1480 ambitione
2376 1421 2598 1496 dcjecit,
2647 1431 2702 1481 et
2751 1440 2853 1483 vos
2900 1426 2970 1483 ad
3026 1426 3394 1487 ecclesiastici
3440 1432 3716 1492 culminis

2007 1525 2236 1568 summa
2281 1511 2571 1584 provexit,
2603 1520 2798 1571 sancto
2841 1514 2997 1572 cordi
3041 1523 3250 1589 vestro,
3278 1519 3445 1592 cujus
3494 1527 3580 1579 est
3621 1522 3714 1580 in-

2007 1599 2310 1671 habitator,
2366 1600 2610 1674 inspiret
2680 1601 2816 1661 talia
2883 1603 3032 1662 milli
3085 1622 3186 1679 per
3243 1623 3430 1668 sacras
3500 1609 3718 1672 litteras

2007 1687 2280 1746 mandata
2331 1688 2583 1762 dirigere
2623 1705 2757 1764 quae
2799 1691 2945 1751 meis
2991 1693 3139 1755 votis
3178 1698 3444 1773 meisque
3488 1701 3720 1761 valeant

206 1795 356 1838 care.
403 1804 430 1832 ao
463 1781 605 1851 Quae
653 1782 858 1856 legitur
906 1782 1007 1841 lib.
1062 1797 1165 1854 VII,
1214 1784 1379 1858 epist.
1422 1785 1476 1855 9,
1525 1801 1653 1844 eam
1698 1775 2310 1859 scripsitheSidel‘iis
2337 1779 2700 1838 CODCOFdaI‘e-
2739 1801 2761 1831 ³

208 1869 274 1927 Β.
316 1869 522 1928 Petrus
562 1873 799 1930 nomine
839 1872 1060 1930 Nicolai
1096 1888 1259 1947 papae
1295 1873 1365 1932 ad
1405 1876 1642 1933 Annam
1679 1875 1924 1939 Jaroslai

209 1958 539 2018 Bussorum
581 1962 732 2034 regis
772 1962 974 2033 filiam,
1015 1963 1273 2036 reginam
1314 1963 1520 2023 Galliae
1552 1971 1723 2038 atque
1760 1967 1921 2026 Hen-

209 2048 315 2106 rici
365 2051 541 2122 primi
590 2067 857 2122 uxorem,
891 2053 1059 2126 cujus
1114 2051 1384 2126 pietatem
1432 2059 1488 2110 et
1541 2053 1605 2112 in
1644 2071 1925 2129 pauperes

211 2137 652 2199 beneﬁcentiam
690 2141 886 2202 laudat
923 2159 987 2201 ac
1027 2143 1248 2212 suadet,
1280 2150 1344 2202 ut
1382 2145 1577 2203 virum
1623 2162 1798 2205 suum
1833 2165 1925 2207 re-

210 2243 344 2304 gem
384 2231 457 2288 ad
494 2233 914 2307 rempublicam
950 2234 1106 2306 juste
1144 2234 1685 2310 administrandam,
1726 2238 1924 2298 Eccle-

210 2319 358 2376 siam
387 2321 820 2395 protegendam,
853 2323 1083 2396 aliaque
1109 2323 1334 2397 pietatis
1364 2341 1536 2398 opera
1561 2326 1923 2401 inﬂammet:

211 2407 365 2465 iilios
402 2424 633 2483 quoque
671 2427 824 2482 suos,
855 2413 1070 2485 quibus
1102 2413 1226 2486 ipsa
1262 2413 1488 2473 imbuta
1525 2423 1611 2474 est
1643 2416 1926 2488 moribus,

210 2496 498 2556 instituat.
531 2498 797 2559 Mortuus
847 2508 933 2559 est
986 2501 1274 2561 Henricus
1323 2519 1429 2561 rex
1488 2519 1582 2561 an.
1635 2503 1793 2575 1060,
1834 2507 1928 2564 cui

211 2585 524 2661 Philippus
567 2590 790 2662 primus
839 2592 1028 2650 adhuc
1075 2607 1221 2664 puer
1266 2592 1554 2650 successit.
1585 2592 1748 2661 Quod
1786 2593 1928 2652 olim

211 2675 366 2735 idem
409 2678 670 2751 pontifex
709 2685 938 2737 curarat
992 2678 1332 2738 reiedificari
1367 2681 1536 2754 juxta
1573 2681 1928 2740 Florentiam

212 2765 630 2823 monasterium
694 2764 752 2824 S.
811 2765 1141 2836 Felicitatis,
1198 2768 1451 2826 munivit
1505 2768 1809 2843 privilegio
1866 2782 1930 2829 IV

210 2853 353 2914 Idus
388 2854 544 2926 Jan.,
573 2855 886 2915 indictione
931 2857 1017 2928 13,
1049 2857 1359 2916 Florentiae
1391 2859 1541 2932 dato,
1575 2859 1634 2917 id
1663 2868 1746 2918 est
1775 2875 1930 2919 anno

219 2942 384 3013 1060,
412 2943 512 3017 qui
546 2951 738 3002 tamen
767 2945 969 3003 Roma:
991 2947 1408 3004 numerabatur
1426 2947 1499 3005 ab
1520 2948 1932 3008 Annuntiatio-

216 3033 513 3103 nisrfesto,
545 3042 600 3091 et
635 3034 972 3093 inscribitur
1009 3035 1068 3093 in
1112 3036 1261 3094 dicto
1298 3037 1603 3111 privilegio
1639 3054 1732 3096 an.
1771 3039 1928 3110 1059,

2083 1864 2172 1925 29.
2206 1865 2344 1925 Hac
2386 1867 2502 1941 egit
2537 1866 2600 1926 B.
2648 1868 2850 1928 Petrus
2885 1887 2986 1944 pro
3031 1871 3391 1936 abdicatione
3425 1879 3720 1956 episcopa-

2008 1961 2123 2026 tus,
2171 1971 2276 2013 nec
2333 1962 2520 2014 tamen
2576 1959 2692 2017 voti
2739 1960 2830 2018 sui
2874 1977 3106 2036 compos
3151 1964 3334 2024 factus
3387 1967 3492 2041 est,
3525 1973 3720 2031 forsan

2010 2043 2084 2102 ob
2143 2043 2361 2103 Nicolai
2409 2047 2697 2118 pontiﬁcis
2755 2056 3020 2109 mortem.
3066 2051 3221 2110 Obiit
3270 2054 3322 2112 is
3373 2057 3482 2116 sub
3538 2061 3720 2120 linem

2010 2131 2156 2191 Julii
2210 2149 2308 2225 an.
2359 2133 2523 2225 1061,
2577 2137 2674 2194 cui
2730 2146 2858 2212 post
2910 2139 3056 2199 duos
3118 2157 3348 2204 menses
3401 2145 3723 2225 interregni

2013 2223 2284 2280 successit
2334 2223 2650 2282 Anselmus
2695 2227 2997 2301 episcopus
3046 2229 3348 2305 Lucensis,
3379 2251 3412 2292 a
3454 2223 3722 2298 cardina-

2012 2307 2169 2368 libus
2207 2310 2359 2369 circa
2405 2310 2533 2369 Kal.
2568 2313 2685 2371 Oct.
2722 2313 2979 2388 legitime
3024 2316 3258 2393 electus,
3291 2329 3347 2379 et
3389 2324 3724 2388 Alexander

2012 2398 2068 2457 ΙΙ
2103 2400 2440 2474 appellatus.
2481 2401 2692 2461 Fuerat
2724 2404 2774 2462 is
2812 2421 3003 2465 comes
3043 2407 3108 2467 B.
3145 2408 3299 2469 Petri
3342 2410 3607 2475 Damiani
3660 2419 3724 2478 in

2013 2490 2226 2581 celebri
2278 2493 2351 2550 ad
2393 2492 2853 2554 Mediolanenses
2897 2498 3197 2571 legatione,
3227 2517 3478 2577 eumque
3525 2522 3722 2581 opusc.

2014 2579 2168 2652 quod
2218 2583 2393 2637 Actus
2434 2584 2740 2640 Mediolani
2773 2585 3122 2659 indigitavit,
3150 2593 3450 2662 prudentia
3483 2579 3725 2654 acisan-

2015 2676 2203 2728 ctitate
2240 2675 2587 2744 conspicuum
2629 2674 2812 2733 fuisse
2853 2681 3107 2736 testatur.
3137 2679 3346 2740 Contra
3388 2684 3547 2743 hunc
3585 2701 3727 2760 pon-

2017 2764 2251 2834 tificem,
2299 2779 2450 2823 novo
2497 2766 2805 2824 schismate
2849 2768 3120 2840 conﬂato,
3180 2770 3465 2833 Cadalous
3505 2775 3725 2850 episco-

2015 2868 2123 2926 pus
2192 2853 2521 2912 Parmensis
2579 2855 2646 2913 28
2700 2855 2895 2915 Octob.
2954 2859 3316 2936 pseudopapa
3382 2865 3728 2926 constitutus

2015 2951 2120 3012 est,
2146 2954 2442 3019 assumpto
2471 2945 2716 3005 Honorii
2740 2947 2794 3006 ΙΙ
2821 2949 3059 3008 nomine
3083 2970 3096 3010 :
3116 2968 3293 3026 quem
3312 2955 3468 3015 binis
3493 2956 3564 3016 ad
3591 2975 3728 3018 eum

2017 3033 2243 3108 scriptis
2278 3035 2486 3094 litteris
2535 3034 2600 3094 B.
2632 3036 2837 3095 Petrus
2877 3040 3123 3112 monuit,
3155 3043 3386 3104 sceleris
3427 3047 3729 3121 magnitu-

213 3124 307 3180 cui
366 3138 499 3181 cum
556 3123 686 3182 aliis
744 3131 992 3198 quatuor
1045 3125 1326 3199 episcopis
1381 3127 1690 3186 subscribit
1738 3123 2154 3224 Petruscdi‘ne
2192 3130 2326 3222 ante
2363 3125 2560 3224 oculos
2590 3127 2899 3224 proposita,
2931 3134 2988 3187 et
3014 3130 3141 3224 nisi
3158 3132 3474 3208 resipiscat,
3509 3135 3731 3197 divinae

210 3218 468 3284 peccator
495 3218 808 3281 monachus,
838 3215 888 3273 is
911 3222 1012 3286 est,
1042 3216 1112 3274 de
1144 3231 1259 3288 quo
1285 3216 1531 3289 agimus,
1562 3216 1900 3278 Damianus.

1039 3342 1154 3417 §v.

219 3431 473 3488 Schisma
527 3435 754 3490 Cadaloi
798 3435 1165 3506 pseudopapee
1214 3451 1316 3506 per
1365 3439 1428 3492 B.
1468 3438 1688 3492 Petrum
1731 3441 1934 3494 restin-

294 3509 441 3559 ctum
473 3525 490 3559 .-
522 3507 640 3575 ejus
678 3506 750 3560 ad
779 3522 1010 3561 eremum
1043 3509 1230 3562 Fontis
1276 3507 1539 3562 Λυθὶίαηί
1582 3510 1810 3566 reditus.
1841 3513 1936 3565 Le-

290 3580 444 3643 gatio
499 3578 572 3631 ad
626 3578 1021 3640 Cllmz‘acenses,
1081 3581 1515 3650 archiepiscopo:
1600 3582 1814 3646 Gallia,
1884 3585 1936 3636 et

289 3650 586 3703 Henricum
616 3665 793 3716 regem
821 3651 920 3704 sub
945 3650 1266 3705 Alemandro
1294 3653 1350 3706 II
1367 3668 1541 3722 papa.

290 3754 382 3812 28.
416 3755 582 3823 Cum,
626 3753 858 3812 Nicolao
891 3753 944 3813 ΙΙ
976 3755 1132 3812 orbis
1169 3756 1473 3814 christiani
1513 3757 1766 3817 habenas
1805 3773 1932 3817 mo-

2019 3211 2280 3286 ultionis:
2300 3215 2692 3288 propinquum
2744 3215 2972 3276 fulmen
3000 3217 3322 3280 minitatur.
3357 3223 3505 3284 Sunt
3528 3242 3612 3285 eae
3634 3244 3726 3302 ep.

2016 3303 2088 3363 20
2116 3310 2170 3362 et
2197 3304 2263 3363 21
2296 3305 2336 3362 l.
2366 3305 2559 3378 primi.
2592 3306 2898 3377 ,Quoniam
2929 3326 3066 3370 vero
3092 3324 3453 3388 cognoverat,
3493 3329 3729 3380 causam

2016 3392 2249 3452 Cadaloi
2292 3394 2364 3452 ab
2410 3394 2643 3453 asseclis
2698 3395 2940 3456 Henrici
2995 3401 3146 3473 regis
3203 3402 3548 3478 Germaniae,
3604 3415 3731 3468 tum

2017 3482 2208 3541 adhuc
2256 3482 2656 3556 adolescentis,
2687 3491 2744 3542 et
2789 3487 3039 3546 necdum
3090 3488 3155 3548 in
3188 3490 3592 3567 imperatorem
3635 3513 3730 3555 as-

2018 3571 2254 3646 sumpti,
2304 3571 2482 3645 impie
2511 3571 2765 3644 defendi,
2799 3574 2963 3648 epist.
2996 3576 3051 3648 3,
3085 3577 3124 3635 l.
3158 3590 3262 3654 vn,
3291 3584 3416 3656 ejus
3464 3584 3730 3645 animum

2017 3659 2367 3735 quibusdam
2396 3661 2566 3733 quasi
2589 3660 2842 3720 stimulis
2870 3663 3170 3738 impellere
3195 3678 3438 3730 conatur
3465 3674 3538 3732 ad
3561 3690 3730 3748 opem

2017 3750 2290 3808 Ecclesiae
2329 3751 2646 3823 ferendam,
2693 3767 2829 3824 erga
2882 3767 3058 3825 quam
3099 3756 3357 3815 eximius
3401 3759 3528 3830 ejus
3573 3761 3733 3821 zelus

219 3846 480 3915 derante,
513 3845 767 3904 Ecclesia
800 3845 904 3904 Dei
941 3846 1144 3919 majori
1197 3848 1615 3922 tranquillitate
1656 3857 1712 3908 et
1752 3850 1936 3909 felici-
2018 3858 2084 3902 ac
2112 3843 2373 3902 studium
2415 3842 2639 3900 elucet:
2675 3843 2832 3916 quod
2859 3843 3058 3916 paucis
3086 3845 3245 3904 hisce
3278 3849 3471 3909 verbis
3496 3867 3573 3910 ex
3604 3851 3728 3926 epi-

221 3944 333 3994 tate
401 3937 517 3994 frui
595 3938 877 4011 coepisset,
949 3938 1136 3998 eidem
1208 3941 1532 4014 gratulatur
1593 3942 1660 4001 B.
1734 3943 1936 4002 Petrus
2017 3932 2147 4007 1080
2196 3930 2478 4006 decerptis
2530 3931 2769 3992 οεῐθηάο
2825 3952 2838 3991 τ
2899 3957 2920 3987 ί
2967 3932 3011 3992 Ο
3064 3935 3312 4008 Utinam»
3364 3937 3580 4013 inqu“,
3626 3956 3732 4014 ego

220 4027 387 4099 epist.
423 4027 475 4098 7,
507 4026 606 4084 lib.
640 4041 678 4098 l,
711 4036 881 4102 atque
917 4043 1034 4086 una
1072 4046 1174 4102 pro
1203 4031 1607 4104 Anconitanis,
1641 4033 1743 4106 qui
1781 4049 1814 4091 a
1842 4050 1936 4092 ca-
2018 4029 2152 4082 ante
2208 4023 2462 4082 tribunal
2517 4029 2688 4082 tuum
2743 4024 3044 4098 adjudicer
3095 4041 3230 4085 reus
3288 4029 3728 4101 perduellionis,

223 4116 438 4174 tholica
463 4118 871 4176 communione
895 4122 1173 4179 summoti
1200 4121 1452 4193 fuerant,
1470 4129 1697 4192 orat,ut
1723 4123 1786 4180 in
1816 4122 1938 4182 feli-
2019 4113 2158 4172 dum
2192 4119 2254 4172 tu
2287 4121 2477 4172 tamen
2503 4113 2567 4172 in
2595 4114 2954 4173 adversarios
2987 4116 3313 4190 θροεῖ-σηοω
3347 4119 3499 4178 εθάἱε
3537 4120 3730 4179 Vindi-

221 4221 318 4264 ces
380 4206 644 4265 homines
690 4225 720 4265 a
773 4209 976 4265 mortis
1020 4214 1254 4266 aeternae
1293 4209 1549 4282 periculo
1593 4210 1933 4284 eripiantur.
2019 4218 2114 4262 COS
2160 4202 2377 4263 arbiter
2431 4203 2760 4277 EBCIUilatiS!
2809 4203 2880 4261 Ῑῐι
2943 4205 3186 4264 CBI‘ViCiS
3253 4223 3398 4266 Ιηθῖθ
3457 4210 3735 4283 jugulum

223 4297 428 4356 Eidem
463 4298 694 4357 Nicolao
718 4298 975 4372 pontifici
1003 4299 1297 4373 inscripsit
1325 4303 1672 4374 opusculum
1702 4315 1831 4361 XVII
1863 4302 1940 4360 De
2020 4293 2237 4352 securis
2260 4293 2482 4352 Vibrata
2509 4292 2802 4364 ἀθεωνίὶὶίτ
2836 4293 3234 4354 tamumnmdo
3255 4295 3517 4356 Romana
3542 4297 3734 4358 E0018-

223 4387 498 4446 coelibatu
523 4389 907 4462 sacerdotum,
943 4390 1251 4465 ipsumque
1279 4391 1560 4462 hortatur,
1592 4397 1676 4464 ut,
1708 4399 1938 4466 postpo-
2020 4381 2107 4441 Bia
2146 4382 2396 4456 Propriae
2450 4380 2749 4455 dignitatis
2799 4384 3020 4455 apicem
3069 4399 3168 4456 Per
3221 4391 3273 4444 te
3308 4392 3568 4459 reparata
3605 4403 3737 4446 0011-

223 4479 336 4538 sito
393 4479 554 4538 omni
607 4481 864 4540 humano
907 4489 1188 4555 respectu,
1241 4481 1521 4542 adversus
1577 4470 2483 4589 hujusmodi,Dsueugut-P01;Pu
2528 4470 2578 4528 Si
2633 4469 2949 4589 δῆξάῆῙοοω
3003 4470 3328 4589 (ἒξῐοένίξῙαξ
3385 4474 3528 4533 θηρί’
3583 4476 3734 4535 0011-

222 4570 535 4644 apostolico
557 4572 674 4629 zelo
694 4561 2316 4646 succensus,insurgat,nequepotentes,quiUSthinus
2382 4561 2612 4632 Arium:
2670 4561 2938 4633 destruisi
3001 4569 3056 4621 θῐ
3109 4563 3401 4638 ΕΟΟῙθείω,
3458 4582 3561 4638 1)Γο
3621 4581 3735 4641 qua

223 4658 544 4717 Ecclesiam
593 4659 951 4733 turpitudine
995 4659 1392 4735 coinquinent,
1433 4666 1784 4719 revereatur.
1830 4659 1942 4718 Sed
2028 4655 2290 4713 Christus
2325 4661 2591 4712 mortuus
2629 4659 2733 4724 est,
2774 4669 2974 4728 pacem
3030 4653 3345 4714 PBfOFmal‘e
3401 4657 3731 4728 contendis;

221 4747 320 4806 vel
366 4748 732 4820 potissimum
771 4749 923 4822 apud
967 4751 1126 4808 hunc
1150 4749 1480 4824 pontiﬁcem
1513 4749 1570 4808 id
1602 4751 1719 4824 egit
1745 4750 1808 4809 B.
1845 4750 1944 4810 Pe-
2026 4746 2196 4806 faciat
2230 4751 2284 4804 te
2315 4745 2472 4804 Deus
2509 4745 2572 4804 in
2610 4744 2878 4820 proximo
2919 4746 2992 4804 de
3027 4761 3204 4820 regno
3237 4748 3537 4822 imperiale
3577 4749 3737 4809 fasti-

225 4844 372 4906 trus,
399 4844 462 4894 ut
507 4836 619 4894 sibi
665 4852 814 4895 onus
865 4837 1186 4911 episcopale
1229 4837 1515 4912 deponere
1563 4839 1940 4912 permitteret.
2026 4835 2192 4910 gium
2246 4835 2517 4894 scandere
2572 4842 2628 4895 et
2677 4854 2712 4896 a
2752 4837 2978 4896 cunctis
3027 4836 3291 4898 hostibus
3342 4839 3454 4900 tuis
3492 4842 3740 4916 insignis

221 4926 429 4984 Exstat
461 4943 528 4986 ea
565 4928 635 4985 de
662 4944 722 4987 re
756 4929 921 5002 epist,
953 4931 1008 5000 8,
1041 4929 1082 4987 1,
1119 4942 1161 5001 ι,
1190 4930 1264 4988 ad
1309 4929 1580 4988 eumdem
1639 4930 1942 4990 Nicolaum
2025 4924 2226 5000 gloriae
2258 4923 2456 4983 titulos
2487 4930 2773 5000 reportare
2808 4940 2821 4975 :
2855 4924 3118 5000 alioquin
3150 4925 3201 4986 si
3230 4928 3422 4988 adhuc
3459 4930 3738 4989 dissimu-

223 5033 435 5092 papam
484 5025 540 5077 et
586 5018 1051 5078 Hildebrandum
1085 5018 1143 5079 S.
1183 5019 1251 5079 Β.
1294 5019 1358 5079 Ε.
1402 5020 1776 5079 cardinalem.
1831 5022 1946 5080 Ex-
2027 5017 2134 5089 las,
2163 5017 2212 5076 si
2244 5018 2456 5077 mundi
2489 5015 2871 5091 periclitantis
2903 5031 3178 5092 errorem,
3209 5035 3346 5080 cum
3382 5018 3564 5093 possis
3600 5019 3740 5077 abo-

222 5113 338 5164 stat
369 5107 543 5165 etiam
582 5108 929 5182 opusculum
960 5120 1092 5177 Xlx,
1125 5108 1314 5166 eidem
1351 5107 1611 5182 pontiﬁci
1668 5108 1942 5181 dicatum,
2026 5109 2167 5179 lere,
2198 5107 2476 5166 detrectas
2504 5123 2522 5178 ;
2550 5113 2607 5164 et
2634 5104 2877 5180 reliqua.
2909 5104 3162 5168 Cohibeo
3201 5109 3469 5184 spiritum
3509 5113 3564 5165 ct
3602 5123 3742 5166 con-

223 5194 312 5253 De
366 5195 726 5255 abdicatione
769 5196 1128 5270 episcopatus
1160 5215 1174 5253 :
1207 5199 1271 5256 in
1295 5198 1464 5270 cujus
1512 5196 1748 5271 prologo
1795 5197 1947 5256 inter
2030 5197 2350 5274 sequentize
2377 5195 2644 5270 relinquo
2678 5195 2985 5255 lectoribus
3016 5196 3394 5256 intellectum.
3424 5221 3451 5247 ιο

224 5287 374 5345 alias
421 5301 624 5346 causas
668 5289 816 5347 hanc
857 5288 1110 5364 allegat:
1144 5313 1166 5343 ς
1197 5290 1344 5350 Cum
1389 5290 1497 5348 sub
1531 5297 1726 5349 sancto
1763 5291 1950 5364 ponti-
2100 5289 2187 5348 30.
2247 5287 2390 5345 Haec
2443 5287 2514 5344 ad
2565 5302 2760 5360 regem
2807 5286 2874 5346 B.
2932 5287 3158 5360 Petrus,
3208 5288 3376 5360 cujus
3430 5291 3515 5346 est
3569 5285 3744 5347 etiam

225 5378 408 5436 licatu
439 5387 630 5437 vestro
657 5379 919 5452 jucunda
950 5395 1089 5454 pace
1139 5380 1492 5439 universalis
1541 5379 1795 5437 Ecclesia
1840 5393 1946 5451 po-
2030 5395 2119 5454 ep.
2156 5379 2210 5447 6,
2241 5380 2282 5437 l.
2325 5390 2409 5449 IIl,
2450 5376 2520 5436 ad
2568 5375 2625 5436 S.
2675 5379 2986 5436 Annonem
3033 5376 3530 5450 archiepiscopum
3581 5378 3748 5437 Colo-

225 5468 426 5538 tiatur,
458 5467 618 5525 canis
682 5469 825 5528 meis
887 5477 942 5528 et
994 5467 1325 5544 grandaevae
1373 5469 1614 5543 jamjam
1667 5467 1948 5526 senectuti
2032 5468 2320 5539 niensem,
2370 5483 2544 5541 quem
2602 5465 2798 5526 laudat
2843 5467 3001 5540 quod
3046 5464 3381 5529 Cadaloum
3415 5475 3751 5542 persecutus

223 5559 463 5632 requies
491 5572 606 5617 non
643 5566 906 5632 negetur.
941 5585 968 5610 »
1000 5564 1085 5620 Ac
1114 5559 1346 5619 tandem
1377 5575 1588 5634 magna
1614 5558 1797 5617 animi
1822 5573 1944 5615 mo-
2031 5556 2122 5627 sit,
2155 5563 2212 5615 et
2257 5571 2361 5630 pro
2393 5557 2619 5616 viribus
2671 5555 3054 5615 ecclesiastico
3100 5571 3382 5616 mucrone
3423 5558 3707 5633 jugularit
3733 5576 3749 5628 ;

222 5648 412 5708 destia
461 5647 733 5709 libellum
779 5649 944 5709 hunc
989 5649 1176 5724 capite
1205 5650 1265 5708 11
1299 5647 1381 5708 ita
1408 5647 1703 5708 concludit
1737 5662 1750 5704 :
1788 5668 1810 5700 α
1842 5645 1950 5704 Ηο-
2034 5646 2296 5705 hortatur
2325 5651 2391 5704 ut
2422 5655 2743 5707 extremam
2772 5645 2929 5720 Operi
2969 5660 3211 5707 manum
3255 5647 3514 5723 imponat
3539 5667 3556 5722 ;
3584 5649 3643 5708 id
3665 5650 3756 5709 lu-

517 5763 775 5828 PATROL.
807 5765 1054 5830 CXLIV.
3432 5769 3465 5826 4
