4034 6458
293 326 399 384 107

1208 319 1268 379 S.
1310 316 1604 379 PETRUS
1643 317 2035 380 DAMIANUS
2075 317 2134 382 Β.
2178 318 2247 379 Β.
2291 318 2356 377 Ε.
2398 316 2877 378 CARDINALIS.

3705 315 3812 377 108

290 458 510 523 turum,
548 450 597 510 si
658 450 785 522 ejus
830 458 1003 523 opera
1047 447 1339 522 generalis
1387 446 1627 507 Patrum
1679 453 2069 515 conventusA
2092 447 2208 506 cies
2256 447 2451 520 ducas,
2479 446 2603 507 sive
2646 445 2853 520 viginti
2897 445 3239 520 quinquies,
3291 447 3525 502 centum
3562 442 3810 502 faciunt.

285 551 541 620 cogatur.
590 542 753 613 Quod
826 545 883 599 et
935 540 1154 598 factum
1210 543 1313 599 est.
1370 540 1518 598 Nam
1576 538 1637 597 in
1692 537 2000 598 Germania

285 637 628 697 Osboriense
682 631 995 693 concilium
1048 631 1291 691 traditur
1318 630 1647 692 auctoritate
1694 630 1752 691 S.
1798 633 2001 690 Auno-

285 729 381 788 nis
433 732 861 802 congregatum,
913 724 979 783 in
1022 740 1158 799 quo,
1216 741 1346 799 rege
1399 722 1650 783 Henrico
1694 730 1999 799 prasente,

282 820 516 879 recitata
563 822 648 878 est
692 816 993 897 synodalis
1042 816 1395 890 disceptatio,
1447 830 1624 890 quam
1676 813 1740 874 B.
1795 814 1999 874 Petrus

281 908 621 980 Damianus,
699 913 975 982 tanquam
1041 904 1196 973 inter
1256 905 1598 964 advocatum
1660 902 1889 978 regium
1946 909 2001 964 et

200 1016 209 1023 ί
280 997 646 1057 defensorem
686 994 969 1056 Romana
1013 991 1285 1052 Ecclesia
1334 992 1529 1051 habita
1576 991 1802 1064 fuisset,
1840 1006 1998 1051 com-

281 1090 552 1163 posuerat
598 1103 612 1146 :
648 1085 752 1147 ubi
801 1084 1071 1145 omnium
1119 1096 1411 1142 consensu
1461 1080 1814 1141 conclamata
1854 1081 2000 1141 dici-

282 1182 378 1236 tur
434 1175 729 1235 damnatio
785 1170 1304 1249 pseudopontificis
1362 1169 1616 1243 Cadalol,
1681 1169 2000 1232 Alexandri

280 1280 416 1323 vero
459 1264 659 1324 electio
683 1262 1076 1337 comprobata.
1128 1259 1377 1320 Consule
1422 1260 1740 1320 Barouium
1781 1260 1854 1319 ad
1898 1275 1995 1320 an.

281 1352 438 1425 1061,
497 1369 557 1412 n.
608 1352 701 1427 21,
761 1351 865 1411 ubi
917 1352 986 1413 27
1037 1351 1158 1411 Oct.
1212 1349 1354 1425 ipsis
1402 1348 1622 1425 vigiliis
1666 1355 1997 1409 sanctorum

276 1442 668 1518 apostolorum
716 1441 973 1503 Simonis
1012 1445 1066 1500 et
1114 1440 1306 1514 Juda,
1344 1439 1472 1499 hac
1505 1445 1731 1517 peracta
1775 1438 1992 1499 scribit.

277 1532 624 1611 Disceptatio
679 1528 782 1591 illa
847 1529 1142 1607 synodalis
1224 1530 1558 1590 continetur
1615 1529 1787 1590 etiam
1848 1529 1998 1588 inter

276 1636 451 1697 opera
499 1620 566 1680 B.
621 1620 775 1680 Petri
832 1627 970 1680 tom.
1028 1618 1138 1692 III,
1169 1634 1367 1695 opusc.
1413 1629 1498 1693 1v,
1549 1620 1605 1678 et
1662 1623 1800 1679 tom.
1838 1617 1999 1677 XXV

2087 538 2471 613 Consequitur
2523 553 2678 612 ergo,
2705 543 2771 596 ut
2816 536 2917 612 qui
2957 536 3171 610 viginti
3223 535 3494 611 psalteria
3534 550 3671 595 cum
3724 534 3812 593 di-

2086 629 2329 703 sciplina
2362 628 2641 699 decantat,
2680 632 2914 686 centum
2967 641 3260 686 annorum
3307 625 3711 701 pauitantiam
3747 640 3813 682 se

2084 718 2369 794 peregisse
2415 717 2682 776 confidat.
2711 736 2741 772 »
2783 717 2860 777 At
2891 732 3009 792 qua
3038 720 3207 776 atate
3239 732 3368 775 eam
3401 714 3809 791 pauitantiam

2084 808 2397 882 susceperit
2440 806 2505 865 B.
2540 805 2760 878 Petrus,
2789 805 2852 864 in
2880 804 3033 865 dicto
3078 805 3357 881 opusculo
3391 817 3502 879 xx,
3531 820 3582 866 c.
3622 803 3673 876 5,
3705 804 3809 862 in-

2082 896 2231 955 dicat
2271 915 2283 953 :
2323 916 2351 950 ‹‹
2390 895 2532 956 Ecce
2571 897 2695 971 jam
2734 894 2910 969 oculi,
2949 896 3167 971 inquit,
3204 894 3480 970 caligant,
3530 900 3587 954 et
3634 893 3810 954 solito

2083 983 2337 1060 amplius
2378 979 2724 1062 phlegmatis
2766 985 3042 1045 humores
3089 984 3412 1046 abundant.
3444 983 3629 1060 Ruga
3660 984 3808 1045 sub-

2083 1081 2247 1148 eunt,
2284 1080 2339 1132 et
2367 1073 2633 1134 dentium
2686 1072 2920 1134 ruinam
2965 1074 3224 1150 gingivae
3270 1073 3588 1134 minantur.
3618 1074 3808 1149 Caput

2083 1165 2353 1240 denique,
2386 1165 2539 1243 quod
2592 1164 2752 1225 canis
2795 1166 3072 1226 hactenus
3128 1165 3519 1241 spargebatur,
3554 1181 3805 1241 cyguao

2076 1254 2198 1328 jam
2232 1253 2427 1314 albore
2461 1253 2705 1313 nivescit
2742 1275 2755 1311 :
2793 1269 2913 1313 vox
2942 1255 3146 1328 raucit,
3183 1256 3369 1315 virtus
3402 1252 3630 1327 deficit;
3674 1275 3703 1309 »
3745 1260 3807 1313 et

2080 1363 2203 1424 cap.
2260 1348 2294 1406 7
2357 1347 2509 1406 inter
2563 1346 2970 1421 perorandum,
3047 1346 3280 1421 addicit,
3343 1362 3424 1420 se,
3484 1350 3550 1405 ut
3598 1345 3805 1421 jussus

2079 1446 2218 1515 erat,
2284 1463 2307 1494 (ε
2356 1454 2563 1515 cupere
2636 1439 2960 1515 apostolica
3021 1440 3173 1500 sedis
3238 1439 3570 1515 pontiﬁcem
3637 1438 3803 1500 ordi-

2080 1550 2240 1608 nare,
2277 1556 2297 1585 ι
2331 1547 2435 1591 seu
2461 1545 2816 1606 consecrare,
2849 1557 2875 1582 «
2910 1547 2977 1591 ac
3001 1533 3270 1608 protinus
3313 1548 3348 1592 a
3380 1527 3602 1608 proprii
3647 1543 3800 1604 pon-

2076 1625 2329 1685 tificatus
2357 1623 2635 1683 Ostiensis
2660 1639 2791 1685 arce
2812 1620 3095 1683 recedere.
3130 1648 3157 1674 »

2152 1715 2240 1775 32.
2294 1715 2515 1776 Verum
2569 1716 2678 1775 etsi
2728 1714 2798 1775 B.
2861 1715 3028 1775 Petro
3090 1731 3429 1778 concessum
3487 1717 3678 1779 fuerat
3732 1717 3802 1781 in

278 1711 675 1774 Conciliorum
732 1708 1004 1770 editionis
1059 1710 1233 1784 regia
1289 1725 1323 1769 a
1378 1725 1506 1787 pag.
1565 1708 1689 1769 638.
1753 1708 1996 1769 Hortatu

275 1805 417 1864 item
464 1803 522 1865 S.
566 1805 855 1873 Annonis,
905 1818 940 1860 a
991 1803 1325 1879 proceribus
1370 1802 1697 1862 Germania
1745 1802 1989 1864 Romam
2014 1818 2267 1881 Beremo
2292 1804 2491 1865 Fontis
2518 1803 2789 1865 Avellani
2839 1805 3207 1879 commorari,
3232 1822 3354 1866 non
3381 1805 3567 1870 fuisse
3596 1813 3799 1871 tamen

274 1895 474 1970 legati,
506 1892 820 1954 concilium
870 1892 1259 1952 Mantuanum
1290 1910 1387 1952 an.
1421 1893 1557 1953 1064
1586 1893 1854 1954 habitum
1884 1900 1988 1967 est,
2074 1912 2211 1956 eum
2240 1894 2550 1969 episcopali
2575 1910 2752 1954 onere
2777 1910 3014 1971 prorsus
3055 1892 3369 1957 liberatum
3412 1896 3611 1959 innuit
3636 1897 3793 1972 ipse-

271 1987 369 2047 cui
400 1984 738 2045 Alexander
764 1998 912 2061 papa
940 1997 1077 2041 cum
1118 1982 1510 2044 cardinalibus
1539 1983 1728 2043 adfuit
1750 2003 1767 2061 ;
1807 1999 1988 2057 eoque
2071 1994 2190 2047 met
2236 1987 2476 2065 epistola
2531 1986 2618 2061 15,
2670 1986 2710 2046 l.
2749 2000 2790 2063 Ι,
2831 1984 2902 2047 ad
2950 1988 3333 2047 Alexandrum
3380 2006 3603 2049 summa
3643 1991 3795 2051 sedis

268 2079 496 2151 petente
523 2074 588 2134 B.
622 2072 824 2133 Petrus
864 2071 1187 2131 Damianus
1214 2078 1268 2131 et
1300 2072 1357 2133 S.
1385 2074 1560 2132 Anno
1601 2071 1985 2149 archiepisco-
2072 2082 2396 2146 antistitem,
2433 2080 2557 2137 tum
2602 2083 2999 2138 consecratum
3032 2098 3044 2138 :
3078 2076 3142 2138 in
3175 2095 3293 2155 qua
3320 2079 3429 2139 sub
3470 2080 3653 2140 tinem
3681 2080 3795 2141 ista

269 2180 383 2240 pus
438 2162 834 2222 interfuerunt
875 2177 889 2219 :
922 2161 1025 2221 ubi
1079 2157 1324 2220 Cadaloo
1376 2158 1741 2236 pseudOpapa
1795 2162 1986 2223 denuo
2070 2169 2286 2229 habet:
2328 2195 2355 2219 ‹‹
2390 2167 2434 2227 Ο
2466 2183 2642 2243 quam
2683 2168 3032 2243 jucundum,
3066 2183 3243 2243 quam
3286 2184 3462 2229 suave
3490 2169 3791 2243 nuntium,

268 2253 671 2324 condemnato,
719 2250 995 2310 Ecclesia
1038 2255 1095 2309 et
1129 2249 1359 2325 imperii
1401 2250 1739 2311 scandalum
1785 2252 1985 2313 subla-
2069 2275 2247 2335 quam
2295 2257 2548 2332 denique
2573 2256 2760 2316 dulcis
2783 2256 2854 2315 ad
2885 2273 3058 2317 aures
3084 2273 3243 2317 meas
3275 2274 3464 2333 nuper
3508 2259 3663 2319 fama
3695 2257 3794 2320 de-

270 2349 398 2405 tum
432 2347 537 2403 est.
565 2340 747 2403 Multa
786 2340 1022 2400 interim
1060 2339 1181 2399 illis
1206 2341 1378 2401 annis
1407 2341 1587 2401 subiit
1613 2341 1749 2401 vita
1777 2340 1982 2401 discri~
2067 2349 2245 2422 venit,
2274 2364 2407 2424 qua
2437 2364 2541 2407 vos
2569 2345 2829 2407 Ostiense
2867 2346 3207 2407 comitatum
3245 2347 3394 2406 mihi
3432 2348 3794 2411 subtraxisse

268 2436 432 2495 mina
474 2434 540 2493 B.
569 2433 794 2506 Petrus,
838 2447 974 2513 qua
1020 2431 1184 2506 epist.
1219 2431 1271 2503 5,
1303 2430 1404 2490 lib.
1439 2446 1516 2504 v1,
1550 2432 1623 2492 ad
1669 2432 1982 2493 monachos
2066 2445 2120 2497 et
2169 2435 2271 2496 alii
2314 2436 2616 2497 tradidisse
2669 2435 3037 2513 perhibuit...
3089 2436 3253 2497 Ultro
3293 2436 3469 2495 etiam
3524 2435 3791 2497 divinam

268 2525 677 2587 Cluuiacenses
720 2522 972 2598 appellat
1001 2543 1029 2577 «
1057 2522 1423 2597 conglobatus
1476 2521 1765 2585 Cadaloici
1815 2524 1977 2584 furo-
2064 2524 2314 2600 imploro
2341 2525 2731 2598 clementiam,
2759 2530 2826 2584 ut
2853 2524 3245 2601 episcopatum
3277 2539 3509 2601 quoque
3540 2530 3790 2601 quanto-

266 2618 349 2678 ris
396 2615 659 2675 insidias.
715 2640 741 2663 ››
793 2612 958 2684 Quod
1005 2612 1320 2675 Gadaloum
1377 2615 1623 2692 hospitio
1672 2616 1980 2690 accepisset
2063 2616 2190 2676 cius
2231 2614 2498 2676 ordinare
2544 2631 2663 2674 nou
2699 2614 2954 2687 differas,
2985 2618 3041 2672 et
3073 2612 3264 2675 sterile
3292 2614 3521 2674 arenosi
3578 2613 3791 2676 littoris

263 2705 637 2766 Gothit‘redus
676 2703 797 2765 dux
838 2711 893 2765 at
934 2719 1125 2764 comes
1167 2700 1416 2781 Tuscia,
1445 2705 1518 2766 ab
1542 2706 1744 2768 eodem
1771 2705 1835 2770 B.
1869 2705 1976 2769 Pe-
2060 2712 2319 2767 aratrum
2350 2706 2498 2765 mihi
2525 2704 2596 2765 de
2628 2705 2904 2766 manibus
2932 2704 3121 2764 tollas.
3152 2724 3180 2761 »
3211 2703 3375 2774 Quod
3405 2721 3524 2766 non
3553 2704 3789 2767 videtur

263 2799 352 2854 tro
376 2795 618 2870 epistola
650 2793 733 2867 10,
764 2793 804 2854 l.
837 2805 946 2867 VII,
972 2794 1230 2855 monitus
1261 2803 1366 2879 est.
2060 2796 2417 2871 impetrasse.
2472 2794 2619 2854 Nam
2686 2799 2895 2870 praeter
2964 2793 3088 2864 illa,
3144 2808 3278 2869 qua
3329 2800 3526 2854 contra
3603 2793 3786 2855 Cada-

334 2885 422 2945 31.
451 2883 785 2945 Alexander
829 2882 882 2942 II
929 2901 1086 2957 cum,
1117 2893 1182 2944 ut
1221 2901 1393 2960 supra
1438 2885 1654 2947 dictum
1698 2891 1801 2959 est,
1826 2886 1976 2949 circa
2060 2886 2225 2947 loum
2261 2884 2593 2961 antipapam
2622 2885 2759 2961 egit,
2790 2885 2967 2946 variis
2996 2885 3296 2945 adhibitus
3348 2892 3433 2946 est
3475 2885 3785 2962 legationi-

260 2975 390 3035 Καὶ.
446 2974 566 3034 Oct.
619 2974 758 3032 anui
820 2973 947 3033 1061
1010 2980 1157 3033 esset
1208 2975 1442 3049 electus,
1485 2976 1975 3037 consecrationem
2059 2977 2169 3037 bus
2199 2991 2451 3051 quarum
2493 2975 2688 3036 forsan
2715 2975 2875 3050 prior
2903 2975 3013 3036 fuit
3044 2973 3115 3035 ad
3141 2974 3521 3036 Cluniacense
3577 2991 3783 3035 mona-

258 3062 506 3134 distulit,
542 3074 846 3138 quousque
876 3061 1143 3139 synodali
1175 3063 1399 3123 decreto
1429 3080 1534 3123 sua
1562 3063 1762 3123 electio
1799 3081 1972 3126 cano-
2061 3067 2323 3138 sterium,
2357 3082 2491 3127 cum
2522 3066 2705 3141 hujus
2731 3065 2908 3126 abbas
2939 3064 2997 3125 S.
3027 3064 3222 3139 Hugo,
3256 3071 3321 3125 ut
3349 3082 3523 3142 supra
3553 3082 3625 3125 ex
3656 3067 3785 3142 ejus

260 3152 390 3212 uice
437 3153 584 3211 facta
634 3157 1090 3226 cognosceretur,
1139 3157 1311 3227 atque
1366 3158 1488 3213 rata
1536 3154 1747 3230 pariter
1799 3155 2037 3230 habe-,1
2062 3155 2194 3216 Vita
2221 3154 2503 3228 diximus,
2530 3178 2558 3210 «
2584 3155 2862 3215 Romana
2882 3153 3032 3213 sedis
3054 3153 3438 3227 patrocinium
3455 3156 3780 3227 advocaret,

255 3249 435 3301 ratur.
462 3245 589 3301 Imo
616 3255 750 3301 cum
779 3240 1028 3300 schisma
1061 3238 1294 3301 Cadaloi
1327 3242 1673 3317 accessisset,
1706 3245 1780 3303 ab
1820 3243 1971 3305 Urbe
1995 3238 2040 3259 υ
2061 3243 2294 3320 quando
2326 3260 2534 3318 magno
2561 3243 2753 3303 labore
2782 3249 2838 3303 et
2864 3239 3200 3317 difﬁcultate
3229 3258 3261 3300 a
3290 3241 3465 3301 latere
3489 3243 3782 3317 pontificis

255 3332 456 3406 fugam
481 3330 747 3406 arripuit,
782 3347 856 3391 ne
885 3346 918 3389 a
950 3330 1253 3392 nonnullis
1283 3331 1563 3395 Romanis
1592 3333 1837 3395 Cadaloo
1887 3336 1974 3396 fa-
2061 3335 2333 3395 avulsum
2362 3333 2643 3392 domuum
2683 3333 2938 3401 Petrum,
2968 3328 3335 3388 Hostiensem
3364 3328 3630 3388 videlicet
3654 3331 3778 3405 epi-

254 3421 534 3482 ventibus
589 3421 1010 3497 Opprimeretur
1068 3445 1080 3480 :
1133 3440 1167 3481 a
1215 3438 1330 3497 quo
1379 3423 1441 3482 B.
1493 3425 1696 3486 Petrus
1738 3431 1864 3486 tum
1914 3444 1975 3487 se
2059 3438 2318 3498 scopum,
2356 3425 2734 3495 cognomento
2764 3418 3141 3491 Damianum,
3186 3417 3459 3478 obtinuit.
3506 3439 3529 3470 ι
3587 3417 3779 3477 Labo-

253 3526 428 3572 onere
458 3510 770 3588 episcopali
801 3510 1110 3573 liberatqu
1143 3508 1341 3571 scribit
1369 3514 1645 3589 opusculo
1673 3528 1783 3590 XX,
1814 3519 1973 3592 quod
2057 3530 2181 3575 rem
2205 3519 2330 3573 tum
2359 3527 2391 3570 a
2422 3527 2481 3569 se
2513 3509 2848 3585 impensum
2877 3509 3158 3566 memorat
3182 3506 3247 3565 B.
3287 3504 3490 3565 Petrus
3522 3505 3688 3578 epist.
3720 3503 3777 3577 2,

254 3600 444 3660 eidem
477 3599 888 3672 «Alexandro,
937 3600 1267 3675 apostolica
1318 3600 1469 3662 sedis
1521 3603 1700 3664 electo
1747 3610 1802 3666 et
1848 3604 1975 3665 Hil-
2057 3604 2099 3664 1.
2131 3615 2212 3675 VI,
2241 3601 2314 3661 ad
2334 3600 2715 3674 SJ-Iugonem
2740 3596 3009 3659 abbatem
3039 3617 3053 3659 :
3082 3596 3268 3658 «Cum
3279 3596 3404 3673 jam
3421 3611 3536 3670 me,
3561 3595 3779 3671 inquit,

251 3692 546 3753 debrando
577 3716 604 3746 υ
639 3688 933 3767 inscripsit
965 3711 976 3751 :
1014 3698 1188 3767 atque
1227 3692 1308 3751 ita
1358 3700 1530 3769 caput
1560 3695 1579 3753 1
1620 3697 1921 3760 exorditur
1957 3719 1969 3759 ;
2056 3697 2322 3752 senectus
2350 3690 2596 3749 incurva
2621 3688 2990 3763 deprimeret,
3024 3693 3083 3749 et
3102 3689 3270 3748 eii‘eto
3294 3687 3519 3746 viribus
3543 3701 3783 3761 corpore

258 3803 283 3836 α
311 3780 619 3842 Benedicta
647 3781 1058 3856 omnipotentis
1075 3781 1425 3858 dispensatio
1454 3784 1801 3860 Conditoris,
1833 3787 1976 3862 quia
2056 3780 2398 3843 nutabunda
2440 3779 2757 3857 gradientis
2799 3778 3044 3853 vestigia
3074 3778 3183 3838 sub
3212 3775 3447 3837 incertis
3481 3776 3781 3852 gressibus

251 3873 324 3930 ad
345 3887 448 3930 vos
467 3886 657 3947 nuper
675 3866 1012 3944 ascendens,
1037 3871 1289 3937 duorum
1312 3873 1769 3948 episcopatuum,
1793 3875 1973 3937 unius
2055 3870 2401 3931 vacillarent
2414 3888 2430 3942 ;
2457 3885 2562 3944 ego
2598 3868 2669 3927 ad
2699 3872 2815 3929 tua
2839 3867 3123 3943 jussionis
3155 3867 3490 3943 imperium,
3517 3862 3780 3929 animam

251 3959 511 4036 regendi,
553 3976 761 4035 nempe
797 3960 1096 4033 Ostiensis,
1136 3961 1376 4025 alterius
1413 3963 1711 4037 visitandi,
1757 3964 1972 4025 scilicet

250 4047 572 4124 Eugubini,
630 4048 781 4107 mole
838 4047 1167 4124 depressus,
1216 4057 1504 4129 prarupta
1545 4053 1789 4129 Alpium
1830 4054 1972 4133 juga

254 4138 497 4199 transivi
536 4162 549 4195 :
583 4153 842 4214 moxque
885 4139 1112 4199 sarcina
1157 4138 1549 4203 tribulationis
1599 4144 1839 4219 abjecta,
1864 4161 1971 4206 ex-

255 4233 549 4302 oneratus,
576 4233 631 4286 et
680 4227 828 4287 liber
862 4229 936 4288 ad
973 4230 1241 4291 dilectam
1276 4232 1651 4294 solitudinem
1692 4239 1970 4310 tanquam

256 4319 541 4395 fugitivus
614 4317 972 4395 postliminio
1044 4323 1404 4398 repedavi....
1460 4323 1625 4385 Unde
1675 4340 1780 4401 ego
1835 4341 1970 4387 cum

256 4408 709 4471 ecclesiasticum
765 4409 930 4470 vobis
985 4414 1245 4486 regimen
1299 4413 1633 4474 renuntiare
1685 4414 1970 4489 disposui,

257 4515 376 4560 non
423 4499 631 4567 erravi,
662 4495 800 4573 quia
843 4498 1143 4575 Romanae,
1172 4519 1307 4579 qua
1350 4519 1453 4562 vos
1493 4504 1650 4578 estis,
1677 4502 1968 4577 Ecclesia,

260 4591 414 4665 quod
461 4606 636 4651 suum
677 4592 818 4661 erat,
853 4589 1027 4664 digne
1072 4592 1313 4665 restitui,
1349 4599 1493 4652 etut
1520 4594 1684 4654 vobis
1715 4609 1807 4654 me
1835 4611 1972 4654 con-

262 4680 481 4739 fessum
530 4695 654 4739 esse
706 4678 995 4755 proﬁtear,
1045 4695 1149 4755 pro
1200 4680 1308 4740 hac
1356 4682 1699 4745 refutatione
1738 4690 1973 4745 centum

263 4785 552 4828 annorum
582 4769 923 4842 pauitantia
952 4775 1036 4828 est
1063 4768 1209 4827 mihi
1238 4778 1657 4846 consequenter
1687 4772 1973 4849 iujuncta,

266 4876 367 4935 per
395 4859 499 4919 illa
525 4859 806 4918 nimirum
850 4860 1124 4933 remedia,
1156 4877 1289 4937 qua
1319 4860 1655 4921 monasticis
1689 4870 1827 4924 sunt
1882 4882 1971 4924 re-

265 4950 424 5027 gulis
448 4948 731 5008 instituta.
766 4974 793 4999 »
836 4948 1133 5019 Quomodo
1168 4956 1363 5012 autem
1411 4955 1647 5011 centum
1687 4968 1974 5014 annorum

267 5040 609 5117 pauitantia
655 5037 981 5115 expleatur,
1015 5041 1251 5116 exponit
1282 5039 1348 5099 B.
1380 5038 1584 5101 Petrus
1609 5041 1669 5100 in
1707 5040 1835 5102 Vita
1863 5043 1975 5102 Do-

272 5129 469 5189 minici
520 5127 772 5191 Loricati
825 5127 919 5188 his
971 5131 1210 5190 verbis:
1252 5152 1274 5183 α
1321 5129 1497 5190 Porro
1532 5145 1668 5191 cum
1711 5131 1818 5190 tria
1862 5149 1979 5193 sco-

270 5236 478 5294 parum
507 5216 693 5279 millia
726 5234 946 5279 annum
993 5220 1352 5295 pauitantia
1380 5220 1533 5296 apud
1562 5235 1668 5279 nos
1696 5220 1976 5294 regulari-

271 5319 357 5370 ter
401 5312 687 5386 expleant,
751 5312 947 5372 decem
1001 5320 1192 5371 autem
1255 5310 1610 5385 psalmorum
1662 5310 1978 5372 modulatio

273 5401 436 5461 mille
481 5417 678 5476 scopas
727 5403 1011 5476 admittat,
1073 5400 1215 5459 dum
1269 5404 1502 5456 centum
1552 5399 1976 5474 quinquaginta

272 5490 513 5567 psalmis
540 5498 801 5553 constare
832 5492 1166 5569 psalterium
1200 5505 1316 5548 non
1343 5489 1681 5564 ambigitur,
1716 5492 1980 5569 quinque

271 5596 559 5641 annorum
616 5582 959 5655 pauitantia
1008 5580 1072 5639 in
1131 5578 1311 5638 unius
1361 5577 1623 5652 psalterii
1669 5579 1978 5657 disciplina

273 5674 423 5730 recte
467 5672 916 5745 supputautibus
952 5668 1271 5735 invenitur.
1307 5664 1419 5728 Sed
1443 5668 1566 5729 sive
1593 5669 1857 5746 quinque
1884 5674 1973 5734 vi-

2057 3980 2268 4036 meam,
2302 3966 2368 4022 ut
2391 3962 2470 4020 ita
2500 3961 2724 4038 loquar,
2758 3961 2821 4021 in
2852 3961 3128 4023 manibus
3156 3958 3300 4018 meis
3328 3959 3519 4033 posui,
3557 3959 3778 4020 astivis

2053 4048 2325 4129 adoperta
2354 4050 2596 4111 nivibus
2623 4048 2866 4126 Alpium
2893 4054 3186 4126 prarupta
3226 4047 3551 4120 conscendi,
3588 4055 3645 4108 et
3669 4066 3774 4124 pro

2054 4142 2306 4203 utilitate
2355 4139 2705 4200 venerabilis
2752 4138 3095 4199 monasterii
3144 4136 3231 4198 tui
3271 4137 3595 4212 propinqua
3632 4140 3773 4198 satis

2053 4248 2267 4293 oceano
2318 4229 2650 4290 Halliarum
2679 4229 2889 4289 intima
2919 4228 3235 4306 penetravi.
3277 4251 3300 4281 ι
3328 4227 3444 4287 Diu
3473 4244 3534 4289 se
3552 4227 3773 4289 ibidem

2054 4327 2344 4382 moratum
2387 4320 2765 4395 consequitur
2810 4320 2875 4379 iu
2922 4322 3089 4395 epist.
3141 4319 3174 4378 5
3213 4319 3473 4394 ejusdem
3522 4319 3565 4381 l.
3607 4333 3669 4381 VI
3697 4321 3770 4401 ad

2054 4412 2369 4473 monachos
2422 4408 2832 4469 Cluniacenses
2883 4409 2977 4467 his
3026 4409 3220 4469 verbis
3264 4432 3278 4468 :
3329 4430 3358 4465 «
3408 4406 3771 4473 Promissum

2058 4503 2205 4565 mihi
2233 4503 2439 4573 fuerat,
2471 4499 2624 4575 quod
2652 4498 2713 4557 in
2745 4497 3033 4557 Kalendas
3058 4498 3311 4572 Augusti
3340 4500 3522 4560 forem
3546 4517 3770 4577 regres-

2059 4610 2158 4654 sus
2185 4591 2254 4653 ad
2290 4590 2523 4667 propria
2555 4609 2567 4648 :
2602 4588 2701 4647 sed
2748 4586 3043 4664 proﬂigato
3087 4588 3457 4664 postmodum
3495 4589 3772 4650 trimestri

2056 4684 2367 4753 curriculo,
2400 4689 2457 4740 et
2491 4686 2707 4757 quanta
2736 4678 2898 4754 potui
2928 4677 3215 4740 celeritate
3241 4680 3461 4754 curavi,
3494 4686 3549 4740 et
3578 4685 3771 4741 tamen

2058 4773 2160 4833 vix
2190 4777 2323 4835 ante
2360 4771 2632 4845 quintum
2668 4768 2796 4828 Kal.
2830 4767 3113 4831 Novemb.
3148 4768 3327 4844 diem,
3359 4770 3560 4830 Fontis
3591 4769 3768 4830 Avel-

2062 4861 2201 4936 lani,
2232 4859 2388 4921 unde
2427 4874 2836 4933 processeram,
2877 4873 3157 4925 cacumen
3209 4861 3463 4924 ascendi.
3502 4883 3524 4915 ι
3561 4859 3771 4919 Memi-

2061 4952 2148 5010 nit
2188 4949 2362 5009 etiam
2388 4947 2453 5009 B.
2484 4947 2687 5007 Petrus
2714 4948 2894 5024 hujus
2925 4952 3020 5010 sui
3046 4950 3276 5013 itineris
3323 4965 3520 5027 opusc.
3570 4961 3769 5009 xxxrv

2061 5058 2109 5100 c.
2140 5042 2193 5115 6,
2227 5046 2282 5101 at
2309 5056 2504 5115 opusc.
2545 5052 2768 5100 xxxrx.

2136 5133 2224 5193 33.
2273 5133 2531 5195 Alteram
2567 5133 2630 5193 B.
2662 5133 2813 5194 Petri
2855 5133 2915 5193 in
2962 5132 3178 5197 Gallias
3222 5135 3586 5209 legationem,
3635 5149 3770 5194 cum

2063 5223 2281 5284 eximia
2309 5223 2433 5297 ejus
2463 5223 2959 5284 commendatione
3010 5226 3263 5286 continet
3289 5240 3377 5297 ep.
3411 5222 3474 5281 21
3507 5221 3772 5281 Alexan-

2062 5315 2152 5374 dri
2200 5316 2363 5388 papa
2401 5313 2472 5373 ad
2519 5313 2783 5390 quinque
2837 5314 3291 5388 archiepiscopus
3338 5311 3563 5385 Gallia,
3592 5328 3770 5388 quam

2066 5405 2159 5463 hic
2188 5403 2477 5476 integram
2507 5404 2713 5464 damus
2744 5424 2757 5465 :
2796 5428 2821 5454 α
2854 5403 3186 5462 Alexander
3218 5401 3536 5476 episcopus,
3568 5417 3770 5461 servus

2064 5508 2365 5553 servorum
2409 5491 2535 5565 Dei,
2565 5493 2631 5553 Gr.
2665 5491 2961 5562 Bamensi,
2996 5491 3064 5548 Β.
3113 5491 3454 5562 Scuoueusi,
3484 5491 3549 5550 B.
3584 5490 3769 5552 Turo-

2065 5584 2255 5657 nensi,
2288 5582 2365 5645 M.
2397 5582 2765 5656 Bituricensi,
2800 5580 2868 5643 T.
2904 5580 3331 5656 Burdigalensi,
3384 5581 3764 5656 archiepisco-

2062 5678 2169 5751 pis,
2225 5670 2492 5750 salutem,
2549 5682 2604 5738 et
2655 5672 3026 5751 apostolicam
3101 5671 3581 5737 benedictionem.
3637 5670 3763 5733 Non
