4034 6454
279 276 385 337 109
776 269 1352 332 PBOLEGOMENA.
1393 296 1462 314 -·
1501 267 1598 327 DE
1638 266 1698 327 S.
1738 265 1980 326 PETRO
2018 262 2363 324 DAMIANU
2400 262 2863 324 HENSGHENII
2903 262 3285 325 COMMENT.
3682 270 3782 331 110

273 401 510 477 ignorat
547 400 741 458 sancta
781 399 974 457 vestra
1012 393 1359 467 fraternitas,
1404 391 1787 466 dilectissimi,
1833 390 1988 467 quod
2009 386 2337 454 Accusiliis
2382 391 2711 462 superatus,
2762 401 2851 477 ne,
2868 387 3160 477 principes
3207 391 3373 464 regni
3412 389 3785 455 frustraretur

275 476 357 549 ex
408 487 753 549 auctoritate
807 484 961 545 sedis
1005 482 1349 559 apostolicae,
1405 482 1505 542 cui
1564 496 1672 541 nos
1721 480 1996 555 indignos
2074 493 2219 554 quos
2272 491 2505 537 summa
2567 476 2892 552 frequentia
2946 476 3061 536 sibi
3114 477 3432 549 Moguntias
3480 495 3785 542 occurrere

276 578 590 640 clementia
624 575 827 637 divina
864 573 1136 649 praefecit,
1184 573 1360 633 totius
1406 570 1759 632 universalis
1796 570 1997 630 Eccle-
2069 566 2330 642 jussisset
2350 589 2365 638 ;
2412 566 2859 625 Francofurtum
2898 565 3059 638 abiit,
3098 565 3300 642 ibique
3349 581 3451 629 eos
3499 571 3600 643 qui
3656 570 3788 631 Mo-

278 673 386 732 sias
423 666 734 744 regendus,
766 678 833 724 ac
873 663 1273 737 disponendus
1319 661 1491 721 nobis
1533 666 1717 720 status
1761 660 1995 720 incum-

280 758 389 820 bit.
427 754 717 829 Quoniam
765 752 945 829 igitur
991 749 1261 826 pluribus
1313 748 1700 811 Ecclesiarum
1749 750 1998 825 negotiis

280 844 567 920 occupati,
599 842 673 902 ad
721 855 821 902 vos
856 839 971 915 ipsi
1017 839 1219 900 venire
1263 854 1382 900 non
1432 855 1766 915 possumus,
1824 840 1995 900 talem

284 935 450 995 vobis
472 933 671 994 virum
701 929 988 989 destinare
1017 931 1375 1002 curavimus,
1407 943 1524 1004 quo
1550 928 1835 989 nimirum
1872 935 2003 1004 post

285 1040 391 1086 nos
420 1027 608 1099 major
636 1024 699 1082 in
725 1022 987 1083 Romana
1021 1021 1274 1082 Ecclesia
1300 1035 1420 1081 non
1456 1022 1722 1095 habetur,
1763 1022 1999 1081 Petrum

284 1107 551 1174 videlicet
583 1112 935 1172 Damianum
973 1111 1295 1172 Ostiensem
1363 1110 1717 1186 episcopum,
1763 1113 1867 1186 qui
1903 1112 1997 1171 ni-

288 1204 505 1264 mirum
561 1207 620 1262 et
678 1207 873 1262 noster
925 1208 1012 1260 est
1066 1202 1295 1274 oculus,
1349 1202 1790 1276 etaposlolicae
1849 1201 2002 1262 sedis

285 1290 587 1353 immobile
619 1292 1074 1351 firmamentum.
1108 1290 1262 1351 Huic
1290 1292 1485 1366 itaque
1525 1292 1713 1352 vicem
1744 1298 2001 1352 nostram

286 1383 457 1459 pleno
486 1383 623 1458 jure
673 1379 1092 1450 commisimus,
1134 1384 1201 1438 ut
1247 1378 1540 1455 quidquid
1592 1381 1657 1440 in
1710 1381 1830 1440 illis
1883 1380 2004 1440 Deo

289 1471 615 1533 auxiliante
665 1469 942 1540 statuerit,
993 1469 1074 1528 ita
1117 1472 1310 1529 ratum
1354 1475 1620 1530 teneatur
1662 1475 1718 1529 et
1762 1471 2002 1529 ﬁrmum

291 1578 359 1622 ac
392 1563 444 1623 si
498 1561 734 1637 speciali
775 1560 956 1621 nostri
994 1560 1287 1620 examinis
1329 1563 1509 1621 fuerit
1537 1562 1821 1622 sententia
1868 1577 2003 1637 pro-

293 1653 642 1727 mulgatum.
726 1650 1082 1727 Quapropter
1179 1651 1576 1711 venerabilem
1645 1653 2004 1713 sanctitatem

2074 658 2299 734 guntim
2348 661 2758 729 convenerant,
2810 657 3008 716 adesse
3053 656 3245 731 jussit.
3300 657 3429 730 Quo
3474 659 3619 719 dum
3678 661 3787 722 fre-

2077 752 2324 823 quentes
2354 745 2672 817 venissent,
2701 744 2907 806 Petrus
2940 746 3260 805 Damiauus
3297 747 3367 811 (is
3412 748 3634 822 legatus
3664 762 3787 812 erat

2077 840 2230 900 sedis
2270 837 2618 914 apostolicae,
2670 838 2764 898 vir
2796 844 2963 900 aetate
3020 844 3077 900 et
3113 841 3250 900 vitas
3303 841 3636 902 innocentia
3679 842 3785 903 ad-

2080 930 2313 990 modum
2342 930 2717 1001 reverendus)
2758 931 3027 990 mandata
3062 932 3333 1007 exposuit
3365 932 3612 993 Romani
3638 948 3786 1009 pon-

2080 1020 2267 1093 tiﬁcis,
2324 1021 2634 1096 pessimam
2700 1033 2843 1093 rem,
2920 1024 2978 1080 et
3049 1036 3083 1080 a
3140 1022 3383 1083 nomine
3435 1023 3784 1099 Christiano,

2081 1110 2300 1183 nedum
2341 1110 2414 1169 ab
2459 1109 2638 1182 regio,
2685 1110 2941 1169 multum
2987 1109 3392 1170 abhorrentem
3443 1127 3567 1172 esse
3610 1128 3786 1188 quam

2080 1200 2372 1259 moliatur.
2423 1199 2485 1260 Si
2524 1198 2723 1258 minus
2766 1199 3043 1258 humanis
3080 1200 3327 1274 legibus,
3358 1201 3453 1260 vel
3490 1215 3787 1262 canonum

2080 1289 2479 1348 sanctionibus
2538 1292 2867 1360 terreretur,
2918 1293 3175 1362 parceret
3217 1289 3422 1349 saltem
3484 1290 3675 1364 famis,
3728 1299 3789 1352 et

2082 1375 2496 1438 existimationi
2525 1377 2792 1451 proprias,
2827 1390 2903 1437 ne
2939 1376 3157 1436 scilicet
3197 1384 3312 1438 tam
3355 1380 3496 1439 foedi
3527 1381 3786 1456 exempli

2082 1482 2400 1541 venenum,
2417 1466 2492 1525 ab
2515 1481 2650 1540 rege
2676 1471 2908 1540 sumpto
2933 1465 3122 1538 initio,
3136 1471 3322 1527 totum
3344 1470 3793 1531 commacularet

2082 1559 2362 1634 populum
2413 1557 2821 1629 christianum,
2884 1560 2941 1616 et
3006 1556 3110 1631 qui
3163 1556 3323 1618 ultor
3373 1573 3502 1619 esse
3552 1560 3793 1622 debuis-

2083 1652 2170 1707 set
2232 1646 2571 1714 criminum,
2637 1646 2760 1722 ipse
2813 1652 3015 1707 auctor
3068 1652 3127 1706 et
3197 1647 3443 1722 signifer
3514 1650 3678 1710 ﬁeret
3721 1651 3794 1711 ad

293 1748 547 1804 vestram
609 1742 860 1802 fraterna
918 1741 1196 1801 charitate
1267 1756 1592 1813 mouemus,
1654 1749 1713 1802 et
1761 1736 2393 1819 insuperBﬂagitium.
2437 1737 2734 1798 Postremo
2781 1737 2833 1796 si
2869 1753 2989 1799 non
3044 1739 3371 1800 ﬂecteretur
3405 1740 3689 1814 consiliis,
3737 1755 3801 1801 se

290 1832 604 1910 apostolica
666 1830 834 1890 vobis
888 1830 1225 1891 auctoritate
1270 1831 1661 1907 praecipimus,
1712 1838 1777 1893 ut
1827 1832 2001 1893 talem

292 1930 640 1999 tantumque
676 1922 894 1994 virum,
934 1926 1212 1997 tauquam
1248 1926 1503 1980 nostram
1541 1936 1866 1995 personam,
1920 1921 2001 1981 di-

294 2028 411 2088 gna
455 2011 735 2073 studeatis
767 2011 1072 2071 devotione
1121 2011 1431 2086 suscipere,
1474 2011 1713 2086 ejusque
1765 2014 1999 2070 senten-

293 2102 391 2162 tiis
442 2107 619 2178 atque
672 2100 909 2176 iudiciis
973 2104 1205 2176 propter
1266 2098 1332 2160 B.
1393 2100 1548 2161 Petri
1611 2100 2001 2176 apostolorum

290 2192 573 2270 principis
626 2192 1008 2253 reverentiam
1051 2190 1356 2251 humiliter
1417 2190 1670 2252 obedire.
1732 2190 2007 2266 Quisquis

291 2284 452 2345 enim
515 2283 668 2342 fastu
725 2280 1014 2356 superbiae
1077 2279 1254 2354 (quod
1305 2279 1474 2351 absit)
1537 2280 1793 2353 inﬂatus,
1846 2279 2008 2339 illius

288 2368 514 2446 judicio
547 2366 931 2429 contradictor
983 2364 1079 2425 vel
1115 2365 1449 2425 adversator
1490 2366 1794 2435 exstiterit,
1822 2380 2008 2441 usque

294 2461 367 2520 ad
419 2459 659 2534 dignam
732 2454 1201 2529 satisfactionem,
1252 2458 1510 2514 nostram
1580 2454 1669 2514 vel
1729 2454 2011 2513 Romanas

297 2547 576 2610 Ecclesia
616 2548 861 2623 gratiam
906 2560 1027 2605 non
1063 2543 1315 2605 habebit.
1366 2544 1511 2616 Quia
1544 2558 1704 2615 vero,
1752 2558 1887 2602 cum
1937 2540 2011 2601 ad

299 2653 403 2698 vos
446 2637 775 2698 Girelmum
830 2633 1118 2705 misimus,
1174 2633 1365 2694 adhuc
1414 2632 1729 2692 adventum
1784 2630 2011 2706 praelati

297 2730 524 2792 domini
567 2726 722 2789 Petri
750 2740 859 2786 nos
897 2725 1206 2801 impetrare
1230 2740 1415 2800 posse_
1435 2724 1774 2784 nullatenus
1817 2737 2013 2797 spera-

299 2834 519 2893 remus,
554 2817 831 2879 volumus
858 2821 942 2889 ut,
981 2816 1031 2875 si
1059 2814 1202 2893 quid
1232 2813 1386 2889 apud
1424 2828 1528 2873 vos
1559 2813 1859 2873 Girelmus
1894 2827 2019 2872 cm-

301 2910 405 2985 pit,
455 2908 528 2968 ad
580 2898 804 2967 demini
855 2904 1010 2964 Petri
1066 2903 1465 2978 magisterium
1519 2902 1736 2975 veniat,
1794 2907 1848 2960 et
1913 2917 2019 2977 per

302 2997 430 3071 ejus
455 3010 695 3056 manum
730 2993 1020 3070 quidquid
1040 2992 1332 3069 agendum
1370 2998 1476 3058 est,
1510 2990 1628 3050 ﬁat.
1665 3014 1687 3040 ι
1721 2990 2019 3049 Hactenus

2084 1829 2408 1887 necessario
2440 1828 2565 1888 vim
2602 1827 3046 1888 ecclesiasticam
3075 1827 3499 1903 adhibiturum,
3535 1836 3593 1890 et
3618 1845 3797 1892 cano-

2085 1933 2232 1980 num
2274 1920 2400 1995 lege
2437 1917 2627 1980 scelus
2667 1920 3122 1994 prohibiturum.
3164 1919 3256 1980 Ad
3293 1920 3421 1980 hac
3446 1921 3571 1982 suis
3606 1922 3798 1982 mani-

2086 2010 2197 2069 bus
2237 2022 2547 2084 nunquam
2576 2009 2983 2081 imperatorem
3015 2009 3472 2069 consccraudum
3511 2010 3655 2082 fore,
3692 2011 3799 2086 qui

2091 2109 2206 2162 tam
2231 2099 2527 2177 pestilenti
2561 2099 2851 2173 exemplo,
2880 2106 3165 2174 quantum
3209 2101 3274 2160 in
3315 2116 3377 2161 se
3426 2107 3593 2173 esset,
3624 2100 3801 2162 ﬁdem

2092 2189 2478 2250 Christianam
2528 2187 2892 2263 prodidisset.
2933 2210 2955 2243 ι)
3022 2188 3161 2250 Haec
3218 2205 3450 2250 summa
3497 2188 3803 2263 legationis

2089 2282 2156 2342 B.
2209 2280 2383 2355 Petri,
2418 2296 2595 2357 quam
2643 2280 2932 2356 principes
2970 2294 3200 2352 sequam
3246 2293 3546 2350 censuere,
3590 2293 3657 2338 ac
3698 2292 3806 2339 rex

2092 2373 2216 2447 ipse
2256 2369 2492 2431 tandem
2530 2370 2768 2444 fractus,
2812 2371 2875 2428 in
2924 2370 3085 2444 regni
3134 2384 3201 2428 ac
3251 2368 3402 2429 thori
3444 2370 3801 2431 consortium

2093 2460 2355 2533 reginam
2401 2456 2657 2533 admisit,
2703 2472 2781 2518 ex
2823 2473 3009 2533 eaque
3049 2457 3212 2533 regni
3253 2457 3545 2519 haeredem
3588 2464 3646 2520 et
3680 2474 3806 2521 suc-

2094 2565 2379 2611 cessorem
2400 2549 2623 2625 genuit.

2166 2639 2254 2698 35.
2312 2638 2553 2698 Henrici
2590 2638 2769 2714 hujus
2821 2634 2973 2713 regis
3004 2642 3191 2696 mater
3230 2643 3351 2698 erat
3393 2638 3608 2714 Agnes,
3639 2640 3806 2701 Guil‘

2095 2728 2257 2789 lelmi
2281 2728 2382 2800 IV,
2407 2728 2579 2789 ducis
2600 2727 2951 2802 Aquitaniae,
2981 2726 3127 2799 ﬁlia,
3149 2742 3283 2787 cum
3323 2728 3530 2789 marito
3550 2729 3807 2793 Henrico

2095 2817 2345 2878 Conradi
2400 2817 2579 2879 Salici
2616 2816 2762 2888 ﬁlio,
2805 2830 2840 2875 a
2890 2816 3186 2876 Clemente
3221 2815 3250 2876 Ι
3299 2833 3465 2893 papa,
3517 2825 3583 2878 ut
3632 2835 3809 2895 supra

2095 2909 2379 2982 diximus,
2411 2924 2511 2968 an.
2543 2906 2681 2968 1046
2715 2906 3057 2983 imperatrix
3090 2913 3358 2969 coronata
3387 2932 3401 2968 :
3445 2924 3579 2983 quae
3604 2907 3811 2986 inique

2098 2997 2272 3058 etiam
2320 2996 2534 3057 tulerat
2577 2997 2797 3071 absque
2846 2994 3078 3056 licentia
3125 3012 3251 3071 sua,
3301 3000 3358 3057 et
3400 2996 3508 3056 ﬁlii
3550 3003 3811 3058 creatum

303 3102 394 3161 ep.
425 3084 747 3146 Alexandri
781 3085 857 3145 ΙΙ.
887 3083 1048 3144 Inter
1082 3082 1198 3143 alia
1235 3091 1361 3144 tum
1396 3082 1673 3157 praeclare
1709 3083 1773 3141 in
1811 3081 2018 3141 Galliis
2040 3088 2282 3164 “fuisse
2319 3103 2529 3164 papam
2566 3087 2971 3149 Alexandrum
3007 3087 3085 3162 II,
3125 3094 3181 3148 et
3215 3093 3416 3149 contra
3452 3104 3588 3149 eum
3625 3090 3815 3150 adha-

305 3267 587 3344 episcopis
618 3268 679 3327 in
712 3265 1105 3340 Reginaldum
1139 3265 1478 3325 monasterii
1518 3264 1576 3325 S.
1623 3262 1883 3323 Medardi
1920 3263 2018 3322 in-

307 3376 575 3422 vasorem
621 3357 738 3418 lata
786 3363 892 3434 est,
933 3372 1113 3434 quam
1150 3357 1490 3418 Alexander
1522 3356 1600 3432 II,
1640 3356 1880 3431 epistola
1923 3352 2014 3427 2?,

308 3450 381 3511 ad
432 3449 778 3511 Gervasium
814 3449 1311 3525 archiepiscopum
1347 3450 1588 3525 ejusque
1625 3449 2022 3523 suiﬁagaucos

314 3543 445 3602 data
498 3540 820 3615 confirmat,
860 3554 1105 3616 eamque
1141 3539 1502 3601 exsecutioni
1546 3537 1810 3598 mandari
1869 3552 2020 3613 prte-

310 3631 472 3707 cipit.
498 3630 821 3708 Epistolam
848 3629 1147 3691 brevitatis
1173 3643 1348 3689 causa
1371 3628 1594 3689 omitto.

386 3724 476 3788 34.
514 3723 735 3785 Iterum
776 3727 938 3783 trans
972 3722 1150 3798 Alpes
1187 3720 1411 3798 legatus
1462 3728 1548 3782 est
1588 3722 1655 3783 B.
1704 3721 1908 3783 Petrus
1952 3719 2026 3781 ad

316 3816 639 3881 Henricum
686 3830 904 3892 regem,
940 3828 1075 3875 cum
1120 3814 1173 3873 is
1204 3813 1459 3890 juvenili
1498 3814 1694 3874 furore
1731 3813 2023 3889 abreptus,

316 3909 551 3970 Bertam
586 3906 914 3982 coniugem,
953 3919 1129 3980 quam
1168 3907 1304 3964 ante
1339 3903 1649 3964 biennium
1679 3902 1743 3962 iu
1780 3916 2029 3962 uxorem

318 4001 587 4074 duxerat,
639 3997 928 4059 statuisset
978 3994 1304 4071 repudiare.
1352 3994 1697 4056 Lambertus
1747 3991 2030 4054 Schafna-

320 4088 649 4167 burgeusis,
678 4087 786 4164 qui
812 4091 938 4148 tum
971 4083 1220 4158 vivebat,
1250 4100 1375 4145 rem
1406 4089 1626 4160 gestam
1651 4083 1714 4142 in
1744 4079 2032 4167 Chronico

322 4177 395 4239 ad
440 4166 671 4237 annum
724 4173 863 4234 1069
903 4188 1020 4248 quo
1071 4171 1331 4247 contigit,
1393 4171 1474 4231 ita
1523 4174 1719 4230 narrat
1775 4186 1791 4229 :
1847 4193 1875 4219 α
1901 4166 2036 4229 Post

322 4266 696 4328 Pentewsten
742 4278 849 4323 rex
898 4261 1247 4324 Wormatiaa
1293 4277 1428 4322 cum
1469 4259 1833 4337 principibus
1869 4257 2035 4336 regni

322 4353 683 4433 colloquium
718 4352 944 4413 habuit.
986 4350 1076 4413 Ibi
1114 4352 1373 4427 primum
1427 4366 1564 4412 cum
1602 4350 1867 4426 episcopo
1910 4348 2037 4408 Mo-

304 3135 444 3239 arB.
481 3177 650 3239 Petro
676 3181 916 3252 patrata,
953 3176 1235 3236 sententia
1279 3135 1672 3236 exsecutionis
1711 3188 1844 3233 cum
1884 3172 2018 3233 aliis
2039 3135 2251 3240 Cserat
2312 3135 2647 3254 {Eamque
2718 3177 2965 3239 Gadaloo
3023 3135 3404 3254 pseudopapag

3461 3198 3477 3240 :
3537 3196 3642 3255 pro
3698 3195 3815 3255 quo

2102 3196 2251 3240 serat
2312 3196 2647 3254 raveratque
2718 3196 2965 3239 uaaaloo
3023 3196 3404 3254 pseuuopapae
3461 3198 3477 3240 :
3537 3196 3642 3255 pro
3698 3196 3814 3258 quo

2102 3269 2311 3330 delicto
2362 3268 2655 3345 expiando
2689 3267 2935 3328 Romam
2973 3268 3134 3326 venit
3170 3267 3243 3327 ad
3286 3267 3490 3329 limina
3525 3270 3814 3344 apostolo-

2104 3373 2258 3433 rum,
2287 3359 2392 3419 ubi
2433 3372 2541 3418 usa
2579 3362 2667 3417 est
2701 3354 2947 3416 concilio
2978 3353 3044 3415 B.
3086 3354 3239 3416 Petri
3270 3355 3437 3417 Dam.
3486 3357 3551 3417 in
3593 3364 3815 3433 patrem

2106 3449 2464 3527 spiritualem
2527 3447 2833 3524 assumpti,
2900 3447 2999 3507 cui
3061 3446 3259 3507 omnia
3319 3463 3429 3508 sua
3495 3455 3724 3524 peccata
3784 3468 3821 3512 a

2108 3541 2297 3615 prima
2334 3538 2581 3599 infantia
2634 3540 2851 3613 patrata
2897 3535 3159 3595 confessa
3214 3542 3319 3595 est.
3379 3537 3519 3609 Quae
3577 3539 3821 3615 ipsemet

2110 3631 2177 3692 Β.
2210 3630 2414 3691 Petrus
2452 3633 2697 3689 testatur
2717 3627 2996 3703 opusculo
3019 3639 3117 3688 LVI
3146 3626 3229 3687 De
3254 3626 3416 3689 ﬂuxa
3444 3630 3656 3690 mundi
3692 3632 3822 3707 glo-

2112 3721 2197 3781 ria
2237 3726 2293 3780 et
2328 3718 2531 3781 saeculi
2567 3716 2935 3794 despectione
2967 3716 3058 3777 illi
3094 3718 3375 3792 inscripto
3418 3733 3543 3794 cap.
3596 3722 3650 3780 5.
3693 3721 3817 3783 Ex-

2114 3815 2268 3872 stant
2337 3816 2392 3871 et
2441 3816 2694 3886 quatuor
2742 3808 3004 3883 ejusdem
3052 3808 3124 3868 ad
3175 3808 3329 3867 hanc
3392 3808 3822 3886 imperatricem

2116 3901 2373 3977 epistolae
2410 3901 2451 3961 1.
2494 3911 2599 3973 vn,
2638 3900 2702 3959 iu
2740 3914 2990 3976 quarum
3028 3899 3233 3959 ultima
3264 3900 3529 3962 eamdem
3573 3904 3634 3965 in
3678 3906 3823 3967 Ger-

2117 3990 2375 4052 maniam
2431 3991 2744 4067 profectam
2802 3991 3086 4066 hortatur,
3146 3997 3212 4053 ut
3276 3987 3522 4055 Romam
3584 3997 3821 4058 redeat:

2119 4081 2274 4160 quod
2305 4088 2364 4142 et
2406 4080 2559 4155 fecit,
2595 4096 2662 4141 ac
2700 4081 2903 4142 Romae
2942 4096 3313 4158 permanens,
3347 4086 3645 4150 sanctitate
3683 4103 3820 4150 con-

2120 4172 2322 4248 spicua
2349 4187 2381 4232 e
2408 4169 2525 4231 vita
2554 4170 2797 4231 decessit
2819 4185 2977 4232 anno
3005 4171 3161 4233 l077.

2877 4318 2906 4391 ἃ
2963 4315 3055 4379 VI.

323 4414 570 4523 guuﬁno
616 4460 742 4506 rem
787 4448 1004 4506 secreto
1050 4414 1189 4519 agit,
1229 4444 1470 4520 ejusque
1523 4414 1692 4518 opem
1739 4414 1812 4501 ad
1863 4443 2026 4517 perﬁ-

2179 4418 2348 4486 θυαῆο
2406 4417 2562 4475 Beati
2616 4417 2765 4473 Petri
2828 4418 2903 4472 ad
2964 4414 3302 4475 Florentium
3364 4422 3414 4476 et
3465 4423 3824 4498 Ravennates,

324 4500 619 4608 Ziendum,
642 4533 797 4610 quod
821 4539 1013 4607 mente
1033 4500 1426 4606 machin‘etujr,
1456 4500 1671 4592 obnixe
1698 4530 1779 4590 im
1788 4500 2035 4606 plorat...
2054 4500 2102 4562 D

330 4626 630 4704 Synodum
707 4624 1064 4687 conﬁciendo
1139 4626 1368 4701 negotio
1434 4625 1653 4685 indixit
1723 4621 2039 4697 Moguntim

328 4719 598 4795 proxima
661 4724 790 4794 post
842 4718 1053 4778 festum
1119 4718 1179 4779 S.
1236 4716 1536 4778 Michaelis
1583 4712 2036 4776 hebdomada....

328 4810 678 4871 Imminente
722 4809 841 4885 jam
890 4809 1005 4876 die,
1046 4809 1151 4884 qui
1205 4808 1523 4869 scindendo
1560 4807 1712 4881 regis
1767 4805 2039 4881 conjugio

327 4899 517 4961 dictus
568 4900 775 4973 fuerat,
826 4913 933 4957 rex
982 4894 1340 4972 Moguntiam
1377 4894 1641 4955 concitus
1678 4892 2035 4968 properabat.

330 4989 403 5048 Et
428 5006 557 5049 ecce
591 4988 745 5047 inter
790 4986 1054 5047 eundum
1091 4986 1369 5060 comperit
1404 4983 1659 5058 legatum
1699 4981 1852 5041 sedis
1903 4996 2037 5055 apo-

329 5079 549 5140 stolica)
608 5094 785 5139 suum
830 5076 1146 5151 Moguntize
1184 5077 1499 5134 adventum
1549 5071 1885 5147 praestolari,
1934 5069 2040 5146 qui

332 5168 644 5229 discidium
693 5168 823 5227 fieri
877 5167 1200 5245 prohibeat,
1256 5170 1312 5225 et
1381 5164 1647 5239 episc0po
1700 5161 2040 5237 Moguntino

332 5258 661 5335 apostolicae
722 5255 1244 5318 animadversionis
1307 5254 1651 5314 sententiam
1717 5253 2037 5324 minitetur,

336 5347 495 5422 quod
540 5351 660 5406 tam
695 5345 933 5407 nefariae
971 5342 1349 5421 separationis
1394 5358 1454 5402 se
1490 5348 1783 5402 auctorem
1820 5341 2040 5415 promi-

337 5438 493 5497 serit.
549 5437 956 5497 Consternatus
1000 5434 1180 5507 illico,
1226 5433 1378 5508 quod
1416 5447 1538 5493 rem
1570 5432 1676 5492 diu
1715 5436 2043 5507 exoptatam

337 5528 680 5605 perdidisset
709 5545 742 5590 e
768 5528 1059 5601 manibus,
1089 5528 1303 5604 pariter
1332 5539 1448 5600 quo
1486 5529 1721 5586 venerat
1760 5522 1823 5582 in
1856 5522 2041 5584 Saxo-

342 5620 504 5684 niam
550 5620 737 5683 redire
774 5619 1019 5683 volebat.
1058 5616 1177 5679 Vix
1213 5620 1271 5678 et
1306 5630 1459 5693 aegre
1492 5620 1685 5677 tamen
1723 5615 2039 5677 amicorum

2553 4506 2752 4570 obitus,
2776 4508 3081 4578 sepultura,
3111 4511 3403 4566 veneratio.

2192 4620 2280 4681 36.
2312 4621 2381 4680 In
2426 4620 2594 4681 Italia
2625 4619 2848 4682 ultimis
2894 4618 3029 4679 vitae
3067 4635 3192 4681 suae
3236 4621 3407 4681 annis
3454 4623 3637 4685 multa
3680 4640 3827 4702 pras-

2122 4709 2270 4771 clara
2319 4710 2436 4786 egit
2468 4708 2534 4772 B.
2569 4709 2797 4784 Petrus,
2839 4724 3092 4787 quorum
3135 4709 3250 4770 alia
3278 4725 3402 4786 cap.
3440 4710 3478 4772 8
3513 4720 3568 4775 et
3614 4715 3649 4776 9
3679 4714 3829 4778 Vita:

2122 4804 2454 4872 narrantur,
2505 4799 2620 4860 alia
2666 4798 2791 4859 illic
2840 4800 3054 4860 omissa
3092 4798 3292 4875 paucis
3323 4800 3419 4862 hic
3463 4806 3821 4883 attingimus.

2124 4890 2399 4966 Magnum
2425 4888 2578 4949 circa
2613 4903 2839 4949 annum
2875 4886 3014 4948 1063
3051 4886 3368 4949 conﬂatum
3398 4896 3484 4952 est
3520 4893 3583 4952 in
3630 4894 3827 4954 Eccle-

2123 4977 2207 5037 sia
2256 4978 2593 5039 Florentina
2646 4978 2919 5052 schisma,
2977 4976 3395 5041 dissidentibus
3441 4982 3512 5041 ab
3563 4983 3827 5060 episcopo

2125 5065 2445 5141 monachis,
2509 5067 2662 5127 inter
2723 5081 2873 5144 quos
2950 5065 3210 5144 primum
3291 5068 3482 5129 locum
3569 5072 3828 5133 tenuisse

2129 5156 2189 5218 S.
2218 5156 2503 5217 Joannem
2515 5156 2916 5233 Gualbertum,
2929 5158 3152 5219 ordinis
3172 5156 3354 5219 Vallis
3377 5155 3674 5220 Umbrosaa
3692 5162 3827 5223 fun-

2124 5248 2401 5318 datorem,
2440 5247 2504 5307 in
2556 5247 2688 5309 Vita
2742 5250 2946 5326 ipsius,
3000 5249 3073 5310 ad
3142 5250 3208 5309 l2
3258 5249 3404 5310 Julii
3456 5249 3825 5330 illustrauda,

2126 5336 2400 5398 asseritur
2437 5338 2531 5397 his
2567 5337 2760 5399 verbis
2809 5360 2821 5401 :
2878 5364 2907 5397 α
2938 5339 3040 5401 Vir
3086 5340 3289 5401 beatus
3321 5342 3656 5419 episcopum
3689 5345 3827 5409 F10-

2130 5429 2444 5504 rentinum,
2484 5430 2725 5493 nomine
2767 5430 3019 5508 Petrum,
3058 5432 3241 5508 patria
3278 5430 3671 5512 Ticinensem,
3708 5455 3830 5501 non

2128 5522 2319 5583 solum
2372 5520 2661 5596 simoniee,
2721 5522 2821 5582 sed
2871 5525 3047 5585 etiam
3095 5525 3355 5600 haeresis,
3403 5533 3634 5605 propter
3675 5528 3829 5592 illud

2128 5613 2343 5675 vitium
2394 5626 2530 5676 cum
2576 5611 2700 5678 suis
2738 5610 3015 5677 fratribus
3050 5626 3215 5679 reum
3249 5616 3560 5695 asserebat,
3600 5636 3708 5682 nec
3754 5622 3831 5684 ab
