4034 6450
234 265 332 324 111
1141 254 1200 315 S.
1241 254 1534 314 PETRUS
1572 253 1966 313 DAMIANUS
2007 253 2066 313 S.
2110 254 2179 313 Il.
2220 255 2287 313 E.
2331 254 2813 315 GARDINALIS.
3495 316 3509 324 ,
3628 253 3737 312 112

226 405 295 448 eo
322 387 677 447 sacramenta
703 379 1070 454 percipienda
1098 378 1367 438 dictabat.
1400 377 1541 436 Inde
1580 393 1718 436 vero
1748 377 1993 438 vehe-A
2016 375 2340 436 lianensem
2364 377 2429 435 in
2458 376 2662 436 Galliis
2687 378 2863 450 episc.
2902 376 3072 451 cujus
3116 375 3371 435 Ecclesia
3410 376 3484 434 ab
3508 376 3734 450 impro-

227 492 397 536 mens
439 480 563 532 orta
594 476 679 529 est
724 467 1014 528 contentio
1055 465 1117 525 in
1150 467 1304 526 clero
1341 473 1398 525 et
1437 466 1650 541 populo
1700 466 1937 525 Floren-
2025 467 2110 526 bis
2158 472 2386 538 vexata,
2413 467 2617 526 multis
2659 466 3052 525 calamitatum
3084 465 3351 539 procellis
3388 472 3444 523 et
3474 465 3734 525 turbini-

227 567 372 634 tino,
403 562 534 622 aliis
566 560 900 634 episcopum
930 555 1393 627 defendentibus,
1435 556 1574 614 aliis
1623 555 1938 614 monachos
2022 558 2128 617 bus
2186 556 2529 630 agitabatur,
2577 556 2767 615 eidem
2810 560 3078 615 accurate
3113 554 3479 614 commendat
3514 575 3526 612 :
3559 556 3732 615 modo

225 650 621 720 laudantibus,
664 648 817 721 quod
872 650 1027 704 tanta
1066 644 1328 703 libertate
1380 643 1531 702 illud
1585 644 1795 702 vitium
1833 643 1936 702 de-
2017 646 2355 721 deprecatur
2387 661 2489 720 pro
2532 645 2869 704 Ravennate
2916 645 3092 719 episc.
3124 650 3190 703 ut
3225 645 3299 703 ab
3342 645 3730 704 anathematis

229 746 591 801 testarentur.
634 761 654 787 ι
691 736 763 794 Et
812 734 1063 809 episcopi
1108 749 1341 807 parens,
1374 739 1575 805 utpote
1615 736 1768 789 homo
1797 736 1932 788 sim-

217 832 580 902 plicissimus,
635 823 816 883 falsus
876 822 1088 880 dicitur
1146 837 1207 878 se
1260 825 1377 891 regi
1428 827 1508 877 ter
1550 823 1703 877 mille
1761 822 1933 877 libras

224 920 457 974 dedisse.
502 912 836 974 Alexander
878 908 952 980 II,
997 910 1172 968 misso
1200 909 1265 967 B.
1302 909 1466 968 Petro
1494 910 1798 976 Damiano,
1835 925 1931 968 co-

225 1015 396 1065 natus
422 1011 508 1064 est
534 1010 721 1078 partes
752 1000 1096 1058 dissidentes
1122 998 1449 1070 conciliare,
1470 992 1569 1057 sed
1615 1014 1674 1056 re
1719 999 1931 1057 infecta

221 1103 454 1155 coactus
493 1100 580 1151 est
625 1091 831 1149 redire.
888 1090 1188 1147 Adversus
1226 1088 1539 1145 monachos
1567 1088 1788 1160 agebat,
1825 1090 1929 1163 qui

221 1187 553 1260 episcopum
633 1196 832 1252 suum,
892 1177 1142 1237 necdum
1208 1178 1282 1248 ab
1344 1178 1597 1235 Ecclesia
1649 1172 1929 1238 catholica

219 1275 686 1344 condemnatum,
744 1270 1059 1328 clamarent
1106 1284 1229 1327 esse
1300 1268 1628 1334 vitandum,
1684 1269 1927 1328 benedi-

221 1364 439 1424 ctiones
489 1361 652 1419 illius
714 1366 770 1417 et
814 1365 1170 1417 sacramenta
1207 1372 1331 1415 esse
1403 1356 1841 1417 maledictiones
1872 1366 1926 1417 et

220 1453 518 1525 sacrilegia
551 1476 562 1509 :
607 1467 673 1510 ac
719 1456 1014 1523 propterea
1044 1448 1418 1523 prohiberent
1456 1449 1735 1523 populum
1776 1451 1923 1509 acci-

220 1560 357 1617 pere
401 1548 759 1601 sacramenta
794 1539 867 1597 ab
913 1538 1200 1611 episcopo,
1247 1543 1349 1596 aut
1391 1537 1669 1596 ordinatis
1714 1538 1788 1597 ab
1835 1555 1922 1598 eo.

217 1633 373 1692 Hinc
404 1631 641 1706 plurimi
665 1630 883 1704 absque
911 1635 1268 1687 sacramento
1301 1628 1669 1687 eucharistiaa
1710 1629 1912 1687 morie-

2016 737 2256 796 vinculo
2299 737 2573 795 solvatur.
2635 759 2656 788 ι
2708 735 3027 809 Indignum
3083 736 3297 810 quippe
3350 742 3457 805 est,
3504 735 3607 804 ait,
3664 742 3732 794 ut

2013 836 2242 903 propter
2265 828 2441 887 unius
2472 826 2880 885 homuncionis
2904 827 3202 894 offensam,
3239 832 3353 883 tam
3383 824 3725 884 innumera-

2015 918 2148 976 bilis
2179 916 2491 977 multitudo
2525 916 2836 975 hominum
2863 915 3145 986 depereat,
3169 920 3225 972 et
3250 920 3476 972 tantum
3499 912 3722 973 Christi

2014 1008 2289 1079 laborem,
2323 1023 2426 1081 pro
2454 1022 2570 1081 quo
2601 1005 2917 1079 pretiosum
2948 1005 3295 1077 sanguinem
3325 1003 3494 1074 fudit,
3537 1019 3603 1061 ac
3639 1010 3723 1064 tot

2012 1096 2414 1155 innocentium
2468 1096 2693 1153 animas
2760 1093 3107 1153 miserandas
3188 1092 3367 1152 unius
3453 1109 3720 1166 personae

2012 1185 2182 1259 culpa
2220 1184 2535 1244 subvertat.
2574 1209 2594 1236 ι
2649 1184 2783 1243 Erat
2829 1183 2880 1243 is
2926 1183 3218 1243 Henricus
3257 1190 3483 1241 creatus
3527 1182 3722 1242 archi-

2011 1273 2183 1348 episc.
2230 1289 2368 1331 ann.
2428 1272 2583 1342 1051,
2642 1278 2904 1332 mortuus
2951 1270 3100 1329 circa
3150 1287 3246 1329 an.
3307 1271 3457 1331 1070.
3516 1271 3598 1329 De
3653 1288 3723 1330 eo

2010 1363 2341 1421 Alexander
2384 1361 2647 1435 pontifex
2677 1361 2935 1419 scribens
2972 1361 3044 1419 ad
3089 1359 3466 1419 Valerianum
3495 1361 3720 1434 episco-

2009 1467 2151 1526 pum
2180 1471 2192 1508 :
2227 1473 2248 1502 α
2278 1450 2642 1525 Stupuimus,
2666 1451 2883 1524 inquit,
2908 1449 3065 1525 quod
3091 1450 3376 1509 Henricus
3405 1450 3718 1510 Ravennas

2010 1541 2198 1600 dictus
2236 1542 2719 1615 archiepiscopus,
2751 1540 2933 1600 nixus
2977 1540 3051 1600 sit
3094 1549 3145 1600 te
3186 1542 3718 1602 excommunicare.

2010 1630 2227 1689 Verum
2283 1630 2421 1703 quia
2499 1630 3037 1689 excommunicatus
3090 1635 3144 1687 te
3217 1630 3720 1690 excommunicare

216 1724 453 1795 bantur,
491 1736 682 1797 neque
710 1720 976 1793 baptizati
1013 1718 1325 1777 chrismate
1364 1718 1754 1792 ungebantur.
1783 1718 1924 1778 Haec
1948 1730 2128 1791 Bnon
2181 1722 2386 1795 potuit,
2436 1720 2744 1794 apostolica
2817 1720 3154 1779 auctoritate
3213 1727 3283 1793 te,
3340 1727 3587 1796 tuosque
3611 1722 3715 1780 ab-

218 1812 284 1871 B.
316 1810 522 1869 Petrus
560 1806 840 1883 cpusculo
885 1818 1014 1866 xxx
1055 1804 1138 1863 De
1166 1805 1542 1863 sacramentis
1574 1821 1676 1879 per
1706 1806 1924 1879 impro«

218 1898 322 1957 bos
345 1894 767 1955 administratis
809 1894 920 1951 late
948 1892 1199 1963 deducit,
1232 1893 1385 1968 quod
1415 1892 1772 1952 Florentinis
1811 1895 1921 1953 mi-

218 1987 309 2045 sit.
343 1976 614 2057 Correpti
654 1983 923 2042 monachi
958 1985 1111 2055 justa
1147 1982 1212 2039 B.
1255 1982 1405 2040 Petri
1428 1983 1921 2055 ‘reprehensione,

216 2074 370 2150 quod
397 2074 519 2133 zelo
554 2087 671 2130 non
697 2078 848 2130 recte
886 2071 1153 2130 ordinato
1183 2074 1471 2145 prosecuti
1514 2089 1751 2131 causam
1800 2073 1925 2146 epi-

216 2163 374 2237 scopi
420 2168 629 2233 essent,
673 2162 918 2219 Romam
965 2161 1225 2234 profecti,
1260 2176 1451 2219 coram
1490 2162 1760 2234 pontiﬁce
1810 2164 1927 2234 epi-

216 2266 456 2325 scopum
509 2257 873 2319 accusarunt,
937 2256 993 2307 et
1079 2248 1280 2306 Petrus
1358 2250 1677 2307 monachus
1746 2248 1927 2306 Vallis

220 2343 538 2412 Umbrosae,
598 2346 723 2413 post
766 2338 1117 2396 sacrificium
1166 2338 1382 2409 missae,
1433 2337 1674 2395 indutus
1733 2338 1927 2397 adhuc

214 2434 474 2493 vestibus
524 2430 721 2501 sacris,
781 2429 970 2488 solum
1020 2428 1218 2488 casula
1256 2429 1534 2503 deposita,
1577 2445 1681 2503 per
1729 2429 1926 2502 ignem

215 2524 438 2582 illaesus
488 2521 714 2580 transiit
754 2519 886 2577 :uti
944 2518 1213 2591 pluribus
1265 2519 1535 2577 describit
1597 2519 1926 2579 Desiderius

215 2612 392 2671 abbas
421 2609 765 2679 Casinensis,
808 2608 910 2681 qui
952 2607 1223 2666 eumdem
1257 2607 1490 2665 Petrum
1529 2607 1702 2679 episc.
1745 2608 1926 2667 Alba-

215 2717 478 2773 nensem,
520 2701 661 2759 dum
704 2698 996 2769 scriberet,
1031 2698 1220 2756 adhuc
1262 2697 1619 2772 superfuisse
1655 2698 1922 2758 aﬂirmat.

216 2791 426 2851 Baron.
491 2790 563 2848 ad
622 2805 716 2847 an.
774 2788 930 2860 1063,
989 2804 1154 2847 num.
1210 2787 1297 2857 58,
1354 2788 1575 2859 asserit,
1635 2810 1656 2839 σι
1694 2788 1925 2848 Petrum

212 2881 616 2941 Florentinum
681 2879 1033 2955 episc0pum,
1077 2901 1105 2933 »
1156 2895 1329 2953 quem
1383 2880 1525 2938 Acta
1573 2878 1630 2938 S.
1685 2879 1926 2939 Joannis

213 2971 515 3031 Gualberti
545 2971 781 3029 tradunt
807 2969 880 3027 ab
917 2992 937 3018 ι
975 2968 1308 3027 Alexandro
1355 2969 1627 3042 pontiﬁce
1666 2969 1739 3027 de
1763 2970 1925 3028 omni

2012 1810 2306 1881 solvendo,
2366 1808 2713 1868 mandamus
2763 1807 2978 1867 exinde
3019 1823 3133 1867 non
3181 1824 3402 1868 curare.
3449 1834 3476 1858 κ
3520 1810 3608 1868 Ita
3640 1827 3717 1869 ex

2009 1899 2210 1971 Ivone,
2266 1905 2323 1957 et
2375 1897 2647 1957 Gratiano
2711 1898 2990 1971 Rubaaus,
3050 1904 3106 1958 et
3171 1899 3375 1972 Ughel.
3443 1922 3465 1948 σι
3530 1899 3724 1958 Prefa-

2009 1994 2207 2044 natore
2260 1985 2506 2057 sublato,
2534 2011 2561 2035 ››
2606 1985 2691 2044 uti
2739 1986 2881 2044 Acta
2928 1986 3083 2045 infra
3119 1986 3350 2057 habent,
3406 2001 3569 2045 num.
3626 1987 3719 2058 49,

2013 2094 2043 2129 ι
2063 2075 2235 2149 jussu
2281 2074 2603 2134 Alexandri
2645 2075 2701 2133 II
2741 2075 3080 2135 Ravennam
3117 2074 3401 2149 proﬁcisci
3453 2075 3723 2150 praecipi-

2013 2171 2124 2225 tur.
2182 2165 2366 2235 Quam
2410 2165 2777 2238 legationem,
2836 2165 2970 2225 licet
3014 2165 3138 2240 jam
3185 2173 3352 2225 aetate
3398 2167 3721 2238 confectus,

2011 2257 2278 2330 suscepit.
2320 2279 2341 2308 ι

2082 2343 2170 2404 38.
2208 2368 2234 2392 κ
2267 2343 2398 2403 Istis
2444 2360 2604 2415 vero,
2634 2365 2662 2400 »
2708 2351 2774 2405 ut
2812 2360 2975 2405 num.
3008 2344 3080 2403 49
3113 2343 3367 2417 additur,
3414 2366 3438 2397 α
3471 2343 3721 2417 aliisque

2010 2432 2312 2491 nonnullis
2367 2433 2612 2507 negotiis
2671 2433 2928 2509 patratis,
2987 2448 3121 2493 cum
3182 2434 3369 2507 prima
3414 2431 3722 2491 mansione

2011 2523 2343 2582 Faventiam
2401 2523 2697 2595 tenuisset,
2753 2524 2911 2583 febre
2967 2531 3262 2597 correptus
3311 2523 3610 2595 decubuit,
3665 2528 3720 2582 et

2010 2610 2104 2669 die
2152 2610 2550 2671 anniversaria
2604 2612 2889 2671 cathedrae
2945 2610 3005 2672 S.
3063 2611 3237 2683 Petri,
3290 2610 3557 2685 spiritum
3604 2610 3723 2670 Deo

2010 2699 2275 2758 reddidit.
2309 2725 2337 2750 »ι
2375 2702 2615 2759 Annum
2645 2701 2836 2759 obitus
2866 2700 3151 2775 expressit
3182 2699 3533 2760 Bertholdus
3563 2700 3718 2759 Con-

2010 2791 2359 2861 stantiensis,
2412 2798 2629 2863 auctor,
2690 2799 2755 2850 ut
2800 2807 2973 2865 supra
3024 2790 3406 2862 ostendimus,
3462 2805 3717 2861 coaavus,

2008 2878 2111 2950 qui
2150 2879 2210 2936 in
2254 2886 2468 2938 auctar.
2528 2880 2597 2937 ad
2657 2880 2978 2939 Hermann.
3033 2880 3403 2938 Gontractum
3452 2879 3525 2936 ad
3577 2894 3716 2937 ann.

2014 2968 2150 3028 1072
2189 2969 2296 3027 ista
2333 2970 2531 3027 scribit
2561 2993 2573 3027 :
2628 2992 2655 3020 ιι
2690 2970 2893 3030 Petrus
2945 2969 3234 3040 Damiani,
3265 2969 3378 3042 piae
3424 2967 3721 3027 memoriae

210 3062 519 3137 episcopali
580 3061 769 3120 oﬂicio
828 3060 1153 3135 depositum
1210 3061 1410 3133 fuisse,
1466 3083 1491 3111 η
1556 3062 1978 3155 postmodumc
2009 3060 2318 3119 cardinalis
2363 3061 2682 3136 episcopus,
2725 3063 3076 3136 jamdudum
3114 3061 3333 3121 mundo
3369 3062 3715 3132 crucifixus,

210 3174 239 3207 ‹‹
272 3150 707 3211 reconciliatum
744 3150 943 3220 fuisse,
978 3156 1033 3208 et
1075 3151 1137 3208 in
1177 3148 1647 3208 communionem
1696 3151 1769 3208 ab
1814 3151 1920 3209 iis-

2007 3148 2275 3222 migravit
2296 3150 2367 3207 ad
2390 3148 2704 3209 Dominum
2729 3163 2810 3208 VII
2836 3149 3081 3209 Kalend.
3106 3148 3296 3221 Mart.,
3320 3148 3417 3208 cui
3437 3147 3715 3207 dominus

205 3242 337 3299 dem
380 3240 678 3299 monachis
728 3246 1048 3312 receptum;
1088 3264 1114 3287 ››
1160 3239 1313 3311 quod
1360 3236 1566 3311 Ughel.
1614 3238 1676 3296 in
1712 3238 1913 3312 ‘Episc.
2004 3241 2309 3313 Geroldus,
2352 3257 2552 3300 revera
2605 3243 2945 3312 monachus,
2993 3239 3233 3300 scientia
3282 3240 3713 3314 Scripturarum

202 3330 555 3391 Florentinis
583 3337 721 3389 tom.
751 3329 835 3388 III
863 3329 989 3387 Ital.
1019 3344 1196 3387 sacrae
1232 3334 1421 3402 negat,
1444 3328 1541 3386 sed
1572 3328 1754 3387 alium
1778 3344 1918 3387 mox
2002 3327 2272 3402 insignis,
2323 3336 2379 3387 et
2424 3330 2688 3389 moribus
2735 3346 2839 3389 suo
2880 3328 3291 3404 praadecessori
3338 3343 3455 3387 non
3500 3327 3711 3401 impar,

202 3421 581 3480 substitutum
638 3418 811 3493 episc.
875 3418 1046 3477 etiam
1103 3422 1323 3474 Petmm
1373 3418 1631 3490 nomine,
1686 3424 1919 3477 conten-
2000 3416 2061 3475 in
2120 3418 2448 3491 episcopatu
2499 3418 2790 3475 successit.
2840 3440 2866 3468 ω
2936 3417 3077 3475 Haec
3130 3415 3496 3475 Bertholdus.
3570 3414 3712 3484 Quae

202 3510 305 3570 dit.
2000 3506 2274 3578 praeclare
2314 3522 2448 3566 cum
2487 3506 2617 3565 Vita
2648 3505 2714 3567 B.
2764 3508 2914 3566 Petri
2954 3505 3344 3577 consentiunt,
3382 3513 3447 3564 ut
3493 3505 3712 3563 mirum

271 3600 358 3661 37.
395 3600 705 3661 Occasione
751 3599 930 3674 hujus
981 3598 1231 3674 episcOpi
1285 3597 1605 3657 Florentini
1662 3598 1914 3658 celebra-
1999 3596 2092 3667 sit,
2134 3612 2167 3655 a
2207 3597 2504 3668 Fortunio,
2556 3598 2777 3669 Rubeo,
2825 3596 3148 3666 Rioordato,
3200 3593 3419 3655 Wione
3462 3594 3717 3668 aliisque

196 3697 324 3751 tum
353 3695 438 3749 est
471 3690 672 3750 Romae
700 3689 1015 3749 concilium
1040 3695 1293 3759 centum,
1324 3693 1377 3746 et
1406 3688 1657 3762 amplius
1699 3689 1916 3762 episco-
1998 3685 2464 3760 quampluribus,
2514 3685 2741 3745 obitum
2786 3688 2911 3759 ejus
2957 3684 3178 3743 dilferri
3233 3684 3295 3742 in
3346 3698 3502 3742 anno
3552 3684 3710 3752 1080,

195 3796 403 3854 porum
439 3780 719 3840 adversus
755 3779 1146 3839 simoniacos:
1194 3779 1298 3837 ubi
1330 3785 1384 3837 et
1413 3794 1631 3837 canone
1663 3779 1697 3838 4
1734 3786 1916 3838 statu-
1996 3776 2292 3849 asserique
2338 3791 2474 3836 eum
2529 3775 2866 3834 Ravennam
2926 3774 3103 3834 fuisse
3146 3773 3218 3832 ab
3260 3773 3534 3846 Gregorio
3586 3771 3712 3843 VII,

200 3877 324 3928 tum
364 3876 467 3941 est,
510 3877 574 3929 ut
600 3871 792 3929 clerici
830 3870 1006 3928 simul
1041 3869 1456 3928 manducarent
1483 3876 1538 3927 et
1573 3868 1912 3943 dormirent,
1996 3865 2320 3924 Alexandri
2357 3881 2706 3935 successore,
2758 3865 3003 3924 missum
3041 3871 3169 3940 post
3205 3864 3423 3924 obitum
3456 3861 3716 3922 VViberti

194 3959 459 4033 bonaque
507 3960 569 4017 in
620 3958 917 4017 communi
988 3957 1345 4031 possiderent
1402 3977 1416 4015 :
1468 3960 1622 4033 quod
1701 3960 1929 4019 Baron..
1995 3958 2428 4033 archiepiscopi.
2460 3958 2601 4029 Quae
2633 3958 2719 4018 uti
2758 3958 2921 4017 nullo
2965 3958 3109 4016 nixa
3138 3964 3275 4017 sunt
3312 3950 3711 4026 fundamento,

192 4064 268 4105 an
300 4047 455 4119 1063,
485 4064 651 4106 num.
693 4049 781 4119 37,
805 4046 1008 4105 asserit
1049 4070 1075 4096 α
1110 4047 1322 4104 factum
1366 4050 1733 4122 suggestione
1762 4050 1914 4109 Petri
1994 4047 2075 4105 ita
2133 4046 2403 4105 ulteriore
2452 4064 2570 4107 non
2610 4047 2872 4120 indigent
2919 4045 3281 4105 refutatione.
3341 4042 3524 4114 Quem
3578 4059 3713 4118 ergo

193 4134 481 4207 Damiani,
537 4134 761 4209 scriptis
815 4136 937 4193 suis
989 4134 1387 4193 Alexandrum
1449 4137 1779 4209 pontiﬁcem
1842 4138 1913 4195 ad
1995 4136 2200 4196 vivens
2219 4138 2344 4211 diu,
2374 4138 3162 4221 multumquesuccessorem
3190 4132 3441 4208 petiitB.
3475 4131 3708 4203 Petrus,

191 4227 320 4285 haec
381 4225 691 4284 sancienda
769 4226 1071 4298 rogantis;
1133 4251 1158 4278 ι)
1206 4226 1421 4285 scilicet
1487 4242 1685 4300 opusc.
1759 4238 1913 4287 XXIV
1996 4230 2051 4281 et
2083 4241 2387 4299 nunquam
2423 4226 2610 4298 potuit
2638 4225 2932 4298 consequi,
2973 4223 3202 4281 tandem
3251 4239 3285 4280 a
3330 4226 3515 4281 morte
3544 4237 3703 4280 acce-

194 4321 393 4373 contra
481 4313 719 4372 clericos
789 4315 1213 4389 proprietarios.
1318 4316 1522 4373 Eidem
1622 4312 1914 4385 inscripsit
1994 4311 2097 4384 pit.
2150 4312 2284 4370 Fuit
2327 4309 2378 4370 is
2437 4312 2749 4383 Gerardus,
2803 4310 2935 4369 aliis
2985 4312 3254 4367 Geraldus
3308 4316 3364 4365 et
3419 4310 3704 4376 Geroldus,

194 4418 390 4477 opusc.
424 4414 579 4461 XXIII
608 4403 690 4462 De
728 4403 1006 4503 brevitate
1032 4405 1168 4462 vitm
1196 4403 1537 4508 pontiﬁcum
1568 4401 1907 4499 Romanor.,
1937 4449 1986 4508 D
2005 4400 2313 4508 «Lnatione
2342 4400 2732 4508 .Germanusl,‘
2765 4398 2948 4496 patria
2998 4394 3476 4508 Ratisbonensis,‘
3498 4414 3707 4508 Imona-

194 4500 251 4550 et
274 4494 475 4552 divina
509 4493 867 4568 providentia
896 4512 910 4549 :
954 4510 1020 4552 ac
1052 4510 1156 4567 pro
1193 4492 1392 4550 eodem
1425 4491 1494 4547 ad
1527 4489 1911 4564 quaestionem
1937 4482 2145 4545 “chus
2173 4503 2239 4545 ac
2267 4487 2427 4561 prior
2456 4488 2638 4561 major
2674 4482 3091 4553 Cluniacensis,
3130 4506 3157 4532 »
3192 4483 3294 4556 qui
3325 4483 3399 4543 ab
3443 4484 3705 4543 Alexan-

196 4583 502 4655 cujusdam
552 4582 894 4656 patriarchae
949 4582 1129 4639 edidit
1180 4596 1374 4654 opusc.
1427 4590 1672 4638 XXXVIII
1713 4586 1912 4638 contra

196 4685 451 4728 errorem
494 4670 826 4729 Graecorum
874 4670 945 4728 de
1002 4669 1361 4743 processione
1413 4666 1664 4740 Spiritus
1704 4669 1907 4728 sancti.

194 4758 474 4833 Ejusdem
520 4759 810 4832 pontiﬁcis
863 4757 1100 4817 nomine
1143 4763 1349 4826 exstat,
1381 4756 1546 4828 epist.
1587 4756 1620 4814 7
1662 4757 1798 4816 libri
1845 4771 1906 4831 V,

192 4851 263 4908 ad
322 4849 548 4908 clerum
600 4856 657 4906 et
724 4850 1006 4923 populum
1085 4846 1592 4919 Mediolanensem,
1646 4848 1708 4907 in
1793 4866 1908 4924 qua

194 4946 494 5016 postquam
550 4944 867 5013 paternam,
925 4953 1101 5013 quam
1151 4937 1223 4995 de
1273 4954 1474 4997 eorum
1530 4939 1715 4999 salute
1761 4956 1907 5014 pon-

196 5029 362 5101 tifex,
446 5027 632 5104 patria
708 5025 1177 5098 Mediolanensis,
1255 5027 1487 5102 gerebat
1559 5028 1903 5088 sollicitudi-

192 5135 349 5190 nem,
410 5112 860 5179 humanissimis
914 5114 1106 5174 verbis
1173 5117 1440 5190 ostendit,
1502 5118 1762 5178 hortatur
1842 5123 1908 5176 ut

192 5205 343 5263 nihil
398 5207 643 5279 humile,
719 5203 871 5264 nihil
942 5210 1238 5264 terrenum
1286 5207 1620 5280 cogitantes,
1672 5205 1744 5263 ad
1797 5220 1908 5262 cce-

196 5294 359 5351 lestia
401 5302 515 5353 toto
554 5295 735 5354 animi
778 5293 1019 5368 impetu,
1063 5301 1176 5353 toto
1223 5296 1448 5355 fervore
1493 5312 1554 5353 se
1599 5292 1900 5351 extollant.

190 5381 351 5440 Alias
400 5384 557 5441 misit
608 5385 717 5457 ipsi
762 5383 1018 5459 pontiﬁci
1060 5385 1225 5458 epist.
1268 5400 1401 5456 quae
1446 5383 1633 5441 librot
1670 5396 1903 5439 excusze

187 5480 334 5532 sunt
369 5492 381 5531 :
412 5474 473 5532 in
502 5475 575 5532 iis
611 5476 781 5534 modo
809 5491 1016 5549 pravas
1044 5473 1493 5537 consuetudines
1531 5469 1903 5531 eradicandas

190 5563 457 5637 ostendit,
515 5563 685 5625 modo
733 5565 1078 5628 simoniacos
1122 5567 1436 5640 oppugnat,
1487 5560 1659 5622 mOdO
1702 5562 1892 5623 Aure-

1998 4575 2100 4635 dro
2131 4592 2275 4650 papa
2312 4575 2373 4634 in
2413 4575 2633 4635 Gallias
2662 4574 2982 4632 destinatus
3011 4578 3095 4630 est
3138 4572 3381 4647 legatus,
3421 4590 3455 4633 a
3491 4574 3707 4648 Grego-

1997 4664 2083 4723 rio
2130 4663 2237 4723 VlI
2278 4665 2339 4722 in
2386 4662 2694 4737 Hispanias
2738 4678 2806 4721 ac
2855 4660 3213 4733 Germanias,
3260 4669 3453 4737 atque,
3504 4662 3706 4722 eodem

1996 4754 2304 4813 Bertholdo
2345 4760 2499 4819 teste,
2550 4766 2614 4812 Ix
2657 4752 2797 4811 Idus
2847 4752 3173 4811 Decembris
3214 4753 3358 4812 anni
3408 4752 3543 4812 1077
3589 4755 3707 4811 vita

1996 4846 2251 4903 functus.
2302 4841 2551 4901 Consule
2589 4840 2788 4916 Ughel.
2838 4841 2899 4899 in
2947 4840 3076 4901 Ital.
3125 4858 3305 4917 sacra,
3354 4849 3411 4902 et
3462 4842 3706 4902 additio-

1996 4934 2171 4992 nibus
2206 4933 2277 4992 ad
2316 4930 2654 4991 Ciaconium
2706 4931 2774 4990 de
2825 4929 2975 4990 Vitis
3032 4933 3374 5007 pontiﬁcum
3427 4940 3483 4994 et
3528 4932 3709 4994 cardi-

1998 5024 2241 5082 nalium.

2066 5111 2154 5168 39.
2204 5111 2414 5169 Baron.
2471 5127 2564 5170 an.
2617 5110 2775 5183 1072,
2828 5127 2995 5171 num.
3028 5111 3117 5185 34,
3164 5112 3365 5171 asserit
3427 5136 3453 5160 «
3486 5110 3553 5169 B.
3614 5111 3716 5170 Pe-

1997 5207 2146 5258 trum
2203 5208 2498 5259 mortuum
2545 5217 2671 5259 esse
2712 5218 2866 5261 anno
2919 5204 3105 5262 zetatis
3159 5218 3281 5260 suae
3342 5201 3702 5274 sexagesimo

1993 5299 2178 5363 sexto,
2221 5298 2415 5366 utpote
2452 5293 2604 5367 quod
2646 5292 2767 5367 ipse
2812 5311 2872 5353 se
2921 5302 3125 5354 natum
3183 5300 3416 5351 testetur
3459 5292 3521 5351 in
3578 5293 3701 5368 epi-

1993 5384 2133 5442 stola
2173 5384 2238 5442 ad
2277 5391 2557 5456 senatum,
2593 5392 2717 5459 post
2746 5402 2931 5445 annos
2961 5384 3219 5458 quinque
3248 5383 3322 5442 ab
3360 5384 3583 5444 Ottonis
3613 5386 3696 5446 III

1990 5474 2350 5549 imperatoris
2403 5475 2584 5547 obitu,
2639 5492 2850 5551 nempe
2902 5490 3053 5534 anno
3105 5472 3335 5533 Domini
3387 5474 3697 5536 millesimo

1992 5571 2175 5638 sexto,
2212 5579 2347 5625 nam
2386 5564 2655 5627 eumdem
2698 5566 3104 5641 imperatorem
3141 5560 3381 5624 exordio
3417 5564 3561 5626 anni
3605 5582 3694 5626 se-
