4034 6468
338 292 434 353 ll3

1257 288 1829 350 PROLEGOMENA.
1873 320 1940 333 -—
1982 289 2161 349 VITA
2200 290 2262 350 S.
2304 290 2525 352 PETRI
2564 292 2906 353 DAMIANI.

3731 293 3836 354 114

324 416 505 478 eundi
534 422 664 492 post
690 414 1074 476 millesimum
1110 414 1340 486 abiisse,
1372 415 1638 489 superius
1676 423 1761 475 est
1796 380 2370 490 demon-Ascriptio,
2409 417 2706 478 luminum
2736 435 2851 479 usu
2888 418 3124 490 abolita,
3164 419 3419 494 corporis
3444 420 3570 495 ejus
3594 420 3835 480 transla-

326 513 593 567 stratum.
647 529 670 559 ι
737 506 950 565 Verum
990 508 1142 565 hanc
1178 506 1342 581 epist.
1379 506 1442 565 B.
1481 506 1632 566 Petri
1666 508 1736 566 ad
1777 513 2039 566 senatum

330 586 617 672 nusquam
671 598 732 655 in
773 601 1067 655 accurrata
1116 611 1356 670 operum
1398 603 1454 655 et
1500 597 1871 672 epistolarum
1925 599 2041 657 edi-

330 688 486 746 tione
541 687 795 761 reperire
848 685 1166 761 potuimus.
1228 687 1304 744 At
1350 695 1549 748 contra
1595 688 1659 748 B.
1715 689 1917 749 Petrus
1966 690 2039 748 ad

328 774 733 835 Alexandrum
782 774 839 834 II
874 773 1141 849 electum,
1169 792 1305 852 ergo
1342 778 1452 836 sub
1482 778 1661 838 ﬁnem
1706 778 1847 838 anni
1899 779 2029 839 1061

328 871 429 924 aut
472 864 713 924 initium
769 867 1086 942 sequentis,
1134 866 1406 926 describit
1450 884 1615 928 suam
1663 875 2037 943 senectutem,

328 960 383 1013 et
428 977 453 1007 ι
503 962 696 1029 caput,
742 957 896 1031 quod
938 955 1098 1015 canis
1151 956 1431 1016 hactenus
1473 958 1846 1031 spargebatur
1865 1003 1879 1031 ,
1941 975 2039 1033 cy-

328 1059 497 1117 gnteo
540 1045 665 1117 jam
721 1043 918 1105 albore
963 1046 1258 1105 nivescere
1281 1063 1299 1118 ;
1327 1069 1351 1098 ιι
1403 1052 1460 1105 et
1515 1052 1704 1107 tamen
1754 1063 1869 1107 non
1923 1049 2041 1107 nisi

327 1134 885 1210 quinquagesimum
916 1135 1188 1211 quintum
1215 1136 1401 1195 astatis
1423 1151 1648 1196 annum
1683 1137 1909 1210 egisset,
1937 1147 2041 1197 aut

325 1238 624 1284 summum
680 1224 1037 1284 absolvisset.
1092 1225 1243 1296 Quid
1282 1224 1331 1284 si
1379 1232 1504 1299 post
1548 1226 1810 1301 quinque
1853 1242 2038 1287 annos

323 1311 396 1370 ab
435 1312 597 1372 obitu
645 1313 1008 1388 imperatoris
1054 1313 1275 1374 Ottonis
1312 1315 1550 1373 secundi
1583 1332 1645 1374 se
1680 1323 1880 1375 natum
1915 1332 2038 1376 esse

323 1401 652 1462 indicarit?
700 1403 757 1462 Is
803 1410 952 1462 esset
996 1418 1186 1463 annus
1235 1404 1713 1479 nongentesimus
1758 1406 2035 1478 octogesi-

323 1505 459 1550 mus
503 1498 763 1564 octavus,
808 1500 865 1551 et
902 1492 1137 1566 capillos
1180 1509 1450 1568 cygnaeos
1495 1510 1630 1553 cum
1676 1494 1899 1568 reliqua
1946 1510 2037 1553 se-

322 1584 554 1639 nectute
604 1595 779 1652 supra
831 1581 1088 1640 indicata
1149 1581 1445 1642 habuisset
1496 1598 1649 1641 anno
1704 1582 1890 1641 astatis
1943 1584 2033 1655 73,

322 1675 708 1744 mortuusque
752 1677 901 1729 esset
945 1684 1103 1730 anno
1157 1670 1342 1730 aetatis
1387 1672 1478 1741 84,
1529 1678 1688 1728 aetate
1734 1675 2030 1742 confectus,

321 1756 410 1815 uti
435 1773 514 1815 ex
538 1758 699 1816 Actis
717 1759 840 1833 jam
867 1759 1155 1818 diximus.
1180 1759 1340 1819 Idem
1366 1759 1576 1819 Baron.
1598 1759 1678 1818 ita
1699 1760 1850 1820 dicto
1881 1778 1941 1820 n.
1966 1764 2032 1822 34
2048 1780 2095 1840 Β

318 1846 570 1906 illustria
596 1847 663 1907 B.
694 1848 846 1908 Petri
874 1865 1045 1924 opera
1077 1866 1111 1909 a
1135 1866 1197 1910 se
1223 1858 1666 1913 commemorata
1696 1854 2026 1913 concludit:

325 1961 353 1985 α
384 1935 482 1996 Sic
528 1938 684 1998 Deus
723 1940 784 1998 in
818 1941 927 2000 hoc
962 1940 1420 2016 deploratissimo
1467 1942 1703 2011 saeculo,
1743 1959 1877 2002 cum
1925 1959 2031 2001 ex-

324 2026 600 2086 crevisset
633 2030 703 2087 ad
737 2031 1055 2090 Ecclesiam
1090 2032 1451 2091 obruendam
1490 2032 1779 2091 diluvium
1818 2032 2028 2101 carnis,

323 2114 483 2173 dedit
519 2116 741 2176 mundo
782 2123 1007 2178 tantum
1057 2119 1273 2190 virum,
1298 2119 1400 2195 qui
1441 2120 1851 2180 austerissima:
1898 2121 2031 2180 vitae

318 2205 608 2278 exemplo,
639 2206 916 2281 verbiq‘ue
956 2208 1381 2282 praedicatione,
1423 2217 1480 2268 et
1510 2209 1735 2282 scriptis
1776 2210 2030 2268 exsicca-

318 2298 406 2351 ret
435 2299 652 2352 tantam
679 2297 1071 2370 putredinem,
1098 2298 1424 2371 pariterque
1450 2306 1730 2372 pugnaret
1750 2299 2030 2359 adversus

315 2381 694 2441 simoniacam
734 2385 1028 2457 haeresim,
1083 2401 1217 2461 quae
1250 2386 1470 2459 ubique
1507 2385 1767 2446 locorum
1803 2403 2029 2461 grassa-

318 2468 488 2528 batur
515 2471 775 2545 impune.
812 2494 838 2524 »
874 2473 1016 2533 Haec
1036 2474 1246 2537 Baron.

388 2555 476 2618 40.
512 2558 594 2619 De
619 2561 765 2620 sacri
786 2562 1041 2637 corporis
1066 2561 1445 2620 translatione
1475 2562 1583 2622 ista
1611 2564 1781 2624 tradit
1804 2565 2029 2639 Ughell.

312 2647 385 2706 ad
426 2648 772 2709 Ciaconium
806 2670 819 2709 :
854 2673 879 2703 ι
918 2650 1212 2710 Faventiaa
1248 2650 1316 2707 ad
1360 2650 1538 2724 hujus
1566 2653 1748 2711 sancti
1788 2654 1899 2712 viri
1939 2662 2029 2714 tu-

315 2735 554 2797 mulum
581 2739 783 2797 ardent
815 2740 998 2812 faces,
1051 2738 1301 2814 populus
1337 2739 1576 2798 conﬂuit
1608 2760 1620 2799 :
1659 2755 1908 2814 sequens
1944 2743 2033 2802 in-

2124 507 2338 564 tionem
2369 508 2430 565 in
2460 509 2801 567 memoriam
2836 514 3081 568 revocat.
3121 531 3143 562 ι

2358 608 2426 664 Α.
2462 606 2527 664 Ι).
2570 605 2912 666 MCCCLIV.
2949 608 3071 666 DIE
3104 607 3261 665 XIII.
3303 607 3605 668 APRILIS

2451 685 2967 746 TBANSLATUM
3000 688 3171 746 FUIT
3205 686 3491 747 COBPUS

2378 764 2436 826 S.
2469 764 2693 824 PETRI
2728 767 3055 827 DAMIANI
3093 766 3582 827 RAVENNATIS

2507 845 2587 904 IN
2627 846 3049 907 SCRIPTURA
3079 846 3440 907 DOCTORIS

2569 926 2666 984 ET
2697 924 2988 986 OSTIEN.
3022 925 3378 996 EPISCOPI,

2505 1005 2597 1064 AG
2625 1005 2884 1065 APOST.
2917 1006 3127 1067 SEDIS
3156 1005 3454 1077 LEGATI,

2298 1084 2468 1144 0RD.
2506 1084 2562 1144 S.
2598 1084 2860 1145 CRUCIS
2891 1084 3652 1157 FONTIS-AVELLANIE,

2290 1162 2370 1222 IN
2403 1164 2877 1224 PBZESENTEM
2904 1166 3164 1224 ARCAM
3206 1168 3255 1224 A
3295 1165 3469 1224 REV.
3501 1164 3563 1223 P.
3592 1165 3661 1223 D.

2381 1244 2771 1304 MATTHJEO
2802 1245 2899 1303 DE
2928 1245 3200 1305 GALLIO
3230 1244 3357 1303 HIC
3390 1243 3557 1303 ABB.

2122 1330 2440 1406 Sequentes
2464 1350 2666 1393 versus
2689 1334 2799 1392 sub
2821 1334 3023 1393 eadem
3044 1349 3173 1392 arca
3202 1339 3449 1392 exstant.

2185 1420 2437 1488 Quinque,
2459 1423 2616 1488 denis
2647 1423 2791 1475 mille
2817 1425 3073 1488 trecentis
3100 1429 3149 1488 et
3181 1429 3411 1488 quatuor
3426 1420 3608 1488 annis,

2184 1483 2388 1548 Iertius
2412 1486 2613 1548 Aprilis
2644 1498 2767 1537 cum
2796 1500 2828 1537 a
2859 1486 3068 1538 decimo
3096 1483 3327 1537 ﬁnierat
3354 1486 3532 1544 ortus,

2181 1545 2473 1609 Transtulit
2489 1551 2541 1599 te
2572 1549 2756 1599 clerus
2786 1549 3001 1599 doctum
3026 1552 3079 1599 in
3100 1550 3493 1609 paginasacra,

2181 1608 2437 1672 Ostiensis
2470 1611 2691 1672 praesul,
2719 1622 2881 1671 quem
2908 1610 3056 1661 dotat
3084 1607 3466 1672 cardinalatus.

2181 1669 2214 1720 0
2244 1670 2393 1732 Petre
2420 1669 2692 1732 Damtaue,
2722 1669 2776 1723 te
2802 1672 2938 1722 Crux
2964 1673 3019 1723 in
3049 1671 3245 1723 Ordine
3276 1671 3457 1732 Fontis

2176 1731 2441 1798 Avellanae
2472 1733 2609 1798 beat,
2647 1738 2702 1785 tu
2739 1735 2946 1798 legatus:
2981 1731 3441 1798 quoquetandem

2174 1795 2326 1859 Sedis
2351 1797 2679 1859 apostolicae,
2713 1795 2864 1858 petra
2886 1795 3035 1847 nunc
3063 1795 3337 1859 claudens
3366 1797 3484 1844 ista.

2177 1855 2346 1908 Instat
2377 1855 2520 1909 nunc
2543 1855 3014 1910 abbas'ilatthteus
3038 1859 3106 1910 de
3125 1858 3285 1908 Callio
3308 1862 3481 1907 natus.

2183 1936 2273 1994 41.
2297 1935 2553 1995 Alteram
2581 1938 2644 1995 in
2668 1938 2915 2011 quadam
2947 1937 3217 1996 columna
3239 1935 3502 2010 primarii
3523 1933 3831 1993 Faventini

2114 2023 2310 2097 templi
2341 2039 2655 2096 appensam
2694 2024 2926 2095 subjicit
2961 2023 3115 2081 idem
3156 2023 3411 2095 Ugellus,
3454 2039 3568 2096 qua
3605 2022 3670 2080 Β.
3723 2023 3829 2080 Pe-

2117 2121 2268 2170 trum
2300 2113 2452 2171 inter
2485 2114 2647 2172 urbis
2670 2130 2793 2172 suae
2817 2122 3088 2188 patronos
3113 2112 3360 2172 relatum
3386 2127 3508 2170 esse
3539 2118 3828 2169 testantur

2113 2200 2426 2259 Faventini
2451 2223 2464 2272 ;
2501 2207 2701 2276 estque
2728 2194 3109 2275 llujusmodi':

2179 2296 2499 2349 Imminente
2554 2297 2771 2350 civitati
2812 2310 2881 2349 ea:
2929 2294 3106 2350 Gallis
3136 2294 3380 2365 periculo
3420 2292 3603 2354 caedis,
3642 2293 3823 2352 emitti,

2111 2391 2163 2441 et
2194 2388 2442 2455 ﬂammae,
2491 2389 2642 2442 vovit
2678 2390 2963 2441 universus
3009 2387 3249 2458 populus
3289 2387 3619 2441 Faventinus
3668 2399 3826 2452 agere

2112 2491 2220 2532 non
2294 2479 2476 2533 minus
2520 2479 2830 2533 solemniter
2885 2479 2946 2531 in
3000 2476 3191 2532 diebus
3234 2479 3393 2545 festis
3449 2475 3550 2531 SS.
3603 2475 3820 2535 riavini,

2111 2573 2420 2634 Emiliani,
2488 2573 2726 2626 Terentii
2769 2574 2820 2624 et
2870 2573 3022 2626 Petri
3078 2571 3358 2633 Damiani,
3409 2583 3574 2638 quam
3635 2567 3825 2621 diebus

2111 2661 2411 2714 Dominicis
2448 2662 2544 2727 agi
2568 2660 2789 2714 solitum
2822 2659 3170 2729 debitumque
3196 2662 3290 2722 sit,
3321 2660 3372 2713 si
3400 2656 3556 2712 modo
3588 2658 3828 2726 omnipo-

2114 2752 2228 2803 tens
2258 2750 2399 2804 Deus
2425 2750 2646 2804 ruinam
2676 2753 2961 2827 averteret.
2998 2746 3152 2806 1512.

1292 3156 1575 3272 VITA
1654 3158 1766 3274 B.
1855 3159 2219 3275 PETRI
2303 3162 2839 3277 DAMIANI

1690 3410 1745 3458 S.
1790 3411 1858 3457 R.
1902 3412 1967 3458 E.
2014 3411 2437 3473 GARDINALIS,

703 3583 930 3699 Per
1008 3582 1580 3699 Joannem
1656 3587 2341 3702 monachum
2418 3586 2658 3735 ejus
2735 3584 3447 3737 discipulum,

1354 3839 1439 3904 Ex
1468 3839 1715 3905 duobus
1752 3856 1902 3906 mss.
1938 3841 2297 3906 Ravennate
2327 3847 2392 3906 et
2420 3840 2776 3906 Faventino.

380 4176 606 4249 Domno
661 4174 967 4237 LIPRA'NDO
1016 4177 1216 4252 priori,
1269 4183 1325 4238 et
1396 4179 1619 4239 cateris
1689 4179 2359 4246 senioribuanotitiam
2424 4179 2755 4239 futurorum
2815 4183 3049 4253 possent
3102 4179 3405 4252 profutura
3469 4177 3816 4252 pertingere,

311 4264 494 4323 eremi
520 4263 720 4325 Fontis
747 4266 1072 4340 Avellanaa,
1100 4265 1385 4327 JOANNES.

382 4352 537 4429 Opus
616 4354 903 4427 mirabile,
956 4355 1171 4430 Patres,
1228 4357 1386 4433 quod
1457 4358 1743 4418 sanctitati
1817 4364 2023 4419 vestrae

306 4443 528 4519 placuit
606 4460 753 4504 mea;
824 4444 1132 4521 injungere
1228 4446 1529 4519 parvitati,
1609 4462 1784 4520 quam
1879 4450 2025 4508 meis

308 4536 385 4593 sit
436 4532 787 4608 perarduum
855 4534 1080 4594 viribus
1135 4541 1193 4594 et
1241 4535 1427 4608 impar
1480 4535 1735 4608 ingenio,
1787 4536 2027 4610 ipsemet

310 4624 533 4699 liquido
586 4623 897 4699 perpendo.
957 4625 1051 4694 At,
1110 4625 1249 4699 quia
1303 4640 1419 4684 non
1472 4640 1763 4698 praesumo
1838 4632 2026 4685 vestro

311 4718 634 4792 quidquam
671 4718 957 4792 abnegare
992 4717 1254 4792 imperio,
1294 4718 1427 4777 licet
1476 4733 1682 4777 sensus
1735 4718 2026 4777 hebetudo

310 4808 569 4868 illustres
617 4808 760 4867 tanti
808 4807 921 4867 viri
976 4805 1139 4867 actus
1184 4808 1355 4867 inerti
1401 4809 1613 4868 devitet
1672 4809 2026 4868 committere

311 4897 481 4971 style,
533 4911 610 4955 ne
660 4896 802 4955 dum
847 4895 1143 4971 superiora
1189 4895 1301 4955 sibi
1350 4896 1701 4971 aggreditur,
1751 4895 2024 4955 lectorem

313 4984 501 5057 magis
526 4984 600 5042 ad
625 4999 903 5043 nauseam
931 5000 1111 5059 quam
1130 4984 1201 5044 ad
1226 4984 1534 5058 legendum
1559 4987 1812 5046 excitare
1837 4988 2028 5047 videa-

317 5079 429 5144 tur,
459 5072 761 5131 conﬁdens
788 5078 981 5132 tamen
1026 5074 1098 5132 de
1147 5074 1353 5133 vestris
1386 5076 1598 5134 sanctis
1646 5075 2023 5148 orationibus,

310 5162 602 5237 nimisque
638 5164 823 5238 ipsius
865 5163 947 5238 pii
974 5164 1153 5238 patris
1188 5165 1370 5224 nostri
1413 5165 1565 5224 Petri
1603 5165 1869 5225 Damiani
1901 5181 2022 5225 me-

310 5250 455 5322 ritis,
483 5251 557 5310 ad
590 5251 758 5326 cujus
797 5267 895 5311 vos
925 5258 1051 5311 acta
1086 5253 1381 5312 exaranda
1415 5268 1603 5313 meam
1637 5252 2026 5313 obedientiam

312 5341 649 5414 provocatis,
712 5340 956 5402 devotus
1010 5342 1310 5417 aggrediar
1371 5344 1579 5403 vestris
1634 5344 2027 5419 obtemperare

314 5428 624 5490 mandatis.
657 5429 907 5507 Ipsemet
953 5432 1113 5491 enim
1157 5433 1477 5494 consultius
1524 5436 1645 5494 fore
1688 5451 2027 5496 censueram

313 5535 381 5579 ea
407 5537 501 5579 me
532 5524 741 5596 quovis
766 5522 899 5583 rudi
937 5524 1086 5599 stle
1112 5524 1350 5584 interim
1382 5525 1674 5600 adnotare,
1710 5542 1827 5603 quo
1854 5525 2028 5600 digne

316 5611 686 5685 postmodum
725 5627 761 5672 a
794 5613 1168 5689 peritioribus
1207 5611 1490 5674 elucidata
1535 5614 1910 5688 scriptoribus
1953 5613 2027 5672 ad

2103 4289 2278 4349 quam
2320 4270 2629 4347 imperium
2681 4275 2876 4329 notam
2920 4268 3169 4329 nimium
3220 4269 3564 4328 declinando
3608 4268 3820 4328 intacta

2104 4378 2341 4437 prorsus
2378 4360 2726 4434 relinquere,
2770 4375 2843 4417 ne
2881 4358 3046 4430 forte,
3084 4364 3207 4432 post
3247 4359 3541 4418 modicum
3571 4358 3820 4431 caligine

2105 4451 2419 4511 oblivionis
2471 4448 2735 4516 obducta,
2786 4462 2904 4506 non
2961 4461 3137 4521 parvo
3190 4446 3305 4505 mei
3366 4446 3703 4505 discrimine
3749 4445 3821 4503 de

2107 4549 2446 4602 cunctorum
2485 4538 2725 4598 omnino
2776 4537 3105 4596 laberentur
3149 4537 3446 4596 memoria.
3499 4535 3645 4595 Nam
3678 4550 3818 4595 cum

2106 4629 2379 4689 omnibus
2412 4632 2598 4702 pateat
2634 4627 2951 4696 neminem,
2988 4632 3281 4699 gestorum
3312 4624 3634 4684 illustrium
3671 4624 3823 4682 viro-

2106 4734 2239 4778 rum
2269 4717 2588 4789 conscium,
2615 4715 2835 4790 absque
2860 4715 3048 4789 culpas
3076 4715 3303 4774 macula
3341 4715 3552 4787 ignavo
3589 4713 3820 4774 silentio

2111 4816 2335 4884 tegere;
2369 4812 2584 4882 quanto
2613 4805 2795 4878 magis
2827 4804 3110 4863 constabit
3139 4820 3253 4862 non
3288 4820 3467 4879 parvo
3506 4818 3600 4862 me
3636 4803 3818 4862 obno-

2108 4899 2276 4959 xium
2320 4898 2442 4955 fore
2477 4895 2701 4966 delicto,
2734 4894 2834 4968 qui
2877 4899 3030 4950 tanto
3069 4892 3237 4965 patri,
3270 4891 3404 4951 licet
3446 4892 3507 4950 in
3547 4891 3822 4950 extremis

2107 5002 2255 5063 pene
2303 4982 2681 5058 temporibus,
2730 4980 3076 5039 individuus
3124 4994 3314 5038 comes
3360 4979 3718 5049 inhaeserim,
3773 4978 3822 5037 si

2107 5077 2235 5152 ejus
2288 5070 2583 5133 mirabilia
2618 5075 2776 5144 gesta
2815 5068 3045 5127 silentio
3084 5068 3378 5143 praeterire
3417 5084 3593 5142 quam
3630 5066 3822 5125 divul-

2109 5178 2246 5241 gare
2268 5161 2550 5220 maluero.
2583 5159 2802 5218 Eorum
2821 5158 3020 5233 igitur,
3045 5173 3178 5233 quas
3206 5157 3492 5214 relaturus
3511 5170 3666 5241 sum,
3693 5171 3824 5229 par-

2112 5261 2227 5313 tem
2252 5267 2348 5311 me
2378 5266 2454 5310 ex
2481 5248 2666 5324 ipsius
2695 5264 2795 5308 ore
2829 5248 3146 5322 suscepisse
3176 5245 3415 5304 memini
3445 5262 3459 5313 ;
3491 5252 3712 5317 partem
3748 5260 3823 5302 ex

2109 5340 2361 5417 quodam
2398 5337 2930 5411 condiscipulorum
2982 5350 3264 5405 meorum,
3314 5332 3420 5408 qui
3461 5333 3586 5406 ejus
3625 5340 3826 5392 contu-

2110 5431 2314 5492 bernio
2338 5437 2473 5489 ante
2495 5443 2591 5487 me
2613 5426 2965 5486 familiarius
2994 5425 3280 5483 inhmsere
3293 5442 3311 5495 ;
3336 5422 3603 5499 quasdam
3629 5430 3823 5482 autem

2108 5523 2299 5584 relatu
2333 5519 2640 5596 cujusdam
2672 5518 2857 5592 ipsius
2891 5514 3224 5597 propinqui,
3266 5514 3379 5574 viri
3406 5514 3601 5589 gravis
3628 5519 3683 5572 et
3718 5514 3821 5573 lio-

2108 5611 2283 5684 nesti,
2323 5624 2457 5685 quae
2510 5608 2783 5669 videlicet
2818 5605 2981 5665 illius
3036 5602 3476 5669 conversionem
3513 5618 3824 5681 praecesse~
