4034 6456
281 275 377 337 li5
1190 283 1252 343 S.
1294 281 1584 344 PETRUS
1625 281 2011 343 DAMIANUS
2051 281 2111 342 S.
2155 283 2221 341 Β.
2266 282 2331 341 Ε.
2373 280 2850 343 CARDINALIS.
3671 282 3783 342 116

279 407 426 472 rant,
449 401 906 466 audivizcmtera
921 407 1156 484 quidem
1173 410 1402 484 propria
1422 410 1728 484 praesentia
1743 408 2046 482 ipsemetA
2073 407 2180 467 viis
2222 408 2492 482 expedit;
2524 408 2812 468 substrata
2862 405 3013 482 pelle
3053 409 3225 482 juxta
3272 406 3470 480 ignem
3520 407 3779 483 puerilia

277 489 565 550 adnotavi.
599 492 814 553 Verum
829 495 950 568 jam
971 499 1151 558 nostri
1173 500 1458 559 sermonis
1483 497 1760 558 articulus
1779 497 1850 555 ad
1874 496 1979 555 his
2069 496 2327 555 membra
2381 497 2680 569 distendit;
2714 502 2769 555 et
2818 497 3078 571 undique
3129 496 3503 571 perungendo
3562 513 3777 572 corpu-

281 579 442 641 ioriaa
467 582 651 659 ipsius
680 591 938 648 vertatur
973 591 1305 651 exordium.
2068 585 2294 644 sculum
2327 601 2444 644 non
2479 586 2720 645 modica:
2749 601 2998 645 summae
3037 585 3300 658 songiam
3326 585 3390 658 (3)
3419 586 3774 660 proﬂigavit.

831 687 1076 749 CAPUT
1105 691 1420 752 pBIMUM,
2069 674 2304 734 Videres
2357 675 2548 750 itaque
2616 674 2854 736 tenellos
2906 679 3066 734 artus
3120 673 3493 750 liquescentis
3547 676 3778 736 arvinae

569 778 645 831 De
668 780 991 850 parentibus
1027 798 1091 838 ασ
1118 786 1361 856 pum-tia
1391 782 1533 842 δραιί
1560 785 1691 839 viri.
2064 764 2320 856 fomenta
2363 763 2710 856 combibere,
2771 762 3374 856 etresumptouvitali
3419 765 3610 856 calore
3652 781 3777 856 ru-

352 861 455 919 Vir
499 863 692 938 itaque
731 865 836 926 Dei
875 851 1594 944 Petrusfprmnominatus
1639 871 1979 942 Damianus,
2064 853 2312 953 δεξοθτθν
2346 852 2526 953 et???
2560 851 3040 953 ίηλθοἮίίοΓθΠὲ
3073 851 3235 953 milia
3279 853 3547 953 ίηίθηίίξθ
3581 853 3781 953 “ibi?”

278 951 681 1012 famosissimm
734 955 1030 1016 Ravennae
1083 940 1244 1018 urbis
1299 959 1444 1018 civis
1493 959 1652 1018 haud
1709 961 1868 1034 ignot

2188 957 2350 1000 )rere.
2405 940 2513 1000 Ubi
2560 941 3072 1034 notandumgquia
3107 947 3396 1034 etgmater
3448 944 3579 1034 ejus
3625 944 3781 1004 facta

281 1040 619 1132 liberalibus
640 1047 898 1122 apprime
935 1047 1256 1122 disciplinis
1288 1047 1568 1120 imbutus,
1597 1031 1874 1124 cum-Pyt

2190 1039 2253 1090 at
2304 1032 2604 1103 Herodias,
2635 1037 2692 1090 et
2737 1031 2838 1090 illa
2883 1031 3030 1091 facta
3068 1037 3154 1091 est
3187 1031 3382 1104 Elias;
3425 1032 3628 1106 sicque
3673 1048 3783 1108 per

276 1129 454 1200 gorici
478 1131 656 1205 apicis
675 1132 898 1192 bivium
927 1135 1235 1208 paululum
1250 1137 1717 1209 transcendisset,
1741 1122 1869 1196 laevi

2189 1122 2392 1181 :airicis
2465 1123 2832 1183 mulierculis
2879 1122 3158 1193 studium,
3206 1128 3263 1182 et
3315 1123 3652 1196 desperatus
3704 1124 3782 1184 de

276 1231 450 1289 quem
480 1226 741 1292 mperat,
779 1223 1041 1284 consulte
1075 1224 1435 1298 relinquens,
1467 1225 1739 1286 dextrum
1778 1225 1983 1284 canem
2067 1213 2267 1272 mortis
2294 1213 2557 1274 faucibus
2589 1213 2918 1284 retrahitur,
2946 1219 3003 1272 et
3033 1219 3212 1274 mater
3251 1214 3322 1274 de
3349 1214 3588 1276 iilicidio
3626 1215 3780 1278 libe-

277 1308 590 1378 prudenter
645 1313 922 1386 arripuit;
967 1314 1209 1389 ipsoque
1251 1316 1580 1390 juventutis
1624 1316 1850 1378 fervore
1900 1315 1985 1374 di-
2068 1307 2244 1362 fatur-
2289 1302 2448 1407 Ου’δθ.
2480 1302 2765 1407 Nimirum
2810 1302 2932 1404 Ῑξλῖω
2983 1318 3107 1407 ἔξω
3153 1311 3393 1407 mairem
3445 1303 3778 1407 ξὶάνθξεθῐξε,

278 1396 414 1454 vina
449 1399 680 1459 afﬂatus
716 1404 918 1475 gratia,
947 1404 1212 1464 saeculari
1259 1422 1486 1481 pompae
1523 1408 1871 1478 renuntians,

2186 1409 2238 1451 m
2296 1393 2456 1451 velut
2511 1394 2772 1453 alienum
2838 1393 3082 1454 immitis
3137 1393 3486 1468 exploserat,
3539 1394 3612 1455 ad
3661 1397 3779 1470 piae

277 1482 681 1554 perfectionem
756 1489 1156 1552 monachicam
1223 1494 1392 1554 avide
1446 1493 1791 1555 convolavit.
1848 1493 1980 1565 Qui,
2065 1497 2203 1540 111οΧ
2261 1481 2586 1542 dilectionis
2634 1482 2975 1558 amplexum
3032 1489 3427 1544 maternorum
3485 1483 3779 1546 νίεοθτιιω

277 1571 564 1633 nimirum
598 1575 855 1638 honestis
884 1581 1220 1655 parentibus
1257 1585 1467 1659 editus,
1500 1585 1575 1644 ab
1603 1590 1764 1644 ortus
1801 1583 1983 1657 ipsius
2062 1571 2361 1632 affectibus
2387 1578 2633 1647 Γθνοοᾶῑν
2665 1588 3020 1648 omnemque
3065 1572 3151 1632 illi
3191 1573 3456 1634 Πυίνίῖίω
3493 1591 3649 1636 θυι·αέ
3685 1576 3776 1636 ἀί·

279 1666 609 1737 crepundiis
660 1669 834 1728 rebus
907 1674 1207 1747 perm-geri
1259 1677 1430 1750 οωρίι
1503 1676 1779 1738 adversis,
1834 1673 1981 1734 cum
2066 1660 2362 1750 ligentiam
2394 1661 2676 1722 instanter
2714 1663 2994 1724 exhibere
3019 1677 3136 1722 non
3169 1669 3370 1724 cessat.
3401 1663 3552 1724 Puer
3577 1671 3778 1725 autem

277 1753 407 1827 ejus
430 1771 639 1832 nempe
667 1765 868 1833 mater,
891 1760 1014 1835 jam
1045 1763 1299 1825 ﬁliorum
1323 1749 1584 1841 pertaesa,
1615 1766 1787 1826 domo
1816 1749 2171 1839 vide-13hac
2217 1750 2532 1823 diligentia.
2585 1752 2767 1813 donec
2814 1752 3154 1823 ablactatur.
3213 1753 3532 1826 Perfruitur
3593 1779 3607 1814 =
3661 1771 3780 1829 qua

280 1841 412 1902 licet
437 1847 765 1908 hmredibus
786 1851 1287 1925 referta(i),hunc
1309 1856 1604 1928 genuisset
1627 1862 1980 1928 extremum,
2065 1855 2202 1898 sane
2257 1849 2382 1915 Ροεί
2429 1842 2726 1904 Πιοάίϐαιῐι
2773 1849 3020 1919 Utroque
3063 1844 3298 1904 orbatus
3341 1853 3576 1919 Parente
3625 1847 3782 1905 infra

279 1948 434 1992 unus
481 1935 820 2009 liberorum,
851 1941 954 2015 qui
985 1947 1122 2001 tunc
1143 1943 1265 2016 jam
1299 1944 1748 2017 grandiusculus
1786 1946 1982 2004 adole-
2064 1929 2314 2002 Pueriles
2349 1931 2539 1991 adhuc
2571 1948 2757 1992 annos
2793 1933 3104 1993 immature
3146 1934 3426 2008 Privatum
3471 1935 3553 1994 ΕΟ
3599 1937 3781 2010 igitur

276 2028 453 2094 verat,
496 2034 844 2100 conquestus
891 2031 1175 2090 exclamat
1215 2052 1228 2089 :
1270 2033 1420 2092 Proh
1451 2035 1669 2109 pudor!
1702 2049 1830 2093 ecce
1864 2037 1984 2110 jam
2066 2019 2332 2110 (εἶδῑθνηεθ
2368 2038 2527 2110 Cum
2574 2023 2807 2095 relicto;
2852 2039 2887 2082 0
2925 2023 3513 2097 incomprehenSibile
3557 2025 3781 2086 diVimB

276 2113 420 2170 tanti
450 2129 656 2174 sumus
691 2116 846 2190 quod
876 2117 938 2177 in
963 2119 1070 2179 hac
1088 2120 1258 2179 domo
1281 2121 1387 2180 vix
1415 2107 1696 2196 capimur,
1723 2128 1780 2182 et
1808 2107 1984 2197 quam
2065 2107 2513 2182 dispensationis
2561 2127 2839 2171 arcanum
2876 2116 2886 2171 ε
2939 2127 3094 2172 unus
3139 2111 3418 2185 ipsorum,
3469 2113 3571 2187 (illi
3614 2120 3783 2174 αῐΓοΧ

278 2202 430 2260 male
475 2203 586 2262 sibi
631 2213 959 2278 congruunt
1005 2209 1304 2270 him-edam
1364 2211 1530 2270 turba
1583 2218 1636 2269 ei
1683 2211 1988 2270 him-editas
2067 2198 2220 2257 inter
2259 2207 2493 2260 caeteros
2529 2201 2787 2261 honestis
2825 2203 3085 2262 moribus
3123 2203 3418 2278 praeditos,
3458 2205 3566 2265 sub
3602 2206 3786 2264 ovina

276 2297 556 2364 angusta!
588 2293 677 2352 Ad
721 2295 887 2369 cujus
943 2298 1119 2356 verba
1165 2304 1347 2357 mater
1386 2299 1783 2360 vehementius
1833 2299 1986 2359 indi-

280 2387 454 2453 gnata
493 2389 549 2441 et
603 2383 842 2444 feminei
893 2386 1096 2450 livoris
1152 2388 1273 2447 zelo
1322 2403 1615 2462 succensa,
1667 2389 1988 2463 complexis

278 2470 568 2539 manibus,
609 2488 672 2531 se
723 2473 994 2533 miseram
1027 2491 1206 2551 seque
1249 2477 1497 2538 ulterius
1538 2479 1734 2538 vivere
1771 2480 1988 2539 vocife-

280 2567 444 2623 ratur
469 2564 788 2639 indignam.
823 2565 985 2628 Illico
1019 2583 1177 2641 eum,
1211 2577 1276 2630 ut
1305 2571 1383 2630 ita
1410 2571 1631 2646 loquar,
1672 2576 1804 2629 ante
1842 2586 1988 2645 pene

276 2666 454 2725 quam
507 2653 756 2726 iactaret,
814 2657 1076 2730 ablactat,
1130 2665 1186 2718 et
1228 2660 1394 2735 quasi
1438 2675 1740 2734 nunquam
1791 2661 1987 2734 ipsum

279 2741 351 2800 de
383 2745 586 2801 caetero
621 2743 746 2803 suis
772 2745 1044 2806 manibus
1068 2749 1507 2820 attrectandum,
1544 2751 1796 2808 infausta
1824 2765 1986 2824 qum-

281 2832 416 2890 dam
467 2831 694 2892 sibimet
743 2836 1088 2909 imprecans,
1135 2855 1169 2896 a
1217 2855 1278 2898 se
1316 2856 1553 2914 prorsus
1609 2840 1867 2913 ablegat;
1905 2842 1988 2900 sic

282 2922 497 2995 filium,
537 2928 846 2998 antequam
889 2927 1086 2986 vivere
1122 2929 1322 3000 discat,
1360 2931 1705 3004 emancipat,
1738 2935 1793 2989 et
1831 2931 1986 3004 quod

281 3013 573 3086 possidere
623 3016 811 3075 solum
864 3024 1071 3091 posset,
1108 3034 1141 3076 a
1183 3021 1540 3094 possessione
1590 3020 1837 3079 materni
1883 3035 1986 3094 pe-

281 3103 454 3160 ctoris
493 3103 842 3162 exhzeredat.
877 3105 1022 3164 Cum
1058 3105 1237 3179 igitur
1275 3108 1530 3181 perexiie
1566 3108 1713 3167 illud
1744 3109 1984 3183 plasma,

284 3190 437 3263 quod
482 3197 602 3249 erat
643 3194 806 3252 omni
852 3195 1109 3253 nutritite
1153 3193 1475 3256 sedulitatis
1527 3197 1710 3257 oiiicio
1747 3198 1988 3258 destitu-

284 3285 428 3352 tum,
486 3281 636 3340 fame
690 3281 866 3341 simul
913 3287 969 3341 et
1012 3283 1204 3356 algore
1255 3284 1636 3358 nigresceret;
1681 3293 1736 3344 et
1781 3287 1986 3358 tenuis,

278 3385 400 3430 non
430 3369 618 3429 dicam
661 3387 799 3444 vox,
832 3374 931 3431 sed
969 3375 1134 3448 quasi
1173 3375 1380 3435 sibilus
1417 3377 1487 3434 de
1516 3377 1847 3452 pectusculo
1886 3377 1989 3440 vix

2069 2287 2220 2360 pelle
2258 2288 2487 2362 latebat,
2515 2289 2884 2350 fraudulenta
2921 2307 3079 2350 nunc
3133 2292 3341 2364 pietate
3391 2286 3494 2366 pro
3543 2299 3782 2366 paterna

2070 2378 2194 2438 vice
2231 2380 2597 2440 educandum
2636 2383 2922 2456 suscepit;
2967 2389 3140 2457 atque
3175 2383 3321 2443 dum
3365 2385 3478 2443 sibi
3522 2385 3779 2445 cohtere-

2071 2467 2198 2526 dem
2227 2469 2496 2542 adoptare
2536 2487 2596 2528 se
2642 2471 2830 2543 ﬁngit,
2859 2470 3003 2529 dirae
3043 2470 3204 2532 velut
3235 2474 3565 2547 emptitium
3593 2476 3777 2534 servi-

2071 2559 2183 2617 tuti
2228 2559 2441 2631 adjicit.
2496 2559 2602 2618 Cui
2649 2561 2800 2619 socia
2846 2561 3067 2636 conqu
3114 2563 3388 2636 hmrebat,
3419 2580 3552 2638 qua:
3596 2565 3781 2626 nullis

2071 2647 2294 2720 pietatis
2341 2649 2658 2708 visceribus
2697 2649 2770 2707 ab
2795 2649 2957 2708 illius
3002 2650 3226 2710 saevitia
3260 2651 3578 2713 differebat.
3610 2655 3778 2714 Uter-

2067 2751 2183 2809 que
2210 2737 2386 2810 igitur
2413 2754 2586 2812 super
2603 2739 2968 2798 innocentem
2988 2755 3241 2815 puerum
3267 2743 3536 2803 unanimi
3554 2745 3780 2804 feritate

2068 2834 2410 2902 grassantes,
2445 2835 2605 2888 torvo
2637 2845 2703 2887 ac
2738 2830 3032 2888 novercali
3074 2847 3212 2890 eum
3253 2839 3486 2906 aspectu
3529 2839 3777 2893 tractan-

2070 2924 2170 2991 tes,
2197 2919 2360 2978 duris
2401 2919 2809 2982 afﬂictionibus
2857 2921 3132 2994 pendulae
3173 2924 3288 2995 (sic)
3339 2923 3501 2984 illius
3556 2923 3778 2985 viribus

2067 3007 2431 3067 officiebant:
2467 3025 2768 3068 servorum
2801 3025 3008 3083 nempe
3040 3011 3292 3082 cibariis,
3332 3017 3388 3070 et
3424 3027 3556 3086 qua:
3593 3013 3780 3087 magis

2068 3105 2448 3172 congruerent
2495 3100 2681 3174 porcis
2721 3100 3091 3176 malignaque
3122 3118 3307 3177 vappa
3343 3119 3457 3162 usu
3490 3110 3780 3165 sustenta-

2073 3187 2212 3246 bant
2233 3188 2500 3258 assiduo;
2535 3189 2776 3263 pedibus
2812 3190 3007 3263 nudis,
3038 3191 3298 3251 vestibus
3328 3191 3447 3251 ibat
3474 3193 3773 3267 incultus;

2071 3279 2410 3338 verberibus
2439 3279 2777 3352 vapulabat;
2808 3295 3140 3354 pugnorum
3173 3298 3239 3341 ac
3274 3283 3522 3342 calcium
3561 3285 3778 3345 crebris

2071 3367 2281 3428 ictibus
2331 3367 2679 3440 subiacebat.
2736 3368 2929 3440 Porro,
2975 3385 3109 3428 cum
3159 3371 3280 3446 jam
3326 3374 3776 3445 grandiusculus

279 3459 472 3519 adhuc
519 3462 833 3535 paipitante
882 3464 1148 3536 raucirct,
1207 3467 1509 3539 cujusdam
1550 3467 1868 3541 presbyteri
1911 3469 1990 3525 fe-
2070 3459 2178 3518 sub
2235 3464 2349 3516 tam
2389 3459 2612 3533 iniquis
2659 3459 2788 3518 licet
2837 3461 3112 3520 oneribus
3163 3461 3367 3522 fuisset
3411 3465 3671 3537 affectus,
3701 3467 3775 3524 ad

281 3549 464 3621 mina,
503 3565 637 3624 quae
685 3551 855 3626 patrii
893 3552 1029 3613 laris
1058 3561 1178 3614 erat
1213 3556 1382 3631 quasi
1418 3557 1749 3628 vernacula,
1787 3573 1988 3631 super-
2071 3563 2268 3625 porcos
2313 3547 2625 3622 pascendos
2669 3549 2915 3623 eiicitur,
2960 3550 3300 3630 cmterisque
3347 3555 3774 3628 mancipiorum

283 3639 459 3708 venit,
489 3647 544 3697 et
581 3639 964 3700 inhumanam
1017 3645 1217 3704 matris
1273 3659 1396 3705 sum
1449 3643 1724 3706 duritiam
1768 3660 1982 3716 severa)
2068 3634 2496 3695 conditionibus
2546 3634 2941 3696 indifferenter
2989 3637 3317 3712 IlbjiCitlll‘.
3364 3640 3512 3711 Quid
3568 3641 3632 3699 in
3681 3641 3776 3700 his

277 3729 626 3806 inquantum
680 3731 861 3802 licuit,
918 3731 1238 3793 invectione
1312 3735 1610 3810 corripuit.
1664 3736 1982 3810 NUmquid,
2066 3739 2203 3782 νεὶΡο
2242 3723 2747 3796 οοηεὶἀθΐᾶηάυῑῐι›
2778 3726 2891 3784 11ίεὶ
2933 3728 3090 3801 (111οά
3140 3728 3355 3787 idCil‘CO
3398 3731 3557 3788 hunc
3596 3745 3772 3789 suum

280 3817 534 3890 domina,
594 3819 803 3895 inquit,
854 3821 962 3880 hoc
1016 3831 1102 3882 est
1151 3824 1352 3887 matris
1411 3822 1774 3897 Christianae,
1830 3825 1985 3900 quod
2065 3815 2348 3880 Dominus
2400 3815 2648 3874 militem
2703 3815 3066 3889 permittebat
3113 3818 3318 3877 acriter
3365 3818 3536 3890 aﬂiCi,
3584 3817 3775 3892 quoad

277 3922 395 3964 non
426 3908 698 3979 probatur
716 3925 840 3968 esse
881 3912 1121 3983 tigridis,
1157 3913 1248 3973 vel
1281 3913 1484 3973 leaena;
1505 3925 1529 3974 ε)
1555 3914 1681 3974 Illas
1719 3922 1984 3988 parentes
2064 3908 2382 3983 spiritualis
2418 3908 2778 3982 procinctum
2813 3908 3039 3968 militiae
3074 3909 3317 3969 disceret
3347 3909 3566 3969 arctius
3595 3909 3776 3969 infor-

278 3997 602 4073 [parientes]
635 4000 935 4060 enutriunt
991 4003 1231 4074 catulos,
1271 4012 1327 4062 et
1382 4021 1488 4064 nos
1539 4005 1611 4064 ad
1664 4005 1982 4078 imaginem
2064 3998 2228 4068 mari,
2261 4003 2548 4072 quatenus
2576 3997 2701 4072 ejus
2744 3997 2931 4057 virtus
2956 4014 3024 4057 eo
3065 3997 3356 4058 robustius
3389 3997 3572 4056 ardua
3613 4003 3776 4072 post-

276 4088 379 4146 Dei
416 4087 677 4147 conditos
713 4089 1021 4164 abjicimus
1054 4107 1086 4149 e
1120 4093 1332 4151 nostris
1369 4094 1688 4152 visceribus
1716 4111 1966 4167 procrea-
2065 4091 2299 4148 modum
2327 4105 2575 4164 qumque
2603 4089 2879 4163 perferret
2913 4105 3028 4164 quo
3057 4090 3179 4164 ipse
3222 4107 3255 4149 a
3286 4105 3462 4162 puero
3499 4095 3774 4164 expertus

270 4182 356 4236 tos
376 4177 405 4236 ?
430 4176 501 4235 Et
527 4177 623 4235 hic
647 4179 810 4252 forte,
852 4179 954 4252 qui
992 4195 1152 4240 nunc
1197 4182 1274 4240 ita
1303 4182 1622 4256 projicitur,
1657 4184 1706 4242 si
1742 4185 1815 4243 ad
1845 4193 1982 4246 ωιει.
2065 4178 2405 4252 huiusmodi
2429 4179 2550 4251 jam
2580 4177 2829 4238 fuisset?
2860 4179 2970 4238 Hic
2999 4179 3171 4238 etiam
3200 4179 3487 4239 succincte
3519 4179 3773 4240 notabile

272 4265 345 4324 iis
399 4265 755 4326 incrementa
814 4270 1161 4343 pervenerit,
1223 4271 1415 4330 locum
1470 4271 1622 4331 inter
1675 4288 1810 4332 suos
1861 4291 1980 4336 non
2063 4267 2354 4341 quoddam
2382 4268 2595 4327 referre
2619 4283 2739 4327 non
2763 4269 3012 4328 otiosum
3041 4276 3332 4344 putamus.

269 4356 541 4414 intimum
567 4353 888 4427 obtinebit;
921 4359 1246 4418 cavendum
1274 4361 1470 4431 etiam,
1500 4377 1575 4420 ne
1601 4361 1770 4435 cujus
1797 4370 1980 4422 mater
2743 4374 2989 4433 CAPUT
3016 4373 3093 4432 II.

268 4462 392 4505 esse
420 4446 762 4539 contemnis,
796 4446 1010 4506 ﬁlicida
1048 4449 1252 4539 merito
1286 4449 1580 4523 judiceris.
1622 4451 2032 4539 Hujusmodi“
2058 4463 2216 4522 unus
2232 4466 2414 4537 pietas
2436 4467 2496 4519 in
2512 4469 2728 4536 patrem
2755 4465 3090 4532 defunctum,
3122 4467 3182 4521 in
3231 4465 3431 4521 litteris
3466 4469 3763 4539 profectus.

267 4537 439 4610 plane
481 4537 672 4596 verbis
728 4552 879 4596 uxor
927 4537 1244 4612 presbyteri
1295 4540 1362 4613 (εὶ)
1408 4540 1594 4600 oiﬁcio
1645 4523 1838 4601 functa

1686 4523 1838 4601 meta
1891 4523 2036 4602 estD
2232 4523 2254 4537 ‘
2512 4523 2593 4592 ‘et
2620 4540 2680 4592 in
2702 4523 2940 4608 setp'sum
2966 4523 3279 4606 ανμὲοεαείο.

269 4625 597 4699 sacerdotis,
625 4628 770 4687 dum
809 4631 865 4686 et
908 4633 1235 4686 maternum
1284 4628 1356 4686 ad
1409 4629 1678 4704 pietatem
1728 4631 1976 4690 mollivit
2127 4626 2387 4696 Quadam
2429 4624 2545 4696 die,
2597 4624 2738 4683 dum
2780 4624 2935 4682 idem
2974 4625 3215 4698 prmfata
3254 4625 3450 4685 adhuc
3483 4626 3768 4687 laboraret

263 4714 554 4786 aiiectum,
603 4721 659 4774 et
715 4715 1058 4775 morientem
1105 4716 1177 4773 ad
1234 4716 1414 4776 vitam
1467 4719 1716 4778 restituit
1761 4719 1969 4778 iiiium.
2056 4717 2270 4787 inedia,
2311 4729 2449 4774 casu
2493 4729 2808 4774 nummum
2853 4715 3102 4789 reperit;
3149 4719 3208 4775 et
3253 4721 3529 4793 tanquam
3575 4718 3766 4778 subito

265 4801 398 4862 Mox
425 4803 618 4877 itaque
645 4819 757 4862 non
795 4805 1000 4878 ignava
1026 4804 1223 4878 virago
1252 4805 1422 4864 ulnas
1449 4807 1768 4866 ﬂuentibus
1797 4807 1974 4866 indu-
2055 4807 2220 4866 dives
2247 4806 2500 4874 eii‘ectus,
2535 4804 3012 4879 gratulabundus,
3044 4806 3185 4881 quid
3211 4823 3280 4868 eo
3311 4809 3552 4869 mercari
3575 4808 3765 4883 aptius

1426 4929 1824 4990 GODEFRIDI
1866 4928 2326 4990 IIENSCHENII
2367 4927 2609 4987 NOTZE.

323 5035 396 5100 (i)
445 5033 612 5087 Domo
670 5033 911 5086 uidelicet
960 5035 1252 5090 heredibus
1303 5036 1528 5102 referta.
1594 5036 1664 5089 Ex
1717 5037 1798 5090 his
1857 5038 1963 5090 duo
2063 5035 2197 5088 lices
2243 5037 2390 5089 velut
2431 5045 2634 5087 uxores
2689 5035 3062 5102 detinentium,
3111 5036 3254 5092 infra
3301 5039 3495 5102 agitur.
3549 5039 3585 5089 Α
3638 5037 3766 5094 For-

260 5106 355 5159 ﬂiii
385 5099 534 5160 mox
597 5109 950 5170 enarrantur,
1008 5111 1062 5158 at
1115 5099 1664 5172 duarnm‘iliiarum,
1718 5120 1814 5161 seu
1866 5122 1961 5161 so-
2063 5108 2212 5160 iunio
2269 5111 2321 5161 et
2367 5105 2547 5160 Rubeo
2605 5104 2772 5172 palleat
2821 5099 3139 5171 appellatur,
3191 5121 3222 5162 ι
3266 5099 3520 5160 Flaminio
3563 5105 3766 5162 femina

258 5188 444 5230 rerum
486 5179 588 5261 _B..
636 5177 774 5261 Petri
842 5177 1083 5261 meminit
1153 5181 1498 5261 ipichepist.
1562 5181 1615 5231 i-i
1839 5193 1958 5261 vui,
2061 5179 2321 5261 qnwdam.
2387 5179 2454 5261 Β..
2500 5177 2686 5261 ιξθιτιιε
2739 5190 2927 5241 opusc.
2988 5192 3082 5261 vr,_
3107 5192 3277 5261 "eam
3311 5179 3386 5241 18,
3445 5179 3518 5231 ait
3581 5197 3609 5261 ξι
3661 5182 3761 5261 ilia-

260 5261 424 5314 quam
485 5251 622 5316 ipsis
688 5251 800 5303 tum
865 5248 1044 5301 viduis
1120 5253 1353 5314 scripsit,
1435 5253 1501 5304 ad
1579 5254 1962 5304 continentiam
2065 5253 2243 5302 rinum
2314 5250 2692 5314 presbyterum
2769 5263 2922 5304 suam
2993 5252 3207 5315 publice
3263 5253 3517 5316 tanquam
3578 5251 3762 5315 legiti-

254 5333 367 5403 gas_
426 5322 735 5403 adhortans.
772 5395 784 5403 .
814 5321 1161 5403 Appellantur
1254 5323 1570 5403 liodelinda"
1610 5327 1664 5378 et
1729 5323 1957 5403 Suﬂicia.
2062 5335 2205 5403 mam
2234 5322 2515 5403 possidere
2543 5332 2771 5403 uxorem
2801 5335 2910 5403 non
2937 5323 3231 5403 reventum
3260 5332 3403 5400 esse.
3440 5338 3467 5366 ι»

255 5391 496 5474 Fratrum
551 5393 787 5453 Damiani
859 5398 914 5448 et
973 5394 1156 5450 Marini
1219 5397 1462 5448 meminit
1515 5393 1608 5449 lib.
1684 5407 1742 5456 ιι,
1803 5396 1957 5460 epist.
2122 5392 2194 5474 ρ)
2259 5392 2523 5474 δοηρίιιιιι
2585 5392 2914 5474 proﬂigauit.
2975 5391 3402 5474 lmokrongt‘am
3452 5392 3757 5474 legendum

259 5464 374 5528 14.Δ
1841 5459 1854 5460 ί
2060 5463 2402 5524 arbitramur,
2455 5465 2509 5517 id
2560 5467 2642 5518 est
2692 5465 2944 5520 scabiem.
3003 5459 3144 5515 italis
3203 5474 3395 5528 rogna,
3448 5463 3609 5518 Gallis
3665 5478 3750 5516 ro-

313 5526 387 5601 (2)
438 5531 578 5588 Uxor
633 5535 946 5604 presbyteri.
1005 5537 1124 5591 Mox
1173 5537 1446 5603 peccatrix
1497 5535 1815 5588 multem-ida
1865 5536 1956 5589 di-
2058 5537 2178 5599 gite,
2202 5535 2452 5600 Hispanis
2478 5548 2632 5589 rm.

256 5607 412 5658 citur.
474 5604 547 5660 De
596 5603 1170 5664 abusuisaeerdotum
1222 5611 1314 5662 illo
1375 5613 1619 5673 tempore
1673 5607 1774 5662 sibi
1837 5607 1954 5672 pel-
