4034 6548
1765 39 2382 53 ἮἮ-ς-Ἂ

284 241 396 301 117

1230 238 1808 300 PROLEGOMENA.
1844 269 1909 284 --
1953 239 2131 299 VITA
2174 240 2232 299 S.
2277 238 2498 300 PETRI
2537 239 2879 301 DAMIANI.

3707 241 3811 300 118

275 369 506 441 posset,
540 363 643 424 diu
689 368 885 424 mente
933 363 1228 424 revolvere
1282 365 1474 440 ccepit,
1520 365 1805 426 nimirum
1858 362 2346 428 dumAcilicium
2405 365 2633 439 induit,
2681 366 2960 441 jejuniis,
3017 365 3237 439 vigiliis
3269 410 3287 436 ,
3341 370 3397 422 et
3445 364 3806 424 orationibus

276 456 581 517 suavibus
629 455 853 516 cunctis
892 461 1102 529 egeret,
1129 456 1324 516 dulcis
1358 456 1645 530 appetitus
1672 473 1773 530 per
1802 456 2002 515 mollia

277 563 553 623 qumque
591 546 882 622 puerilem
913 551 1170 605 mentem
1192 546 1470 605 trahebat.
1499 545 1661 616 Quod
1693 547 1839 606 dum
1866 563 1999 622 pro-

279 641 483 700 lixius
513 642 690 713 ﬁeret,
722 656 1046 714 ancepsque
1085 639 1243 713 quod
1281 644 1430 697 esset
1454 639 1786 713 eligendum
1814 640 2002 698 ambi-

282 738 474 805 geret,
513 730 800 792 divinitus
849 730 1082 790 tandem
1132 728 1472 804 inspiratus,
1531 729 1610 789 ait
1659 755 1670 788 :
1727 729 1876 800 Quid
1920 734 2005 789 est

281 820 454 896 quod
491 819 726 880 revolvo
744 822 772 876 τ
799 819 1087 894 quidquid
1123 818 1333 878 horum
1367 823 1518 878 certe
1545 834 1859 892 assumam,
1886 835 2005 879 non

284 911 410 969 erit
435 909 560 984 ejus
589 909 868 970 diuturna
896 907 1204 982 voluptas;
1235 905 1444 966 melius
1483 922 1616 981 ergo
1661 914 1747 966 est
1788 915 1852 968 ut
1890 915 2002 967 tra-

283 1001 435 1060 dam
463 1000 822 1076 presbytero,
859 998 961 1073 qui
997 996 1115 1056 Deo
1149 995 1508 1057 Sacriﬁcium
1545 997 1756 1058 offerat
1774 1013 1879 1072 pro
1903 1014 2006 1073 pa-

287 1095 386 1150 tre
414 1105 562 1150 meo.
597 1088 749 1160 Quid
788 1087 966 1161 hujus
1000 1086 1169 1161 pueri
1202 1086 1570 1161 simplicitate
1607 1088 2008 1162 prudentius?

285 1178 438 1254 quid
489 1179 618 1256 hoc
641 1181 844 1251 egente
894 1176 1116 1250 pupillo
1159 1175 1497 1251 frugalius?
1526 1177 1597 1236 Et
1625 1178 1830 1252 spretis
1858 1194 2006 1238 cun-

284 1268 420 1337 ctis,
448 1283 583 1342 qua)
621 1267 878 1342 peritura
905 1266 1192 1339 cognovit,
1219 1265 1370 1326 illud
1404 1266 1594 1326 solum
1629 1268 1822 1342 elegit,
1854 1268 2008 1342 quod

286 1373 648 1418 mansurum
704 1356 768 1415 in
822 1361 1111 1416 aeternum
1163 1354 1432 1428 speravit.
1475 1355 1650 1416 Porro
1707 1359 1848 1432 quid
1903 1359 2010 1417 hoc

287 1447 474 1505 fuisse
501 1451 794 1521 putemus,
816 1446 930 1505 nisi
961 1445 1253 1518 quoddam
1274 1445 1604 1506 futurorum
1633 1449 2004 1521 praesagium,

285 1536 451 1610 quod
476 1536 738 1611 appetitu
767 1536 1035 1596 videlicet
1060 1541 1414 1598 aeternorum
1438 1544 1832 1598 contemneret
1869 1546 2006 1599 tem-

285 1628 567 1702 poraiiter
604 1625 1008 1687 blandientis?
1041 1627 1114 1686 Ut
1147 1634 1341 1687 autem
1390 1628 1462 1686 ad
1501 1628 1764 1687 ordinem
1804 1629 2004 1690 redeao

2084 457 2321 515 solerter
2374 455 2612 514 insistit.
2667 457 2737 516 Et
2789 459 2928 532 quia
2973 457 3194 515 calente
3247 457 3509 529 juventa,
3550 456 3805 515 stimulis

2083 545 2289 604 acriter
2316 547 2630 619 urgebatur
2651 547 3004 618 carnalibus,
3031 545 3242 604 mediis
3268 545 3537 604 noctibus
3564 561 3598 604 e
3623 551 3800 604 strato

2085 650 2444 714 consurgens
2480 637 2650 712 aquis
2689 653 2749 696 se
2779 636 3118 697 fluvialibus
3146 635 3550 708 immergebat,
3579 636 3641 694 in
3669 635 3801 709 qui-

2087 724 2199 784 bus
2245 725 2446 786 tandiu
2495 727 2655 786 nudo
2707 727 2976 786 manebat
3017 740 3272 800 corpore,
3321 725 3506 783 donec
3549 722 3803 797 algentia

2087 814 2349 873 membra
2398 815 2671 889 rigerent,
2734 815 2915 876 noxio
2965 816 3263 876 recedente
3313 814 3522 875 calore.
3574 813 3804 872 Exinde

2088 920 2224 966 vero
2262 907 2612 981 regrediens,
2646 921 2894 983 quaeque
2943 908 3300 968 venerabilia
3334 907 3459 966 loca
3499 906 3799 981 psallendo

2087 995 2395 1068 circuiens,
2448 1002 2635 1058 totum
2688 1002 2820 1058 ante
2878 997 3153 1073 synaxim
3207 997 3526 1073 complebat
3577 996 3797 1056 Psalte-

2093 1087 2265 1146 rium.
2305 1087 2707 1163 Eieemosynis
2743 1104 2976 1164 quoque
3002 1093 3326 1165 pauperum
3363 1086 3612 1147 assiduis
3649 1087 3796 1146 insi-

2090 1181 2268 1249 stens,
2308 1185 2374 1236 ac
2431 1176 2832 1253 frequentibus
2879 1195 2977 1240 eos
3032 1179 3322 1239 conviviis
3374 1187 3633 1252 pascens,
3675 1178 3799 1237 suis

2090 1266 2392 1327 laetabatur
2440 1267 2716 1328 manibus
2772 1269 2856 1327 eis
2910 1273 3184 1343 tanquam
3216 1268 3443 1327 Christo
3471 1267 3800 1328 ministrare

2091 1359 2352 1420 devotus.

2780 1450 3025 1510 CAPUT
3062 1449 3165 1510 III.

2158 1543 2262 1597 Per
2289 1543 2380 1598 sui
2414 1543 2700 1598 victoriam
2731 1542 2997 1598 liberatur
3041 1559 3076 1597 a
3114 1543 3273 1612 graui
3299 1544 3428 1599 vita
3457 1540 3720 1614 periculo.

2159 1629 2313 1690 Inter
2363 1629 2490 1690 haec
2535 1646 2674 1690 sane
2727 1645 2846 1689 non
2903 1631 3371 1706 praetereundum
3425 1634 3584 1704 puto,
3643 1630 3799 1705 quod

285 1729 444 1787 mus,
484 1719 792 1796 postquam
843 1713 1112 1786 Domino,
1169 1715 1276 1789 qui
1333 1715 1572 1775 suorum
1629 1733 1828 1777 curam
1885 1719 2456 1799 nonBtediﬁcationi
2485 1720 2806 1780 multorum
2833 1719 3207 1794 profuturum
3226 1736 3342 1779 non
3371 1719 3621 1794 ambigo.
3654 1718 3799 1789 Qua-

282 1805 537 1876 deserit,
582 1819 659 1862 ex
710 1803 964 1878 praefatis
1025 1805 1199 1863 etiam
1281 1804 1708 1866 calamitatibus
1757 1815 2000 1879 erueret,

281 1894 524 1970 placuit,
548 1893 746 1967 ipsum
767 1909 914 1965 pene
941 1899 1352 1968 consumptum
1382 1910 1458 1953 ex
1481 1896 1796 1970 impiorum
1828 1898 2004 1956 lania~

284 1983 446 2043 tibus
472 1982 925 2043 misericorditer
953 1983 1252 2055 abstraxit,
1285 1990 1340 2044 et
1377 1984 1439 2042 in
1468 1986 1730 2058 germani
1766 1986 2003 2046 alterius

283 2072 758 2144 sinu,'Damiani
796 2073 1034 2132 nomine
1065 2074 1167 2145 (vi),
1202 2073 1325 2146 jam
1354 2072 1727 2133 mulcendum
1771 2077 2020 2136 tandem

283 2163 724 2238 fovendumque
774 2161 1006 2225 locavit.
1059 2162 1170 2222 Hic
1219 2179 1356 2223 eum
1405 2163 1600 2238 itaque
1644 2165 1815 2223 chara
1864 2167 2002 2225 satis

281 2252 596 2312 dilectione
663 2254 1083 2327 complectens,
1139 2258 1358 2312 tantam
1419 2254 1604 2328 ipsius
1660 2271 1817 2314 cura;
1865 2255 2001 2314 dili-

279 2344 541 2416 gentiam
571 2341 940 2416 impendebat
970 2347 1035 2402 ut
1060 2348 1366 2416 paternum
1396 2344 1676 2403 excedere
1706 2345 2002 2404 videretur

278 2433 574 2492 affectum.
605 2432 792 2502 Quem
818 2447 984 2505 porro
1006 2432 1129 2506 jam
1159 2432 1293 2491 licet
1334 2433 1818 2506 grandiusculum
1847 2435 1996 2494 litte-

282 2537 484 2582 rarum
515 2521 777 2596 apicibus
812 2521 1044 2580 tradidit
1091 2524 1167 2592 (5)
1216 2522 1620 2595 imbuendum,
1656 2540 1763 2582 nec
1799 2538 1917 2582 non
1945 2531 1999 2582 et

279 2609 494 2670 studiis
538 2611 784 2670 subinde
835 2610 1206 2676 liberalibus;
1252 2611 1315 2670 in
1362 2612 1576 2685 quibus
1629 2613 1846 2673 scilicet
1881 2621 1994 2672 tam

278 2702 489 2762 docilis
543 2709 772 2775 tamque
816 2701 1144 2761 industrius
1193 2708 1279 2762 est
1319 2705 1569 2778 agnitus,
1606 2712 1666 2765 ut
1693 2707 1834 2781 ipsis
1873 2708 1998 2788 suis

280 2795 617 2855 doctoribus
678 2795 962 2854 mirabilis
1036 2795 1367 2856 haberetur.
1427 2798 1689 2873 Cumque
1742 2799 1998 2859 discendi

280 2886 463 2944 ﬁnem
492 2902 567 2944 ex
593 2886 754 2945 omni
790 2886 1016 2945 liberali
1061 2888 1301 2946 scientia
1328 2887 1548 2962 peritus
1585 2889 1829 2956 fecisset,
1861 2905 1999 2949 mox

281 2975 435 3035 alios
484 2977 740 3048 erudire,
793 2977 1093 3036 clientium
1138 2979 1307 3037 turba
1367 2980 1438 3037 ad
1485 2980 1762 3040 doctrinm
1815 2982 2000 3056 ipsius

2084 1807 2219 1866 dam
2259 1808 2352 1866 die
2401 1809 2662 1883 privatus
2711 1809 3046 1883 prandebat,
3091 1825 3197 1868 nec
3243 1808 3555 1884 quisquam
3599 1823 3794 1867 secum

2084 1899 2294 1968 przeter
2323 1896 2512 1955 solum
2543 1912 2765 1956 caecum
2810 1897 3123 1972 quemdam
3167 1896 3636 1972 praebendarium
3675 1895 3793 1955 dis-

2085 1986 2407 2058 cumbebat,
2451 1989 2553 2062 qui
2606 1987 2985 2062 quotidianus
3039 1987 3285 2047 conviva
3343 2003 3418 2046 ex
3474 2003 3633 2046 more
3685 1986 3797 2044 sibi

2085 2076 2339 2135 assidere
2363 2077 2568 2136 solitus
2595 2083 2733 2136 erat.
2767 2077 2992 2135 Accidit
3021 2083 3219 2136 autem
3251 2081 3317 2137 ut
3357 2082 3495 2136 tunc
3521 2092 3641 2135 non
3669 2091 3794 2134 am-

2083 2167 2239 2241 plius
2283 2182 2463 2240 quam
2509 2181 2666 2226 unus
2711 2167 2949 2225 triticea:
2976 2165 3322 2241 similaginis
3353 2165 3521 2239 panis
3549 2166 3790 2226 adesset.

2085 2257 2192 2316 Hic
2220 2256 2418 2330 itaque
2444 2255 2536 2314 illi
2562 2255 2721 2314 solus
2746 2255 3077 2337 apponitur,
3132 2255 3272 2331 quid
3303 2270 3440 2314 vero
3463 2256 3586 2314 dari
3616 2257 3797 2330 possit

2082 2361 2283 2405 mense
2327 2345 2527 2416 sodali,
2561 2345 2664 2419 qui
2707 2341 2827 2403 non
2875 2344 3122 2403 diversis
3179 2361 3213 2403 a
3261 2361 3322 2404 se
3361 2345 3505 2404 cibis
3541 2345 3619 2404 ali
3655 2361 3794 2405 con-

2081 2441 2365 2505 sueverat,
2395 2452 2515 2496 non
2549 2435 2813 2494 habetur.
2857 2434 3172 2509 Appositus
3217 2439 3303 2493 est
3349 2451 3484 2511 ergo
3526 2435 3614 2494 illi
3648 2435 3797 2495 ciba-

2081 2526 2204 2585 rius
2231 2524 2420 2601 panis,
2457 2541 2672 2600 supper
2707 2524 2996 2596 videlicet,
3033 2527 3088 2582 et
3130 2523 3403 2583 secundae
3433 2527 3795 2601 conspersio-

2080 2614 2173 2672 nis
2227 2612 2382 2689 quod
2431 2613 2526 2672 hic
2581 2629 2790 2688 nempe
2835 2628 2954 2670 non
2997 2612 3183 2686 aequis
3230 2615 3454 2686 aspexit
3493 2614 3697 2690 oculis,
3741 2617 3798 2675 et

2079 2705 2332 2781 graviter
2379 2705 2552 2778 tulit;
2605 2704 2888 2779 paulatim
2939 2717 3077 2763 vero
3128 2705 3182 2763 ei
3235 2719 3412 2777 pavor
3455 2703 3679 2777 incidit,
3739 2712 3797 2764 et

2083 2796 2234 2856 intra
2252 2795 2628 2870 semetipsum
2655 2794 2903 2868 cogitare
2931 2794 3138 2869 coepit:
3163 2793 3446 2868 Christus,
3479 2793 3693 2870 inquit,
3719 2795 3793 2853 ad

2083 2903 2342 2949 mensam
2375 2902 2567 2947 meam
2599 2886 2842 2945 inferior
2878 2884 3026 2944 mihi
3059 2885 3143 2944 est
3170 2882 3199 2944 ?
3234 2883 3355 2958 Ego
3386 2900 3461 2944 ne
3492 2885 3791 2949 comedam

2083 2978 2243 3039 velut
2287 2977 2533 3038 herilem
2579 2991 2808 3052 panem,
2841 2981 2896 3035 et
2925 2975 3263 3036 deliciosum
3283 2994 3300 3047 ;
3350 2980 3406 3034 et
3444 2974 3546 3034 ille
3577 2989 3792 3052 puero-

284 3063 500 3124 famam
564 3066 825 3140 undique
903 3067 1249 3139 conﬂuente,
1306 3069 1728 3129 studiosissime
1804 3073 2058 3168 cmpit.c
2083 3082 2216 3126 rum
2274 3082 2539 3127 meorum
2592 3081 2742 3140 pane
2786 3070 3092 3125 vescetur?
3128 3063 3304 3163 Haec,
3333 3062 3530 3168 etuhis
3575 3062 3804 3162 similia.

280 3153 441 3214 Inter
492 3155 600 3212 ista
648 3155 929 3214 nimirum
965 3157 1106 3215 dum
1146 3157 1342 3216 favore
1375 3157 1638 3232 populari
1675 3151 2058 3230 eﬂ'erretur,"
2080 3173 2214 3216 cum
2262 3158 2326 3215 in
2370 3161 2593 3231 pectore
2621 3169 2726 3214 suo
2755 3154 2943 3214 multa
2981 3157 3253 3225 versaret,
3287 3151 3493 3211 incidit
3522 3151 3793 3226 cogitatio

277 3244 422 3303 dum
455 3244 797 3304 divitiarum
834 3245 996 3319 copia
1018 3245 1442 3319 cumularetur,
1474 3248 1595 3321 jam
1624 3264 1772 3322 pene
1810 3251 1999 3322 potuit

273 3335 489 3394 horum
536 3335 827 3393 lenocinio
883 3336 1146 3394 saeculari
1187 3352 1415 3411 pompm
1467 3337 1838 3408 subtrahere,
1896 3344 1997 3397 aut

273 3426 562 3486 illecebris
613 3427 878 3486 venereis
927 3427 1157 3487 illectus
1205 3429 1512 3503 implicari.
1556 3430 1664 3489 Sed
1718 3431 1993 3505 quoniam

271 3531 347 3574 ex
380 3515 697 3574 electorum
733 3530 978 3574 numero
1020 3517 1227 3592 nequit
1278 3518 1440 3577 ullus
1486 3533 1722 3592 prorsus
1775 3520 1985 3591 minui,

273 3609 534 3677 respectu
581 3603 738 3662 illico
795 3603 998 3662 divino
1040 3611 1394 3677 prmventus,
1446 3607 1524 3665 ita
1574 3623 1772 3665 secum
1821 3623 1989 3680 agere

275 3691 483 3765 erepit:
515 3691 586 3749 Et
613 3707 718 3750 cur
742 3691 987 3750 delecter
1013 3693 1422 3767 prmsentibus,
1453 3700 1519 3752 ut
1549 3711 1679 3754 caro
1709 3696 1983 3770 suggerit,

279 3789 416 3840 aetas
439 3781 745 3854 exposcit?
774 3782 874 3840 sed
898 3782 1167 3857 nunquid
1194 3783 1286 3842 his
1310 3785 1584 3858 perituris
1608 3785 1786 3843 debeo
1805 3785 1987 3844 inhae-

279 3889 445 3944 rere,
494 3879 552 3932 et
587 3889 708 3933 non
753 3873 939 3947 magis
979 3874 1106 3933 istis
1147 3875 1493 3934 renuntians
1533 3877 1752 3950 potiora
1795 3877 1985 3950 provi-

277 3963 467 4022 dere?
518 3965 595 4022 At
666 3963 716 4022 si
784 3965 928 4023 forte
980 3965 1343 4038 postmodum
1396 3966 1503 4024 hoc
1548 3981 1642 4024 me
1701 3967 1986 4027 facturum

278 4053 574 4128 promitto,
633 4053 770 4126 quia
819 4068 937 4112 non
985 4053 1167 4113 multo
1227 4053 1459 4113 charius
1519 4055 1817 4129 multoque
1872 4057 1988 4115 Deo

275 4143 562 4218 acceptius
598 4144 769 4202 modo
821 4158 991 4218 agere
1037 4149 1250 4217 satago,
1278 4144 1422 4203 dum
1466 4149 1606 4204 mtas
1643 4147 1818 4220 viget,
1847 4147 1989 4207 dum

271 4248 544 4308 prospera
615 4231 936 4294 mulcent?
978 4231 1107 4291 Jam
1158 4233 1296 4291 vero
1349 4239 1476 4308 post
1529 4235 1655 4294 haec
1708 4236 1986 4309 paulatim

270 4322 540 4383 inchoata
568 4322 884 4382 mundanis
911 4323 1117 4382 studiis
1148 4324 1453 4393 removeri,
1485 4340 1552 4383 ac
1580 4325 1798 4384 divinis
1829 4327 1986 4386 obse-

268 4411 422 4486 quiis
461 4412 684 4486 accingi
721 4418 777 4471 et
813 4411 946 4471 licet
982 4413 1288 4473 exterioris
1327 4413 1521 4474 cultus
1558 4415 1746 4488 specie
1798 4416 1986 4476 adhuc

266 4476 532 4563 videatur
571 4476 797 4563 haerere
845 4504 1097 4578 caducis,
1129 4512 1245 4564 toto
1288 4509 1480 4563 tamen
1534 4476 1744 4565 mentis
1777 4476 2048 4567 affectuD

265 4593 436 4653 bonis
471 4593 687 4668 aspirat
729 4594 984 4653 aeternis.
1020 4593 1147 4654 Sub
1183 4594 1460 4654 mollibus
1498 4595 1693 4668 itaque
1730 4597 1986 4658 vestibus

2079 3251 2144 3306 ut
2189 3261 2400 3321 panem
2445 3245 2612 3305 illius
2651 3260 2778 3318 suo,
2810 3259 3106 3320 suumque
3141 3242 3299 3302 illius
3337 3257 3487 3318 pane
3517 3247 3787 3302 mutaret.

2078 3335 2228 3406 Quid
2279 3335 2460 3411 igitur
2503 3336 2739 3409 ageret?
2768 3349 2883 3408 quo
2930 3349 2992 3393 se
3037 3331 3332 3392 verteret?
3359 3331 3582 3390 tolleret
3627 3331 3790 3390 illius

2076 3424 2335 3499 panem?
2360 3426 2461 3483 sed
2511 3425 2696 3499 pudor
2748 3423 3008 3482 obstabat
3066 3437 3240 3481 suum
3288 3421 3633 3494 comederet,
3689 3423 3786 3481 sed

2071 3513 2420 3573 conscientia
2455 3512 2833 3571 remordebat.
2873 3511 3026 3582 Quid
3077 3509 3292 3585 plura?
3320 3509 3578 3569 Tandem
3607 3510 3789 3569 vincit

2070 3619 2220 3675 caro,
2257 3610 2314 3661 et
2363 3618 2527 3661 mens
2565 3601 2853 3660 enerviter
2899 3601 3188 3660 obluctata
3233 3602 3580 3660 succumbit.
3629 3601 3787 3659 Inci-

2069 3695 2241 3768 piunt
2292 3693 2470 3765 igitur
2520 3699 2762 3765 uterque
2817 3691 3158 3749 comedere:
3197 3692 3292 3748 hic
3342 3691 3574 3760 scilicet,
3617 3691 3784 3763 quasi

2069 3782 2345 3842 dominus
2395 3789 2451 3840 et
2504 3783 2769 3855 princeps
2826 3795 3062 3853 mensae,
3130 3779 3417 3850 nitidum;
3471 3779 3570 3836 ille
3624 3795 3782 3850 vero,

2069 3875 2392 3944 clientium,
2453 3875 2543 3931 vel
2599 3871 3021 3944 mancipiorum
3077 3885 3255 3939 more,
3313 3869 3616 3929 cibarium.
3671 3870 3782 3930 Sed

2070 3980 2206 4024 cum
2255 3963 2596 4035 comederet,
2639 3962 2855 4021 sensim
2897 3975 3076 4036 pavor
3111 3961 3335 4029 accidit,
3367 3967 3421 4020 et
3455 3962 3661 4020 horror
3689 3962 3784 4020 ni-

2072 4055 2224 4115 mius
2256 4053 2522 4113 omnium
2562 4052 2854 4110 viscerum
2900 4065 3141 4110 suorum
3179 4050 3410 4109 interna
3452 4050 3778 4122 concussit;

2071 4144 2377 4206 verebatur
2409 4144 2567 4202 enim
2596 4141 2785 4202 divini
2817 4157 2990 4215 super
3021 4157 3081 4200 se
3124 4147 3314 4200 motus
3343 4140 3618 4214 evigilare
3644 4156 3780 4198 sen-

2075 4237 2342 4307 tentiam,
2395 4233 2794 4309 suspicabatur
2855 4233 3006 4291 certe
3060 4230 3422 4305 repentinam
3469 4230 3642 4303 justae
3691 4247 3781 4290 se-

2070 4327 2330 4386 veritatis
2381 4323 2690 4381 imminere
2732 4321 3069 4391 vindictam,
3113 4319 3267 4396 quod
3317 4326 3371 4378 et
3418 4321 3636 4380 factum
3676 4327 3779 4382 est.

2070 4415 2145 4476 Os
2174 4414 2332 4496 enim
2371 4413 2544 4486 piscis
2569 4413 2790 4486 gutturi
2828 4409 2955 4484 ejus
2984 4409 3315 4484 pestilenter
3342 4410 3596 4483 inhaesit,
3630 4410 3784 4486 quod

2070 4507 2209 4567 ullis
2236 4502 2476 4563 omnino
2503 4501 2805 4561 conatibus
2834 4499 2985 4558 trahi
3026 4500 3088 4557 in
3119 4499 3393 4558 interiora
3430 4515 3548 4557 non
3579 4497 3782 4572 potuit.

2068 4597 2360 4658 Glutiebat
2412 4609 2487 4652 ex
2541 4592 2826 4651 industria
2889 4592 3127 4664 cibum,
3190 4608 3307 4651 non
3359 4591 3782 4665 descendebat;

1434 4720 1840 4782 GODEFBIDI
1880 4721 2341 4785 HENSCHENII
2381 4713 2624 4780 NOTZE.

331 4817 404 4884 (4)
443 4817 706 4871 Damiani
759 4817 993 4870 nomine.
1031 4817 1270 4872 Damiani
1323 4820 1411 4873 hic
1461 4821 1582 4883 ejus
1628 4820 1815 4884 frater,
1850 4824 1976 4876 dein

270 4891 370 4943 fuit
431 4889 872 4954 archipresbyter
927 4887 1243 4949 Ravennas,
1305 4892 1392 4943 cui
1452 4891 1666 4956 scripsit
1737 4895 1892 4955 epist.
1947 4895 1976 4944 2

272 4961 366 5013 lib.
415 4975 453 5012 v
508 4961 608 5012 sub
658 4961 761 5013 hoc
809 4961 961 5012 titulo
1000 4983 1012 5011 :
1057 4963 1261 5014 Damno
1319 4963 1586 5017 Damiano
1637 4963 1811 5028 fratri
1851 4966 1975 5017 cha-

272 5033 490 5086 rissima
547 5034 740 5084 Petrus
801 5037 1046 5097 peccator
1101 5034 1410 5096 monachus,
1474 5034 1742 5100 quidquid
1795 5050 1979 5089 servus

273 5107 323 5156 et
343 5104 524 5171 ﬁlius;
583 5116 647 5156 ac
705 5105 849 5164 dein,
914 5104 1282 5158 dulcissimum
1344 5111 1394 5160 et
1448 5107 1860 5161 dilectissimum
1919 5109 1982 5160 in

278 5176 484 5228 Christo
532 5177 757 5228 Patrem
810 5180 859 5229 et
912 5177 1194 5230 dominum
1234 5179 1488 5244 appellat,
1547 5192 1700 5230 suam
1752 5181 1829 5231 illi
1881 5193 1976 5232 ne-

273 5247 585 5312 giigentiam
649 5248 954 5312 conﬁtetur,
1007 5250 1237 5314 ejusque
1300 5263 1493 5314 preces
1545 5252 1762 5315 expetit.
1825 5252 1978 5304 Eum-

275 5322 396 5371 dem
448 5319 760 5371 Damianum
829 5332 901 5372 ex
971 5321 1443 5387 archipresbytero
1505 5323 1827 5375 monachum
1892 5324 1977 5376 fa-

274 5397 418 5444 ctum
491 5390 652 5445 tradit
722 5391 816 5445 lib.
886 5405 967 5455 ιι,
1043 5393 1199 5456 epist.
1286 5395 1360 5446 14.
1435 5393 1664 5447 Alterius
1741 5395 1975 5447 Damiani

273 5462 489 5528 nepotis
541 5464 625 5514 sui
682 5464 926 5517 meminit
967 5464 1122 5530 epist.
1177 5466 1228 5516 11
1273 5465 1365 5517 lib.
1419 5479 1454 5527 ι,
1495 5467 1562 5518 ad
1613 5465 1976 5519 Alexandrum

275 5534 318 5585 li
372 5532 587 5597 pontif.,
629 5537 682 5587 et
731 5535 891 5599 epist.
950 5536 1013 5590 29
1070 5535 1164 5588 lib.
1223 5548 1300 5600 vr,
1353 5537 1422 5589 ad
1472 5537 1797 5599 Stephanum
1857 5551 1976 5589 mo-

273 5605 528 5664 nachum,
571 5606 664 5658 ubi
728 5605 928 5659 sororis
989 5607 1166 5672 ﬁlium
1224 5607 1472 5673 appellat.
1545 5607 1728 5663 Eidem
1787 5621 1975 5663 mona-

2077 4822 2178 4876 cho
2239 4821 2379 4875 facto
2442 4819 2629 4872 scribit
2678 4820 2834 4882 epist.
2894 4817 2950 4868 2i
3003 4819 3057 4869 et
3099 4815 3164 4866 22
3217 4814 3462 4879 ejusdem
3519 4814 3644 4867 libri
3707 4830 3781 4870 vr.

2138 4892 2211 4960 (5)
2286 4891 2614 4944 Litterarum
2683 4889 2920 4953 apicibus
2995 4885 3246 4941 tradidit.
3300 4906 3326 4932 «ι
3379 4887 3787 4940 Adolescentem

2078 4978 2138 5019 se
2185 4966 2239 5017 in
2291 4963 2582 5015 Faventina
2627 4963 2760 5013 urbe
2815 4961 3033 5024 propter
3083 4960 3380 5011 litterarum
3432 4960 3605 5010 studia
3651 4971 3784 5010 con-

2079 5041 2317 5090 stitutum
2374 5054 2400 5082 n
2457 5036 2624 5086 fuisse
2671 5035 2760 5091 ait,
2821 5033 2978 5096 epist.
3029 5032 3090 5083 3O
3143 5031 3239 5084 lib.
3298 5045 3354 5082 vr
3403 5053 3414 5081 :
3468 5035 3521 5083 at
3571 5050 3598 5077 (ι
3658 5033 3786 5082 dum

2080 5109 2136 5160 in
2180 5110 2296 5173 ipso
2343 5105 2726 5160 adolescentiae
2779 5104 2930 5166 ﬂore,
2972 5107 3024 5156 et
3059 5116 3202 5156 n0va
3241 5104 3498 5168 pubertas
3540 5103 3790 5154 indueret

2081 5180 2312 5241 faciem,
2371 5181 2424 5231 et
2479 5182 2642 5230 aestus
2709 5177 2951 5228 libidinis
3016 5178 3341 5231 accenderet
3404 5186 3660 5236 carnem,
3724 5188 3786 5227 se

2080 5252 2224 5318 apud
2276 5251 2560 5302 Parmense
2613 5249 2907 5313 oppidum,
2974 5247 3281 5302 liberalium
3349 5249 3541 5298 artium
3586 5247 3785 5318 studiis

2079 5317 2337 5376 institisse
2387 5339 2414 5367 n
2461 5321 2551 5382 ait,
2601 5320 2694 5374 lib.
2751 5333 2806 5380 v,
2852 5321 3009 5384 epist.
3056 5321 3149 5385 i6;
3203 5329 3430 5383 quorum
3483 5321 3535 5368 et
3584 5317 3675 5369 lib.
3722 5332 3783 5379 il,

2080 5397 2233 5460 epist.
2299 5395 2375 5454 i7,
2428 5393 2688 5446 meminit.
2745 5393 2964 5445 lvonem
3013 5392 3337 5454 magistrum
3388 5401 3546 5442 suum
3597 5390 3782 5455 appel-

2079 5459 2153 5519 lat
2187 5465 2277 5518 lib.
2313 5480 2385 5530 vr,
2420 5465 2578 5530 epist.
2621 5465 2696 5516 i7.
2737 5466 2918 5518 Studia
2957 5465 3113 5518 dictis
3148 5461 3203 5512 in
3232 5459 3371 5514 locis
3413 5465 3628 5525 peracta
3662 5475 3786 5518 esse

2081 5537 2241 5591 tradit
2271 5537 2432 5590 etiam
2463 5535 2692 5588 Rubeus.
