4034 6526
120 328 208 387 121

1044 335 1617 397 PROLEGOMENA.
1662 371 1722 383 --
1768 339 1946 399 VITA
1987 339 2048 399 S.
2091 341 2313 402 PETRI
2352 343 2699 403 DAMIANI.

3516 351 3630 413 122

116 452 416 549 extemplo-
480 452 543 510 in
621 455 997 531 semetipsum
1075 477 1363 535 reversus,
1418 464 1715 538 increpare
1773 469 1893 528 seA
1916 467 2245 541 quempiam
2294 476 2482 542 posset
2519 469 2670 527 acies
2703 470 3004 530 oculorum
3046 472 3318 549 dirigere.
3358 477 3484 537 Illis
3512 494 3621 538 au-

116 543 288 617 crepit
326 544 719 618 vehementer,
759 554 814 606 et
859 549 1096 612 dicere:
1138 554 1440 628 Nunquid,
1493 556 1539 615 si
1596 574 1685 615 res
1735 573 1840 631 po-

118 640 300 692 sceret
329 640 397 693 ut
439 633 609 707 plecti
655 636 837 711 capite
871 656 972 712 pro
1002 640 1226 701 Christo
1269 643 1525 717 deberes,
1569 645 1648 703 ita
1692 645 1839 705 eﬂ‘u-

116 737 298 794 geres,
360 721 756 784 obstinatusve
808 728 1100 789 resisteres
1138 732 1167 790 ?
1223 730 1385 801 Quod
1458 734 1672 801 factum
1731 741 1835 807 est,

117 824 312 868 nonne
365 811 536 884 paulo
592 820 726 874 ante
787 824 1112 878 constanter
1172 820 1278 879 tibi
1349 822 1546 879 omnia
1616 824 1836 897 perpeti

117 899 545 973 promittebas?
594 904 711 963 Cur
782 911 896 964 tam
950 910 1065 968 cito
1121 911 1408 970 enerviter
1457 915 1835 975 succumbere

116 1004 231 1047 non
281 990 560 1049 formidas
595 994 621 1050 ?
654 995 731 1052 At
773 996 821 1052 si
856 996 1002 1055 forte
1040 997 1185 1058 illud
1236 989 1510 1074 judicans
1559 1004 1832 1077 noxium,

116 1080 269 1139 istud
323 1080 593 1141 admittas
649 1083 973 1159 libentius;
1031 1096 1096 1147 ut
1163 1106 1282 1164 quo
1339 1092 1545 1151 durius
1602 1095 1830 1166 toleras,

113 1184 179 1227 eo
201 1169 493 1245 placidius
518 1171 579 1230 in
609 1172 990 1243 retributione
1030 1179 1333 1253 suscipias.

790 1312 1032 1373 CAPUT
1084 1312 1152 1371 V.

116 1408 437 1473 Progressus
489 1409 549 1461 in
602 1410 918 1475 virtutibus,
950 1416 1255 1483 praesertim
1306 1414 1638 1481 humilitate,
1696 1433 1826 1473 ora-

425 1498 588 1560 tione,
623 1501 1053 1569 mortiﬁcatione,
1088 1507 1140 1557 et
1178 1503 1508 1562 obedientia.

182 1604 292 1663 His
320 1604 516 1677 itaque
548 1606 792 1680 propriis
822 1607 1253 1670 invectionibus
1280 1612 1551 1684 reﬂexus,
1584 1614 1830 1673 senioris

1923 560 2037 613 tem
2064 557 2539 643 regredientibus,
2563 559 2776 617 cumad
2801 560 3132 619 coenobium
3153 562 3210 622 S.
3228 563 3517 625 Vincentii
3540 569 3626 643 (8),

1920 643 2014 700 cui
2059 642 2252 701 vicina
2299 644 2460 719 rupis
2506 644 2670 703 Petra
2724 651 2953 720 pertusa
2992 650 3342 711 vocabulum
3388 642 3624 727 indidit,

1920 740 2262 804 perventum
2308 733 2529 803 fuisset,
2562 734 2682 807 jam
2725 735 2961 794 Domini
2990 754 3196 799 servus
3229 741 3475 801 ulterius
3506 744 3628 804 fere

1917 820 2122 894 nequit
2151 820 2605 894 ignominiosum
2636 823 2901 883 nitidulae
2931 827 3108 884 vestis
3156 838 3428 890 ornatum
3461 851 3475 889 :
3526 831 3627 892 Oc-

1916 913 2145 971 casione
2190 912 2383 988 itaque
2421 912 2638 971 ibidem
2674 914 2970 988 paulisper
3011 920 3342 979 remorandi
3382 929 3626 997 reperta,

1915 1001 2189 1075 magister
2214 1009 2398 1076 coepto
2428 1003 2634 1061 itinere
2680 1003 2865 1062 tendit
2893 1005 2963 1062 ad
3003 1022 3307 1080 eremum;
3340 1009 3442 1070 ille
3489 1026 3631 1070 vero

1915 1090 2099 1147 alium
2146 1089 2256 1148 sibi
2301 1091 2657 1163 scapularem
2710 1090 3088 1152 humiliorem
3127 1097 3375 1156 stamine
3429 1105 3487 1157 et
3536 1114 3635 1157 co-

1916 1177 2035 1236 lore
2090 1176 2160 1251 (9)
2213 1179 2566 1254 acquisitum
2619 1179 2850 1251 induit;
2908 1183 3108 1257 sicque
3165 1184 3331 1244 velut
3383 1185 3631 1247 immani

1907 1267 2152 1337 sarcina,
2205 1283 2323 1342 qua
2377 1268 2684 1342 depressus
2741 1269 3020 1328 hactenus
3082 1272 3292 1342 fuerat,
3356 1271 3624 1345 leviatus,

1907 1359 2251 1432 quantocius
2298 1367 2425 1434 post
2462 1362 2807 1433 magistrum
2850 1362 2923 1419 ad
2962 1364 3263 1437 proprium
3305 1373 3391 1424 est
3422 1382 3631 1427 mona-

1909 1449 2152 1507 sterium
2184 1465 2469 1508 reversus.
2522 1449 2902 1535 Nequaquam
2933 1451 3093 1509 enim
3142 1467 3239 1511 eos
3268 1468 3439 1530 teque
3467 1462 3631 1531 pote-

1911 1544 2019 1610 rat,
2070 1539 2120 1596 si
2172 1539 2451 1613 squalidis
2506 1539 2821 1599 utebantur
2866 1538 3147 1610 vestibus,
3198 1543 3460 1617 venustis
3510 1544 3634 1618 ipse

1911 1626 2156 1685 indutus
2204 1627 2479 1697 revisere,
2531 1627 2675 1685 dum
2717 1625 2979 1685 moribus
3025 1628 3217 1686 ornari
3265 1630 3458 1703 potius
3514 1648 3639 1706 ges-

115 1693 596 1791 prasceptoillico
638 1697 948 1770 acquievit,
990 1699 1366 1776 placidusque
1398 1709 1688 1776 gratanter
1725 1704 1831 1762 01)-
1914 1715 2092 1773 tirent
2141 1731 2319 1790 quam
2364 1693 2643 1775 vestibus.
2702 1714 2778 1773 Ut
2826 1722 3021 1774 autem
3072 1717 3143 1775 ad
3193 1693 3492 1791 superiora
3514 1693 3635 1779 Ure-

120 1785 477 1894 temperavit.
524 1787 838 1894 Assjumpto
886 1806 1025 1849 vero
1067 1793 1289 1863 habitu,
1355 1799 1515 1851 tanto
1569 1795 1937 1894 protinusBc‘

1962 1785 2173 1879 eamus,
2234 1808 2401 1867 bona)
2452 1806 2664 1865 indolis
2718 1805 2932 1867 Christi
2998 1807 3169 1867 miles
3239 1785 3413 1868 tantis
3472 1808 3631 1869 illico

117 1873 347 1970 ῖθιξνοτθ
401 1875 907 1970 δυωθηάίίυΐᾼυῒι
972 1894 1242 1952 corporea
1294 1894 1435 1938 cum
1481 1873 2298 1969 contempta,"jejuniorum,
2351 1894 2684 1969 vigiliarum
2745 1901 3209 1970 czeterarumque
3246 1898 3629 1958 afflictionum

118 1965 234 2061 δοιέ
291 1972 619 2061 (ἰυξθηδυηῖ
668 1968 902 2061 ερίῐξίῐῑιε
952 1975 1260 2043 appeteret,
1315 1985 1547 2029 carnem
1599 1970 1834 2061 Spiritui
1915 1965 2213 2043 laboribus
2242 2000 2301 2042 se
2347 1965 2520 2058 erepit
2548 1991 2809 2053 atterere,
2841 1991 2903 2042 ut
2946 1985 3011 2055 ii,
3051 1965 3153 2058 qui
3181 1986 3476 2046 diuturnis
3501 1988 3625 2061 jam

114 2056 247 2114 ίοῖίε
331 2056 561 2118 Viribus
635 2060 849 2118 δθτνίνθ
927 2061 1334 2136 compelleret;
1404 2061 1681 2133 delicata.
1742 2060 1835 2118 vel
1917 2073 2127 2133 studiis
2166 2056 2464 2131 exercitati
2508 2073 2758 2142 fuerant,
2789 2072 2953 2130 illius
2990 2056 3196 2144 mores,
3238 2082 3294 2133 et
3324 2056 3631 2135 vitam'in-

113 2149 457 2216 sumptuosa
496 2151 700 2204 cuncta
743 2162 1040 2222 respuens,
1072 2164 1275 2222 aspera
1306 2165 1558 2224 quaeque
1605 2154 1662 2206 et
1694 2163 1834 2206 con-

115 2235 467 2309 temptibilia
522 2238 857 2310 requireret.
892 2241 1087 2311 Porro,
1120 2241 1277 2315 quod
1304 2241 1454 2313 dico,
1489 2241 1595 2298 hoc
1616 2240 1838 2298 intueri

110 2326 267 2385 vales
315 2328 589 2401 exemplo
629 2347 643 2386 :
697 2329 840 2388 dum
891 2331 989 2390 hic
1029 2336 1176 2389 esset
1209 2330 1520 2405 aliquando
1549 2344 1685 2388 cum
1732 2344 1836 2387 suo

110 2419 482 2490 profecturus
508 2418 804 2491 magistro,
836 2420 1166 2479 molliorem
1206 2419 1566 2494 scapularem
1592 2419 1836 2477 induere

109 2513 283 2579 atque
321 2506 723 2580 pulchriorem
749 2523 928 2582 quam
955 2508 1244 2567 affectaret
1274 2524 1498 2583 equum
1522 2507 1833 2566 ascendere

106 2595 306 2669 jussus
359 2602 467 2654 est.
509 2595 732 2670 Rogare
766 2598 961 2672 itaque
1009 2598 1351 2673 magistrum
1381 2599 1627 2658 summis
1661 2600 1835 2672 coepit

110 2684 406 2757 precibus,
468 2701 542 2743 ne
599 2685 710 2744 sibi
766 2687 874 2746 hoc
925 2686 1261 2762 dignaretur
1313 2689 1623 2762 prmeipere
1676 2688 1833 2761 quod

112 2772 228 2846 ipse
271 2773 587 2846 nimirum,
638 2774 799 2835 velut
845 2775 1141 2848 indecens,
1172 2775 1523 2836 abhorreret.
1565 2775 1836 2851 Magister

114 2876 247 2923 vero
284 2862 418 2934 ejus
461 2863 730 2936 precibus
774 2865 1139 2939 acquiescere
1183 2864 1434 2935 nolebat,
1464 2880 1539 2924 ne
1587 2865 1836 2941 vilipen-

1919 2168 2168 2233 tuentes,
2200 2176 2304 2220 sua
2342 2167 2683 2233 cogerentur
2720 2166 2845 2218 acta
2890 2168 3279 2221 contemnere.
3310 2162 3458 2221 Nam
3489 2163 3634 2223 dum

1918 2250 2194 2309 inolitum
2225 2249 2502 2308 vitiorum
2531 2247 2797 2307 funditus
2824 2254 3065 2309 certaret
3105 2252 3399 2323 exsulare,
3428 2257 3635 2310 cuncta

1918 2340 2235 2399 moralium
2295 2339 2481 2413 ipsius
2544 2338 2656 2397 loci
2742 2338 3153 2398 exercitiorum
3220 2355 3432 2413 genera
3507 2342 3636 2401 totis

1917 2431 2195 2505 gestiebat
2232 2430 2459 2488 viribus
2496 2429 2785 2487 indefesso
2838 2430 3026 2503 operis
3080 2431 3275 2489 labore
3322 2431 3633 2506 complere.

1915 2519 2091 2577 Porro
2121 2519 2233 2577 loci
2259 2517 2550 2576 institutio
2577 2518 2691 2587 (10)
2719 2518 3060 2590 huiusmodi
3103 2519 3220 2577 fore
3248 2519 3631 2592 dignoscitur,

1915 2607 2069 2681 quod
2103 2607 2224 2666 bini
2252 2606 2455 2664 divisis
2493 2605 2717 2664 cellulis
2744 2611 3167 2664 commorantes
3204 2606 3298 2664 die
3345 2614 3636 2682 noctuque

1916 2712 1951 2754 a
1996 2694 2242 2770 spiritali
2271 2692 2606 2766 luctamine,
2634 2694 2798 2753 velut
2836 2694 2900 2752 in
2933 2694 3057 2753 acie
3090 2696 3487 2766 consistentes,
3513 2697 3637 2754 bra-

1916 2787 2049 2846 chia
2109 2803 2228 2847 non
2301 2785 2690 2844 remittebant.
2747 2784 3320 2860 Inexpugnabilibus
3380 2801 3636 2861 namque

1920 2875 2278 2950 psalmodiae,
2307 2874 2600 2946 orationis,
2636 2874 2921 2945 lectionis,
2956 2875 3324 2933 abstinentiae
3360 2875 3634 2934 obedien-

114 2949 241 3007 dere
287 2950 589 3009 videretur
621 2950 996 3027 discipulum,
1026 2968 1204 3028 quem
1251 2952 1527 3027 diligebat
1561 2961 1839 3028 tanquam
1923 2949 2134 3040 tiaeque
2192 2964 2371 3023 armis
2437 2963 2696 3034 accincti,
2752 2963 3034 3023 adversus
3082 2979 3280 3021 aereas
3328 2970 3635 3037 potestates

113 3040 379 3103 unicum.
414 3040 463 3097 si
496 3040 578 3097 sic
616 3056 774 3113 eum,
813 3041 984 3116 juxta
1012 3057 1185 3101 suum
1228 3042 1604 3116 desiderium,
1640 3058 1837 3102 secum
1919 3053 2400 3113 infoederabilitcr
2435 3051 2807 3111 dimicabant.
2836 3052 3223 3111 Abstinentiae
3259 3066 3391 3110 vero
3422 3052 3630 3112 modus

114 3129 472 3199 permitteret
526 3128 815 3187 incultum
872 3131 1198 3204 procedere.
1258 3130 1591 3206 Discipulus
1643 3141 1837 3192 autem
1861 3142 2015 3216 “hic
2049 3147 2188 3214 erat,
2221 3148 2300 3201 ut,
2340 3149 2589 3216 quatuor
2632 3144 2693 3199 in
2726 3139 3088 3199 hebdomada
3115 3140 3341 3210 diebus,
3379 3156 3525 3213 pane
3576 3149 3633 3199 et

112 3196 278 3291 longe
309 3217 481 3275 aliter
516 3219 770 3277 sentiens
810 3196 1109 3293 totumque
1145 3196 1438 3279 aliorsum
1468 3229 1832 3291 convertens,
1859 3196 2373 3304 igdﬁtgﬁti:
2607 3196 3433 3304 eiii—(111mm:féfigﬁpgﬁxin'uﬁl
3466 3196 3629 3301 ιέειίζ

114 3305 367 3364 nimium
430 3305 823 3376 erubescebat:
853 3307 1097 3367 8330113“
1099 3308 1232 3367 ibus
1252 3309 1374 3383 iam
1396 3325 1673 3384 apparere
1700 3309 1837 3367 Πίῐί-
1917 3320 2095 3379 minis
2132 3325 2449 3387 sumerent,
2480 3317 2637 3393 quod
2668 3316 2939 3375 videlicet
2974 3316 3226 3390 singulis
3257 3318 3319 3375 in
3357 3318 3479 3376 suis
3513 3318 3630 3376 cel-

112 3395 306 3467 dulus,
340 3411 419 3453 ne
448 3395 595 3469 ipse,
630 3396 732 3470 qui
769 3397 912 3456 olim
940 3397 1157 3457 saeculo
1186 3398 1554 3457 renuntiasse
1592 3398 1835 3457 videba-

115 3495 223 3559 tur,
277 3487 619 3546 saecularem
656 3502 929 3562 pompam
978 3488 1173 3548 adhuc
1223 3489 1532 3548 carnaliter
1571 3504 1834 3564 quaerere

114 3582 433 3648 putaretur.
491 3575 656 3647 Quod
718 3582 911 3635 tamen
972 3576 1348 3651 opprobrium
1403 3578 1589 3637 multo
1648 3576 1834 3650 magis

113 3669 206 3727 ille
243 3669 449 3729 subire
494 3685 671 3744 quam
719 3670 1130 3729 inobedientize
1158 3678 1355 3730 notam
1392 3671 1618 3741 maluit,
1652 3686 1835 3746 quam

115 3761 386 3820 videlicet
434 3762 733 3820 incurrere
776 3762 1183 3821 vehementius
1225 3764 1480 3835 expavit.
1512 3762 1834 3822 Videbatur

1916 3410 2053 3470 lulis
2083 3409 2493 3482 decoquebant.
2524 3407 2890 3480 Jejuniorum
2931 3405 3145 3479 quippe
3174 3405 3379 3465 diebus
3409 3423 3631 3482 nequa-

1917 3514 2093 3573 quam
2121 3514 2223 3573 pro
2252 3513 2358 3556 suo
2378 3496 2544 3555 lihito
2571 3495 2844 3569 cuiquam
2865 3492 2935 3551 de
2958 3509 3108 3567 pane
3138 3510 3370 3553 sumere
3396 3494 3630 3567 licebat,

1918 3590 2016 3647 sed
2072 3589 2133 3646 id
2181 3588 2337 3663 quod
2380 3584 2624 3660 praeﬁxa
2667 3599 2942 3642 mensura
2989 3582 3299 3655 praebebat.
3342 3584 3517 3643 Porro
3563 3585 3636 3643 de

1918 3676 2043 3735 vini
2071 3692 2183 3736 usu
2212 3676 2354 3750 quid
2382 3688 2720 3744 memorem,
2760 3688 2895 3731 cum
2922 3672 3036 3730 nisi
3066 3688 3167 3744 pro
3190 3672 3491 3744 sacriﬁcio,
3526 3689 3632 3733 seu

1918 3765 2157 3825 forsitan
2188 3780 2293 3839 pro
2332 3779 2486 3836 aegro
2520 3762 2729 3820 vinum
2755 3760 2974 3819 ibidem
3003 3767 3143 3819 tunc
3170 3775 3406 3833 prorsus
3432 3761 3633 3820 deesse

114 3851 267 3908 enim
312 3851 450 3921 sibi,
478 3856 649 3923 prout
695 3851 818 3925 ipse
846 3852 1146 3924 referebat,
1178 3858 1243 3911 ut
1284 3851 1620 3928 quicunque
1658 3853 1831 3912 illum
1916 3856 2137 3913 feratur
2175 3854 2201 3911 ?
2248 3851 2629 3927 Nudipedalia
2677 3850 2891 3923 passim
2934 3863 3036 3922 per
3091 3864 3356 3908 eremum
3408 3851 3634 3910 cunctis

113 3948 403 4014 comptum
454 3941 712 4015 equitare
756 3945 1078 4012 cernerent,
1113 3941 1295 4014 digito
1347 3942 1829 4012 demonstrarent,
1919 3943 2279 4016 temporibus
2326 3939 2712 4011 exercebant;
2760 3936 2825 3995 in
2871 3936 3030 3995 cellis
3068 3953 3205 3997 vero
3251 3954 3361 3997 nec
3416 3939 3629 4014 caligas

113 4036 165 4087 et
190 4030 354 4090 velut
390 4031 685 4090 carnalem
737 4031 1181 4104 subsannarent,
1222 4031 1458 4106 sibique
1486 4047 1603 4089 non
1630 4047 1833 4091 mona-
1913 4032 2235 4090 induebant
2269 4032 2394 4103 (11).
2437 4026 2676 4088 ϐαδιεῖ-18
2724 4033 2921 4084 autem
2961 4026 3365 4100 spiritualibus
3407 4030 3632 4089 exerci-

111 4120 223 4193 chi,
255 4121 357 4180 sed
402 4121 601 4194 sponsi
639 4136 849 4180 nomen
895 4126 1173 4193 aptarent.
1211 4120 1375 4180 Unde
1418 4126 1613 4180 tantus
1648 4121 1829 4180 rubor
1913 4121 2027 4192 tiis,
2060 4120 2385 4196 disciplina
2414 4116 3008 4177 videlicetmetanoeis
3037 4117 3165 4188 (12),
3193 4116 3464 4191 palmatis
3488 4118 3629 4191 (13),

113 4209 234 4284 ejus
271 4210 595 4270 suffuderat
630 4209 859 4283 faciem,
888 4217 954 4267 ut
1004 4209 1107 4268 vix
1138 4215 1312 4284 caput
1353 4209 1591 4283 erigere,
1626 4209 1729 4268 vix
1760 4209 1824 4268 in
1908 4210 2154 4284 prolixis
2200 4210 2476 4269 ulnarum
2522 4206 2963 4268 extensionibus
3014 4206 3140 4280 (14),
3188 4206 3412 4280 sedulo,
3460 4214 3633 4283 prout

1273 4342 1681 4403 GODEFRIDI
1720 4341 2188 4402 HENSCHENII
2226 4341 2469 4402 NOTAE.

174 4450 241 4515 (8)
286 4450 369 4503 Ad
416 4450 710 4503 coenobium
748 4449 807 4504 S.
873 4448 1148 4502 Vincentii.
1216 4450 1289 4501 De
1340 4450 1443 4502 hoc
1495 4451 1823 4502 monasterio
1847 4452 1897 4511 D
1923 4450 2089 4503 fratre
2155 4452 2367 4501 mortuo
2426 4458 2866 4513 unumquemque
2937 4445 3276 4510 septingenta
3335 4453 3633 4503 metancea:

117 4525 218 4585 agit
294 4523 349 4574 Β.
428 4522 611 4575 Petrus
676 4536 763 4586 ep.
845 4522 904 4572 32
967 4521 1059 4573 lib.
1127 4535 1204 4585 vr,
1262 4522 1421 4584 eique
1485 4534 1546 4573 se
1612 4534 1824 4573 summa

115 4598 427 4646 auctoritate
470 4593 753 4657 praefuisse
806 4592 995 4655 innuit,
1049 4592 1519 4657 quadragesimale
1554 4592 1823 4657 jejunium

116 4664 324 4728 aliaque
362 4664 790 4728 praescribendo.

174 4736 243 4801 (9)
288 4736 649 4799 Scaputarem
704 4733 1052 4787 humiliorem
1103 4734 1339 4788 stamine
1394 4740 1442 4788 et
1495 4737 1691 4789 colore.
1750 4736 1824 4790 De

120 4810 207 4858 vui
242 4810 442 4860 vestitu
486 4807 875 4859 monachorum
905 4808 1123 4860 disserit
1151 4819 1339 4872 opusc.
1376 4807 1453 4871 1‘2,
1484 4812 1539 4861 et
1563 4807 1823 4862 ecclesia-

112 4879 367 4931 sticarum
396 4878 671 4942 opusc.29.
1746 4876 1759 4887 “

175 4951 267 5010 (10)
331 4950 501 5002 Porro
552 4946 653 5001 loci
708 4948 994 5002 institutio.
1060 4946 1130 5000 De
1185 4947 1379 5001 ordine
1440 4951 1816 5011 eremitarum,

112 5022 162 5072 et
214 5020 567 5084 famdtatibus
632 5021 803 5073 eremi
861 5020 1337 5084 Fontis-Asellam,
1390 5023 1516 5075 item
1585 5021 1657 5074 [Ie
1716 5037 1819 5074 sua

109 5093 539 5157 congregationis
582 5093 854 5146 institutis
902 5096 1119 5145 exstant
1154 5097 1414 5146 tractatus
1446 5095 1556 5146 duo
1588 5094 1644 5147 B.
1681 5094 1818 5146 Petri

108 5167 231 5214 tom.
255 5165 320 5216 lIl
345 5177 535 5228 opusc.
562 5166 617 5215 14
639 5167 691 5216 et
720 5165 788 5222 15,
814 5177 884 5217 ex
910 5163 1107 5229 quibus
1125 5163 1240 5217 haec
1261 5165 1516 5217 videntur
1540 5168 1813 5230 excerpta.

174 5237 274 5294 (tt)
302 5233 414 5287 Nec
439 5234 638 5299 caligas
671 5233 987 5287 induebant.
1018 5235 1181 5292 Nudis
1211 5235 1462 5288 cruribus
1494 5248 1817 5299 permanere

109 5304 303 5358 solitos
324 5306 488 5357 tradit
516 5317 703 5369 opusc.
745 5307 817 5357 14.

171 5378 282 5452 (12)-
334 5374 632 5430 Metanwis.
688 5378 961 5440 Metanoca,
1011 5377 1297 5452 psi-civem,
1333 5378 1666 5442 penitentia,
1730 5378 1817 5433 hic

107 5449 376 5509 signiﬁcat
464 5452 898 5514 prostrationem,
990 5449 1108 5501 sive
1197 5451 1603 5504 inclinationem
1694 5464 1812 5505 cor-

106 5522 257 5579 poris
324 5522 378 5573 iu
450 5528 671 5574 terram.
726 5521 803 5573 Ita
862 5522 913 5573 B.
988 5521 1171 5573 Petrus
1240 5523 1425 5573 scribit
1485 5523 1542 5574 in
1604 5523 1708 5575 Vita
1766 5524 1813 5575 S.

106 5591 366 5645 Dominici
422 5592 663 5653 Loricatl,
713 5596 779 5644 ab
830 5607 896 5646 eo
952 5592 1014 5646 in
1061 5607 1171 5645 uno
1223 5592 1476 5657 psalterio
1536 5594 1818 5648 recitando

108 5663 250 5715 mitte
300 5667 593 5718 metantem
631 5663 772 5729 ﬁeri,
825 5664 978 5718 etin
1028 5665 1187 5718 citato
1237 5675 1422 5730 opusc.
1477 5666 1532 5716 14
1582 5667 1674 5727 ait,
1719 5677 1820 5729 pro

1923 4523 2122 4586 facere.
2179 4522 2229 4572 S.
2300 4521 2514 4589 Simeon
2582 4519 2769 4582 Stylita
2816 4517 2983 4589 apud
3037 4517 3354 4570 Theodorei.
3412 4532 3460 4572 c.
3526 4521 3640 4571 26:

1930 4613 1951 4639 ι
1992 4592 2206 4644 Philotei
2289 4588 2531 4657 quotidie
2611 4588 3035 4651 quamplurimas
3104 4589 3482 4642 inclinationes
3554 4592 3634 4643 fa-

1922 4663 2114 4726 ciebat,
2179 4663 2376 4727 quibus
2429 4662 2498 4714 ad
2553 4659 2703 4712 mille
2754 4661 3017 4712 ducentas
3081 4661 3438 4725 quadraginta
3498 4675 3629 4725 qua-

1921 4741 2046 4788 tuor
2094 4734 2439 4793 enumeratis,
2489 4733 2752 4790 defessus,
2805 4732 2899 4798 qui
2948 4731 3286 4794 observabat,
3346 4745 3639 4789 numerare

1922 4808 2096 4859 desiit.
2149 4825 2175 4851 η
2229 4806 2461 4858 Consule
2516 4804 2908 4857 Onomasticum
2973 4804 3142 4855 Rosw.
3212 4803 3281 4854 ad
3338 4802 3477 4856 Vitas
3540 4807 3633 4859 Pa-

1920 4883 2079 4931 trum.
2109 4877 2267 4942 [Lege
2292 4877 2528 4940 Cajetani
2551 4875 2727 4927 Schol.
2750 4888 2804 4941 p.
2829 4875 2940 4937 240,
2967 4878 3004 4926 t.
3037 4874 3075 4923 11
3103 4872 3217 4925 hor.
3243 4873 3417 4942 0)€l‘.]

1981 4951 2084 5016 (l3)
2158 4948 2445 5001 Patmatis.
2526 4948 2771 5000 Palmataa
2851 4960 2880 4997 a
2949 4945 3131 5008 palma
3214 4957 3407 4999 manus
3477 4950 3633 5001 dictae

1918 5027 2081 5083 sunt,
2146 5034 2242 5074 eas
2315 5020 2580 5085 quispiam
2647 5018 2749 5069 sibi
2821 5017 3046 5080 infligit,
3132 5019 3349 5083 quando
3428 5020 3636 5085 palmas

1918 5093 2077 5150 illidlt
2123 5095 2299 5145 terrae.
2361 5092 2435 5143 ita
2485 5092 2539 5143 Β.
2615 5090 2799 5142 Petrus
2859 5088 2947 5138 lib.
3021 5102 3115 5149 γι,
3181 5090 3338 5154 epist.
3406 5091 3507 5151 27,
3565 5091 3633 5143 ad

1922 5164 2129 5216 Petrum
2202 5162 2556 5215 Cerebrosum
2635 5159 2955 5212 monachum
3037 5179 3064 5207 ει
3134 5161 3346 5221 Lorica,
3420 5163 3633 5225 inquit,

1918 5239 2002 5288 est
2052 5236 2214 5287 homo
2266 5234 2486 5286 indutus
2539 5232 2608 5284 ad
2669 5243 2921 5291 carnem,
2982 5231 3177 5284 ferreis
3237 5231 3480 5283 membra
3544 5232 3630 5284 di—

1915 5309 2076 5359 vulsa
2129 5305 2352 5359 circulis
2399 5303 2598 5363 ambit,
2658 5303 2816 5354 mittit
2873 5314 2997 5355 cum
3054 5302 3239 5355 labore
3301 5306 3631 5365 metanmas,

1918 5378 2090 5430 allidit
2164 5378 2222 5429 in
2296 5378 2664 5442 pavimentum
2722 5375 2923 5439 saepius
3008 5373 3232 5438 palmas.
3291 5390 3318 5418 »
3379 5372 3634 5428 Burcard.

1917 5450 2008 5502 lib.
2066 5462 2190 5511 xix,
2240 5461 2358 5513 cap.
2430 5447 2485 5500 l7
2549 5452 2605 5500 et
2655 5448 2737 5510 25,
2795 5447 2869 5499 ait
2912 5461 2926 5499 :
2980 5464 3004 5491 (ι
3045 5447 3187 5497 diem
3237 5456 3407 5495 unum
3460 5447 3638 5508 pteni-

1917 5522 2097 5575 tentiae
2152 5521 2339 5584 viginti
2393 5520 2645 5585 palmatis
2696 5519 2897 5570 redimi
2952 5528 3136 5581 posse,
3182 5533 3211 5562 ιι
3256 5514 3349 5567 ubi
3407 5529 3632 5580 percus-

1920 5594 2107 5646 siones
2130 5592 2431 5657 palmarum
2467 5592 2644 5644 ferula
2672 5591 2899 5643 inﬂictas
2926 5586 3093 5657 aliqui
3115 5586 3446 5652 intelligunt.

1985 5663 2089 5728 (14)
2136 5654 2393 5715 Ῥνοιὶωἰδ
2451 5662 2729 5718 ulnarum.
2766 5654 3179 5712 catenationibus.
3234 5657 3287 5711 B.
3347 5660 3533 5714 Petrus
3582 5660 3637 5711 in
