4034 6474
415 282 516 345 123

1336 281 1397 342 8.
1429 278 1723 343 PETRUS
1762 278 2153 341 DAMIANUS
2194 279 2251 340 S.
2296 279 2364 339 Β.
2408 277 2472 336 Ε.
2516 272 2992 337 CARDINALIS.

3825 271 3933 334 124

411 410 627 484 cuique
666 408 859 468 fervor
900 406 1205 482 virtusque
1249 407 1478 466 inerant
1521 407 1651 481 (15),
1679 404 2179 470 incumbebant.A
2204 409 2363 477 teret,
2394 417 2528 478 quo,
2568 399 2938 476 poscentibus
2965 398 3256 472 fratribus,
3288 397 3447 460 verbi
3498 399 3648 461 sacri
3685 414 3935 476 erogare

415 500 593 560 Porro
639 498 972 573 vigiliarum
1010 498 1171 557 hunc
1210 512 1429 557 morem
1478 496 1803 567 servabant,
1837 500 1924 567 ut,
1957 494 2123 567 signo

421 592 697 668 temporis
756 596 1121 666 personante,
1176 596 1360 651 totum
1408 595 1536 665 post
1584 589 1857 665 synaxim
1906 588 2121 647 Psalte-

414 680 570 740 rium
593 685 725 738 ante
750 679 941 737 lucem
978 682 1352 755 complerent.
1384 679 1589 737 Petrus
1634 693 1772 738 vero
1816 677 1926 736 hoc
1965 694 2123 737 com-

411 784 592 829 mune
622 768 854 842 signum
890 768 1062 846 longe
1089 771 1385 844 vigilando
1421 768 1811 843 praeveniens,
1840 767 2123 843 quidquid

413 863 606 918 tamen
634 860 821 918 noctis
847 864 975 935 post
1020 860 1292 935 synaxim
1333 859 1582 917 restabat
1611 856 1737 932 (16),
1772 856 2123 915 continuatis

404 946 673 1007 excubiis
701 947 1019 1022 transigere
1046 947 1350 1021 satagebat,
1387 962 1461 1005 ne
1508 962 1881 1005 communem
1909 944 2124 1004 scilicet

409 1038 708 1098 videretur
764 1052 1047 1096 canonem
1094 1037 1338 1108 solvere,
1396 1036 1499 1111 qui
1566 1035 1639 1094 ad
1701 1035 1923 1110 injussa
1976 1050 2122 1109 quo-

411 1144 527 1204 que
554 1145 614 1187 se
655 1126 973 1187 conabatur
1000 1124 1332 1185 extendere.
1371 1125 1621 1187 Noverat
1647 1126 1806 1185 enim
1846 1124 2123 1184 sacratius

410 1218 533 1277 fore
571 1216 725 1293 quod
770 1214 1003 1290 publica
1055 1215 1181 1290 lege
1221 1220 1455 1276 taxatur
1483 1232 1659 1292 quam
1706 1216 1862 1292 quod
1896 1215 2124 1275 institu-

410 1304 567 1365 tione
609 1305 835 1380 privata
882 1305 1248 1380 dependitur,
1279 1310 1333 1364 et
1365 1305 1520 1382 quod
1563 1305 1814 1378 gratuita
1857 1319 2121 1375 munera,

412 1393 845 1470 quantumlibet
880 1394 1142 1468 grandia,
1185 1394 1430 1454 minime
1481 1393 1712 1456 valeant
1766 1411 1800 1453 a
1854 1394 2123 1453 mandato

414 1485 561 1559 legis
609 1485 948 1545 offerentem
980 1486 1303 1560 absolvere,
1325 1488 1642 1562 quominus
1667 1501 1799 1561 quae
1820 1485 1945 1558 lege
1973 1500 2124 1558 prae-

410 1575 531 1634 fixa
583 1581 722 1635 sunt
770 1577 994 1636 studeat
1022 1576 1329 1651 diligenter
1376 1575 1639 1650 implere,
1697 1574 1796 1635 cui
1842 1572 2122 1635 nimirum

413 1664 544 1723 licet
596 1663 875 1741 quaslibet
912 1680 1013 1740 pro
1070 1660 1377 1724 devotione
1432 1664 1700 1741 adjicere,
1760 1678 1880 1723 non
1936 1668 2126 1722 tamen

2206 493 2488 570 pabulum
2548 490 2863 562 debuisset,
2929 491 3172 565 ejusque
3226 489 3320 563 pia
3366 488 3568 563 petitio
3620 491 3931 567 charitate,

2206 599 2383 659 quam
2428 581 2700 658 postulat,
2733 580 2848 639 Deo
2887 579 3247 657 disponente,
3287 579 3532 638 minime
3582 578 3929 643 frustratur.

2205 672 2357 732 Illuc
2394 673 2554 730 enim
2593 669 2881 743 dirigitur,
2923 666 3026 729 ubi
3076 673 3305 731 caterva
3349 668 3597 729 fratrum
3645 677 3934 735 centena-

2207 765 2363 824 rium
2394 778 2709 822 numerum
2736 762 3033 822 ferebatur
3063 761 3326 838 implere.
3359 761 3509 823 Cum
3547 762 3768 824 ibidem
3805 764 3934 825 fere

2205 852 2445 913 biennio
2498 859 2778 925 retentus,
2834 867 2954 912 non
2996 866 3245 926 parvum
3315 851 3574 913 fructum
3626 868 3705 912 ex
3766 852 3932 928 jacio

2206 941 2368 1000 verbi
2389 941 2613 1002 semine
2641 940 2831 1000 ﬁdelis
2854 945 3117 1016 operator
3150 938 3398 1001 Domino
3422 940 3668 1015 tulisset,
3688 948 3932 1017 accepto

2204 1033 2428 1093 abbatis
2462 1034 2555 1094 sui
2579 1034 2872 1107 mandato,
2907 1033 3178 1095 subnexo
3205 1033 3382 1092 etiam
3413 1032 3760 1094 obedientiaa
3788 1049 3932 1094 vere

2205 1122 2300 1196 bo,
2341 1128 2630 1197 quatenus
2680 1124 2752 1182 ad
2790 1138 2851 1181 se
2888 1122 3078 1182 redire
3124 1120 3438 1194 debuisset,
3470 1121 3605 1183 licet
3648 1122 3933 1197 pluribus

2204 1212 2513 1273 obstrictus
2537 1212 2829 1287 precibus,
2868 1212 3049 1272 teneri
3096 1212 3250 1271 ultra
3286 1227 3660 1286 nequaquam
3696 1212 3929 1286 valuit;

2206 1303 2303 1362 sed
2344 1308 2622 1378 tanquam
2649 1303 2741 1362 vir
2784 1304 2903 1363 Deo
2945 1303 3175 1378 plenus,
3220 1301 3567 1362 obedientia)
3591 1317 3695 1376 per
3723 1302 3933 1362 omnia

2208 1394 2497 1467 subditus,
2530 1394 2875 1469 magistrum
2921 1406 3042 1453 non
3087 1388 3367 1452 obaudire
3400 1391 3723 1452 formidans
3760 1386 3932 1452 festi-

2209 1503 2322 1546 nus
2372 1487 2444 1546 ad
2493 1496 2630 1545 eum
2679 1485 2910 1545 redivit.
2972 1485 3140 1560 Saepe
3185 1497 3439 1559 namque
3491 1482 3659 1544 nobis
3710 1485 3934 1543 referre

2209 1577 2448 1645 solebat,
2480 1593 2615 1637 cum
2652 1575 3099 1636 sermocinantis
3122 1573 3344 1633 occasio
3387 1573 3448 1633 id
3483 1573 3781 1634 videretur
3818 1588 3933 1633 ex-

2210 1682 2461 1741 poscere,
2497 1682 2614 1741 quo
2657 1667 2752 1726 sui
2782 1681 2890 1724 nos
2937 1662 3228 1738 exemplo,
3259 1661 3421 1721 velut
3456 1677 3532 1721 ex
3573 1663 3930 1737 propinquo,

410 1754 677 1815 instituta
758 1755 1050 1830 majorum
1116 1754 1365 1831 propriis
1437 1769 1727 1815 amovere.
1786 1751 2129 1812 Voluntaria
2152 1759 2283 1843 Bad
2323 1758 2715 1818 obedientiam
2760 1756 3055 1817 efﬁcacius
3100 1759 3454 1831 provocaret.
3490 1753 3654 1825 Quod
3688 1755 3740 1814 si
3782 1755 3931 1831 quid

410 1845 629 1922 quippe
680 1861 894 1921 augere
948 1845 1154 1904 merito
1231 1849 1493 1920 possunt,
1556 1859 1837 1904 excusare
1892 1843 2132 1902 omnino

407 1951 541 2013 qum
587 1935 732 2009 legis
770 1940 928 2009 sunt,
984 1941 1301 2010 nequeunt.
1352 1932 1614 2010 Denique
1668 1936 1812 1994 dum
1856 1934 2129 2009 hujusce-

408 2025 568 2083 modi
606 2027 962 2099 pernoctaret
1004 2022 1289 2094 excubiis,
1324 2026 1539 2082 tantam
1576 2023 1705 2083 lmsi
1750 2022 1970 2082 cerebri
1999 2039 2129 2098 pas-

410 2116 635 2177 sionem
676 2116 982 2188 contraxit,
1032 2130 1149 2190 quo
1199 2116 1303 2175 vix
1344 2114 1436 2175 vel
1485 2115 1710 2175 modico
1756 2130 1961 2175 somno
2009 2114 2129 2188 jam

417 2207 578 2266 refici
605 2213 815 2282 posset,
849 2213 1023 2281 atque
1058 2212 1383 2283 postquam,
1424 2206 1684 2266 adhibito
1724 2205 2127 2278 medicamine,

418 2296 490 2357 de
529 2301 800 2372 concepta
844 2294 1113 2368 passione
1152 2295 1353 2355 divina
1393 2294 1769 2371 opitulatione
1812 2296 2127 2368 convaluit,

417 2389 501 2448 sic
534 2389 656 2464 jam
685 2388 930 2447 discrete
957 2402 1124 2461 agere
1153 2385 1373 2458 didicit,
1416 2390 1701 2460 quatenus
1729 2392 1785 2445 et
1836 2384 2131 2445 remissio-

421 2479 516 2537 nis
553 2484 836 2551 torporem
870 2477 1074 2546 vitare,
1114 2480 1169 2534 et
1198 2475 1670 2550 praecipitationis
1710 2491 1952 2536 cursum
1989 2490 2127 2551 pru-

422 2566 579 2625 denti
626 2565 1018 2624 moderatione
1044 2565 1314 2625 cohibere
1356 2570 1652 2640 satageret.
1700 2564 1813 2636 Qui
1847 2564 2130 2624 nimirum

423 2656 562 2716 dum
615 2654 839 2714 cellulm
887 2655 1193 2713 stationem
1241 2653 1427 2729 rigida
1470 2671 1713 2717 censura
1761 2660 2037 2727 servaret,
2077 2658 2132 2712 et

421 2753 546 2822 post
576 2749 869 2805 assuetum
906 2744 1265 2819 psalmodiae,
1305 2761 1545 2820 precum
1581 2750 1753 2823 atque
1802 2746 2128 2807 orationum

425 2841 785 2918 persolutum
817 2840 1018 2899 sedula
1046 2839 1421 2899 meditatione
1442 2838 1677 2898 lectioni
1699 2844 1946 2910 vacaret,
1976 2842 2132 2896 tanta

425 2931 762 2991 divinarum
824 2930 1256 3005 Scripturarum
1338 2929 1579 2988 scientia
1650 2927 1858 2988 claruit
1915 2931 2133 3001 quanta

424 3023 796 3085 saecularium
815 3028 984 3084 antea
1008 3038 1129 3082 non
1155 3022 1459 3082 claruerat.

1094 3126 1337 3185 CAPUT
1368 3125 1466 3184 VI.

594 3222 764 3276 Fama
787 3221 943 3274 illius
969 3219 1281 3273 sanctitatis
1310 3219 1464 3285 longe
1488 3216 1717 3286 diﬁ‘usa,
1749 3218 1960 3285 cogitur

774 3291 781 3299 “
884 3291 1119 3347 aliorum
1147 3291 1321 3345 saluti
1350 3290 1664 3358 invigilare.

499 3377 647 3438 Cum
688 3383 917 3453 tempus
965 3377 1143 3451 igitur
1185 3378 1515 3436 advenisset
1552 3382 1617 3435 ut
1645 3376 1881 3436 lucerna
1925 3377 2133 3438 domus

431 3469 667 3529 Domini
706 3472 892 3527 erecta
924 3483 1099 3542 super
1125 3467 1541 3527 candelabrum
1570 3466 1847 3526 omnibus
1894 3467 2133 3539 luceret,

421 3560 665 3636 jubente
695 3558 985 3632 magistro,
1016 3557 1215 3631 paucis
1245 3556 1367 3616 illis
1394 3555 1672 3615 fratribus
1711 3557 1825 3627 (17)
1862 3558 2136 3615 exhorta-

429 3648 604 3711 tionis
641 3647 818 3707 verba
860 3646 1195 3722 impendere
1240 3646 1431 3720 erepit.
1469 3646 1733 3720 Cumque
1778 3645 1903 3721 ejus
1943 3646 2138 3719 opinio

424 3739 546 3815 jam
575 3738 749 3799 latius
785 3738 970 3798 effusa
994 3737 1391 3807 crebresceret,
1426 3734 1617 3795 Vuido
1644 3736 1995 3795 venerabilis
2026 3737 2138 3806 (18)

434 3831 612 3890 abbas
676 3829 1098 3904 Pomposianus
1174 3827 1299 3901 (19),
1351 3828 1442 3888 vir
1515 3827 1939 3899 sanctissimus,
2002 3841 2139 3886 suos

428 3921 648 3995 legatos
678 3922 751 3981 ad
777 3922 953 3996 hujus
977 3921 1245 3981 abbatem
1273 3919 1556 3992 dirigens,
1600 3917 1910 3992 postulavit
1942 3924 2143 3993 quate-

2213 1848 2356 1907 olim
2387 1847 2500 1908 sibi
2545 1863 2684 1908 cum
2715 1846 3063 1907 obedientiam)
3089 1845 3484 1905 additamento
3516 1844 3754 1919 praecipi
3782 1859 3934 1905 con-

2215 1937 2450 2011 tigisset,
2486 1944 2644 1997 tanto
2682 1952 2788 1997 sua
2822 1938 3047 1997 viscera
3075 1936 3323 1995 verbum
3365 1936 3475 1994 hoc
3520 1933 3678 1993 illico
3708 1939 3933 1995 terrore

2213 2034 2543 2088 concuteret
2594 2033 2659 2087 ut
2707 2026 2872 2087 nulla
2927 2026 3176 2101 injuncti
3230 2025 3418 2100 operis
3469 2023 3805 2084 difﬁcultate
3851 2027 3933 2085 ab

2214 2119 2398 2193 ipsius
2443 2121 2815 2181 exsecutione
2876 2117 3154 2178 retardari
3200 2116 3436 2176 valeret.
3472 2116 3705 2176 Peracto
3744 2116 3934 2191 igitur

2212 2224 2349 2268 cum
2403 2210 2529 2269 suis
2583 2207 2970 2269 confratribus
3033 2205 3304 2282 permissi
3368 2203 3647 2281 temporis
3718 2207 3932 2281 spatio,

2213 2300 2429 2361 iterum
2455 2300 2717 2374 ejusdem
2748 2299 2833 2359 rei
2869 2298 3072 2374 gratia,
3104 2312 3221 2372 qua
3250 2296 3616 2372 Pomposiam
3645 2296 3814 2371 ierat,
3853 2297 3932 2357 ad

2213 2388 2275 2449 S.
2309 2389 2621 2461 Vincentii,
2660 2388 2829 2464 cujus
2861 2403 3035 2463 supra
3071 2387 3471 2460 meminimus,
3503 2384 3935 2446 monasteﬁum

2214 2494 2450 2554 pergere
2488 2479 2743 2552 iubetur.
2775 2479 2940 2549 Quod
2968 2493 3177 2554 nempe
3205 2483 3422 2554 quanto
3467 2477 3563 2539 vel
3599 2477 3768 2538 turba
3797 2493 3932 2538 mo-

2215 2570 2559 2644 nachorum,
2586 2569 2679 2630 vel
2710 2569 3020 2630 latitudine
3046 2570 3387 2630 facultatum
3421 2568 3769 2630 cernebatur
3790 2570 3936 2631 ube-

2215 2662 2358 2735 rius,
2416 2665 2574 2722 tanto
2627 2677 2690 2721 se
2743 2662 3077 2722 monasticae
3124 2677 3332 2721 norma
3401 2662 3733 2737 disciplinae,
3806 2663 3937 2723 fore

2214 2751 2540 2811 declarabat
2595 2751 2922 2826 augustius.
2963 2752 3052 2811 Ibi
3085 2767 3319 2828 quoque
3370 2751 3719 2829 aliquandiu
3774 2767 3936 2811 com-

2214 2845 2472 2901 moratus
2506 2841 2643 2913 (20),
2682 2854 3055 2917 nequaquam
3083 2842 3277 2915 segnis
3314 2857 3349 2900 a
3383 2840 3703 2901 Dominicae
3735 2840 3935 2901 vineae

2212 2931 2441 2990 cultura
2498 2930 2739 3006 quievit,
2809 2931 3011 3004 donec,
3069 2936 3408 3005 cooperante
3481 2930 3596 2990 sibi
3655 2929 3930 3004 Domino,

2214 3024 2454 3084 uberem
2474 3024 2567 3083 sui
2594 3023 2849 3084 fructum
2870 3024 3189 3083 famulatus
3211 3022 3588 3098 impenderet.

2854 3128 3098 3190 CAPUT
3149 3126 3276 3188 VII.

2360 3223 2583 3279 Creatus
2602 3224 2779 3294 prior,
2812 3223 3001 3294 multis
3025 3222 3371 3277 monasteriis
3405 3210 3779 3294 emwdiﬁcatis,

2537 3292 2872 3370 erémiticant
2899 3293 3254 3364 disciplinam
3283 3292 3608 3363 ampliﬁcat.

2289 3381 2557 3455 Magister
2594 3397 2730 3441 vero
2777 3380 2904 3456 ejus
2945 3384 3166 3439 tantam
3214 3380 3404 3455 ipsius
3441 3377 3812 3453 prudentiam
3858 3393 3932 3438 ac

2218 3472 2407 3531 zelum
2444 3471 2813 3532 considerans
2863 3469 3167 3529 laetabatur
3210 3475 3517 3528 strenuum
3558 3483 3619 3526 se
3649 3468 3940 3543 recepisse

2218 3559 2595 3634 discipulum,
2648 3560 2744 3619 cui
2784 3565 2906 3619 tuto
2940 3559 3325 3618 committeret
3362 3558 3548 3632 ipsius
3596 3556 3775 3615 eremi
3816 3571 3938 3630 gu-

2219 3649 2554 3709 bernacula.
2596 3650 2910 3723 Assumpto
2946 3648 3147 3723 itaque
3181 3645 3601 3721 discipulorum
3631 3643 3938 3717 consultu,

2220 3739 2402 3798 eremi
2429 3740 2900 3813 procurationem
2929 3740 3002 3809 ei,
3034 3737 3168 3796 licet
3203 3734 3515 3811 abneganli
3546 3750 3613 3794 ac
3636 3732 3938 3807 renuenti,

2220 3834 2348 3903 post
2390 3844 2453 3887 se
2490 3829 2920 3904 suscipiendam
2959 3827 3275 3887 mandavit.
3333 3827 3471 3887 Post
3524 3822 3939 3899 migrationem

2223 3935 2359 3978 vero
2421 3918 2703 3991 magistri,
2761 3919 3022 3993 regimen
3082 3916 3193 3977 loci
3261 3914 3582 3989 suscipiens
3629 3913 3755 3987 (2t),
3815 3919 3942 3973 tam

431 4027 545 4070 nus
586 4012 860 4071 charitate
914 4013 1159 4071 fratrum
1210 4026 1344 4070 eum
1384 4010 1458 4069 ad
1498 4025 1674 4070 suum
1722 4010 2142 4070 monasterium
2225 4009 2511 4084 spirituali
2540 4023 2716 4085 quam
2752 4007 3053 4083 temporali
3091 4006 3255 4067 cultu
3291 4004 3443 4063 haud
3476 4003 3700 4062 modice
3724 4001 3943 4061 dilata-

433 4100 765 4173 destinaret,
814 4115 1132 4173 secumque
1173 4098 1534 4172 aliquandiu
1596 4097 1876 4158 remorari
1920 4101 2145 4172 permit-

2226 4099 2311 4159 vit
2341 4098 2465 4174 (22).
2495 4099 2568 4158 Et
2596 4098 2736 4174 quia
2773 4096 2977 4159 divina
3021 4096 3205 4172 gratia
3243 4095 3315 4154 ad
3342 4092 3675 4154 uberiorem
3704 4091 3942 4151 anima-

1590 4222 1994 4284 GODEFBIDI
2032 4224 2498 4285 HENSCHENII
2535 4223 2778 4285 ΝΟΤιλΕῖ

432 4325 542 4378 Vita
599 4324 649 4375 S.
725 4323 983 4377 Dominict
1044 4322 1267 4386 Loricati
1346 4323 1419 4375 ait
1453 4342 1482 4386 με
1543 4340 1570 4368 ‹‹
1620 4321 1773 4386 Hunc
1843 4322 2202 4386 duodecimD

430 4388 673 4456 psalmos
718 4387 908 4456 viginti
957 4398 1061 4456 sex_
1114 4385 1351 4456 vicibus
1384 4384 1485 4456 sub
1555 4385 1707 4456 nullo
1772 4395 2001 4456 prorsus
2054 4386 2133 4456 in-

432 4446 680 4518 iervallo,
735 4446 833 4501 séd
872 4461 980 4518 uno
1032 4449 1213 4518 ductu,
1251 4447 1507 4518 extensis
1558 4446 1617 4518 in
1677 4446 1897 4518 modum
1951 4451 2131 4518 crucis

430 4508 701 4582 brachiis,
762 4512 1002 4582 quotidie
1071 4510 1482 4582 decantassen:
1550 4508 2129 4582 alium__juvenculum

431 4576 656 4630 fratrem
687 4571 743 4627 'a
781 4571 971 4638 'capite
1027 4585 1201 4637 usque
1265 4576 1333 4627 ad
1397 4573 1562 4625 ﬁnem
1627 4571 1870 4635 psalterii
1920 4574 2131 4626 elevata

434 4639 654 4692 brachia
697 4639 905 4699 tenere,
948 4637 1018 4688 ita
1055 4639 1113 4687 ut
1156 4637 1380 4703 laquear
1420 4634 1714 4688 tabulatum
1757 4633 1969 4689 cellulae
2013 4647 2126 4689 ma-

436 4702 595 4753 nibus
628 4712 774 4764 saepe
809 4700 1100 4764 contingat.
1132 4762 1148 4764 _
1388 4762 1397 4764 _
1669 4761 1679 4764 _
1946 4762 1966 4764 _
2035 4762 2055 4764 ᾗ

436 4714 595 4753 ηιῡυε
628 4714 774 4753 saepe
809 4714 1100 4753 οοιιιιηκειῐ.

499 4765 602 4826 (15)
658 4762 828 4813 Prout
871 4762 1059 4828 cuique
1111 4762 1298 4825 fervor
1340 4762 1618 4826 virtusque
1658 4762 1895 4814 inerant.
1942 4762 1995 4813 B.
2031 4762 2124 4816 Pe-

436 4831 566 4898 trus.
595 4836 781 4898 opusc.
831 4825 897 4898 _15
938 4824 1054 4877 haec
1082 4826 1261 4898 .tradit
1301 4838 1317 4877 :
1376 4843 1405 4897 ξ(
1450 4827 1617 4898 Super
1657 4824 1948 4898 metanmjs.
1976 4838 2126 4884 vero,

436 4885 1273 4960 disciplinis..atque“palmetis,
1344 4888 1463 4960 sive
1523 4885 1691 4938 etiam
1746 4885 1981 4960 bracbiis
2039 4900 2129 4960 e3;-

433 4947 721 5024 tendén‘djs
766 4950 823 5001 in
866 4947 1213 5024 :oratt'onibus
1259 4947 2129 5024 'ctetertsquredsanctikfervoris

435 5014 732 5072 exercitiis,
788 5012 936 5063 nulla
992 5012 1213 5065 fratrem
1272 5013 1398 5074 lege
1451 5009 1890 5072 co'ustringtmus.
1944 5029 1969 5056 »
2020 5009 2128 5062 Fla-

436 5075 633 5127 minius
705 5077 760 5129 in
833 5076 941 5127 Vita
1002 5074 1055 5127 B.
1121 5075 1255 5128 Petri
1342 5086 1467 5136 pag.
1544 5072 1629 5123 143
1693 5074 1776 5124 sic
1836 5074 2128 5136 explicat:

437 5157 464 5186 ιι
514 5136 728 5190 (laeteris
786 5149 917 5190 vero
973 5135 1344 5190 sniritualibus
1402 5134 1714 5190 exercitiis,
1776 5134 2128 5190 verberibus.

1046 5301 1060 5325 ,
1153 5294 1206 5325 μι
1218 5294 1311 5312 VIII.
1383 5294 1465 5323 VUJ
1478 5294 1645 5324 ιιυιιυν
1721 5294 1797 5309 ινι
1817 5294 1829 5309 1
1843 5294 1896 5310 Vl
1978 5294 2096 5313 νιαι
2118 5294 2137 5322 ,

441 5329 745 5387 virtusque,
778 5323 1059 5376 vacabant;
1090 5342 1118 5371 »
1153 5323 1168 5327 ‘
1558 5323 1566 5324 ί

501 5386 607 5455 (1.6)
642 5388 768 5439 Post
822 5387 1079 5455 synaairgz
1128 5383 1387 5455 restgbat.
1416 5380 1509 5455 .lta
1569 5379 1709 5433 infra
1738 5383 1980 5455 squamis
2034 5396 2131 5448 pro

433 5445 714 5518 nocturni),
742 5445 1165 5518 seu'matutinali
1193 5446 1391 5518 officio,
1414 5445 1911 5518 iterumaccipitur.

474 5512 623 5586 .mt.
653 5504 847 5586 Paucis
908 5510 1029 5586 ius,
1086 5504 1405 5586 ῖνιιέτξραεέ.
1455 5504 2133 5586 119Βδο,ίξιὶεζ-21ςτιξιξια,ιιθ

434 5569 1310 5703 gglggspslggmlt‘lzgﬂgldegisse,
1352 5569 1408 5620 at
1459 5579 1583 5619 cum
1623 5569 1903 5622 conversis
1948 5576 2002 5624 et
2040 5569 2130 5627 'fa-

2291 4324 2408 4393 (18)_
2453 4321 2605 4393 Wiqo
2665 4321 3003 4393 venerabilis.
3060 4322 3117 4393 _S.
3173 4321 3348 4393 Wido,
3409 4318 3750 4393 sivemtilnlidg
3770 4357 3814 4393 ,_
3844 4330 3947 4373 oo-

2269 4380 2487 4438 noniine
2537 4383 2892 4443 Stambiatus,
2993 4386 3184 4438 ortuns
3230 4380 3497 4435 est’anno
3531 4380 3667 4441 1046,
3712 4381 3746 4432 2
3770 4380 3947 4446 Ἀρι-ἀ

2228 4398 2282 4500 Et
2316 4447 2513 4500 colitur
2546 4448 2888 4509 potissimum
2936 4397 2991 4496 gl
3028 4442 3175 4509 Hart.
3212 4443 3434 4509 corpus
3456 4446 3579 4509 ejus
3622 4445 3950 4509 asse‘rvatnr

2230 4511 2396 4580 Spirae
2438 4505 2785 4580 adﬁhenpm
2819 4510 2875 4559 in
2916 4507 3128 4579 templo
3163 4505 3460 4580 cathedrali
3488 4505 3595 4580 'illi.
3615 4506 3812 4580 dicato.

2288 4574 2393 4639 (19)
2431 4571 2647 4639 _Abbas__
2676 4567 3082 4639 Pomposianus.
3133 4587 3161 4617 α
3226 4569 3481 4634 Pomposa
3502 4609 3547 4639 ,_
3573 4569 3752 4639 inquit
3799 4567 3951 4639 ﬁer-

2228 4630 2451 4708 rainjad
2490 4635 2546 4707 31
2604 4634 2772 4707 Μαι-1.,
2812 4630 2911 4684 'est
2968 4644 3145 4747 paﬁus
3198 4644 3323 4685 cum
3352 4630 3621 4686 'cmnobio
3657 4630 3712 4685 et
3764 4630 3951 4684 abba-

2228 4703 2301 4747 lla
2348 4699 2551 4747 instant
2602 4709 2658 4747 in
2711 4695 2987 4747 territorio
3078 4699 3370 4747 avennate.
3433 4698 3575 4747 inter
3626 4694 3949 4747 Ravennam

2225 4700 2301 4770 tia
2348 4698 2551 4770 insigni
2602 4699 2658 4748 in
2694 4694 2988 4770 ,ιω-1110116
3038 4694 3370 4770 Itavepnate,
3433 4698 3575 4770 inter
3609 4694 3949 4770 ⁸Ιιξιῃξιιιιπιμιι

2228 4765 2281 4812 et
2342 4755 2590 4829 sariam,
2655 4757 2724 4829 ab
2796 4759 2914 4829 ipsa
2961 4757 3122 4829 prbe
3180 4755 3544 4829 Ravenna_ad
3607 4757 3666 4808 15
3717 4755 3947 4829 ΜηΡ.2

2227 4824 2358 4885 quot
2404 4821 2522 4873 fere
2576 4820 2609 4872 a
2651 4820 2895 4872 ComaClo
2949 4820 3171 4872 distans.
3237 4839 3264 4868 »
3329 4821 3379 4873 B.
3444 4820 3630 4873 Petrus
3684 4820 3839 4882 epist.
3912 4822 3949 4873 6

2226 4884 2318 4935 lib.
2368 4896 2460 4947 vr,
2515 4900 2542 4929 α
2598 4882 2756 4935 mittit
2815 4883 3020 4935 donum
3075 4883 3471 4947 Pomposianis,
3502 4878 3820 4947 monachis,
3881 4886 3947 4936 et

2230 4924 2357 5017 satu
2381 4924 2481 5017 jar
2514 4924 2770 5017 βςῑξξζ
2789 4924 3051 5000 {sane
3075 4924 3782 5017 ’ῡῖέξεξξῖίιῑάεῑῇῖ-ξῑειίῑ
3802 4924 3943 5013 ’ριῩὸ

2230 5006 2347 5081 suis
2382 5006 2600 5080 faciunt.
2634 5023 2661 5053 υ
2718 5007 2862 5081 idem
2886 5049 2899 5071 ,
2940 5006 3142 5081 ppusc‘.‘
3160 5010 3273 5081 _13_,
3316 5009 3394 5081 pe
3438 5006 3773 5081 perfectione
3822 5006 3947 5060 ino—

2230 5069 2546 5133 nachorum,
2583 5069 2894 5141 inscripsité
3087 5069 3271 5125 abbati
3304 5069 3675 5133 Pomposiam,
3709 5070 3947 5133 ejusque

2230 5137 2416 5184 sancto
2460 5136 2768 5185 conventus.

2286 5195 2390 5256 (‘20)
2425 5196 2509 5248 Ibi
2545 5208 2749 5260 quoque
2793 5195 3122 5261 aliquandiu
3158 5195 3518 5265 commoratus

2231 5257 2430 5331 segnis,
2466 5262 2568 5331 etc.
2614 5257 2985 5331 Ibidem-tunc
3026 5270 3164 5331 eum
3192 5257 3479 5331 scripsisse

2231 5320 2610 5394 niup‘ld’incirca
2641 5334 2731 5394 an,
2770 5321 2888 5394 1040
2920 5334 3085 5393 εᾳρξει
3115 5320 3425 5394 diximus.___
3606 5376 3703 5394 ,Μ

2231 5382 2676 5510 ωςέἐῐέὣίζὺηθη
2708 5382 2813 5436 loci
2839 5379 3148 5448 suscipiens.
3201 5382 3332 5432 Ante
3366 5391 3569 5432 annum
3605 5379 3728 5434 1044
3761 5391 3950 5445 supra

2235 5504 2250 5510 “
2292 5508 2394 5575 (22)
2458 5511 2618 5562 Haud
2682 5511 2887 5564 modice
2958 5505 3231 5559 dilatavit.
3300 5504 3444 5557 Bona
3502 5505 3834 5560 monasterio
3909 5521 3951 5562 a

2232 5573 2853 5689 pgdpgg'uigiltlgexplioat
2885 5570 2937 5622 B.
2983 5570 3165 5622 Petrus
3193 5580 3380 5632 opusc.
3421 5569 3499 5632 14,
3529 5570 3606 5622 uti
3634 5581 3798 5634 supra
3827 5580 3951 5625 nos

3522 5203 3948 5308 ῡίῧθιὲαὲρυὲηδ

3765 5292 3780 5305 ο
3883 5269 3948 5308 ο-

3765 5269 3948 5310 .ηο-
