4034 6466
77 307 169 366 i'25

1003 309 1576 372 PROLEGOMENA.
1618 340 1684 354 —
1725 308 1906 370 VITA
1947 309 2006 370 S.
2050 309 2271 370 PETRI
2311 309 2656 370 DAMIANI.

3484 318 3582 375 1‘26

73 447 202 492 rum
252 429 516 491 fructum
560 429 686 504 ejus
730 437 989 490 mentem
1037 433 1426 506 succenderet,
1465 433 1638 508 ccepit
1676 432 1790 492 alia
1813 431 1977 506 Aqui
2027 447 2088 490 se
2128 433 2220 491 vel
2254 434 2396 509 ipsis
2428 433 2784 506 interfuisse,
2835 435 2930 494 vel
2975 435 3047 494 ab
3102 437 3193 496 his
3241 440 3342 514 qui
3398 439 3578 500 inter-

76 525 188 581 loca
231 519 596 597 perquirere,
640 519 740 578 ubi
781 520 852 578 ad
893 522 1265 582 serviendum
1296 523 1412 580 Deo
1450 538 1793 595 congregare
1878 519 2127 592 fuerant,
2153 522 2456 596 accepisse,
2489 539 2592 582 seu
2624 523 2797 582 etiam
2821 525 2924 597 qui
2947 540 3081 597 erga
3111 528 3262 600 se:ea
3295 544 3426 601 qua)
3456 544 3580 588 me-

78 613 499 673 monachorum
542 611 764 685 copiam
804 618 1014 684 posset.
1055 612 1124 672 In
1169 612 1561 671 tiamarinensi
1600 613 1795 688 itaque
1875 612 2179 672 morabant
2205 615 2562 686 gestafuisse
2591 615 2880 675 dicebant.

77 701 312 762 dioecesi
342 700 443 778 (23)
472 705 676 774 aptum
709 702 1024 776 quemdam
1049 701 1120 758 ad
1153 702 1532 762 eremitarum
1568 702 1790 761 habita-

77 793 204 852 cula
234 791 460 862 locum,
477 790 650 864 juxta
679 805 843 850 suam
867 790 1123 852 vicinam
1150 807 1372 866 rupem,
1402 793 1664 854 curiosus
1694 793 1788 852 in-

79 882 313 954 dagator
338 878 567 938 invenit
586 897 606 950 ς
647 877 846 953 ibique
874 879 1235 953 congregatis
1264 881 1559 953 fratribus,
1599 888 1788 942 orato-

81 971 160 1030 rio
181 969 432 1030 fundato
459 968 840 1044 ordinatoque
862 970 1073 1046 priore,
1103 971 1212 1030 sub
1239 987 1354 1046 quo
1377 972 1649 1032 famulari
1672 974 1788 1032 Deo

81 1060 372 1128 deberent,
420 1072 654 1116 rursum
709 1057 780 1117 ad
836 1059 1032 1119 locum
1079 1058 1262 1118 alium
1315 1060 1785 1134 investigandum

84 1147 372 1223 processit.
410 1147 679 1206 Pervenit
703 1147 882 1221 igitur
905 1148 976 1206 ad
1002 1155 1259 1208 montem
1281 1149 1552 1224 Pregium
1583 1153 1685 1225 ('24)
1727 1153 1785 1210 in

84 1238 368 1297 territorio
396 1237 699 1310 Perusino,
731 1237 930 1312 ibique
966 1237 1079 1296 alia
1110 1240 1482 1299 eremitarum
1523 1241 1786 1300 fundavit

85 1325 428 1397 habitacula,
460 1325 563 1386 ubi
599 1325 866 1386 videlicet
895 1325 1168 1386 cellulam
1197 1329 1509 1404 quamdam
1539 1330 1785 1404 invenit,

81 1420 138 1476 in
171 1433 288 1494 qua
313 1405 380 1474 Β.
422 1415 819 1476 Romualdum
856 1417 1151 1490 quondam
1185 1419 1467 1478 mansisse
1507 1420 1782 1480 ferebant.

82 1508 200 1580 Quo
229 1507 409 1580 igitur
445 1506 508 1564 in
548 1505 694 1579 loco,
734 1504 864 1564 aliis
901 1504 1102 1564 locatis
1140 1506 1442 1580 fratribus,
1482 1508 1553 1566 ad
1600 1509 1785 1567 alium

83 1613 281 1658 rursus
319 1595 674 1672 demigrans,
703 1596 766 1654 in
795 1595 1069 1656 comitatu
1109 1597 1428 1658 Faventino
1465 1612 1787 1672 congruum

83 1690 285 1763 reperit
325 1688 540 1756 locum,
581 1686 684 1760 qui
717 1690 1089 1760 nuncupatur
1129 1685 1481 1746 Gamonium
1521 1688 1644 1762 (25),
1684 1689 1787 1748 ubi

2513 723 2756 783 CAPUT
2781 724 2933 784 VIII.

2012 808 2169 861 Beati
2201 808 2310 860 utri
2337 808 2546 861 merit-is
2576 821 2723 874 aqua
2751 807 2832 860 bis
2863 809 2919 863 in
2948 809 3135 864 vinum
3164 812 3431 866 mutatur.

1941 901 2194 970 Quadam
2229 901 2408 974 igitur
2435 903 2527 960 die
2562 905 2710 976 apud
2751 904 3061 976 praefatum
3093 904 3445 963 ﬂamonium
3475 905 3576 977 ('28)

1870 1005 2005 1050 cum
2034 991 2095 1049 in
2127 992 2270 1050 cella
2305 993 2659 1062 consisteret,
2710 993 2892 1066 fratri,
2942 994 3047 1068 qui
3088 993 3141 1052 ei
3187 994 3570 1063 ministrabat,

1869 1097 1946 1140 ex
1990 1081 2147 1140 fonte
2172 1081 2283 1140 sibi
2309 1087 2512 1155 potum
2543 1082 2749 1141 afferre
2795 1083 3003 1157 jussit;
3056 1085 3160 1158 qui
3207 1085 3398 1144 statim
3443 1100 3577 1158 per—

1870 1188 2031 1245 gens,
2102 1174 2346 1233 festinus
2413 1174 2647 1246 jussum
2700 1175 3023 1249 complevit.
3084 1175 3247 1245 Quod
3303 1176 3576 1249 magistro

1867 1266 2138 1334 gustante
2177 1263 2386 1321 vinum
2422 1278 2547 1320 esse
2590 1263 3059 1336 deprehenditur.
3117 1264 3421 1337 Increpare
3464 1264 3574 1322 ita-

1869 1367 1983 1425 que
2012 1351 2369 1426 discipulum
2401 1351 2570 1425 cmpit
2597 1352 2750 1425 quod
2782 1368 2884 1425 pro
2914 1368 3064 1427 aqua
3095 1353 3206 1411 sibi
3238 1354 3447 1412 vinum
3479 1359 3573 1412 tu-

1873 1440 2049 1498 lisset.
2097 1441 2191 1499 Illi
2233 1457 2371 1499 vero
2412 1442 2691 1499 asserenti
2733 1442 2995 1500 hausisse
3033 1458 3093 1500 se
3125 1459 3199 1500 ex
3230 1443 3386 1500 fonte
3417 1442 3574 1516 quod

1869 1528 2180 1600 obtulerat,
2212 1531 2483 1588 eumdem
2514 1539 2715 1603 potum
2745 1531 3018 1604 magister
3043 1532 3321 1603 porrexit,
3358 1531 3574 1606 jubens

1869 1618 2152 1691 gustando
2192 1619 2377 1693 ipsam
2420 1620 2671 1692 experiri
2700 1637 2817 1694 quo
2851 1621 3083 1692 valeret,
3113 1637 3176 1679 se
3209 1627 3367 1692 teste,
3401 1622 3579 1680 fallax

1869 1707 2158 1768 convinci.
2199 1708 2306 1768 Cui
2350 1709 2624 1783 gustanti,
2665 1710 2798 1768 licet
2832 1711 3036 1769 vinum
3080 1712 3381 1785 sapuisset,
3423 1713 3576 1786 quod

80 1777 413 1876 Ρνξὲρῖξΐθβε
442 1773 1118 1876 ,Ῑῖθβίξθουίίεὶθιξοδρθο
1158 1777 1534 1876 ῖδηῖωίξίυξοε
1574 1780 1844 1876 εοῖιείίτΒ
1871 1805 2010 1872 erat,
2052 1773 2440 1858 nihilominvus
2472 1773 2683 1870 tamen,
2724 1806 2789 1858 ut
2829 1801 2978 1860 bene
3015 1802 3125 1860 sibi
3146 1773 3574 1876 conscium-po-

83 1868 204 1926 tuit.
242 1865 356 1926 Sed
402 1871 458 1924 et
492 1864 759 1923 vicinum
792 1864 932 1924 huic
981 1863 1108 1923 loco
1147 1866 1585 1937 monasterium,
1634 1869 1787 1942 quod

81 1959 312 2014 Acereta
345 1953 562 2013 dicitur
599 1954 733 2026 (26),
775 1954 1134 2025 construxit;
1179 1956 1426 2014 alterum
1464 1972 1694 2032 quoque
1724 1957 1787 2015 in

82 2043 440 2104 Ariminensi
486 2041 770 2104 territorio
810 2042 875 2130 in
913 2043 1041 2104 loco
1069 2045 1175 2122 qui
1203 2043 1572 2105 Murcianum
1599 2048 1787 2106 nomi-

82 2141 248 2196 natur
293 2134 429 2206 (Ἡ).
480 2131 898 2208 Hujuscemodi
927 2137 1125 2192 autem
1161 2135 1370 2196 studiis
1403 2137 1652 2197 assiduis
1685 2153 1786 2196 va-

79 2240 199 2282 care
245 2222 555 2296 gaudebat,
605 2238 723 2282 non
771 2239 905 2296 quas
960 2238 1065 2282 sua
1100 2230 1312 2296 essent,
1359 2226 1457 2285 sed
1493 2243 1625 2302 qua:
1649 2227 1789 2286 Jesu

80 2311 288 2371 Christi
331 2312 640 2387 requirens
679 2312 902 2386 (Philip.
946 2313 1029 2385 Ii).
1078 2312 1256 2371 Porro
1307 2329 1647 2390 quanquam
1697 2315 1790 2374 his

79 2401 346 2476 gerendis
395 2401 655 2476 prudens
698 2400 802 2460 Dei
854 2416 1056 2461 servus
1105 2401 1361 2476 instaret,
1416 2411 1605 2464 tamen
1649 2405 1789 2464 dile-

81 2501 230 2551 ctum
255 2498 476 2551 sanctae
503 2490 692 2550 crucis
722 2489 922 2553 Fontis
949 2483 1223 2552 Avellani
1265 2492 1479 2566 locum,
1522 2501 1578 2553 ct
1612 2495 1786 2554 colle-

81 2584 260 2657 gium,
291 2584 452 2659 quod
484 2583 607 2657 ipse
643 2597 764 2657 prae
792 2583 1067 2642 omnibus
1100 2589 1375 2659 tanquam
1411 2585 1653 2645 unicum
1695 2586 1784 2644 di-

83 2673 316 2747 ligebat,
404 2671 629 2744 crebro,
708 2686 1059 2748 quocunque
1146 2672 1473 2747 diverteret,
1554 2674 1786 2734 visitare

84 2764 334 2823 curabat.
371 2762 753 2837 Nequaquam
799 2777 937 2820 sane
981 2761 1218 2822 illorum
1248 2762 1514 2823 oblivisci
1545 2770 1781 2840 poterat,

81 2868 205 2912 cum
230 2851 452 2928 quibus
489 2867 522 2909 a
565 2866 689 2910 suae
719 2850 1119 2911 conversionis
1148 2852 1386 2912 exordio
1412 2860 1784 2914 conversatus

82 2943 275 3013 fuerat,
308 2955 617 3016 quousque
639 2939 901 3016 jussione
927 2942 1191 3016 magistri
1216 2942 1328 3001 sibi
1356 2944 1784 3003 commendatos

80 3049 193 3092 esse
222 3032 532 3094 recolebat.
563 3031 910 3106 Quanquam
939 3048 1046 3091 nec
1081 3037 1339 3106 caeteros,
1370 3049 1516 3109 quos
1551 3051 1652 3110 per
1690 3035 1780 3094 di-

1871 1895 1997 1948 tum
2033 1889 2207 1948 illum
2242 1906 2317 1948 ex
2357 1890 2514 1948 fonte
2541 1905 2602 1948 se
2631 1890 2896 1950 hausisse
2921 1891 3265 1950 affirmabat.
3311 1893 3578 1964 Cumque

1870 1978 1958 2036 illi
1999 1977 2140 2036 fides
2168 1994 2541 2053 nequaquam
2568 1979 2824 2049 daretur,
2853 1980 3006 2039 alius
3036 1981 3107 2037 ad
3147 1981 3417 2038 eumdem
3447 1983 3576 2038 fon-

1872 2074 1985 2126 tem
2012 2068 2188 2126 frater
2208 2068 2496 2141 dirigitur,
2521 2069 2688 2141 cujus
2715 2085 2969 2142 gressus,
2998 2085 3074 2128 ne
3094 2069 3292 2128 fallere
3312 2069 3578 2128 similiter

1869 2163 2080 2229 posset,
2127 2157 2421 2215 observari
2472 2156 2827 2229 praecipitur.
2879 2157 2991 2227 Qui
3045 2173 3201 2230 ergo,
3253 2173 3329 2215 ex
3378 2159 3577 2216 eodem

1871 2246 2030 2304 fonte
2087 2261 2227 2303 mox
2278 2245 2446 2318 pleno
2520 2244 2752 2302 vasculo
2815 2245 3108 2316 hauriens,
3184 2246 3441 2305 concitus
3498 2261 3582 2304 re-

1867 2335 2011 2406 diit;
2057 2341 2281 2408 potum,
2321 2349 2498 2408 quem
2538 2335 2824 2404 hauserat,
2867 2339 3139 2408 magistro
3177 2335 3427 2395 tradidit.
3466 2335 3577 2393 Ve-

1869 2441 2001 2483 rum
2043 2424 2183 2483 dum
2242 2424 2335 2482 hic
2376 2439 2608 2498 quoque
2649 2429 2895 2498 potatur,
2956 2425 3228 2497 optimam
3279 2443 3402 2484 esse
3454 2425 3579 2484 vini

1867 2519 2116 2591 speciem
2161 2533 2327 2590 teque
2372 2531 2508 2574 vere
2545 2515 2840 2589 probatur.
2895 2516 3121 2574 Fratres
3161 2532 3411 2591 quoque,
3473 2517 3575 2591 qui

1867 2622 2003 2665 cum
2037 2622 2105 2665 eo
2134 2612 2318 2679 erant,
2364 2620 2440 2663 ex
2480 2605 2681 2664 eodem
2719 2610 3013 2678 gustantes
3057 2607 3380 2682 vinumque
3425 2609 3573 2681 epti-

1869 2710 2031 2755 mum
2071 2695 2508 2770 comperientes,
2560 2695 2746 2753 Deum
2792 2710 2914 2768 prae
2953 2695 3166 2768 gaudio
3204 2696 3576 2756 collaudave-

1865 2790 2004 2843 runt
2022 2800 2248 2846 omnes.
2272 2785 2499 2854 Quibus
2521 2783 2721 2843 Petrus
2747 2782 2904 2842 illico
2928 2791 3246 2856 prostratus
3267 2784 3575 2858 supplicat,

1867 2880 1984 2938 imo
2027 2877 2135 2937 sub
2173 2876 2497 2936 obedientia
2541 2877 2834 2935 interdicit
2879 2891 2947 2934 ac
2983 2877 3219 2935 mandat
3265 2881 3576 2950 quatenus,

1866 2985 1926 3026 se
1961 2968 2025 3024 in
2065 2982 2237 3024 carne
2274 2966 2536 3038 degente,
2582 2965 2732 3022 nulli
2772 2967 3008 3038 prorsus
3037 2965 3375 3024 mortalium
3421 2966 3575 3039 quod

1864 3057 2078 3115 factum
2118 3060 2397 3112 noverant
2434 3053 2707 3128 pandant.
2755 3053 2882 3124 Quo
2928 3054 3143 3113 factum
3191 3061 3274 3112 cst
3313 3055 3466 3128 quod
3504 3054 3576 3112 ad

82 3138 236 3184 versa
272 3123 398 3182 loca
426 3122 748 3196 discipulos
775 3131 1212 3197 aggregaverat,
1239 3140 1345 3186 sua
1371 3125 1549 3184 ditius
1578 3125 1782 3186 visita-
1803 3167 1847 3234 Ο
1866 3151 2067 3205 nostra;

1938 3151 2123 3203 istram
2164 3122 2518 3201 notitiam—id
2559 3146 2689 3200 ante
2717 3122 2902 3215 ipsius
2935 3143 3158 3201 obitum
3205 3122 3576 3218 nequaquam

82 3214 225 3275 tione
241 3229 437 3276 carere
459 3213 704 3286 patiens,
730 3214 898 3274 modo
915 3215 1012 3274 sui
1033 3216 1363 3289 praesentia,
1386 3215 1557 3276 modo
1582 3215 1785 3290 episto«

83 3302 163 3374 lis,
196 3302 371 3362 modo
393 3302 696 3377 dirigendo
720 3302 920 3379 aliquo
945 3304 1342 3378 spiritualium
1366 3305 1784 3380 discipulorum

79 3394 180 3452 sibi
201 3393 581 3465 haerentium,
602 3409 806 3454 omnes
831 3401 1071 3467 paterna
1096 3395 1493 3456 sollicitudine
1509 3398 1785 3470 congruis

83 3485 300 3545 vicibus
349 3485 647 3546 inviseret.
698 3485 865 3544 Hanc
908 3485 1128 3561 quippe
1171 3486 1624 3550 sollicitudinem
1667 3505 1784 3549 non

81 3575 262 3636 solum
293 3573 566 3648 propriis,
593 3589 738 3647 quos
763 3573 888 3648 ipse
920 3574 1282 3648 fundaverat,
1311 3578 1409 3636 sed
1437 3584 1494 3636 et
1519 3577 1786 3652 pluribus

85 3665 212 3724 locis
239 3664 373 3724 aliis
405 3670 517 3726 tam
551 3663 947 3726 cmnobiorum
980 3682 1160 3740 quam
1185 3668 1616 3741 canonicarum,
1655 3676 1784 3729 tan-

84 3770 250 3828 quam
293 3754 632 3816 communis
687 3771 893 3830 parens
935 3763 1280 3817 cunctorum
1322 3773 1439 3818 non
1489 3759 1786 3820 desinebat

85 3844 396 3918 impartire,
450 3851 619 3917 prout
667 3846 919 3920 quisque
971 3845 1276 3908 videbatur
1327 3855 1618 3922 expetere.
1673 3851 1784 3910 Sed

83 3932 162 3990 his
187 3932 500 4007 paululum
529 3934 895 4006 intermissis,
936 3933 1059 4007 jam
1097 3937 1167 3996 de
1207 3935 1326 3996 illis
1355 3937 1552 4012 aliqua
1578 3937 1782 4012 loqua-

82 4035 225 4093 mur,
255 4038 394 4096 qum
423 4022 708 4083 Dominus
738 4041 839 4098 per
864 4040 1003 4084 eum
1040 4025 1246 4084 fecisse
1273 4027 1502 4088 dicitur.
1535 4027 1602 4086 In
1631 4043 1777 4102 quo-

1864 3232 2171 3310 pervenire
2212 3228 2498 3304 potuerit;
2543 3230 2642 3288 sed
2680 3236 2984 3304 postquam
3022 3229 3184 3289 illius
3220 3231 3578 3306 sepulturam

1865 3323 2162 3383 Faventiaa
2215 3321 2692 3392 celebrassemus,
2758 3318 3012 3394 indeque
3064 3321 3370 3380 redeuntes
3421 3322 3576 3395 apud

1864 3413 2177 3490 prmfatum
2214 3409 2633 3470 monasterium
2668 3423 2841 3468 suum
2879 3409 3136 3468 Aceretaa
3173 3411 3359 3485 prima
3407 3427 3575 3470 man-

1867 3503 2031 3562 sione
2062 3500 2507 3576 hospitaremur,
2537 3498 2755 3558 ibidem
2791 3513 2909 3557 non
2937 3499 3128 3558 solum
3167 3499 3344 3572 istud,
3388 3500 3487 3559 sed
3524 3507 3579 3558 et

1867 3593 1982 3651 alia
2024 3591 2313 3666 quaedam,
2365 3605 2500 3664 quae
2539 3589 2780 3648 faciente
2822 3589 3070 3649 Domino
3109 3591 3390 3650 miraculo
3442 3593 3579 3650 huic

1867 3680 2113 3739 subdere
2143 3678 2500 3751 curabimus,
2537 3694 2644 3738 nos
2677 3678 2968 3738 addiscere
3003 3680 3242 3752 contigit
3269 3680 3573 3738 referenti-

1866 3768 1976 3828 bus
2004 3769 2205 3827 eadem
2231 3767 2584 3842 quibusdam
2618 3767 2877 3841 ejusdem
2905 3768 3240 3827 monasterii
3278 3766 3570 3838 fratribus,

1867 3875 1973 3918 nec
2004 3874 2121 3917 non
2159 3863 2215 3915 et
2251 3856 2542 3931 prmdictze
2591 3857 2772 3915 eremi
2813 3858 2914 3930 qui
2964 3863 3105 3916 tunc
3135 3855 3237 3916 illo
3283 3871 3572 3916 convene-

1867 3965 1966 4007 ran
1977 3955 1996 4006 ι
2007 3991 2018 4003 .

2539 4017 2781 4077 CAPUT
2831 4018 2932 4076 IX.

83 4125 202 4170 rum
244 4127 387 4170 sane
423 4111 725 4182 relatione,
769 4112 886 4172 Deo
927 4114 1266 4186 opitulante,
1312 4116 1630 4190 quidquam
1675 4118 1781 4180 im-
1862 4113 1921 4168 S.
1962 4109 2196 4164 doctoris
2235 4111 2424 4164 uinum
2461 4123 2528 4162 ea:
2567 4108 2712 4163 dolio
2748 4125 2847 4179 per
2885 4111 2996 4162 vim
3026 4110 3229 4163 milites
3265 4109 3574 4178 depromere

80 4199 314 4260 miscere
377 4200 662 4260 mendacii
719 4201 882 4260 velut
919 4217 995 4260 ex
1036 4204 1266 4276 proprio
1312 4220 1549 4278 prorsus
1599 4207 1780 4270 vitare

78 4288 304 4361 curabo,
362 4288 598 4352 illorum
660 4290 1030 4352 traditionem
1081 4292 1326 4352 fideliter
1382 4299 1775 4372 exsequendo,

1953 4219 2060 4258 non
2081 4205 2330 4272 possunt,
2377 4201 2522 4270 quod
2547 4203 2678 4273 pius
2701 4205 3026 4272 peregrinus
3050 4203 3245 4258 deinde
3270 4205 3469 4274 potuit.

1932 4300 2266 4373 Aliquando
2336 4299 2427 4356 vir
2477 4297 2579 4356 Dei
2633 4297 2853 4355 buttetu
2916 4296 3036 4355 vini
3095 4296 3202 4369 ('29)
3263 4295 3569 4370 repositam

1227 4399 1630 4464 GODEFRIDI
1667 4407 2131 4468 HENSCHENII
2175 4407 2414 4465 ΝΟΤᾸῦ.

127 4486 233 4552 (23)
313 4483 385 4566 In
449 4483 817 4566 ﬂammma“
882 4488 1068 4566 itaque
1143 4489 1534 4566 ἁπερεί-711381
1603 4495 2139 4566 Came-Detumum,
2190 4497 2280 4561 qui
2331 4495 2405 4566 ait
2452 4505 2596 4546 nunc
2645 4488 2913 4548 Gavinam
2962 4495 3260 4548 secundum
3315 4496 3574 4560 quosdam

75 4558 248 4612 tinum
297 4555 435 4610 urbs
480 4556 730 4610 maroniae
783 4562 1126 4614 Anconitanae
1186 4562 1253 4616 ad
1311 4563 1524 4618 radices
1574 4569 1774 4622 montis

75 4628 348 4692 Apennini.
375 4627 599 4701 Braeerat
633 4631 753 4701 tum
797 4630 1123 4684 Romualdus
1165 4633 1476 4699 episcopus,
1511 4637 1579 4690 ad
1614 4649 1774 4701 quem

76 4701 284 4775 exstare
317 4699 598 4775 epistolam
614 4699 686 4775 _B.
714 4701 876 4775 APetrt
893 4702 1053 4775 tradit
1084 4703 1343 4768 Ughellus
1380 4706 1454 4758 De
1499 4699 1774 4775 episcopis

76 4770 560 4825 Camerinensibus.
613 4772 674 4824 in
714 4771 817 4825 hac
847 4773 1074 4828 ditecesi
1111 4776 1326 4829 condita
1349 4790 1380 4830 a
1401 4779 1448 4831 Β.
1480 4770 1773 4835 Romualdo

72 4843 310 4897 cmnobia
342 4842 600 4896 describit
620 4843 682 4896 Β.
717 4843 901 4898 Petrus
930 4857 978 4898 ο.
1037 4846 1096 4899 12
1129 4847 1257 4900 Vitas
1292 4847 1460 4903 illius.

127 4925 231 4990 (Ἡ)
266 4924 641 4998 _Ad_montem
681 4927 955 4998 Pergium.
1008 4927 1062 4981 B.
1113 4927 1300 4984 Petrus
1353 4931 1446 4982 lib.
1487 4945 1566 4996 vr,
1613 4935 1770 4998 epist.

71 4996 139 5054 30,
215 4996 286 5048 ad
372 4994 673 5050 'l'enzonem
735 4996 1058 5052 monachum
1132 5001 1248 5054 haec
1309 5002 1494 5056 scribit
1552 4994 1568 5055 ξ
1639 4994 1662 5053 ἑ
1716 5007 1776 5060 In

70 5066 323 5141 Perusino
402 5069 769 5141 monasterio,
850 5071 1024 5141 sancti
1105 5072 1364 5126 videlicet
1451 5076 1772 5141 Salvatoris,

67 5139 146 5189 cui
219 5149 400 5202 nuper
463 5143 518 5192 et
581 5139 697 5203 ipse
753 5140 978 5205 praefui,
1040 5143 1257 5207 quidam
1314 5147 1614 5200 monachus
1664 5139 1774 5200 fue-

69 5213 174 5270 rat,
240 5227 266 5254 ιο
322 5212 426 5262 etc.
488 5212 563 5262 An
612 5210 744 5266 illud
793 5213 852 5264 in
894 5217 1080 5266 monte
1121 5215 1364 5278 Pergio?
1413 5217 1564 5276 Quod
1615 5221 1773 5272 modo

72 5290 114 5330 in
181 5280 345 5354 nrbe_
391 5280 652 5336 Perusina
719 5286 807 5337 est
877 5286 1267 5342 monasterium
1328 5287 1733 5344 Gamaiduiense
1756 5327 1772 5354 ,

71 5357 248 5425 sancto
291 5351 519 5425 ASevero
571 5365 837 5425 sacrum,
899 5355 1072 5408 fuisse
1145 5355 1274 5410 olim
1347 5363 1498 5414 extra
1565 5351 1773 5425 portam

71 5422 125 5544 ἑὲ
170 5423 305 5547 [³ῗέτί
360 5423 520 5476 tradit
562 5423 854 5490 Crispoltus
901 5427 958 5478 in
1007 5427 1242 5492 Pcrugia
1298 5422 1690 5494 Augustaflib.
1734 5445 1769 5498 ι,

129 5508 180 5547 n.
271 5531 284 5545 .

129 5508 180 5558 p.
209 5508 284 5547 ιδ.

125 5576 227 5638 (‘25)
275 5574 380 5641 Qui
437 5579 791 5640 nuncupatur
851 5579 1192 5635 Gamcnium.
1254 5581 1569 5637 ﬂamonium
1593 5621 1610 5644 ,
1669 5583 1776 5637 Fla-

72 5646 230 5699 minio
279 5646 650 5708 Gamum'um,
704 5647 958 5703 Fortunio
1013 5649 1356 5706 Ganm‘ntum
1377 5693 1390 5715 ,
1450 5655 1630 5710 Rubeo
1679 5653 1777 5708 Ga-

1872 4567 2152 4632 appellari.
2214 4567 2266 4618 Β.
2327 4565 2512 4619 Petrus
2581 4577 2769 4630 opusc.
2827 4566 2889 4617 44
2949 4566 3024 4620 De
3085 4567 3296 4630 jejunio
3364 4567 3578 4620 Sabbati

1873 4637 2167 4691 inscribit:
2202 4634 2489 4690 Fratribus
2555 4637 2616 4688 in
2670 4649 2846 4688 eremo
2902 4633 3174 4703 Gamagm'
3233 4638 3577 4703 constitutis;

1873 4713 1927 4763 et
1968 4710 2122 4774 epist.
2182 4710 2302 4774 ejus
2351 4709 2405 4760 3i
2471 4707 2563 4762 lib.
2627 4720 2702 4770 vr,
2757 4708 2955 4772 scripta
3007 4713 3088 4761 est
3135 4708 3204 4760 ad
3263 4721 3394 4762 suos
3454 4722 3574 4761 ere-

1871 4781 2035 4834 mitas
2067 4781 2378 4834 monasterii
2412 4777 2795 4844 Gamugnensis
2823 4779 3002 4832 sancti
3032 4777 3311 4832 Bamabz.
3349 4781 3472 4841 Qua:
3509 4781 3576 4834 de

1870 4851 1976 4906 hoc
2010 4853 2130 4904 loco
2156 4851 2327 4916 accipi
2353 4852 2620 4905 videntur.

1937 4924 2042 4986 (26)
2087 4922 2469 4975 Honastcm'um
2512 4923 2655 4989 quod
2701 4925 2925 4975 Acereta
2978 4922 3202 4974 dicitur.
3265 4923 3362 4976 Hic
3417 4923 3577 4976 locus

1873 4997 2046 5062 prima
2137 4995 2420 5048 mansione
2512 4995 2864 5048 redeuntibus
2941 4993 3188 5047 Faventia
3274 4994 3570 5060 Eugubium

1873 5068 2124 5125 occurrit,
2147 5070 2207 5119 ut
2231 5064 2374 5118 infra
2396 5067 2607 5118 dicitur.
2636 5067 2762 5118 Vide
2794 5068 2845 5117 et
2875 5077 2991 5129 cap.
3023 5067 3069 5117 9.

1937 5139 2040 5201 (27)
2097 5135 2164 5189 In
2225 5137 2333 5189 loco
2399 5137 2492 5200 qui
2553 5135 2898 5189 Marcianum
2955 5137 3298 5191 nominatur.
3358 5136 3577 5190 Murcia-

1872 5222 2002 5262 num
2047 5222 2221 5274 pagus
2281 5210 2574 5261 etiamnum
2626 5208 2818 5260 visitur
2865 5220 2976 5261 non
3024 5210 3219 5274 procul
3263 5223 3294 5262 a
3335 5207 3466 5259 mari
3515 5205 3573 5257 in

1874 5282 2121 5334 confiniis
2168 5281 2283 5334 fere
2319 5279 2692 5339 Romandiolae,
2733 5291 2926 5333 versus
2956 5281 3207 5332 ducatum
3241 5280 3570 5330 Urbinatem.

1934 5353 2042 5417 ('28)
2093 5353 2251 5416 Apud
2302 5351 2599 5416 praefatum
2646 5350 2988 5404 Gamonium.
3040 5351 3328 5404 Flaminius
3386 5360 3580 5415 perpe-

1872 5434 1990 5476 ram
2030 5422 2135 5475 hoc
2175 5423 2498 5474 miraculum
2539 5421 2778 5474 attribuit
2823 5423 3074 5480 Aceretaa,
3117 5420 3205 5472 ubi
3253 5422 3446 5474 auctor
3484 5422 3576 5474 in-

1872 5494 2104 5548 tellexit.

1938 5567 2042 5629 (29)
2096 5564 2311 5618 Buttcm
2359 5564 2498 5618 uini.
2543 5563 2754 5626 Βούττις
2808 5564 2864 5616 in
2927 5561 3124 5626 glossis
3183 5560 3384 5625 Cyrillo
3449 5562 3578 5618 olim

1875 5648 2100 5700 adnexis
2146 5660 2304 5710 cupa,
2359 5649 2414 5700 et
2453 5645 2696 5699 Βοὺττιον
2741 5644 2964 5707 cupeua.
3019 5643 3153 5697 Hinc
3203 5645 3400 5699 Latinis
3448 5645 3576 5700 but-
