4034 6454
494 337 512 392 '1
523 334 590 392 27

1398 329 1457 389 S.
1501 329 1789 389 PETRUS
1833 323 2223 386 DAMIANUS
2265 325 2324 384 S.
2369 327 2436 384 Β.
2479 327 2543 384 Ε.
2585 324 3060 386 CABDINALIS.

3885 318 4004 376 1‘28

489 459 646 534 apud
702 457 1011 532 quamdam
1067 469 1228 512 suam
1288 453 1564 526 capellam
1621 453 1912 510 habuerat.
1970 451 2256 511 AcciditA
2283 457 2456 509 notus
2490 452 2840 523 jamdudum
2882 451 3081 509 fuisset
3119 460 3410 520 suumque
3447 444 3780 534 frequenter
3813 443 4004 500 exhi—

487 555 700 614 autem,
743 555 805 604 ut
838 546 930 603 die
970 543 1221 618 quadam
1264 543 1518 601 militum
1565 549 1753 599 turma
1792 557 1964 614 prope
2008 542 2191 613 ipsam

489 635 764 708 capellam
808 633 1205 708 pertransiret;
1250 633 1374 706 qui,
1415 631 1556 688 dum
1596 629 1688 686 siti
1728 635 2060 700 zestuarent,
2102 644 2192 686 re-

488 726 726 799 quirunt
764 723 1164 797 presbyterum
1203 721 1251 779 si.
1291 721 1372 779 eis
1425 721 1630 777 vinum
1685 719 1939 790 praebere
1983 724 2189 793 posset.

488 814 710 885 Quibus
737 813 836 870 ille
867 811 1162 886 respondit
1188 834 1200 868 :
1225 808 1318 867 Nil
1349 822 1583 881 prorsus
1605 807 1729 865 vini
1757 823 1824 866 eo
1854 807 1963 866 ioci
1992 808 2192 866 haberi

487 910 696 976 praeter
739 917 917 960 unam
970 901 1150 958 tinam
1188 898 1300 968 (30)
1345 896 1567 955 domini
1615 895 1789 965 Petri,
1841 911 2015 971 quam
2073 897 2195 970 ipse

489 992 824 1065 contingere
855 1006 971 1048 non
1009 989 1263 1047 auderet.
1309 985 1432 1056 Quo
1469 986 1690 1057 audito,
1737 985 1788 1043 is
1825 985 1926 1058 qui
1972 985 2195 1044 caeteris

485 1087 746 1154 praeerat,
802 1079 1038 1154 quique,
1093 1083 1158 1134 ut
1226 1076 1412 1140 aiunt.
1497 1075 1766 1132 eumdem
1833 1074 2026 1133 virum
2091 1075 2192 1133 Dei

487 1171 842 1230 subexosum
896 1167 1162 1238 habebat,
1223 1165 1535 1240 respondit,
1594 1165 1835 1223 dicens:
1869 1165 2079 1240 Utique
2143 1165 2192 1223 si

485 1259 706 1317 domini
735 1258 885 1316 Petri
913 1265 1016 1326 est,
1055 1273 1129 1314 ex
1158 1255 1282 1329 ipso
1309 1271 1414 1329 ego
1448 1254 1721 1313 libentius
1751 1253 1904 1324 bibo,
1940 1269 2193 1329 moxque

489 1347 601 1406 sibi
649 1346 1068 1404 famulantibus
1107 1344 1279 1418 jussit
1315 1349 1600 1416 quatenus
1647 1359 1720 1400 ex
1769 1343 1905 1401 vino
1943 1342 2044 1400 illo
2083 1342 2194 1400 sibi

487 1453 553 1494 ac
590 1436 760 1494 sociis
788 1436 1093 1508 propinare
1123 1440 1410 1491 curarent.
1447 1432 1556 1501 Qui
1596 1447 1802 1505 nempe
1833 1432 2042 1489 conciti
2074 1431 2192 1488 ala-

485 1525 677 1594 criter,
723 1530 786 1580 ut
814 1537 998 1595 genus
1028 1522 1174 1580 illud
1206 1521 1509 1578 hominum
1547 1520 1706 1588 solet,
1747 1519 1817 1577 ad
1859 1519 2194 1592 hujusmodi

483 1612 829 1686 obsequium
863 1619 1124 1684 currunt,
1155 1611 1253 1669 sed
1282 1610 1486 1669 evulso
1525 1610 1737 1668 tenello
1768 1609 1884 1682 (3i)
1912 1610 1998 1667 nil
2030 1625 2191 1684 pror-

491 1717 591 1760 sus
617 1702 740 1761 vini
769 1704 1128 1777 suscipiunt;
1165 1709 1471 1761 vertuntur
1494 1704 1562 1760 ad
1596 1702 1798 1772 alium,
1830 1701 2190 1759 tantumdem

2277 541 2512 600 buisset.
2565 542 2692 600 Jam
2734 542 2911 614 igitur
2947 540 3265 615 presbyter,
3317 542 3471 595 tanta
3521 532 3846 606 postulatus
3895 535 4005 590 in—

2277 633 2485 703 stantia
2535 634 2762 708 fideque
2817 633 3097 702 mollitus,
3163 631 3289 688 licet
3348 627 3568 694 timide,
3627 627 3864 683 accessit
3917 626 4004 682 ad

2277 719 2499 778 dolium
2529 739 2542 790 ;
2584 728 2639 779 et
2666 721 2966 796 quoniam,
3002 726 3066 777 ut
3097 717 3373 791 scriptum
3408 721 3513 784 est,
3552 715 3815 786 Superbis
3845 718 4006 769 Deus

2275 811 2503 873 resistit,
2546 812 2842 866 humilibus
2872 816 3051 865 autem
3082 808 3180 862 dat
3209 809 3450 875 gratiam
3489 807 3624 873 (Jac.
3671 814 3753 871 1V,
3795 801 3873 871 6),
3921 801 4004 858 li-

2276 899 2474 972 quoris
2512 898 2710 957 ﬂuxus
2746 898 2902 956 facili
2956 913 3092 955 mox
3131 902 3340 953 attactu
3377 899 3458 952 est
3496 892 3822 949 haurientia
3861 906 4005 948 ma-

2275 1000 2418 1043 num
2453 993 2702 1044 secutus.
2735 985 2936 1059 Itaque
2968 985 3125 1042 mitis
3147 981 3400 1042 obtinuit
3432 979 3677 1039 inermis
3704 977 3860 1052 quod
3894 994 3999 1035 ar-

2276 1075 2445 1132 matis
2473 1076 2658 1134 fuerat
2685 1082 2956 1147 negatum
2986 1072 3267 1148 superbis.

2346 1293 2410 1347 In
2461 1307 2673 1346 summa
2719 1295 2882 1363 panis
2921 1295 3187 1348 charitate
3225 1291 3465 1345 ciborum
3502 1289 3660 1358 copia
3706 1287 3916 1340 caelitus

3007 1364 3256 1433 affertur.

2347 1467 2500 1525 Dum
2571 1468 2819 1542 quadam
2887 1467 2979 1524 die
3036 1466 3563 1538 advesperascente,
3618 1460 3772 1518 idem
3829 1467 4003 1532 pater

2278 1555 2461 1614 fessus
2492 1573 2625 1615 cum
2655 1558 2855 1615 eodem
2883 1557 2983 1633 qui
3011 1557 3119 1614 hoc
3149 1555 3292 1614 mihi
3326 1551 3521 1612 retulit
3560 1552 3731 1609 fratre
3776 1566 3810 1606 a
3839 1548 4003 1607 silva

2275 1643 2556 1716 rediisset,
2588 1646 2703 1704 sola
2744 1646 2908 1718 panis
2939 1645 3160 1718 quadra
3188 1659 3325 1702 cum
3356 1641 3554 1701 crudis
3581 1638 3839 1698 oleribus
3867 1653 4003 1696 cce-

2277 1734 2440 1792 nanti
2487 1735 2812 1807 apponitur.
2859 1732 3044 1802 Quem
3098 1732 3216 1803 ille,
3276 1738 3459 1790 totum
3511 1730 3662 1788 socio
3710 1727 4001 1800 largiens,

492 1791 816 1893 reperiunt:
1014 1798 1229 1893 cuncta
1255 1790 1858 1893 foramillfpandqnj;
1896 1796 1970 1887 (ᾧ
1999 1805 2032 1847 Ο
2061 1803 2190 1893 pro:
2210 1813 2257 1872 Β
2281 1790 2418 1880 solis
2465 1790 2722 1881 oleribus
2775 1790 3033 1893 vesceris,
3082 1790 3419 1880 hortabatur
3478 1818 3782 1878 convivam
3801 1790 4003 1890 “quod

489 1883 740 1951 digium!
785 1882 926 1940 doiii
963 1881 1156 1938 aditus
1193 1887 1404 1954 patent,
1437 1886 1489 1937 et
1520 1879 1711 1952 liquor
1747 1878 2012 1946 interius,
2044 1893 2110 1935 ac
2147 1878 2196 1934 si

487 1969 630 2042 quid
686 1968 958 2036 solidum,
1012 1969 1401 2026 nihilominus
1457 1968 1625 2035 latet;
1685 1969 1954 2040 superius
2003 1967 2196 2040 itaque

488 2056 776 2128 spiramen
809 2056 1126 2128 pandentes
1163 2063 1237 2127 et,
1271 2056 1319 2114 si
1349 2056 1486 2130 quid
1520 2057 1682 2113 intus
1714 2055 1859 2113 meri
1899 2055 2194 2113 continea-

489 2150 582 2202 tur
631 2144 858 2202 curiose
909 2144 1208 2214 rimantes,
1268 2143 1510 2202 dimidio
1569 2149 1790 2202 tantum
1848 2144 2037 2216 palmo
2094 2161 2195 2203 vas

488 2249 714 2292 semum
749 2233 864 2302 (32)
898 2233 1266 2293 invenerunt.
1297 2232 1605 2306 Stupentes
1635 2250 1771 2306 ergo
1795 2234 2196 2306 hujuscemodi

486 2328 782 2391 eventum,
839 2322 1184 2380 arbitrantes
1223 2327 1411 2379 tamen
1462 2323 1671 2393 adhuc,
1733 2339 1808 2380 ne
1852 2323 1993 2397 quid
2056 2323 2198 2382 forte

489 2412 768 2470 obstaculi
849 2411 1051 2470 lateret
1123 2414 1302 2482 intus,
1361 2428 1479 2488 quo
1533 2413 1774 2486 liquoris
1821 2414 2199 2487 impediretur

489 2516 773 2573 egressus,
807 2501 1088 2574 ingerunt
1122 2501 1381 2571 singulas
1415 2501 1670 2560 aditibus
1711 2503 2037 2574 patentibus
2076 2503 2198 2562 vir-'

487 2607 606 2664 gas,
635 2592 850 2664 quibus
874 2592 1153 2662 deductis,
1187 2609 1280 2650 eas
1305 2593 1541 2666 quidem
1564 2593 1796 2651 madere
1812 2595 2191 2667 conspiciunt,

485 2683 694 2740 vinum
718 2689 904 2739 tamen
926 2682 1245 2741 introrsum
1269 2682 1657 2740 nihilominus
1679 2684 1858 2741 haeret
1875 2682 2194 2742 inclusum.

486 2772 600 2829 Illa
627 2773 918 2850 nimirum.
938 2773 1144 2843 virtus,
1169 2789 1303 2845 quae
1326 2773 1638 2832 Israelitico
1658 2774 1951 2846 quondam
1979 2774 2192 2847 populo

488 2860 675 2918 Rubri
748 2861 924 2918 maris
979 2861 1264 2933 profunda
1319 2862 1584 2931 calcanti,
1644 2878 1922 2934 aquarum
1980 2864 2196 2921 ﬂuenta

490 2965 795 3007 murorum
847 2950 919 3007 ad
997 2950 1196 3018 instar,
1275 2950 1477 3009 dextra
1553 2951 1815 3024 lzevaque
1881 2955 2194 3026 suspende-

485 3046 573 3098 rat
638 3039 830 3110 (Emod.
882 3040 1028 3111 XIV),
1078 3040 1322 3113 liquoris
1380 3041 1716 3114 hujusmodi
1777 3044 2009 3102 ﬂuxum
2065 3059 2196 3102 con-

487 3126 818 3186 strinxerat.
851 3128 921 3186 Et
952 3129 1054 3202 qui
1085 3128 1318 3187 hostiles
1364 3136 1501 3188 tunc
1529 3132 1988 3190 adversariorum
2021 3132 2171 3190 acies

488 3234 563 3276 ne
607 3233 838 3291 gressus
869 3220 1097 3293 piorum
1135 3219 1403 3293 impediri
1447 3228 1698 3295 possent,
1739 3222 1905 3296 aquis
1937 3229 2196 3296 potenter

487 3307 793 3378 immersit,
835 3308 957 3382 ipse
995 3325 1153 3369 nunc
1190 3311 1432 3370 istorum
1465 3313 1791 3387 proterviae,
1835 3328 1909 3370 ne
1945 3328 2050 3372 suo
2089 3330 2193 3372 no-

486 3402 680 3453 cerent
706 3396 948 3471 famulo,
981 3399 1326 3458 mirabiliter
1361 3400 1598 3458 obstitit.
1643 3400 1809 3472 Nam,
1849 3406 1914 3459 ut
1958 3401 2195 3460 illorum

487 3482 687 3541 rabida
731 3484 927 3555 fames,
969 3485 1312 3561 interempto
1352 3487 1452 3545 Dei
1500 3489 1732 3562 populo,
1777 3489 2194 3548 manubiorum

430 3571 432 3573 ’
486 3573 679 3648 praeda
725 3573 916 3632 satiari
955 3576 1240 3650 nequivit,
1283 3577 1365 3634 sic
1399 3578 1645 3636 istorum
1687 3594 1897 3635 vesana
1937 3577 2060 3636 sitis
2102 3594 2194 3636 ra-

488 3665 625 3738 pina
655 3665 781 3737 ejus
816 3666 1023 3725 famuli
1056 3667 1338 3740 restingui
1370 3668 1615 3725 minime
1642 3668 1839 3727 valuit.
1874 3668 2025 3727 Dum
2061 3684 2198 3727 suos

485 3753 680 3828 itaque
755 3771 999 3813 vesanos
1071 3765 1308 3815 conatus
1363 3772 1612 3829 superna
1677 3757 1888 3815 virtute
1945 3757 2192 3827 delusos,

486 3844 903 3919 frustratosque
958 3846 1338 3921 perpendunt,
1400 3847 1620 3904 divinae
1671 3847 1935 3905 cedentes
1990 3847 2195 3905 virtuti

486 3934 714 3990 confusi
758 3942 1100 4010 arentesque
1142 3936 1464 3994 discedunt.
1516 3935 1622 3992 His
1667 3943 1861 3993 autem
1909 3936 2193 4008 profectis,

483 4020 670 4078 viator
699 4021 934 4094 quidam
962 4025 1280 4082 adveniens
1307 4023 1492 4081 eidem
1523 4023 1811 4095 ﬂagitabat
1839 4025 2192 4098 presbytero,

485 4115 549 4167 ut
581 4109 691 4168 sibi
722 4112 1079 4181 quantolibet
1102 4113 1224 4170 vim
1255 4113 1592 4184 dignaretur
1622 4115 1828 4184 poculo
1857 4115 2190 4175 subvenire.

489 4198 594 4256 Cui
638 4199 901 4258 sacerdos
943 4201 1145 4259 eadem
1183 4216 1318 4273 quae
1353 4202 1642 4275 prioribus
1673 4202 1847 4260 verba
1881 4205 2190 4276 respondit.

487 4287 754 4361 Cumque
795 4289 979 4348 viator
1004 4291 1270 4364 precibus
1298 4293 1535 4350 instaret
1568 4301 1857 4366 quatenus
1889 4309 1963 4350 ex
1994 4295 2195 4352 eodem

487 4377 781 4435 charitatis
823 4378 933 4436 sibi
972 4380 1155 4451 gratia
1193 4381 1546 4451 subveniret,
1579 4381 1840 4440 sacerdos
1870 4397 2006 4456 quae
2038 4381 2194 4440 mili-

2175 3175 2257 3235 Ὀ

2279 1911 2560 1983 patienter
2620 1911 2781 1969 illam
2841 1912 3014 1970 ferret
3071 1925 3382 1984 pauperem
3437 1923 3662 1968 ccenam
3717 1905 4000 1962 ditiorem

2279 2001 2588 2060 habiturus
2626 2001 2685 2060 in
2729 2005 2976 2062 crastino
3023 2018 3306 2061 mensam.
3344 2001 3702 2072 Factumque
3735 2005 3836 2055 est.
3887 1995 3999 2054 Se-

2279 2091 2478 2162 quenti
2524 2091 2738 2148 etenim
2791 2092 2884 2150 die
2935 2099 3092 2150 tanta
3141 2098 3225 2150 est
3280 2089 3453 2148 allata
3504 2088 3764 2145 ciborum
3824 2086 4004 2158 copia

2281 2194 2413 2253 quae
2443 2181 2663 2238 cunctis
2703 2180 2824 2239 illic
2855 2181 3198 2255 degentibus
3232 2181 3292 2239 in
3332 2179 3528 2254 plures
3563 2178 3684 2235 dies
3722 2175 4004 2234 sufficere

2281 2273 2519 2343 poterat.

2950 2341 3198 2400 CAPUT
3226 2340 3325 2400 ΧΙ.

2279 2431 2516 2496 Quidam
2545 2432 2692 2486 beati
2717 2433 2828 2486 viri
2864 2434 3075 2486 meritis
3105 2433 3193 2485 cui
3220 2433 3421 2501 piscem
3451 2427 3745 2496 deferebat,
3780 2440 3814 2478 a
3838 2441 3999 2479 mor-

2800 2505 2871 2557 tis
2909 2504 3149 2573 periculo
3182 2501 3465 2556 liberatur.

2350 2597 2456 2656 Vir
2487 2600 2748 2673 quidam,
2787 2614 3034 2672 magnus
3079 2597 3393 2655 admodum
3432 2594 3555 2652 viro
3588 2591 3691 2649 Dei
3721 2591 3996 2659 devotus,

2277 2695 2484 2745 onusta
2509 2689 2757 2762 piscium
2784 2689 2993 2746 exenia
3027 2687 3127 2758 (33)
3160 2687 3220 2743 in
3250 2683 3557 2758 prmcipuis
3581 2681 3633 2740 ei
3662 2679 4003 2738 solemnita-

2278 2777 2432 2835 tibus
2473 2777 2664 2851 legare
2692 2783 3096 2845 consueverat;
3124 2775 3330 2833 accidit
3355 2781 3545 2831 autem
3579 2777 3644 2829 ut
3673 2766 4000 2843 aliquando

2280 2865 2512 2923 Domini
2587 2865 3013 2939 propinquante
3077 2864 3285 2934 natale,
3361 2873 3724 2934 nequaquam
3779 2856 3997 2927 hujus-

2279 2953 2436 3011 modi
2466 2955 2747 3028 potuisset
2779 2955 2961 3028 pisces
2987 2952 3273 3024 invenire,
3314 2966 3458 3026 quos
3496 2948 3668 3019 digne
3705 2946 3756 3002 ei
3797 2951 4002 3019 posset

2272 3040 2443 3114 juxta
2479 3058 2701 3101 morem
2740 3043 3008 3116 dirigere.
3051 3041 3315 3115 Cumque
3355 3054 3526 3112 super
3554 3037 3661 3094 hoc
3700 3051 3817 3093 non
3859 3050 4000 3092 mo-

2277 3129 2403 3188 dica
2429 3137 2740 3205 angeretur
2769 3130 3049 3201 molestia,
3089 3131 3319 3188 tandem
3346 3129 3409 3186 in
3439 3128 3561 3185 iasa
3589 3138 3747 3183 sacra
3787 3122 4002 3180 Domi-

2279 3220 2427 3280 nicas
2469 3221 2789 3281 nativitatis
2829 3227 2995 3280 nocte
3040 3219 3277 3294 grandis
3324 3220 3377 3278 ei
3427 3219 3601 3292 piscis
3645 3214 4001 3285 advehitur;

2278 3311 2638 3371 exhilaratus
2676 3329 2832 3386 ergo,
2874 3319 2930 3371 et
2967 3313 3296 3386 plurimum
3339 3310 3573 3385 gavisus
3609 3306 3888 3382 praecepit
3936 3315 4003 3364 ut

2278 3399 2381 3459 Dei
2431 3401 2557 3458 viro
2594 3400 2750 3460 illico
2785 3402 3126 3460 deferretur.
3169 3401 3347 3460 Porro
3384 3415 3505 3458 nox
3553 3397 3714 3456 tetris
3753 3397 4003 3454 densata

2281 3491 2532 3548 tenebris
2568 3491 2804 3549 nullum
2833 3491 3133 3548 stellarum
3168 3489 3371 3548 lumen
3397 3486 3682 3554 radiabat;
3716 3484 3814 3541 via
3844 3499 4000 3557 quo-

2279 3596 2393 3654 que
2434 3581 2612 3638 nimis
2653 3579 2936 3638 laboriosa
2987 3585 3042 3637 et
3076 3577 3329 3638 diﬂicilis
3376 3582 3514 3645 erat,
3556 3589 3732 3649 quam
3788 3573 4002 3631 lutosae

2280 3668 2436 3726 nivis
2484 3669 2707 3727 salebra
2765 3669 3008 3728 omnino
3065 3673 3491 3742 consperserat;
3561 3662 3736 3738 piscis
3795 3669 3998 3721 tamen

2279 3759 2517 3832 portitor
2544 3760 2707 3818 nulla
2739 3757 3076 3818 difﬁcultate
3105 3759 3220 3816 diei
3264 3759 3455 3818 lucem
3497 3753 3820 3830 praestolari
3861 3770 4000 3828 per-

2279 3847 2546 3906 mittitur.
2581 3848 2664 3906 Eo
2692 3848 2886 3921 itaque
2928 3848 3098 3921 empti
3137 3847 3363 3906 itineris
3404 3847 3555 3904 viam
3585 3850 3880 3916 carpente,
3926 3845 3999 3902 ad

2277 3936 2587 3996 obscuram
2615 3939 2931 4012 quamdam
2962 3938 3148 4012 ripam
3185 3936 3652 4011 profundamque
3681 3934 3960 4006 pervenit
3984 3951 3999 4002 ;

2277 4029 2448 4102 cujus
2497 4035 2758 4089 extrema
2795 4031 2933 4089 dum
2975 4029 3249 4098 nimium,
3291 4027 3446 4087 velut
3495 4026 3752 4095 ignarus,
3790 4037 4001 4095 perse-

2278 4127 2574 4192 queretur,
2613 4121 2789 4194 lapsis
2828 4129 3064 4194 repente
3117 4119 3394 4191 vestigiis,
3427 4117 3489 4174 in
3519 4116 3634 4172 ima
3663 4112 4000 4186 prmeipita-

2279 4213 2373 4264 tur
2410 4215 2465 4265 et
2502 4224 2633 4266 cum
2676 4216 2866 4268 tantus
2905 4208 3082 4267 fuerit
3133 4222 3322 4276 casus,
3363 4211 3427 4265 ut
3478 4202 3620 4262 solvi
3665 4199 4003 4274 potuissent

2279 4298 2452 4355 totius
2479 4299 2733 4370 corporis
2762 4315 2971 4366 nexus,
3001 4298 3224 4355 meritis
3254 4306 3446 4355 tamen
3477 4294 3586 4352 viri
3616 4291 3743 4361 Dei,
3774 4290 4004 4349 virtute

2278 4385 2480 4444 divina
2512 4392 2660 4444 totus
2689 4393 2954 4443 servatur
2982 4384 3222 4442 iilaesus.
3255 4384 3574 4443 Incolumis
3610 4397 3764 4454 ergo,
3803 4388 3862 4438 et
3893 4398 4004 4440 va-

491 4466 645 4524 tibus
690 4466 806 4525 illis
850 4472 1210 4541 contigerant
1250 4471 1301 4528 ei
1341 4471 1593 4529 seriatim
1642 4487 1912 4530 enarrare
1949 4473 2242 4543 curavit,_
2281 4473 2453 4543 lidus,
2510 4489 2658 4531 onus
2696 4489 3003 4532 excussum
3058 4471 3381 4530 cervicibus
3437 4473 3600 4530 laetus
3657 4471 4002 4543 resumpsit,

489 4571 563 4611 ne
591 4555 743 4612 ultra
770 4555 879 4613 sibi
919 4538 1290 4628 importunus
1321 4561 1585 4618 insistere
1625 4560 1934 4619 debuisset.
1968 4559 2074 4618 Ille
2109 4538 2254 4618 taQD
2279 4538 2474 4635 sicque
2535 4563 2606 4620 ad
2665 4561 2768 4618 Dei
2819 4561 3116 4620 hominem
3169 4561 3427 4619 hilariter
3479 4559 3838 4635 properavit,
3862 4538 3876 4543 ’
3903 4538 4008 4616 do-

486 4660 620 4700 men
648 4661 679 4701 a
710 4660 812 4702 sua
850 4646 1127 4720 petitione
1163 4649 1404 4708 minime
1440 4651 1742 4721 desistens,
1773 4650 1960 4708 aiebat
1991 4667 2050 4708 se
2074 4651 2193 4723 jam
2280 4649 2424 4708 mini
2463 4651 2556 4709 sui
2586 4665 2803 4708 munus
2832 4648 3071 4718 obtulit;
3106 4651 3377 4724 quodque
3401 4667 3474 4708 ex
3497 4647 3696 4706 mortis
3723 4647 4008 4706 faucibus

485 4735 668 4806 magis
707 4751 779 4795 ex
820 4738 943 4812 ejus
979 4753 1207 4811 sperare
1250 4741 1546 4813 beneficio,
1587 4742 1740 4814 quod
1786 4741 2007 4814 rapinae
2043 4756 2196 4798 arro-
2277 4739 2461 4810 ipsius
2527 4738 2729 4796 fuisset
2793 4738 3012 4795 meritis
3083 4747 3331 4811 ereptus,
3407 4737 3618 4810 gratias
3675 4738 3810 4807 egit.
3876 4736 3996 4796 Cui

486 4821 749 4891 gantium
796 4825 874 4882 ita
911 4827 1262 4886 abstractum
1305 4829 1509 4900 fuerat,
1549 4827 1689 4887 dum
1731 4829 1852 4902 ipse
1893 4828 2007 4886 sibi
2045 4828 2194 4885 bene
2277 4826 2376 4884 ille
2409 4846 2423 4884 :
2461 4826 2610 4896 Noli,
2655 4826 2866 4901 inquit,
2909 4827 3015 4898 iiii,
3054 4829 3173 4887 noli
3213 4828 3440 4888 homini
3477 4826 3752 4898 deputare
3792 4840 4007 4898 pecca—

1643 4995 2048 5056 GODEFRIDI
2088 4993 2556 5055 HENSCHENII
2592 4995 2832 5055 NOTIE.

422 5174 428 5180 -
480 5138 552 5190 tis
615 5136 702 5188 vel
769 5135 910 5189 bulis
961 5139 1104 5202 apud
1151 5139 1514 5203 Marculphum
1581 5138 1739 5187 etiam
1801 5138 1852 5186 in
1914 5132 2178 5194 formulis,
2347 5137 2450 5197 (3i)
2513 5137 2623 5191 Sed
2682 5140 2856 5190 evulso
2918 5141 3060 5193 tenet.

2347 5137 2450 5197 (3i)
2513 5137 2623 5191 Sed
2682 5140 2856 5190 evulso
2918 5141 3121 5193 tenella.
3190 5136 3391 5190 Tenatio
3444 5135 3820 5187 obturaeulnm
3885 5143 4011 5192 oris

479 5216 531 5261 et
585 5210 751 5268 butlo,
816 5223 910 5259 seu
974 5208 1099 5262 buto
1159 5216 1452 5268 argenteus
1511 5208 1654 5271 apud
1730 5208 2065 5258 Anastasium
2128 5208 2180 5256 in
2283 5207 2409 5260 dolii
2470 5210 2807 5273 intelligitur,
2871 5215 3027 5276 cujus
3093 5212 3212 5263 loco
3278 5208 3618 5268 epistomium
3676 5207 4006 5269 imponitur.

482 5281 654 5331 Leone
700 5281 761 5331 lli
807 5289 859 5331 et
896 5281 1066 5332 Leone
1096 5283 1153 5332 ιν
1190 5285 1403 5344 legitur.
1440 5282 1533 5332 Hic
1568 5292 1662 5343 pro
1697 5278 1838 5329 dolio
1872 5280 2106 5341 ponitur.
2335 5280 2437 5344 (3‘2)
2497 5285 2590 5333 Vas
2625 5296 2848 5335 semum.
2890 5284 2968 5335 ita
3013 5288 3122 5334 tres
3175 5279 3438 5331 editiones
3488 5289 3696 5326 semum
3758 5292 3856 5340 pro
3911 5296 4008 5333 va-

548 5352 644 5410 (30)
684 5354 888 5403 Praeter
922 5365 1091 5403 unam
1123 5353 1318 5406 tinam.
1355 5351 1490 5402 Tina
1539 5354 1592 5400 in
1625 5351 1765 5400 Actis
1813 5349 1862 5399 it
1903 5350 1950 5397 S.
1987 5349 2176 5413 Ttiyrsi
2276 5365 2380 5404 cuo
2427 5353 2659 5415 habent;
2711 5368 2779 5405 au
2825 5357 3114 5411 semotum,
3173 5353 3267 5400 aut
3309 5346 3682 5410 semiplenam,
3721 5357 3812 5400 aut
3850 5356 4010 5414 quod

483 5423 535 5470 et
614 5424 882 5474 sociorum
961 5425 1021 5475 28
1094 5425 1366 5484 Januarii,
1457 5433 1575 5485 pag.
1649 5420 1772 5478 8‘20,
1856 5433 2000 5471 num.
2079 5423 2172 5480 25,
2277 5423 2454 5476 simile
2496 5426 2804 5488 legendum.

484 5489 714 5551 legitur.
763 5495 814 5544 in
883 5495 990 5548 Vita
1043 5497 1091 5547 S.
1149 5493 1414 5546 Philiberti
1461 5491 1523 5542 20
1569 5492 1788 5562 Augusti
1841 5494 2035 5553 tonna,
2090 5493 2178 5544 ubi
2339 5494 2443 5562 (33)
2494 5497 2730 5548 Piscium
2780 5495 2987 5546 exenia.
3046 5489 3252 5562 Emenia
3303 5503 3396 5540 aeu
3456 5493 3640 5548 wenia.
3693 5492 3836 5544 dona
3892 5495 4000 5548 ιω-

481 5573 579 5612 vas
610 5562 890 5618 vinarium
925 5569 996 5619 ita
1030 5567 1134 5619 dici
1167 5564 1348 5622 addit;
1390 5573 1456 5615 ac
1493 5562 1615 5614 tina
1666 5560 1820 5615 Festo
1867 5566 1920 5614 et
1963 5562 2180 5618 Varroni
2278 5560 2504 5632 spitab‘a,
2533 5569 2819 5632 praeposita
2845 5577 2940 5630 per
2965 5574 3206 5617 errorem
3244 5561 3417 5617 littera
3444 5576 3486 5613 ο.

479 5632 639 5684 etiam
667 5635 934 5692 tribuitur.
