4034 6492
46 332 129 391 1'20

957 325 1532 391 PROLEGOMENA.
1573 361 1641 374 --
1682 328 1862 391 VITA
1905 328 1964 389 S.
2006 331 2228 392 PETRI
2268 334 2613 394 DAMIANI.

3442 341 3543 401 130

38 457 129 514 tori
152 454 312 528 quod
338 453 499 512 Deus
533 451 636 509 tibi
666 450 940 524 dignatus
981 460 1067 512 est
1095 455 1217 513 sola
1249 455 1340 513 sui
1373 455 1805 521 miserationeA
1827 462 2022 530 ageret
2068 474 2302 532 prorsus
2345 460 2636 533 ignorans,
2695 459 3034 533 deprecatus
3089 467 3174 520 est
3217 463 3542 524 Dominum

39 547 220 621 largiri
247 565 262 615 ;
319 545 375 603 ei
402 550 632 602 tantum
662 557 735 598 ex
769 541 995 600 collatae
1026 544 1230 602 salutis
1265 561 1506 603 munere
1534 546 1748 619 gratias

39 653 143 710 age,
171 635 280 711 qui
315 646 624 706 nunquam
655 630 766 688 sibi
795 630 1218 692 famulantibus
1263 634 1326 692 in
1380 634 1749 694 tribulatione

41 728 194 786 deest.

701 791 944 854 CAPUT
972 793 1102 852 XII.

43 894 183 948 Alter
235 893 297 947 in
359 891 504 947 bicio
576 891 801 953 haerens,
853 887 1077 957 ejusque
1131 904 1229 960 ope
1285 890 1345 943 in
1395 888 1502 943 iter
1546 892 1748 944 certum

755 979 1041 1045 dirigitur.

103 1085 208 1144 Hic
240 1100 432 1145 unum
456 1099 532 1142 ex
561 1082 862 1157 discipulis
889 1082 962 1140 ad
985 1081 1295 1156 quemdam
1319 1082 1632 1158 aliquando
1657 1082 1740 1140 di-

47 1175 182 1234 rexit
226 1173 523 1243 abbatem,
549 1187 724 1245 quem
771 1171 911 1228 dum
940 1170 1002 1228 in
1036 1172 1385 1229 monasterio
1431 1172 1606 1229 frater
1651 1171 1749 1228 ille

48 1265 279 1323 minime
318 1264 646 1337 reperisset,
680 1278 815 1321 eum
848 1277 963 1336 quo
997 1262 1306 1321 diverteret
1347 1262 1630 1322 sollicitus
1655 1277 1745 1321 re-

46 1354 290 1429 quisivit.
353 1352 517 1422 Quod
564 1367 698 1410 cum
745 1351 971 1425 egisset,
1021 1366 1313 1424 regressus
1355 1351 1540 1423 ipsius
1589 1367 1750 1410 mora

47 1445 168 1503 adeo
227 1443 511 1517 protelata
538 1451 643 1513 est,
676 1449 740 1502 ut
767 1442 860 1500 die
887 1458 1000 1516 qua
1039 1443 1476 1516 exspectabatur
1524 1459 1748 1517 nequa—

47 1550 206 1606 quam
233 1533 429 1592 redire
477 1533 751 1606 potuisset
777 1551 801 1604 ;⁴
823 1548 1073 1606 cumque
1101 1532 1174 1591 ob
1207 1532 1264 1590 id
1297 1533 1366 1590 de
1394 1532 1748 1606 correptione

47 1625 294 1698 crepissct
323 1623 629 1696 trepidare,
659 1629 918 1695 suscepto
949 1621 1123 1692 socio,
1157 1621 1268 1680 iter
1297 1637 1470 1680 suum
1502 1621 1750 1695 arripuit

45 1713 134 1772 sub
164 1711 401 1770 silentis
426 1711 610 1770 noctis
643 1711 908 1782 obscuro,
941 1726 1026 1780 ac,
1059 1712 1198 1768 dum
1229 1709 1404 1768 simul
1438 1709 1747 1784 paululum

1831 555 2118 624 quatenus
2180 549 2291 607 sibi
2346 549 2682 621 dignaretur
2734 548 2896 608 illius
2949 551 3172 608 meritis
3223 553 3538 612 subvenire

1829 641 1998 712 cujus
2039 655 2099 696 se
2134 645 2370 697 noverat
2407 637 2790 698 obedientiam
2831 654 3044 711 gerere.
3088 639 3214 710 Qua
3253 643 3539 715 supplica-

1835 729 1986 788 tione
2008 730 2078 787 ad
2113 729 2425 788 Dominum
2468 729 2612 798 fusa,
2647 728 2948 787 confestim
2988 747 3176 803 equus
3208 733 3535 806 prosiliens,

1831 817 2088 876 concitus
2122 817 2185 876 in
2224 817 2444 876 aridam
2484 817 2688 889 exivit,
2730 825 3102 893 correptoque
3145 821 3325 893 spatio
3369 823 3538 895 agilis

1829 908 1901 966 ad
1949 909 2153 967 urbem
2194 909 2472 983 pervenit.
2507 909 2651 968 Cum
2693 915 2884 966 autem
2932 909 3002 966 ad
3049 910 3401 984 episcopum,
3442 913 3538 970 cui

1829 997 2045 1056 missus
2095 999 2296 1066 fuerat,
2347 996 2717 1071 pervenisset,
2764 1013 3138 1073 nequaquam
3184 999 3535 1073 episcopum,

1829 1099 2003 1156 quem
2027 1085 2342 1159 quaerebat,
2368 1085 2596 1143 invenit
2620 1103 2633 1154 ;
2655 1093 2875 1160 reperto
2901 1092 3090 1145 tamen
3119 1089 3370 1162 quodam
3393 1091 3540 1162 ejus-

1831 1174 1963 1232 dem
1993 1175 2250 1248 patruele
2279 1176 2619 1247 (familiari),
2647 1177 2883 1234 honeste
2910 1178 2983 1236 ab
3013 1194 3080 1237 eo
3107 1187 3403 1252 susceptus
3433 1187 3534 1237 est.

1831 1261 1941 1332 Qui
1968 1262 2134 1334 plane
2160 1280 2262 1338 pro
2295 1265 2435 1322 tanti
2464 1264 2574 1322 viri
2609 1265 2952 1331 reverentia,
2979 1281 3114 1324 cum
3142 1267 3304 1325 omni
3333 1268 3540 1325 domus

1829 1351 2014 1425 ipsius
2075 1352 2293 1410 familia
2347 1351 2401 1410 ei
2458 1353 2874 1411 ofﬁciosissime
2927 1346 3257 1412 deservivit.
3313 1354 3379 1412 In
3435 1356 3542 1412 hoc

1833 1455 1952 1498 uno
2008 1448 2200 1500 tamen
2253 1457 2373 1500 non
2430 1443 2654 1500 modico
2707 1457 2839 1515 erga
2880 1457 3014 1500 eum
3064 1442 3325 1516 deliquit,
3365 1443 3536 1515 quod,

1830 1527 1971 1587 dum
2018 1529 2196 1589 istum
2248 1537 2491 1590 stratum
2537 1531 2797 1599 locasset,
2846 1532 3070 1590 cunctis
3122 1532 3536 1601 recedentibus,

1831 1617 2018 1676 solum
2054 1619 2116 1676 in
2154 1619 2398 1693 spatiosa
2445 1619 2545 1678 illa
2593 1623 2891 1681 mansione
2943 1620 3246 1679 cubantem
3300 1619 3538 1678 dimisit.

1829 1706 1990 1777 Quod
2030 1709 2282 1769 nimium
2311 1710 2452 1770 dum
2481 1710 2580 1769 ille
2610 1711 2907 1785 persensit,
2944 1717 3132 1768 tantus
3169 1725 3307 1769 eum
3342 1711 3544 1768 horror

43 1802 464 1875 processissent,
489 1800 616 1874 ejus
646 1799 940 1858 conviator
975 1799 1254 1873 paulatim
1301 1815 1362 1858 se
1401 1800 1746 1858 subtrahens
1771 1795 2046 1884 Binvasit
2074 1805 2134 1855 ut
2163 1799 2266 1856 vix
2290 1798 2718 1871 quantumlibet
2743 1798 2963 1871 soporis
3000 1796 3103 1854 illa
3136 1803 3297 1855 nocte
3323 1796 3539 1868 potuis-

44 1892 231 1950 iurtim
258 1889 560 1950 abscessit.
589 1889 714 1959 Quo
745 1891 889 1948 facto
918 1888 1236 1949 monachus
1266 1891 1366 1948 ille
1397 1890 1534 1960 viae,
1565 1906 1744 1964 quam

42 1989 274 2054 ceperat,
308 1996 549 2054 prorsus
580 1981 868 2054 ignorans,
900 1981 1070 2052 ccepit
1106 1981 1476 2038 vehementer
1507 1980 1742 2051 tristari,

37 2087 148 2128 cum
205 2086 322 2129 nec
353 2070 600 2130 ulterius
649 2069 936 2143 progredi,
966 2085 1068 2128 nec
1098 2070 1324 2143 regredi
1350 2085 1464 2142 qua
1509 2075 1746 2128 venerat

37 2166 232 2218 nosset.
267 2158 341 2217 In
380 2164 532 2216 arcto
571 2157 763 2232 itaque
797 2157 962 2228 situs,
996 2158 1105 2216 hoc
1156 2174 1190 2215 a
1232 2157 1484 2216 Domino
1523 2157 1744 2229 suppli-

39 2264 150 2307 cans
179 2247 506 2322 postulavit
536 2253 825 2322 quatenus
848 2246 958 2304 iter
986 2263 1160 2306 suum
1201 2248 1425 2305 meritis
1463 2245 1625 2304 illius
1654 2246 1746 2304 di-

1 2337 229 2409 lrigeret
283 2335 386 2396 cui
442 2335 728 2409 satagebat
780 2335 1168 2394 obedientiam
1224 2335 1521 2407 exhibere,
1579 2351 1746 2394 cum-

38 2442 128 2499 qne
165 2424 439 2484 oratione
475 2426 621 2483 facta
671 2424 830 2482 abire
861 2423 1145 2499 ccepisset,
1185 2425 1475 2498 quoddam
1519 2424 1744 2483 bivium

40 2514 258 2587 reperit,
288 2513 397 2571 ubi
434 2514 578 2572 dum
609 2513 916 2587 paululum
944 2514 1227 2584 haesisset,
1249 2514 1550 2587 ambigens
1579 2515 1746 2587 cujus

43 2604 321 2661 tramitem
369 2604 670 2662 terendum
705 2611 1042 2674 assumeret,
1074 2619 1262 2664 unum
1289 2604 1519 2662 tandem
1553 2602 1745 2676 elegit,

40 2708 200 2764 quem
240 2692 530 2767 aptiorem
570 2693 682 2752 sibi
711 2694 832 2752 fore
864 2694 1128 2768 putavit;
1171 2694 1232 2751 in
1265 2710 1438 2770 quem
1482 2694 1625 2752 dum
1650 2709 1746 2752 co-

41 2791 264 2840 naretur
299 2782 642 2855 jumentum
691 2781 957 2856 dirigere,
995 2798 1112 2841 non
1150 2783 1484 2854 consensit;
1523 2782 1622 2840 sed
1659 2781 1748 2838 al-

41 2877 214 2929 terum
257 2870 498 2944 capiens
535 2869 818 2930 obstinate
866 2887 1101 2945 pergere
1139 2870 1328 2945 ccepit.
1373 2870 1574 2930 Sessor
1611 2886 1748 2928 vero

41 2965 142 3018 toto
191 2959 412 3018 annisu
474 2958 731 3018 calcibus
782 2965 954 3034 atque
999 2960 1342 3018 verberibus
1379 2959 1627 3018 instabat
1675 2959 1748 3017 ad

37 3063 199 3106 suum
233 3057 440 3108 votum
472 3047 667 3122 ipsum
699 3050 991 3119 reducere,
1027 3047 1169 3106 illuc
1198 3048 1586 3107 nihilominus
1618 3056 1746 3106 ten-

36 3137 192 3196 debat
221 3153 343 3211 quo
372 3143 622 3210 ceperat
646 3153 897 3210 pergere.
941 3135 1085 3195 Cum
1111 3144 1306 3195 autem
1331 3137 1440 3195 hac
1467 3137 1742 3195 collucta-

38 3226 180 3284 tione
211 3226 446 3286 diutius
489 3234 768 3285 certatum
806 3226 1027 3299 fuisset,
1059 3243 1164 3285 nec
1198 3234 1386 3285 tamen
1427 3235 1611 3286 rector
1644 3227 1742 3301 ju-

37 3325 289 3376 mentum
314 3316 432 3375 sibi
464 3316 535 3374 ad
568 3316 1086 3390 obtemperandum
1118 3314 1240 3375 ullo
1264 3319 1436 3375 modo
1475 3332 1744 3375 revocare

34 3407 326 3476 potuisset,
369 3405 494 3478 jam
535 3405 772 3464 demum
817 3406 1139 3479 suspicatus
1193 3421 1265 3464 ne
1314 3406 1457 3464 forte
1508 3407 1744 3464 brutum

34 3491 167 3550 illud
203 3492 433 3550 animal
473 3491 552 3549 ita
584 3493 694 3552 sibi
728 3500 925 3551 contra
965 3508 1182 3551 morem
1223 3491 1426 3551 divino
1462 3493 1744 3552 instinctu

37 3582 338 3654 resisteret,
387 3587 532 3640 totas
571 3582 659 3641 illi
707 3583 925 3641 laxavit
970 3582 1242 3653 habenas,
1293 3589 1578 3656 quatenus
1621 3581 1742 3655 jam

36 3668 272 3729 liberum
322 3675 586 3744 pergeret
630 3686 746 3745 quo
795 3671 987 3745 ipsum
1037 3670 1194 3729 Deus
1242 3670 1490 3744 dirigere
1545 3670 1737 3747 vellet.

34 3755 188 3818 Mane
233 3761 438 3832 itaque
481 3759 646 3830 facto,
677 3761 796 3834 jam
841 3753 1167 3819 lucescente
1207 3759 1489 3833 diluculo,
1538 3760 1741 3819 erectis

34 3849 228 3919 oculis,
275 3865 530 3924 quaeque
579 3857 712 3908 nota
756 3850 1054 3923 conspexit
1080 3867 1318 3926 seseque
1365 3850 1564 3909 divino
1605 3866 1737 3909 niu-

33 3951 156 3996 nere
217 3938 548 3998 rectissimo
613 3939 838 3997 tramite
895 3939 1178 3998 directum
1242 3939 1423 3998 fuisse
1479 3939 1739 4013 agnovit.

33 4023 170 4098 Ergo
198 4044 338 4087 suas
364 4044 564 4102 preces
593 4029 852 4102 magistri
893 4030 1116 4087 meritis
1147 4029 1450 4088 exauditus
1481 4044 1604 4086 esse
1642 4043 1737 4086 co-

27 4131 330 4189 gnascens,
363 4118 483 4177 Deo
529 4119 993 4193 gratulabundus
1043 4121 1256 4194 gratias
1303 4119 1437 4194 egit,
1469 4135 1575 4177 nec
1623 4133 1740 4178 non

26 4216 74 4263 et
114 4222 222 4265 suo
265 4207 563 4281 magistro,
603 4223 782 4282 quem
837 4207 976 4266 adeo
1015 4209 1259 4284 dignum
1297 4208 1414 4269 Deo
1449 4209 1572 4267 fore
1608 4223 1738 4282 per-

28 4296 234 4367 spexit.

660 4369 904 4428 CAPUT
935 4367 1096 4428 XIII.

26 4454 175 4510 Beati
200 4460 317 4512 viri
344 4461 574 4514 nuntius
600 4475 668 4514 ea:
696 4461 808 4515 luto
834 4461 1150 4516 emtrahitur
1181 4466 1231 4516 et
1255 4467 1515 4518 nocturno
1555 4465 1744 4519 timore

1829 1893 1914 1947 set
1947 1888 2269 1946 admittere.
2311 1888 2728 1948 Verumtamen
2752 1903 2857 1947 nec
2875 1889 3111 1963 juvenis
3144 1888 3244 1946 ille
3281 1887 3540 1961 impuuis

1827 1977 2028 2049 evasit,
2061 1979 2159 2052 qui
2205 1977 2488 2051 ejusmodi
2532 1994 2666 2050 erga
2708 1994 2844 2036 eum
2893 1977 3302 2051 negligentiam
3341 1977 3529 2035 duxit.

1826 2066 2043 2124 Eadem
2081 2070 2294 2142 quippe
2340 2076 2528 2138 nocte,
2557 2069 2696 2126 dum
2742 2067 2842 2126 ille
2896 2083 3100 2125 somno
3151 2065 3438 2125 resolutus
3474 2066 3535 2123 in

1828 2161 2004 2214 strato
2037 2172 2145 2215 suo
2174 2157 2410 2231 jaceret,
2452 2157 2544 2214 vir
2590 2156 2696 2214 Dei
2734 2156 2938 2214 Petrus
2976 2156 3036 2213 in
3078 2171 3214 2214 eum
3265 2155 3538 2214 violenter

1830 2242 2040 2301 insiliit
2073 2243 2330 2317 duroque
2356 2243 2537 2317 virgis
2566 2242 2776 2301 validis
2806 2243 3104 2301 intentatis
3136 2242 3438 2313 exterruit,
3469 2259 3538 2302 eo

1831 2333 1984 2406 quod
2019 2333 2275 2408 legatum
2307 2350 2482 2394 suum
2525 2340 2639 2392 tam
2677 2335 3012 2392 immaniter
3042 2349 3148 2392 sua
3184 2333 3538 2408 negligentia

1828 2423 2202 2482 contristavit.
2237 2425 2359 2494 Qua
2389 2440 2526 2483 vero
2555 2423 2779 2484 visione
2808 2425 3108 2497 completa,
3141 2424 3298 2483 illico
3330 2441 3540 2498 exper-

1830 2514 2078 2586 giscens,
2116 2517 2288 2590 coepit
2323 2516 2592 2574 diurnam
2629 2515 2819 2574 lucem
2858 2515 3178 2590 praestolari
3210 2531 3324 2588 quo
3362 2531 3537 2574 suum

1831 2606 2112 2681 hospitem
2165 2610 2415 2667 revisere
2461 2614 2518 2667 et
2569 2608 2786 2682 alloqui
2842 2616 3044 2683 posset.
3106 2609 3298 2668 Primo
3348 2611 3539 2684 itaque

1830 2695 2152 2756 lucescente
2197 2697 2476 2769 diluculo,
2518 2699 2590 2756 ad
2643 2698 2810 2757 illum
2869 2715 3176 2772 properans
3231 2700 3536 2774 diligenter

1831 2786 2311 2861 eumiuquisivit
2334 2787 2474 2861 quid
2498 2787 2866 2862 negligentiae
2910 2789 3125 2862 quidve
3159 2788 3348 2847 delicti
3388 2790 3537 2846 circa

1830 2875 1960 2949 ejus
1990 2877 2175 2935 fuerat
2203 2877 2578 2936 commissum
2611 2878 2975 2952 obsequium,
3014 2878 3166 2953 quod
3199 2878 3258 2935 in
3291 2894 3351 2936 se
3380 2878 3538 2936 dont-

1829 2981 1941 3024 nus
2003 2965 2208 3025 Petrus
2252 2974 2366 3024 tam
2405 2983 2465 3025 se
2517 2966 2828 3024 terribilem
2885 2967 3210 3038 invexerat,
3249 2968 3537 3042 tantisque

1828 3069 1890 3111 se
1915 3053 2095 3112 minis
2120 3071 2184 3112 ac
2210 3055 2434 3129 probris
2465 3055 2869 3129 objurgaverat
2899 3063 3070 3129 atque
3098 3062 3395 3114 terruerat.
3429 3055 3538 3114 Cui

1831 3140 2094 3211 protinus
2152 3142 2292 3200 ille:
2327 3143 2598 3214 Tantum,
2657 3143 2870 3218 inquit,
2918 3144 3026 3201 hac
3076 3151 3261 3215 nocte,
3319 3144 3540 3203 cunctis

1829 3229 1993 3288 vobis
2049 3231 2470 3304 recedentibus,
2499 3231 2686 3290 solum
2747 3249 2837 3290 me
2889 3231 3158 3291 relictum
3210 3234 3388 3292 fuisse
3431 3249 3538 3292 ex-

1828 3318 1982 3392 pavi,
2013 3324 2078 3377 ut
2117 3334 2250 3379 cum
2289 3321 2452 3394 gravi
2489 3320 2750 3379 molestia
2792 3319 3120 3378 insomnem
3172 3337 3316 3394 pene
3367 3328 3537 3381 totam

1825 3408 2209 3480 protraxerim
2255 3416 2502 3468 noctem.
2543 3407 2766 3477 Quibus
2813 3409 3070 3468 vicissim
3109 3409 3394 3481 revelatis,
3437 3412 3540 3469 ad-

1808 3498 2020 3555 °Inirati
2063 3499 2176 3557 viri
2205 3499 2308 3557 Dei
2347 3499 2660 3573 potentiam
2690 3499 3162 3573 glorificaverunt
3199 3499 3402 3570 Deum,
3436 3501 3538 3574 qui

1824 3587 1999 3646 tantis
2055 3589 2332 3664 prodigiis
2382 3607 2441 3648 se
2499 3590 2828 3649 mirabilem
2884 3590 2948 3648 in
3001 3590 3212 3647 sanctis
3260 3597 3315 3646 et
3358 3591 3539 3647 servis

1824 3677 1946 3734 suis
1999 3679 2266 3737 ostendit.
2322 3678 2504 3753 Cujus
2548 3679 2816 3738 videlicet
2866 3678 3040 3752 signi,
3072 3679 3122 3736 is
3171 3679 3273 3752 qui
3322 3677 3534 3736 missus

1826 3767 2029 3835 fuerat,
2061 3767 2140 3824 ita
2179 3774 2264 3826 est
2307 3769 2688 3828 admiratione
2719 3774 3097 3839 compunctus
3136 3775 3200 3826 ut
3233 3767 3304 3824 ad
3342 3768 3536 3824 virum

1821 3855 1927 3913 Dei
1965 3873 2232 3917 reversus
2284 3859 2587 3918 confestim
2651 3873 2710 3916 se
2755 3858 2844 3915 illi
2887 3851 3261 3927 commiserit,
3295 3857 3538 3929 promit-

1825 3952 1950 4003 tens
1989 3962 2050 4005 se
2087 3947 2210 4018 jam
2255 3950 2470 4008 saeculo
2519 3948 3090 4019 abrenuntiaturum,
3119 3956 3174 4006 et
3216 3947 3540 4021 regularem

1821 4031 2084 4090 habitum
2117 4047 2192 4089 ex
2216 4032 2401 4104 ipsius
2440 4034 2840 4094 benedictione
2871 4037 2941 4094 ad
2975 4035 3386 4094 famulandum
3418 4036 3536 4095 Deo

1821 4127 2286 4193 assumpturum.
2324 4123 2487 4192 Quod
2527 4123 2762 4199 quidem
2794 4124 3064 4200 ipse‘post
3090 4125 3383 4184 modicum
3423 4125 3541 4182 im-

1822 4209 2023 4283 plevit,
2051 4209 2324 4287 idemque
2353 4213 2462 4272 hoc
2491 4215 2681 4287 nobis,
2722 4222 2786 4275 ut
2822 4215 3192 4290 digessimus,
3226 4231 3300 4275 ex
3337 4215 3540 4274 ordine

1829 4306 2009 4359 totum
2034 4300 2341 4360 enarravit.

2456 4373 2698 4434 CAPUT
2729 4374 2886 4434 XIV.

1826 4463 1914 4516 Em
1962 4462 2270 4518 obedientia
2321 4465 2588 4534 Stephani
2641 4482 2805 4537 papae
2857 4469 2934 4522 IX
2985 4471 3200 4522 creatur
3246 4467 3308 4523 S.
3355 4467 3420 4522 It.
3463 4467 3536 4522 E.

89 4547 349 4610 solvitur,
413 4550 559 4602 tanti
621 4551 756 4604 mali
806 4555 1023 4606 auctore
1066 4567 1169 4623 per
1221 4554 1399 4608 visum
1450 4569 1486 4608 a
1530 4555 1591 4611 S.
1622 4556 1739 4609 viro
1758 4551 1808 4610 D
1896 4553 2046 4610 card.
2115 4555 2395 4623 episcopus
2453 4552 2735 4618 Ostiensis,
2789 4559 2840 4609 et
2893 4556 3049 4610 illius
3101 4570 3264 4626 super
3322 4556 3422 4609 hac
3476 4569 3534 4608 re

95 4637 272 4703 rirgis
301 4635 605 4692 admonito.

88 4741 224 4800 Alio
265 4758 502 4817 quoque
539 4749 813 4820 tempore,
851 4747 1166 4823 quemdam
1202 4747 1478 4807 nuntium
1507 4750 1738 4809 cuidam

1894 4641 2183 4695 somnium.

1893 4749 2042 4807 Cum
2083 4753 2253 4805 tautae
2291 4746 2469 4820 igitur
2505 4745 2689 4821 ipsius
2732 4749 3046 4806 sanctitatis
3098 4754 3154 4806 et
3207 4745 3532 4820 prudentiae

25 4829 350 4894 destinabat
396 4836 678 4911 episcopo,
706 4839 827 4913 qui,
861 4839 1002 4899 dum
1040 4855 1208 4914 aquae
1246 4839 1504 4900 rivulum
1544 4841 1606 4897 in
1644 4839 1740 4898 via
1815 4838 1936 4912 jam
1982 4836 2158 4894 latere
2198 4836 2353 4894 fama
2398 4851 2515 4894 non
2564 4843 2771 4910 posset,
2824 4837 2893 4894 ad
2941 4853 3110 4895 aures
3160 4840 3374 4894 sanctae
3413 4836 3530 4894 Bo-

25 4922 351 4993 reperisset,
424 4939 558 4983 eum
626 4927 864 4999 quidem
928 4927 1096 4986 facile
1171 4928 1583 5000 trausvadavit,
1640 4929 1737 4987 sed
1821 4941 2011 4984 mante
2052 4925 2320 4983 Ecclesiae
2357 4925 2467 4996 (34)
2505 4925 2658 4984 clara
2695 4925 2990 4996 defertur;
3033 4930 3089 4982 et
3125 4924 3402 4999 quoniam
3443 4924 3536 4982 vir

26 5025 146 5070 mox
213 5014 285 5072 iu
342 5015 471 5088 ejus
529 5032 760 5088 egressu
804 5024 960 5077 tanto
1002 5019 1187 5093 ipsius
1233 5035 1418 5094 equus
1471 5019 1770 5094 infigitur,
1820 5020 2013 5074 tantus
2069 5013 2383 5073 sacerdotio
2435 5022 2701 5074 censetur
2757 5014 3001 5074 idoneus
3055 5021 3229 5092 atque
3284 5015 3531 5090 negotiis

18 5097 150 5170 luto,
197 5111 270 5162 ut
305 5103 476 5162 nullo
514 5107 818 5165 conamine
854 5123 930 5166 ex
968 5124 1034 5166 eo
1072 5108 1350 5182 potuisset
1386 5125 1736 5182 exsurgere;
1821 5107 2220 5168 ecclesiasticis
2259 5121 2433 5178 quam
2482 5107 2740 5165 maxime
2792 5107 3153 5166 necessarius
3209 5107 3344 5178 (35),
3401 5122 3529 5180 per-

2 5205 190 5262 uiues
249 5207 391 5250 vero
439 5193 520 5252 ita
563 5209 622 5254 se
673 5196 1015 5271 impeditum
1067 5197 1460 5270 considerans,
1500 5204 1556 5257 et
1599 5199 1737 5273 quid
1822 5197 2029 5257 ductus
2059 5197 2131 5256 ad
2161 5212 2461 5256 summum
2487 5198 2840 5271 pontiﬁcem,
2875 5204 3016 5258 tunc
3045 5197 3401 5273 Stephanum
3435 5195 3526 5254 vi-

1190 5312 1592 5372 GODEFBIDI
1632 5311 2096 5374 HENSCHENII
2137 5311 2377 5371 NOTIE.

73 5412 180 5478 {34)
241 5406 329 5478 (id
381 5411 1082 5478 auresbsanclwuliomante
1131 5412 1370 5463 ecclesiae.
1425 5413 1590 5465 Varias
1635 5427 1737 5465 no-
1865 5413 1984 5478 (35)
2008 5411 2272 5478 gNegotits
2323 5410 2689 5478 ecclesiasticis
2755 5426 2918 5478 quam
2984 5412 3223 5478 maxime
3281 5423 3528 5478 necessa-

21 5476 95 5525 tns
139 5476 200 5524 Β.
261 5473 446 5538 Petrus
495 5472 588 5538 fuit
636 5475 995 5538 pontificibus,
1040 5488 1161 5526 cum
1212 5480 1424 5538 exstent
1469 5478 1588 5538 ejus
1629 5479 1738 5533 epi-
1817 5472 1974 5527 rius.’
2008 5472 2197 5527 Fuerat
2255 5480 2376 5527 ante
2424 5488 2455 5525 a
2493 5472 2778 5529 Clemente'
2811 5479 2851 5528 ll
2895 5477 2961 5528 ad
3004 5476 3301 5538 Henricum,
3336 5475 3379 5524 ll
3429 5476 3525 5525 im-

17 5540 174 5606 stula;
228 5535 300 5606 ad
354 5535 674 5606 Gregorium
730 5536 806 5595 Vl,
861 5537 1182 5606 Clementem
1221 5537 1281 5606 l_l,
1318 5538 1369 5586 S.
1404 5535 1633 5606 Leonem
1667 5540 1736 5591 1x
1816 5541 2143 5606 peratorem,
2186 5538 2290 5606 qui
2326 5541 2604 5606 rex__ejus
2657 5540 2888 5593 nominis
2945 5539 3009 5591 [ll
3063 5540 3164 5596 est,
3221 5536 3520 5601 ablegatus,

17 5602 64 5650 et
124 5600 406 5648 Victorem
463 5597 523 5653 ll,
586 5597 678 5662 qui
729 5611 922 5653 omnes
960 5605 1084 5654 ante
1118 5599 1460 5664 Stephanum,
1510 5601 1578 5654 de
1629 5615 1736 5666 quo
1818 5597 1878 5653 ut
1909 5600 2028 5665 ipse

11 5658 96 5712 hic
138 5660 354 5712 agitur.
401 5659 682 5712 sederunt.

1909 5600 2028 5665 ipse
2054 5597 2136 5652 ait
2155 5597 2311 5665 epist.
2347 5601 2374 5650 3
2407 5597 2569 5654 lib.'i.

65 5674 96 5715 c
138 5670 354 5724 agitur,
401 5670 682 5713 seuerum.
