4034 6510
452 363 549 422 131

1360 360 1422 419 s.
1461 356 1753 418 rnTnUs
1795 355 2185 417 DAMIANUS
2224 355 2284 416 s.
2325 355 2397 416 n.
2439 357 2503 414 Ε.
2547 323 3024 416 GAIiDlNALIS.

3858 358 3957 416 132

449 490 655 549 delicet
707 504 929 548 nonum
983 487 1115 560 (36),
1173 488 1247 546 ad
1302 486 1735 561 suscipiendum
1777 481 2299 558 episcopalemAin
2346 481 2612 553 gaudium
2659 485 2880 539 Domini
2917 482 3004 538 tui
3046 480 3270 553 (Matth.
3307 489 3459 546 xxv,
3495 483 3628 541 Luc.
3657 485 3814 554 XIX).
3844 481 3960 543 Nec

452 579 783 640 cathedram
836 584 951 637 tam
998 578 1071 636 ab
1133 575 1414 651 episcopis
1477 575 1699 635 caeteris
1762 571 2158 632 ecclesiasticis

452 671 614 742 viris,
672 684 848 746 quam
901 669 973 727 ab
1021 670 1143 743 ipso
1198 682 1426 728 summo
1463 666 1733 740 pontiﬁce
1772 664 2154 741 compellitur.

451 760 579 834 Ipse
603 775 740 818 vero
769 775 887 819 non
911 760 1222 818 immemor
1244 757 1513 817 solitaria:
1537 755 1768 830 quietis,
1783 755 1846 813 in
1874 771 1988 831 qua
2016 755 2164 812 divi.

450 864 543 908 nte
572 848 805 907 lectioni
834 865 899 908 ac
924 847 1395 923 centemplationi
1425 846 1681 905 suaviter
1703 861 1906 905 vacare
1926 860 2162 903 consue-

452 943 634 1010 verat,
674 954 798 997 eam
841 936 1101 997 amittere
1152 936 1498 1010 civilemque
1551 935 1851 1010 strepitum
1906 939 2161 1009 repetere

460 1026 712 1086 nimium
767 1028 1227 1101 perhorrescens,
1284 1039 1515 1085 summo
1559 1030 1615 1083 et
1659 1024 1819 1083 omni
1858 1023 2162 1083 conamine

458 1132 658 1177 eorum
712 1116 1251 1190 compellationibus
1294 1116 1607 1174 resistebat.
1651 1114 1763 1185 Qui
1815 1130 1984 1189 porro
2034 1130 2158 1172 cer-

455 1214 656 1264 nentes
686 1206 770 1264 nil
800 1206 920 1264 suis
957 1220 1191 1280 prorsus
1232 1203 1742 1276 cohortationibus,
1773 1204 1858 1262 nil
1891 1204 2158 1279 precibus

450 1296 742 1371 proficere,
814 1296 934 1370 jam
1019 1296 1095 1354 ei'
1153 1302 1449 1367 cceperunt
1516 1293 2158 1355 .excommunicationis

450 1387 818 1458 sententiam,
849 1385 897 1443 si
959 1385 1240 1444 obstinate
1296 1383 1561 1443 resistere
1613 1382 1765 1443 ultra
1805 1384 2155 1454 (le'Cerneret,

451 1476 757 1535 intentare.
811 1474 960 1546 Quid
1026 1473 1249 1549 plura?
1292 1474 1575 1533 Dominus
1636 1474 1865 1533 tandem
1929 1480 2157 1548 aposto-

449 1562 600 1622 licus
641 1578 827 1623 unum
873 1562 1258 1636 superaddere
1304 1562 1545 1636 studuit,
1594 1563 1751 1636 quod
1807 1560 1879 1621 ab
1920 1577 1987 1620 eo
2031 1576 2161 1621 con-

451 1653 633 1712 temni
661 1668 898 1727 prorsus
930 1652 1206 1727 nequivit.
1248 1651 1367 1713 Sub
1394 1652 1740 1712 obedientize
1768 1667 2023 1726 namque
2050 1651 2191 1711 sibi'

451 1742 726 1817 praecepit
758 1742 1002 1815 imperio
1039 1748 1104 1802 ut
1135 1742 1536 1817 obtemperans
1568 1741 1863 1813 fratribus,
1917 1742 2158 1816 placide,

2240 571 2349 630 hoc
2396 576 2587 630 tamen
2644 571 2757 630 sibi
2815 569 3077 631 sufﬁcere
3118 569 3412 644 judicans,
3470 572 3519 629 si
3574 586 3708 646 erga
3779 572 3958 633 unius

2242 664 2470 719 tantum
2505 659 2774 719 Ecclesiae
2813 660 3041 735 plebem
3083 658 3212 731 (39),
3241 658 3340 719 cui
3375 657 3645 718 videlicet
3688 666 3954 734 praserat,
4032 674 4034 677 '

2241 748 2767 807 administrationis
2813 763 2936 808 suae
2986 762 3189 807 curam
3247 745 3648 822 praetenderet,
3698 746 3845 808 dum
3900 765 3959 808 se

2242 837 2465 897 cunctis
2492 838 2662 898 sciret
2693 837 3024 897 obnoxium
3051 837 3367 913 conservis,
3402 837 3463 895 in
3494 852 3615 897 una
3647 853 3845 901 secum
3874 840 3958 899 fa-

2242 925 2409 984 milia
2433 926 2786 999 conscriptis,
2822 942 2881 985 se
2920 924 3239 987 sollicitum
3277 925 3609 999 exhibebat,
3639 940 3959 1003 omnesque

2242 1016 2457 1075 lucrari
2487 1017 2606 1075 Deo
2632 1016 2897 1090 cupiens,
2932 1023 3214 1090 tanquam
3263 1031 3441 1092 sagax
3481 1017 3720 1077 rimator
3745 1019 3956 1093 piscosi

2241 1104 2489 1179 gurgitis
2544 1105 2784 1166 solerter
2844 1105 3248 1181 investigabat,
3307 1104 3491 1166 sicubi
3544 1116 3646 1182 pro
3697 1108 3956 1184 qualibet

2241 1196 2605 1256 solemnitate
2654 1197 2854 1271 populi
2907 1197 3225 1257 multitudo
3277 1197 3612 1272 conflueret,
3666 1207 3957 1276 quatenus

2239 1286 2427 1345 divini
2465 1286 2630 1346 verbi
2677 1287 2799 1347 lina
2842 1287 3192 1347 submittens
3237 1288 3432 1363 plures
3473 1304 3675 1363 capere
3700 1296 3758 1349 et
3785 1292 3954 1365 quasi

2239 1375 2312 1433 de
2357 1376 2644 1435 mundani
2691 1377 2942 1451 aequoris
2996 1376 3286 1450 profundo
3328 1376 3397 1436 ad
3452 1377 3690 1451 superni
3737 1379 3954 1438 amoris

2241 1465 2354 1523 alta
2406 1465 2710 1525 sustollere
2773 1471 2979 1541 posset.
3019 1464 3439 1542 Hujuscemodi
3497 1482 3746 1543 namque
3804 1469 3953 1529 lucri

2241 1557 2423 1630 gratia
2442 1555 2613 1631 longe
2631 1556 2905 1617 diurnam
2929 1558 3119 1617 lucem
3140 1554 3436 1618 multoties
3464 1572 3600 1617 eum
3625 1559 3953 1632 praevenire

2242 1646 2672 1721 conspeximus,
2706 1647 2753 1705 si
2803 1646 2931 1706 talis
2977 1650 3298 1707 conventus
3352 1643 3716 1722 longiuscule
3768 1648 3952 1722 fieret,

2243 1752 2319 1796 ne
2345 1744 2675 1813 competens
2694 1738 3118 1797 sermocinandi
3145 1736 3258 1797 sibi
3281 1737 3424 1797 hora
3456 1738 3742 1798 transiret.
3760 1736 3956 1814 Saape-

453 1833 607 1907 quod
678 1830 992 1907 jubebatur
1050 1838 1405 1903 assumeret;
1465 1847 1720 1907 moxque
1769 1833 1957 1906 ipsius
2013 1831 2159 1891 arri-
2181 1842 2493 1913 Bnumero
2519 1846 2755 1906 quoque
2784 1830 2959 1890 illum
2987 1828 3261 1890 novimus
3297 1827 3529 1889 acribus
3559 1827 3818 1889 febribus
3849 1845 3957 1889 no-

452 1921 619 1995 picns
661 1918 958 1979 dexteram
1002 1921 1223 1980 annulo
1268 1920 1447 1980 simul
1486 1920 1704 1981 dotavit
1737 1926 1792 1978 et
1829 1920 1989 1995 virga
2025 1918 2158 1991 (37).

452 2009 677 2080 Quibus
712 2010 980 2069 videlicet
1028 2010 1215 2069 arrhis
1256 2010 1535 2069 Ostiensis
1579 2011 1690 2070 sibi
1740 2011 2033 2086 copulavit
2067 2012 2164 2069 Ec-

452 2100 708 2160 clesiam.
743 2100 1090 2177 Episcopatu
1121 2118 1256 2162 vero
1296 2103 1405 2161 hoc
1435 2102 1637 2162 ordine
1667 2108 1984 2178 assumpto,
2014 2101 2162 2163 illud

451 2189 608 2250 illico
636 2190 697 2249 in
730 2207 790 2249 se
816 2192 1050 2264 agnovit
1079 2191 1383 2265 impletum
1416 2190 1568 2266 quod
1598 2207 1700 2267 per
1725 2192 2006 2253 visionem
2050 2192 2161 2251 sibi

452 2282 642 2339 fuerat
690 2284 822 2339 ante
877 2280 1193 2340 triennium
1238 2281 1579 2341 revelatum.
1612 2280 1786 2341 Porro
1839 2283 1987 2342 visio
2035 2283 2164 2342 talis

450 2367 638 2429 fuerat
675 2386 691 2427 :
724 2369 961 2444 putabat
999 2369 1110 2428 sibi
1145 2385 1410 2445 sponsam
1462 2371 1840 2430 clarissimam
1893 2372 2013 2431 fore
2059 2373 2162 2432 do-

452 2463 650 2532 tatam,
683 2473 860 2533 quam
907 2474 1023 2518 non
1073 2459 1406 2534 contingere
1455 2476 1559 2518 nec
1604 2475 1772 2534 aequo
1821 2460 2021 2519 saltem
2070 2462 2161 2521 in-

454 2546 608 2607 tuitu
661 2545 888 2606 valebat
942 2546 1256 2621 inspicere;
1311 2547 1403 2606 cui
1451 2547 2036 2609 tamen'nullatenus
2073 2566 2165 2608 re-

455 2635 728 2693 nuntiare
748 2635 1016 2707 audebat,
1040 2642 1312 2710 tanquam
1341 2637 1452 2695 sibi
1474 2639 1608 2711 jure
1631 2638 1972 2714 conjunctae.
2000 2637 2163 2709 Quod

455 2726 597 2785 huic
642 2726 810 2799 plane
862 2726 1091 2799 negotio
1147 2742 1383 2800 prorsus
1444 2729 1808 2788 concinuisse
1869 2731 2163 2805 perspexi-

455 2832 607 2874 mus.
657 2816 1023 2888 Agnovimus
1068 2817 1223 2875 enim
1272 2816 1465 2891 ipsum
1500 2834 1671 2893 super
1720 2820 1826 2880 hoc
1870 2819 2165 2881 multoties

456 2911 843 2980 conquestum
891 2905 1090 2976 fuisse,
1123 2907 1404 2980 injunctte
1436 2913 1623 2966 tamen
1666 2909 2013 2972 obedientiee
2044 2927 2166 2970 sar-

455 2995 668 3066 cinam,
704 2995 1019 3069 quamlibet
1070 3011 1391 3068 onerosam,
1421 3013 1454 3055 a
1482 2999 1605 3057 suis
1632 3014 1896 3074 unquam
1924 3003 2166 3062 cervici-

456 3083 565 3143 bus
593 3090 865 3175 e}cutere
895 3083 1142 3143 minime
1176 3086 1635 3159 praesumpsisse.

1122 3192 1366 3253 CAPUT
1391 3194 1512 3254 XV.

456 3284 701 3343 Salutem
757 3286 1085 3350 animarum,
1122 3290 1172 3341 et
1234 3286 1439 3342 Christi
1485 3303 1548 3342 ac
1591 3284 1654 3342 Β.
1705 3284 1943 3357 Virginis
1991 3293 2168 3349 cultus

561 3359 1035 3429 ampliﬁcationem
1072 3374 1189 3414 cum
1232 3374 1344 3413 suae
1376 3359 1575 3413 salutis
1609 3360 1854 3430 periculo
1882 3367 2056 3418 curat.

529 3443 674 3504 Cum
704 3461 765 3504 se
791 3444 975 3519 igitur
1009 3447 1403 3521 perpendisset
1454 3446 1781 3507 istiusmodi
1804 3448 1964 3524 jugis
1996 3453 2170 3511 nexi—

459 3534 571 3593 bus
602 3533 791 3593 taliter
813 3535 1226 3610 mancipatum,
1241 3552 1347 3595 nec
1361 3538 1483 3611 jam
1500 3537 1610 3595 sibi
1628 3536 1803 3597 licere
1824 3538 2009 3599 solitae
2030 3556 2168 3600 con-

458 3622 819 3698 templationi
849 3624 1030 3684 libere
1053 3625 1366 3699 deservire,
1398 3626 1711 3687 arbitratus
1735 3631 1820 3686 est
1845 3630 2167 3704 praeterito-

457 3728 590 3773 rum
616 3712 915 3789 dispendia
944 3713 1122 3774 lucris
1149 3714 1270 3775 fore
1300 3715 1668 3792 sequentium
1700 3720 2124 3793 compensanda
2151 3742 2166 3795 ;

455 3818 570 3877 quo
620 3802 888 3864 Rachelis
934 3806 1226 3866 venustati
1284 3806 1385 3882 (38)
1431 3806 1556 3866 Liaa
1601 3811 1791 3880 posset
1848 3808 2171 3870 fecunditas

455 3897 795 3971 comparari.
851 3896 924 3958 Ut
992 3897 1179 3958 ﬁdelis
1259 3897 1443 3974 igitur
1514 3910 1717 3958 servus
1770 3914 1837 3958 ac
1887 3900 2167 3977 prudens,

463 3983 786 4047 Dominicae
852 4003 912 4046 se
984 3987 1225 4047 familiae
1298 3994 1725 4064 procuratorem
1791 3992 2169 4053 constitutum

460 4088 832 4147 cognoscens,
869 4076 1039 4149 coepit
1086 4077 1326 4157 solerter
1371 4093 1679 4152 procurare
1721 4088 2008 4152 quatenus
2046 4098 2173 4143 sus-

2247 1929 2332 1982 cte
2380 1924 2727 1996 confectum,
2762 1938 2901 1984 mox
2939 1928 3063 1984 orto
3101 1921 3240 1995 sole,
3274 1921 3604 1995 ingressum
3655 1919 3957 1980 ecclesiam

2244 2014 2556 2073 missarum
2593 2013 2895 2074 inchoasse
2936 2013 3241 2085 solemnia,
3268 2017 3324 2071 et
3350 2027 3538 2091 usque
3573 2018 3797 2074 sextam
3840 2014 3962 2073 fere

2244 2102 2468 2174 horam,
2497 2102 2649 2161 edita
2678 2117 2838 2175 voce,
2866 2101 2931 2160 in
2961 2116 3129 2161 aures
3154 2100 3330 2160 totius
3359 2099 3550 2174 plebis
3572 2101 3962 2176 protrahendo

2245 2205 2574 2251 sermonem
2604 2205 2720 2249 non
2751 2204 3000 2264 parvum
3028 2187 3197 2248 nobis
3226 2204 3303 2248 ex
3332 2202 3393 2246 se
3429 2187 3747 2263 praebuisse
3779 2190 3963 2249 mira-

2244 2278 2466 2351 culum,
2499 2294 2632 2338 cum
2664 2285 2719 2339 et
2742 2278 3129 2339 robustiorem
3162 2277 3387 2337 viribus
3414 2283 3471 2335 et
3495 2275 3799 2338 clariorem
3837 2279 3966 2338 elo-

2245 2367 2383 2443 quio
2430 2382 2819 2443 cerneremus,
2872 2384 3049 2443 quem
3085 2370 3209 2447 jam
3260 2384 3411 2447 pene
3449 2369 3812 2431 deiecturum
3864 2385 3966 2431 su-

2247 2455 2630 2531 spicabamur.
2660 2459 2784 2530 Quo
2826 2460 3000 2535 plane
3043 2460 3278 2521 daretur
3320 2458 3570 2535 intelligi
3612 2474 3730 2519 non
3775 2457 3969 2520 alium

2249 2545 2433 2619 ipsius
2481 2562 2579 2607 ore
2626 2546 2975 2621 concionari,
3026 2563 3203 2623 quam
3251 2545 3443 2619 illum,
3498 2548 3601 2622 qui
3646 2545 3971 2620 discipulos

2250 2651 2385 2695 suos
2426 2635 2658 2710 docens,
2689 2637 2878 2696 aiebat
2925 2658 2939 2696 :
2987 2640 3110 2699 Non
3158 2640 3300 2695 enim
3344 2652 3439 2695 vos
3481 2639 3613 2694 estis
3650 2636 3751 2709 qui
3781 2636 3969 2708 loqui-

2250 2728 2407 2793 mini,
2436 2727 2532 2783 sed
2574 2728 2818 2800 Spiritus
2841 2730 3028 2785 Patris
3076 2730 3248 2785 vestri
3282 2729 3385 2802 qui
3428 2728 3673 2800 loquitur
3709 2729 3769 2782 in
3808 2728 3970 2783 vobis

2252 2818 2478 2885 (Matth.
2525 2818 2613 2890 Χ).
2664 2817 2844 2893 Cujus
2895 2817 3163 2877 videlicet
3207 2817 3463 2895 eloquia,
3510 2814 3970 2893 velutelargis-

2251 2904 2397 2963 sima
2428 2906 2601 2965 fontis
2628 2922 2776 2967 vena
2805 2905 3212 2979 redundantia,
3263 2907 3631 2984 singulorum
3664 2905 3971 2983 capacitati

2249 3008 2503 3069 congrua
2553 2994 2912 3071 propinabat.
2960 2995 3102 3067 Quae
3143 2995 3448 3071 nimirum,
3494 2996 3601 3055 etsi
3649 2995 3975 3072 aliquando

2250 3083 2468 3143 fuerint
2515 3084 2852 3159 prolixiora,
2902 3085 3057 3144 nulli
3108 3091 3301 3145 tamen
3346 3100 3471 3146 esse
3520 3088 3782 3161 poterant
3826 3100 3976 3145 one-

2254 3188 2401 3233 rosa.
2456 3173 2597 3244 Quze
2644 3188 2852 3250 nempe
2906 3176 3223 3235 onerositas
3276 3175 3338 3233 in
3385 3173 3547 3235 illius
3600 3186 3724 3234 esse
3773 3178 3980 3248 posset

2253 3263 2638 3336 sermonibus,
2672 3262 2888 3338 quibus
2918 3262 3119 3323 erectis
3164 3263 3408 3324 auribus
3439 3267 3715 3341 tanquam
3748 3261 3982 3322 divinis

2251 3348 2550 3409 affectibus
2603 3349 2676 3408 ab
2740 3348 3017 3410 omnibus
3086 3349 3554 3412 intendebatur?
3599 3356 3702 3412 aut
3767 3350 3980 3412 infru-

2215 3446 2447 3524 octuosa
2486 3438 2615 3514 ejus
2652 3454 2777 3499 esse
2818 3443 3081 3513 poterant
3108 3442 3304 3514 verba,
3338 3438 3436 3503 cui
3462 3440 3644 3502 sancti
3693 3452 3978 3516 coopera-

2252 3530 2421 3588 batur
2476 3528 2729 3605 Spiritus
2784 3528 3021 3606 gratia?
3073 3529 3338 3594 Minime.
3367 3530 3521 3592 Hinc
3567 3548 3829 3609 namque
3896 3540 3984 3594 est

2249 3621 2409 3696 quod
2436 3619 2559 3681 dies
2586 3620 2787 3682 Crucis
2807 3621 2926 3696 (40)
2957 3622 3030 3682 ab
3061 3623 3393 3684 innumeris
3416 3622 3689 3683 ﬁdelibus
3716 3622 3826 3682 hac
3867 3629 3987 3684 tota

2250 3712 2550 3787 provincia
2576 3713 2650 3773 ob
2676 3714 3064 3774 reverentiam
3106 3714 3427 3777 Dominicze
3467 3713 3755 3791 passionis
3779 3714 3849 3775 in
3877 3717 3987 3776 ab-

2251 3803 2523 3863 stinentia
2573 3805 2918 3887 celebratur.
2972 3808 3159 3879 Quam
3218 3806 3486 3869 videlicet
3537 3807 3987 3871 observantiam

2249 3892 2405 3954 idem
2450 3895 2667 3971 passim
2693 3898 2968 3960 omnibus
3016 3898 3336 3975 praedicans
3399 3897 3757 3961 hortabatur.
3814 3898 3991 3962 Hinc

2254 3988 2643 4052 nihilominus
2663 3998 2883 4053 constat
2897 3993 3048 4069 quod
3061 3992 3328 4056 omnium
3348 3993 3626 4054 horarum
3646 3990 3841 4054 ofﬁcia
3865 3995 3992 4067 (41)

2255 4080 2320 4139 in
2386 4081 2604 4142 honore
2652 4082 2823 4144 almze
2870 4080 2975 4144 Dei
3029 4080 3327 4161 genitricis
3368 4081 3433 4143 in
3473 4081 3747 4159 pluribus
3791 4085 3993 4147 eccle-

462 4169 689 4237 ceptum
730 4164 1127 4224 ministerium
1166 4163 1353 4222 taliter
1379 4165 1490 4223 sibi
1529 4166 2177 4250 commissum_impen-
2264 4169 2369 4229 siis
2420 4172 2716 4247 instantia,
2782 4173 3044 4234 maxima
3098 4182 3330 4250 gestum
3379 4177 3537 4249 parte
3592 4170 3995 4247 dignoscitur.

459 4254 619 4311 deret
672 4257 737 4312 ut
791 4253 1107 4311 adventum
1168 4251 1542 4310 Dominicum
1604 4258 1792 4325 posset
1854 4245 2179 4330 inirepidus
2262 4258 2427 4329 Quod
2476 4245 2782 4322 matricum
2829 4245 3204 4323 ecclesiarum
3251 4245 3471 4322 clerum
3506 4277 3607 4337 per
3646 4245 3995 4323 Romanam

462 4347 815 4418 exspectare,
870 4348 1102 4416 tamque
1152 4341 1385 4428 plenam
1444 4349 1499 4401 et
1553 4344 1861 4416 perfectam
1928 4362 2179 4408 annonae
2261 4352 2624 4427 provinciam
2698 4354 2961 4428 undique
3010 4352 3123 4413 sibi
3175 4353 3508 4426 contiguam
3559 4360 3996 4427 congregatum

464 4446 798 4527 mensuram
862 4430 985 4527 suis
1040 4427 1315 4527 exhibere
1371 4430 1687 4504 conservis,
1742 4449 1857 4507 quo
1911 4436 2179 4499 veniente
2260 4443 2627 4519 inspicimus,
2658 4427 2878 4519 eosque
2916 4441 3205 4504 nonnulla
3239 4442 3508 4505 canonici
3536 4442 3685 4505 ritus
3703 4443 3997 4518 vestigia,

470 4520 737 4593 Domino,
782 4519 1101 4582 mereretur
1146 4519 1347 4580 audire
1384 4545 1397 4582 :
1443 4526 1614 4594 Euge,
1646 4541 1794 4582 serve
1848 4529 1995 4598 bone,
2027 4532 2241 4593 intraD
2262 4537 2380 4599 Deo
2422 4537 2674 4608 favente,
2707 4537 2928 4598 imitari
2969 4533 3377 4610 applaudimus
3416 4536 3545 4610 qui,
3570 4534 3794 4598 relictis
3836 4536 3997 4599 olim

1625 4653 2034 4721 GODEFRIDI
2070 4662 2534 4727 HENSGHENII
2572 4662 2814 4724 NOTZE.

527 4754 630 4819 (36)
684 4752 1024 4831 Stephanum
1082 4753 1326 4831 videlicet
1376 4769 1605 4814 nouunt.
1668 4766 1968 4831 Stephanus
2020 4782 2166 4825 crea-

459 4828 553 4881 tus
597 4839 653 4878 IV
709 4827 887 4881 Nonas
935 4828 1157 4891 Augusti
1210 4831 1341 4883 anni
1406 4832 1560 4894 1057,
1624 4827 1868 4892 ωσι-(ηαδ
1936 4854 1994 4892 ιν
2046 4841 2162 4895 Kal.

462 4896 674 4960 Apriliis
696 4897 823 4948 anni
858 4898 993 4951 1058.

524 4968 625 5029 (37)
678 4968 890 5045 An_nulo
936 4969 1099 5023 simul
1148 4969 1355 5045 dolavit
1404 4978 1454 5028 el
1497 4976 1667 5042 virga.
1711 4978 1859 5033 Anno
1907 4980 2045 5045 1058,
2084 4983 2195 5036 util

462 5053 625 5105 supra
656 5041 956 5105 probatum,
990 5046 1205 5096 creatus
1233 5044 1538 5099 cardinalis.

524 5111 633 5177 (38)
678 5112 789 5178 Quo
840 5113 1073 5168 Rachclis
1113 5117 1406 5172 venustati.
1448 5119 1521 5171 De
1566 5121 1675 5171 vita
1716 5122 1888 5173 activa
1934 5124 1988 5174 et
2028 5134 2163 5175 con-

464 5184 775 5249 templativa
822 5185 923 5239 sub
974 5187 1149 5252 figura
1190 5190 1290 5242 Lite
1335 5194 1387 5245 et
1438 5191 1679 5245 Rachelis
1733 5192 1996 5255 prmelare
2052 5195 2161 5246 dis-

466 5258 598 5309 serit
650 5255 703 5379 ξ.
764 5257 949 5380 [geuus
990 5271 1176 5324 opusc.
1238 5262 1311 5322 13,
1366 5263 1437 5315 De
1487 5262 1821 5326 perfectione
1873 5264 2160 5318 monacho-

467 5341 657 5380 rum.c
699 5342 746 5380 ο.
804 5366 816 5379 .

467 5341 605 5390 rum,
631 5339 746 5393 cap.
770 5339 816 5380 δ.

528 5398 633 5461 (39)
659 5396 722 5451 Si
741 5413 872 5463 erga
893 5401 1054 5454 unius
1078 5406 1297 5456 tantum
1327 5402 1568 5457 Ecclesia:
1596 5403 1809 5465 plebem.
1834 5404 1918 5457 llli
1947 5418 2164 5471 quoque

465 5471 813 5525 commissam
842 5472 1010 5526 fuisse
1032 5474 1365 5539 Eugubinam
1401 5474 1690 5526 Ecclesium
1721 5487 1885 5540 supra
1905 5477 2160 5531 diximus.

531 5541 641 5604 (t0)
689 5542 838 5608 Quod
881 5545 990 5598 dies
1039 5546 1231 5598 crucis.
1289 5543 1521 5605 Sir-gulis
1569 5545 1775 5598 scilicet
1815 5546 2164 5603 hebdomadis

470 5612 608 5736 ἓῆῖ
648 5619 820 5677 sexta,
871 5616 939 5671 de
981 5629 1088 5681 quo
1131 5616 1341 5679 jejunio
1384 5614 1525 5667 intra
1564 5615 1759 5671 lterum
1796 5619 1979 5683 agitur
2012 5633 2161 5675 num.

556 5697 585 5736 e
631 5698 746 5736 sec.

556 5686 608 5739 et
631 5698 746 5751 seq.

2331 4775 2432 4834 (tt)
2484 4769 2740 4825 Omnium
2782 4768 3043 4822 horarum
3090 4768 3290 4833 ofﬁcia.
3334 4766 3591 4824 Ati'ectum
3633 4782 3798 4825 suum
3845 4785 4005 4840 erga

2265 4844 2429 4896 horas
2481 4841 2638 4895 cilicii
2702 4841 2757 4892 B.
2820 4840 3051 4906 Virginis
3113 4840 3352 4907 Deiparte
3419 4842 3610 4907 pandit
3666 4843 3719 4895 Β.
3801 4845 4008 4900 Petrus

2265 4925 2457 4979 opusc.
2514 4911 2575 4962 10
2626 4910 2698 4962 Dc
2745 4910 2894 4963 horis
2941 4913 3248 4977 canonicis,
3302 4924 3421 4980 cap.
3492 4914 3590 4979 10,
3649 4912 3742 4966 ubi
3797 4922 4011 4972 narrat

2263 4983 2519 5035 horarum
2585 4979 2908 5035 beatissima
2972 4982 3205 5048 Virginis
3264 4979 3566 5039 studiosum
3625 4990 4010 5051 peccatorum

2264 5054 2479 5106 veniam
2513 5064 2609 5116 per
2639 5051 2881 5108 eamdem
2916 5055 3257 5121 impetrasse.
3292 5056 3578 5111 Fortunlus
3601 5058 3672 5111 ait
3703 5070 3717 5109 :
3745 5077 3774 5105 α
3808 5057 3872 5109 Β.
3910 5060 4012 5116 Pe~

2264 5127 2408 5176 trum
2458 5123 2695 5187 legatum
2738 5124 2806 5179 de
2857 5124 3025 5180 latere
3084 5140 3186 5193 per
3236 5130 3400 5182 totam
3461 5127 3664 5179 Italiam
3724 5129 4006 5185 missum.

2265 5197 2324 5246 ut
2372 5193 2740 5259 promulgaret
2790 5197 3008 5252 decreta
3059 5200 3129 5253 de
3179 5199 3410 5253 dicendo
3466 5199 3643 5251 cilicio
3694 5199 3745 5249 Β.
3805 5203 4010 5255 Marsae

2265 5266 2517 5332 Virginis,
2562 5270 2617 5320 et
2653 5270 2922 5334 jejunium
2968 5274 3139 5324 sexlae
3180 5271 3330 5324 feriae
3369 5271 3424 5323 in
3465 5269 3726 5321 honorem
3772 5279 4012 5329 sanctas

2266 5338 2444 5390 crucis
2495 5337 2659 5395 simul
2708 5341 2989 5395 indiceret.
3044 5360 3068 5389 ι)
3124 5342 3333 5405 Verum,
3389 5341 3513 5405 quia
3570 5352 3689 5392 eam
3743 5339 4011 5408 legatio-

2263 5421 2391 5463 nem
2455 5408 2623 5463 refert
2668 5412 2963 5484 institutam
3022 5426 3054 5466 α
3104 5412 3364 5477 Gregorio
3407 5411 3521 5484 illi,
3566 5415 3825 5475 suspecta
3884 5423 4007 5484 est,

2265 5492 2388 5532 cum
2424 5484 2633 5534 constet
2666 5482 2719 5535 B.
2757 5485 2965 5537 Petrum
3007 5487 3133 5537 ante
3174 5485 3297 5550 ejus
3338 5482 3705 5549 pontificatum
3747 5482 4034 5545 obiisse.'

2265 5553 2568 5677 ἓῗέξῗηρω.
2605 5557 2866 5622 temporis
2934 5558 2989 5609 tn
3056 5556 3155 5611 bac
3225 5556 3333 5609 Vita
3394 5557 3643 5609 accurate
3698 5564 4007 5617 servatam

2367 5637 2604 5677 Iramnr.

2367 5637 2604 5677 uramur.
