  <div class='ocr_page' id='page_1' title='image "/cluster/home/n/w/nwhite01/storage/ocr_20150623/144/umn.31951002477437p/093.png"; bbox 0 0 4140 6478; ppageno 0'>
   <div class='ocr_carea' id='block_1_1' title="bbox 427 331 531 391">
    <p class='ocr_par' dir='ltr' id='par_1_1' title="bbox 427 331 531 391">
     <span class='ocr_line' id='line_1_1' title="bbox 427 331 531 391; baseline -0.01 0"><span class='ocrx_word' id='word_1_1' title='bbox 427 331 531 391; x_wconf 82' lang='grc'>135</span> 
     </span>
    </p>
   </div>
   <div class='ocr_carea' id='block_1_2' title="bbox 1358 318 3029 384">
    <p class='ocr_par' dir='ltr' id='par_1_2' title="bbox 1358 318 3029 384">
     <span class='ocr_line' id='line_1_2' title="bbox 1358 318 3029 384; baseline -0.003 0"><span class='ocrx_word' id='word_1_2' title='bbox 1358 324 1416 384; x_wconf 91' lang='lat' dir='ltr'>S.</span> <span class='ocrx_word' id='word_1_3' title='bbox 1459 321 1754 384; x_wconf 82' lang='lat' dir='ltr'>PETRUS</span> <span class='ocrx_word' id='word_1_4' title='bbox 1792 318 2185 381; x_wconf 84' lang='lat' dir='ltr'>DAMIANUS</span> <span class='ocrx_word' id='word_1_5' title='bbox 2227 318 2285 380; x_wconf 91' lang='lat' dir='ltr'>S.</span> <span class='ocrx_word' id='word_1_6' title='bbox 2330 320 2398 380; x_wconf 77' lang='grc' dir='ltr'>Β.</span> <span class='ocrx_word' id='word_1_7' title='bbox 2442 320 2508 379; x_wconf 89' lang='grc' dir='ltr'>Ε.</span> <span class='ocrx_word' id='word_1_8' title='bbox 2549 319 3029 383; x_wconf 77' lang='lat' dir='ltr'>GARDINALIS.</span> 
     </span>
    </p>
   </div>
   <div class='ocr_carea' id='block_1_3' title="bbox 3847 324 3955 384">
    <p class='ocr_par' dir='ltr' id='par_1_3' title="bbox 3847 324 3955 384">
     <span class='ocr_line' id='line_1_3' title="bbox 3847 324 3955 384; baseline -0.009 0"><span class='ocrx_word' id='word_1_9' title='bbox 3847 324 3955 384; x_wconf 83' lang='lat'>136</span> 
     </span>
    </p>
   </div>
   <div class='ocr_carea' id='block_1_4' title="bbox 425 446 3951 523">
    <p class='ocr_par' dir='ltr' id='par_1_4' title="bbox 425 446 3951 523">
     <span class='ocr_line' id='line_1_4' title="bbox 425 446 3951 523; baseline -0.002 -10"><span class='ocrx_word' id='word_1_10' title='bbox 425 456 571 515; x_wconf 88' lang='lat' dir='ltr'>libet</span> <span class='ocrx_word' id='word_1_11' title='bbox 625 450 971 513; x_wconf 88' lang='lat' dir='ltr'>conditionis</span> <span class='ocrx_word' id='word_1_12' title='bbox 1041 450 1215 509; x_wconf 89' lang='lat' dir='ltr'>homo</span> <span class='ocrx_word' id='word_1_13' title='bbox 1261 465 1441 523; x_wconf 92' lang='lat' dir='ltr'>purus</span> <span class='ocrx_word' id='word_1_14' title='bbox 1501 447 1788 517; x_wconf 87' lang='lat' dir='ltr'>instituit;</span> <span class='ocrx_word' id='word_1_15' title='bbox 1842 453 1916 515; x_wconf 90' lang='lat' dir='ltr'>et,</span> <span class='ocrx_word' id='word_1_16' title='bbox 1978 446 2567 519; x_wconf 77' lang='lat' dir='ltr'>proutApmnitentia</span> <span class='ocrx_word' id='word_1_17' title='bbox 2597 448 2749 506; x_wconf 90' lang='lat' dir='ltr'>inter</span> <span class='ocrx_word' id='word_1_18' title='bbox 2776 446 3086 505; x_wconf 89' lang='lat' dir='ltr'>missarum</span> <span class='ocrx_word' id='word_1_19' title='bbox 3106 448 3390 505; x_wconf 85' lang='lat' dir='ltr'>solemnia</span> <span class='ocrx_word' id='word_1_20' title='bbox 3409 446 3951 521; x_wconf 84' lang='lat' dir='ltr'>reconciliarentur,</span> 
     </span>
    </p>
   </div>
   <div class='ocr_carea' id='block_1_5' title="bbox 426 537 2143 614">
    <p class='ocr_par' dir='ltr' id='par_1_5' title="bbox 426 537 2143 614">
     <span class='ocr_line' id='line_1_5' title="bbox 426 537 2143 614; baseline -0.005 -11"><span class='ocrx_word' id='word_1_21' title='bbox 426 546 700 605; x_wconf 83' lang='lat' dir='ltr'>voluntas</span> <span class='ocrx_word' id='word_1_22' title='bbox 753 551 892 614; x_wconf 92' lang='lat' dir='ltr'>erat,</span> <span class='ocrx_word' id='word_1_23' title='bbox 940 548 1040 601; x_wconf 89' lang='lat' dir='ltr'>aut</span> <span class='ocrx_word' id='word_1_24' title='bbox 1098 542 1361 611; x_wconf 81' lang='lat' dir='ltr'>facultas,</span> <span class='ocrx_word' id='word_1_25' title='bbox 1421 539 1759 614; x_wconf 88' lang='lat' dir='ltr'>specialium</span> <span class='ocrx_word' id='word_1_26' title='bbox 1806 537 2143 611; x_wconf 63' lang='lat' dir='ltr'>praerogati-</span> 
     </span>
    </p>
   </div>
   <div class='ocr_carea' id='block_1_6' title="bbox 425 625 2142 705">
    <p class='ocr_par' dir='ltr' id='par_1_6' title="bbox 425 625 2142 705">
     <span class='ocr_line' id='line_1_6' title="bbox 425 625 2142 705; baseline -0.006 -11"><span class='ocrx_word' id='word_1_27' title='bbox 425 650 633 694; x_wconf 88' lang='lat' dir='ltr'>varum</span> <span class='ocrx_word' id='word_1_28' title='bbox 658 634 784 705; x_wconf 85' lang='lat' dir='ltr'>ejus</span> <span class='ocrx_word' id='word_1_29' title='bbox 822 633 954 704; x_wconf 84' lang='lat' dir='ltr'>jura</span> <span class='ocrx_word' id='word_1_30' title='bbox 1000 630 1293 703; x_wconf 66' lang='lat' dir='ltr'>praefixit;</span> <span class='ocrx_word' id='word_1_31' title='bbox 1338 630 1661 687; x_wconf 83' lang='lat' dir='ltr'>Romanam</span> <span class='ocrx_word' id='word_1_32' title='bbox 1703 633 1895 685; x_wconf 91' lang='lat' dir='ltr'>autem</span> <span class='ocrx_word' id='word_1_33' title='bbox 1944 625 2142 684; x_wconf 88' lang='lat' dir='ltr'>Eccle-</span> 
     </span>
    </p>
   </div>
   <div class='ocr_carea' id='block_1_7' title="bbox 426 715 2141 791">
    <p class='ocr_par' dir='ltr' id='par_1_7' title="bbox 426 715 2141 791">
     <span class='ocr_line' id='line_1_7' title="bbox 426 715 2141 791; baseline -0.005 -11"><span class='ocrx_word' id='word_1_34' title='bbox 426 724 570 782; x_wconf 91' lang='lat' dir='ltr'>siam</span> <span class='ocrx_word' id='word_1_35' title='bbox 613 722 769 780; x_wconf 90' lang='lat' dir='ltr'>solus</span> <span class='ocrx_word' id='word_1_36' title='bbox 798 720 901 779; x_wconf 89' lang='lat' dir='ltr'>ille</span> <span class='ocrx_word' id='word_1_37' title='bbox 943 721 1229 789; x_wconf 82' lang='lat' dir='ltr'>fundavit,</span> <span class='ocrx_word' id='word_1_38' title='bbox 1272 727 1327 778; x_wconf 90' lang='lat' dir='ltr'>et</span> <span class='ocrx_word' id='word_1_39' title='bbox 1364 733 1536 791; x_wconf 86' lang='lat' dir='ltr'>super</span> <span class='ocrx_word' id='word_1_40' title='bbox 1571 724 1792 790; x_wconf 90' lang='lat' dir='ltr'>petram</span> <span class='ocrx_word' id='word_1_41' title='bbox 1832 715 1966 773; x_wconf 91' lang='lat' dir='ltr'>lidei</span> <span class='ocrx_word' id='word_1_42' title='bbox 2005 732 2141 774; x_wconf 72' lang='lat' dir='ltr'>mox</span> 
     </span>
    </p>
   </div>
   <div class='ocr_carea' id='block_1_8' title="bbox 425 803 2141 882">
    <p class='ocr_par' dir='ltr' id='par_1_8' title="bbox 425 803 2141 882">
     <span class='ocr_line' id='line_1_8' title="bbox 425 803 2141 882; baseline -0.005 -12"><span class='ocrx_word' id='word_1_43' title='bbox 425 811 716 870; x_wconf 89' lang='lat' dir='ltr'>nascentis</span> <span class='ocrx_word' id='word_1_44' title='bbox 787 810 976 868; x_wconf 85' lang='lat' dir='ltr'>erexit</span> <span class='ocrx_word' id='word_1_45' title='bbox 1036 812 1240 882; x_wconf 74' lang='lat' dir='ltr'>(Ibid),</span> <span class='ocrx_word' id='word_1_46' title='bbox 1301 807 1402 881; x_wconf 88' lang='lat' dir='ltr'>qui</span> <span class='ocrx_word' id='word_1_47' title='bbox 1452 806 1619 863; x_wconf 90' lang='lat' dir='ltr'>beato</span> <span class='ocrx_word' id='word_1_48' title='bbox 1672 805 1802 864; x_wconf 72' lang='lat' dir='ltr'>cmli</span> <span class='ocrx_word' id='word_1_49' title='bbox 1855 803 2141 876; x_wconf 85' lang='lat' dir='ltr'>clavigero</span> 
     </span>
    </p>
   </div>
   <div class='ocr_carea' id='block_1_9' title="bbox 428 893 2143 970">
    <p class='ocr_par' dir='ltr' id='par_1_9' title="bbox 428 893 2143 970">
     <span class='ocr_line' id='line_1_9' title="bbox 428 893 2143 970; baseline -0.005 -11"><span class='ocrx_word' id='word_1_50' title='bbox 428 900 599 959; x_wconf 92' lang='lat' dir='ltr'>Petro</span> <span class='ocrx_word' id='word_1_51' title='bbox 632 899 844 958; x_wconf 91' lang='lat' dir='ltr'>terreni</span> <span class='ocrx_word' id='word_1_52' title='bbox 883 898 1059 957; x_wconf 85' lang='lat' dir='ltr'>simul</span> <span class='ocrx_word' id='word_1_53' title='bbox 1089 906 1147 955; x_wconf 90' lang='lat' dir='ltr'>et</span> <span class='ocrx_word' id='word_1_54' title='bbox 1179 896 1424 955; x_wconf 87' lang='lat' dir='ltr'>coelestis</span> <span class='ocrx_word' id='word_1_55' title='bbox 1462 895 1693 970; x_wconf 91' lang='lat' dir='ltr'>imperii</span> <span class='ocrx_word' id='word_1_56' title='bbox 1726 896 1859 969; x_wconf 88' lang='lat' dir='ltr'>jura</span> <span class='ocrx_word' id='word_1_57' title='bbox 1897 893 2143 953; x_wconf 91' lang='lat' dir='ltr'>commi-</span> 
     </span>
    </p>
   </div>
   <div class='ocr_carea' id='block_1_10' title="bbox 428 982 2144 1060">
    <p class='ocr_par' dir='ltr' id='par_1_10' title="bbox 428 982 2144 1060">
     <span class='ocr_line' id='line_1_10' title="bbox 428 982 2144 1060; baseline -0.004 -14"><span class='ocrx_word' id='word_1_58' title='bbox 428 988 521 1047; x_wconf 87' lang='lat' dir='ltr'>sit.</span> <span class='ocrx_word' id='word_1_59' title='bbox 552 987 719 1046; x_wconf 88' lang='lat' dir='ltr'>Illius</span> <span class='ocrx_word' id='word_1_60' title='bbox 765 1003 900 1060; x_wconf 83' lang='lat' dir='ltr'>ergo</span> <span class='ocrx_word' id='word_1_61' title='bbox 933 986 1236 1060; x_wconf 88' lang='lat' dir='ltr'>privilegio</span> <span class='ocrx_word' id='word_1_62' title='bbox 1282 984 1565 1058; x_wconf 87' lang='lat' dir='ltr'>fungitur,</span> <span class='ocrx_word' id='word_1_63' title='bbox 1604 983 1764 1042; x_wconf 91' lang='lat' dir='ltr'>illius</span> <span class='ocrx_word' id='word_1_64' title='bbox 1808 982 2144 1041; x_wconf 85' lang='lat' dir='ltr'>auctoritate</span> 
     </span>
    </p>
   </div>
   <div class='ocr_carea' id='block_1_11' title="bbox 427 1064 2145 1147">
    <p class='ocr_par' dir='ltr' id='par_1_11' title="bbox 427 1064 2145 1147">
     <span class='ocr_line' id='line_1_11' title="bbox 427 1064 2145 1147; baseline -0.004 -12"><span class='ocrx_word' id='word_1_65' title='bbox 427 1076 689 1135; x_wconf 85' lang='lat' dir='ltr'>fulcitur.</span> <span class='ocrx_word' id='word_1_66' title='bbox 738 1076 897 1135; x_wconf 83' lang='lat' dir='ltr'>Unde</span> <span class='ocrx_word' id='word_1_67' title='bbox 945 1091 1060 1133; x_wconf 90' lang='lat' dir='ltr'>non</span> <span class='ocrx_word' id='word_1_68' title='bbox 1105 1064 1350 1133; x_wconf 87' lang='lat' dir='ltr'>dubium</span> <span class='ocrx_word' id='word_1_69' title='bbox 1400 1074 1553 1146; x_wconf 91' lang='lat' dir='ltr'>quod</span> <span class='ocrx_word' id='word_1_70' title='bbox 1602 1073 1870 1147; x_wconf 84' lang='lat' dir='ltr'>quisquis</span> <span class='ocrx_word' id='word_1_71' title='bbox 1908 1070 2145 1131; x_wconf 84' lang='lat' dir='ltr'>cuilibet</span> 
     </span>
    </p>
   </div>
   <div class='ocr_carea' id='block_1_12' title="bbox 428 1159 2144 1237">
    <p class='ocr_par' dir='ltr' id='par_1_12' title="bbox 428 1159 2144 1237">
     <span class='ocr_line' id='line_1_12' title="bbox 428 1159 2144 1237; baseline -0.003 -14"><span class='ocrx_word' id='word_1_72' title='bbox 428 1164 704 1223; x_wconf 70' lang='lat' dir='ltr'>Ecclesia)</span> <span class='ocrx_word' id='word_1_73' title='bbox 754 1164 852 1237; x_wconf 89' lang='lat' dir='ltr'>jus</span> <span class='ocrx_word' id='word_1_74' title='bbox 899 1178 1071 1221; x_wconf 91' lang='lat' dir='ltr'>suum</span> <span class='ocrx_word' id='word_1_75' title='bbox 1119 1162 1386 1232; x_wconf 82' lang='lat' dir='ltr'>detrahit,</span> <span class='ocrx_word' id='word_1_76' title='bbox 1435 1162 1778 1237; x_wconf 90' lang='lat' dir='ltr'>injustitiam</span> <span class='ocrx_word' id='word_1_77' title='bbox 1828 1163 1997 1231; x_wconf 84' lang='lat' dir='ltr'>facit;</span> <span class='ocrx_word' id='word_1_78' title='bbox 2044 1159 2144 1234; x_wconf 90' lang='lat' dir='ltr'>qui</span> 
     </span>
    </p>
   </div>
   <div class='ocr_carea' id='block_1_13' title="bbox 428 1251 2145 1326">
    <p class='ocr_par' dir='ltr' id='par_1_13' title="bbox 428 1251 2145 1326">
     <span class='ocr_line' id='line_1_13' title="bbox 428 1251 2145 1326; baseline -0.003 -14"><span class='ocrx_word' id='word_1_79' title='bbox 428 1260 621 1312; x_wconf 91' lang='lat' dir='ltr'>autem</span> <span class='ocrx_word' id='word_1_80' title='bbox 651 1252 929 1311; x_wconf 73' lang='lat' dir='ltr'>Romanas</span> <span class='ocrx_word' id='word_1_81' title='bbox 955 1252 1229 1310; x_wconf 62' lang='lat' dir='ltr'>Ecclesia:</span> <span class='ocrx_word' id='word_1_82' title='bbox 1252 1251 1645 1326; x_wconf 75' lang='lat' dir='ltr'>privilegium,</span> <span class='ocrx_word' id='word_1_83' title='bbox 1667 1252 1738 1309; x_wconf 93' lang='lat' dir='ltr'>ab</span> <span class='ocrx_word' id='word_1_84' title='bbox 1760 1251 1884 1324; x_wconf 93' lang='lat' dir='ltr'>ipso</span> <span class='ocrx_word' id='word_1_85' title='bbox 1914 1266 2145 1309; x_wconf 91' lang='lat' dir='ltr'>summo</span> 
     </span>
    </p>
   </div>
   <div class='ocr_carea' id='block_1_14' title="bbox 429 1342 2145 1417">
    <p class='ocr_par' dir='ltr' id='par_1_14' title="bbox 429 1342 2145 1417">
     <span class='ocr_line' id='line_1_14' title="bbox 429 1342 2145 1417; baseline -0.002 -15"><span class='ocrx_word' id='word_1_86' title='bbox 429 1342 819 1402; x_wconf 90' lang='lat' dir='ltr'>Ecclesiarum</span> <span class='ocrx_word' id='word_1_87' title='bbox 862 1343 1128 1401; x_wconf 90' lang='lat' dir='ltr'>omnium</span> <span class='ocrx_word' id='word_1_88' title='bbox 1167 1342 1351 1417; x_wconf 85' lang='lat' dir='ltr'>capite</span> <span class='ocrx_word' id='word_1_89' title='bbox 1398 1342 1669 1400; x_wconf 90' lang='lat' dir='ltr'>traditum</span> <span class='ocrx_word' id='word_1_90' title='bbox 1706 1342 1934 1400; x_wconf 87' lang='lat' dir='ltr'>auferre</span> <span class='ocrx_word' id='word_1_91' title='bbox 1971 1357 2145 1399; x_wconf 88' lang='lat' dir='ltr'>cona-</span> 
     </span>
    </p>
   </div>
   <div class='ocr_carea' id='block_1_15' title="bbox 431 1429 2148 1505">
    <p class='ocr_par' dir='ltr' id='par_1_15' title="bbox 431 1429 2148 1505">
     <span class='ocr_line' id='line_1_15' title="bbox 431 1429 2148 1505; baseline -0.002 -16"><span class='ocrx_word' id='word_1_92' title='bbox 431 1437 547 1501; x_wconf 85' lang='lat' dir='ltr'>tur,</span> <span class='ocrx_word' id='word_1_93' title='bbox 587 1430 683 1487; x_wconf 92' lang='lat' dir='ltr'>hic</span> <span class='ocrx_word' id='word_1_94' title='bbox 726 1430 978 1505; x_wconf 83' lang='lat' dir='ltr'>proiecto</span> <span class='ocrx_word' id='word_1_95' title='bbox 1017 1430 1076 1488; x_wconf 91' lang='lat' dir='ltr'>in</span> <span class='ocrx_word' id='word_1_96' title='bbox 1118 1430 1385 1488; x_wconf 77' lang='lat' dir='ltr'>haeresim</span> <span class='ocrx_word' id='word_1_97' title='bbox 1420 1430 1655 1489; x_wconf 89' lang='lat' dir='ltr'>labitur.</span> <span class='ocrx_word' id='word_1_98' title='bbox 1696 1429 1897 1488; x_wconf 88' lang='lat' dir='ltr'>Fidem</span> <span class='ocrx_word' id='word_1_99' title='bbox 1934 1431 2148 1504; x_wconf 84' lang='lat' dir='ltr'>quippe</span> 
     </span>
    </p>
   </div>
   <div class='ocr_carea' id='block_1_16' title="bbox 430 1519 2142 1596">
    <p class='ocr_par' dir='ltr' id='par_1_16' title="bbox 430 1519 2142 1596">
     <span class='ocr_line' id='line_1_16' title="bbox 430 1519 2142 1596; baseline -0.001 -18"><span class='ocrx_word' id='word_1_100' title='bbox 430 1519 608 1579; x_wconf 86' lang='lat' dir='ltr'>violat</span> <span class='ocrx_word' id='word_1_101' title='bbox 651 1519 754 1592; x_wconf 92' lang='lat' dir='ltr'>qui</span> <span class='ocrx_word' id='word_1_102' title='bbox 803 1520 1083 1580; x_wconf 87' lang='lat' dir='ltr'>adversus</span> <span class='ocrx_word' id='word_1_103' title='bbox 1111 1521 1274 1580; x_wconf 89' lang='lat' dir='ltr'>illam</span> <span class='ocrx_word' id='word_1_104' title='bbox 1303 1522 1439 1594; x_wconf 90' lang='lat' dir='ltr'>agit,</span> <span class='ocrx_word' id='word_1_105' title='bbox 1469 1537 1604 1596; x_wconf 74' lang='lat' dir='ltr'>quae</span> <span class='ocrx_word' id='word_1_106' title='bbox 1638 1526 1817 1579; x_wconf 90' lang='lat' dir='ltr'>mater</span> <span class='ocrx_word' id='word_1_107' title='bbox 1865 1528 1949 1579; x_wconf 91' lang='lat' dir='ltr'>est</span> <span class='ocrx_word' id='word_1_108' title='bbox 1987 1520 2142 1590; x_wconf 82' lang='lat' dir='ltr'>fidei,</span> 
     </span>
    </p>
   </div>
   <div class='ocr_carea' id='block_1_17' title="bbox 2230 528 3954 612">
    <p class='ocr_par' dir='ltr' id='par_1_17' title="bbox 2230 528 3954 612">
     <span class='ocr_line' id='line_1_17' title="bbox 2230 528 3954 612; baseline 0.002 -18"><span class='ocrx_word' id='word_1_109' title='bbox 2230 544 2567 595; x_wconf 88' lang='lat' dir='ltr'>ornamenta</span> <span class='ocrx_word' id='word_1_110' title='bbox 2594 537 2665 595; x_wconf 92' lang='lat' dir='ltr'>de</span> <span class='ocrx_word' id='word_1_111' title='bbox 2703 552 2881 596; x_wconf 91' lang='lat' dir='ltr'>manu</span> <span class='ocrx_word' id='word_1_112' title='bbox 2909 536 3159 612; x_wconf 90' lang='lat' dir='ltr'>episcopi</span> <span class='ocrx_word' id='word_1_113' title='bbox 3201 528 3273 596; x_wconf 82' lang='lat' dir='ltr'>ex</span> <span class='ocrx_word' id='word_1_114' title='bbox 3309 536 3648 597; x_wconf 86' lang='lat' dir='ltr'>auctoritate</span> <span class='ocrx_word' id='word_1_115' title='bbox 3684 538 3954 598; x_wconf 86' lang='lat' dir='ltr'>Toletani</span> 
     </span>
    </p>
   </div>
   <div class='ocr_carea' id='block_1_18' title="bbox 2226 628 3951 705">
    <p class='ocr_par' dir='ltr' id='par_1_18' title="bbox 2226 628 3951 705">
     <span class='ocr_line' id='line_1_18' title="bbox 2226 628 3951 705; baseline 0.002 -21"><span class='ocrx_word' id='word_1_116' title='bbox 2226 629 2457 687; x_wconf 90' lang='lat' dir='ltr'>concilii</span> <span class='ocrx_word' id='word_1_117' title='bbox 2510 630 2870 703; x_wconf 90' lang='lat' dir='ltr'>recipientes.</span> <span class='ocrx_word' id='word_1_118' title='bbox 2915 630 3012 688; x_wconf 91' lang='lat' dir='ltr'>Eis</span> <span class='ocrx_word' id='word_1_119' title='bbox 3062 628 3258 703; x_wconf 88' lang='lat' dir='ltr'>itaque</span> <span class='ocrx_word' id='word_1_120' title='bbox 3304 630 3495 688; x_wconf 88' lang='lat' dir='ltr'>taliter</span> <span class='ocrx_word' id='word_1_121' title='bbox 3537 629 3951 705; x_wconf 87' lang='lat' dir='ltr'>reconciliatis,</span> 
     </span>
    </p>
   </div>
   <div class='ocr_carea' id='block_1_19' title="bbox 2225 715 3955 791">
    <p class='ocr_par' dir='ltr' id='par_1_19' title="bbox 2225 715 3955 791">
     <span class='ocr_line' id='line_1_19' title="bbox 2225 715 3955 791; baseline 0.004 -18"><span class='ocrx_word' id='word_1_122' title='bbox 2225 715 2518 776; x_wconf 87' lang='lat' dir='ltr'>decretum</span> <span class='ocrx_word' id='word_1_123' title='bbox 2542 726 2626 776; x_wconf 90' lang='lat' dir='ltr'>est</span> <span class='ocrx_word' id='word_1_124' title='bbox 2652 725 2714 777; x_wconf 92' lang='lat' dir='ltr'>ut</span> <span class='ocrx_word' id='word_1_125' title='bbox 2746 735 2863 777; x_wconf 89' lang='lat' dir='ltr'>non</span> <span class='ocrx_word' id='word_1_126' title='bbox 2893 734 3032 777; x_wconf 89' lang='lat' dir='ltr'>mox</span> <span class='ocrx_word' id='word_1_127' title='bbox 3059 718 3275 791; x_wconf 91' lang='lat' dir='ltr'>passim</span> <span class='ocrx_word' id='word_1_128' title='bbox 3304 719 3579 778; x_wconf 90' lang='lat' dir='ltr'>omnibus</span> <span class='ocrx_word' id='word_1_129' title='bbox 3607 721 3955 780; x_wconf 85' lang='lat' dir='ltr'>redderetur</span> 
     </span>
    </p>
   </div>
   <div class='ocr_carea' id='block_1_20' title="bbox 2225 805 3955 881">
    <p class='ocr_par' dir='ltr' id='par_1_20' title="bbox 2225 805 3955 881">
     <span class='ocr_line' id='line_1_20' title="bbox 2225 805 3955 881; baseline 0.003 -19"><span class='ocrx_word' id='word_1_130' title='bbox 2225 805 2502 875; x_wconf 81' lang='lat' dir='ltr'>oﬂicium,</span> <span class='ocrx_word' id='word_1_131' title='bbox 2562 806 2661 863; x_wconf 90' lang='lat' dir='ltr'>sed</span> <span class='ocrx_word' id='word_1_132' title='bbox 2726 807 2818 864; x_wconf 89' lang='lat' dir='ltr'>his</span> <span class='ocrx_word' id='word_1_133' title='bbox 2884 806 3168 865; x_wconf 83' lang='lat' dir='ltr'>duntaxat</span> <span class='ocrx_word' id='word_1_134' title='bbox 3232 806 3336 881; x_wconf 91' lang='lat' dir='ltr'>qui</span> <span class='ocrx_word' id='word_1_135' title='bbox 3384 816 3577 867; x_wconf 89' lang='lat' dir='ltr'>essent</span> <span class='ocrx_word' id='word_1_136' title='bbox 3630 818 3685 867; x_wconf 92' lang='lat' dir='ltr'>et</span> <span class='ocrx_word' id='word_1_137' title='bbox 3738 810 3955 869; x_wconf 83' lang='lat' dir='ltr'>litteris</span> 
     </span>
    </p>
   </div>
   <div class='ocr_carea' id='block_1_21' title="bbox 2225 893 3953 965">
    <p class='ocr_par' dir='ltr' id='par_1_21' title="bbox 2225 893 3953 965">
     <span class='ocr_line' id='line_1_21' title="bbox 2225 893 3953 965; baseline 0.002 -14"><span class='ocrx_word' id='word_1_138' title='bbox 2225 893 2458 964; x_wconf 85' lang='lat' dir='ltr'>eruditi,</span> <span class='ocrx_word' id='word_1_139' title='bbox 2490 901 2545 952; x_wconf 91' lang='lat' dir='ltr'>et</span> <span class='ocrx_word' id='word_1_140' title='bbox 2593 893 2733 951; x_wconf 89' lang='lat' dir='ltr'>casti</span> <span class='ocrx_word' id='word_1_141' title='bbox 2777 901 2833 952; x_wconf 91' lang='lat' dir='ltr'>et</span> <span class='ocrx_word' id='word_1_142' title='bbox 2887 909 3118 953; x_wconf 89' lang='lat' dir='ltr'>morum</span> <span class='ocrx_word' id='word_1_143' title='bbox 3165 894 3445 965; x_wconf 80' lang='lat' dir='ltr'>gravitate</span> <span class='ocrx_word' id='word_1_144' title='bbox 3502 896 3728 955; x_wconf 86' lang='lat' dir='ltr'>honesti</span> <span class='ocrx_word' id='word_1_145' title='bbox 3779 898 3953 955; x_wconf 84' lang='lat' dir='ltr'>vide-</span> 
     </span>
    </p>
   </div>
   <div class='ocr_carea' id='block_1_22' title="bbox 2226 981 3953 1059">
    <p class='ocr_par' dir='ltr' id='par_1_22' title="bbox 2226 981 3953 1059">
     <span class='ocr_line' id='line_1_22' title="bbox 2226 981 3953 1059; baseline 0.004 -19"><span class='ocrx_word' id='word_1_146' title='bbox 2226 989 2462 1051; x_wconf 83' lang='lat' dir='ltr'>rentur;</span> <span class='ocrx_word' id='word_1_147' title='bbox 2520 981 2744 1040; x_wconf 74' lang='lat' dir='ltr'>caeteris</span> <span class='ocrx_word' id='word_1_148' title='bbox 2796 988 2989 1041; x_wconf 89' lang='lat' dir='ltr'>autem</span> <span class='ocrx_word' id='word_1_149' title='bbox 3043 983 3331 1043; x_wconf 79' lang='lat' dir='ltr'>sufﬁceret</span> <span class='ocrx_word' id='word_1_150' title='bbox 3381 987 3537 1059; x_wconf 93' lang='lat' dir='ltr'>quod</span> <span class='ocrx_word' id='word_1_151' title='bbox 3584 996 3798 1046; x_wconf 67' lang='lat' dir='ltr'>sanctae</span> <span class='ocrx_word' id='word_1_152' title='bbox 3838 989 3953 1046; x_wconf 86' lang='lat' dir='ltr'>Ec—</span> 
     </span>
    </p>
   </div>
   <div class='ocr_carea' id='block_1_23' title="bbox 2227 1069 3956 1148">
    <p class='ocr_par' dir='ltr' id='par_1_23' title="bbox 2227 1069 3956 1148">
     <span class='ocr_line' id='line_1_23' title="bbox 2227 1069 3956 1148; baseline 0.004 -21"><span class='ocrx_word' id='word_1_153' title='bbox 2227 1069 2416 1129; x_wconf 65' lang='lat' dir='ltr'>clesiae</span> <span class='ocrx_word' id='word_1_154' title='bbox 2458 1087 2558 1144; x_wconf 91' lang='lat' dir='ltr'>per</span> <span class='ocrx_word' id='word_1_155' title='bbox 2605 1070 2867 1129; x_wconf 89' lang='lat' dir='ltr'>divinam</span> <span class='ocrx_word' id='word_1_156' title='bbox 2909 1072 3154 1144; x_wconf 83' lang='lat' dir='ltr'>gratiam</span> <span class='ocrx_word' id='word_1_157' title='bbox 3201 1080 3391 1131; x_wconf 89' lang='lat' dir='ltr'>essent</span> <span class='ocrx_word' id='word_1_158' title='bbox 3414 1090 3628 1134; x_wconf 81' lang='lat' dir='ltr'>rursus</span> <span class='ocrx_word' id='word_1_159' title='bbox 3658 1075 3887 1148; x_wconf 87' lang='lat' dir='ltr'>inserti,</span> <span class='ocrx_word' id='word_1_160' title='bbox 3920 1094 3956 1135; x_wconf 91' lang='lat' dir='ltr'>a</span> 
     </span>
    </p>
   </div>
   <div class='ocr_carea' id='block_1_24' title="bbox 2227 1160 3951 1239">
    <p class='ocr_par' dir='ltr' id='par_1_24' title="bbox 2227 1160 3951 1239">
     <span class='ocr_line' id='line_1_24' title="bbox 2227 1160 3951 1239; baseline 0.003 -22"><span class='ocrx_word' id='word_1_161' title='bbox 2227 1175 2339 1234; x_wconf 91' lang='lat' dir='ltr'>qua</span> <span class='ocrx_word' id='word_1_162' title='bbox 2380 1168 2618 1218; x_wconf 88' lang='lat' dir='ltr'>eatenus</span> <span class='ocrx_word' id='word_1_163' title='bbox 2664 1161 2892 1218; x_wconf 87' lang='lat' dir='ltr'>fuerant</span> <span class='ocrx_word' id='word_1_164' title='bbox 2937 1160 3460 1230; x_wconf 50' lang='lat' dir='ltr'>divinaiscientiae</span> <span class='ocrx_word' id='word_1_165' title='bbox 3510 1164 3654 1222; x_wconf 88' lang='lat' dir='ltr'>falce</span> <span class='ocrx_word' id='word_1_166' title='bbox 3697 1167 3951 1239; x_wconf 69' lang='lat' dir='ltr'>praecisi.</span> 
     </span>
    </p>
   </div>
   <div class='ocr_carea' id='block_1_25' title="bbox 2228 1248 3956 1323">
    <p class='ocr_par' dir='ltr' id='par_1_25' title="bbox 2228 1248 3956 1323">
     <span class='ocr_line' id='line_1_25' title="bbox 2228 1248 3956 1323; baseline 0.005 -18"><span class='ocrx_word' id='word_1_167' title='bbox 2228 1248 2323 1305; x_wconf 92' lang='lat' dir='ltr'>Illi</span> <span class='ocrx_word' id='word_1_168' title='bbox 2374 1257 2569 1307; x_wconf 91' lang='lat' dir='ltr'>autem</span> <span class='ocrx_word' id='word_1_169' title='bbox 2620 1249 2890 1321; x_wconf 89' lang='lat' dir='ltr'>episcopi,</span> <span class='ocrx_word' id='word_1_170' title='bbox 2948 1249 3163 1323; x_wconf 89' lang='lat' dir='ltr'>quibus</span> <span class='ocrx_word' id='word_1_171' title='bbox 3214 1250 3658 1310; x_wconf 89' lang='lat' dir='ltr'>administrandi</span> <span class='ocrx_word' id='word_1_172' title='bbox 3718 1253 3956 1313; x_wconf 88' lang='lat' dir='ltr'>licentia</span> 
     </span>
    </p>
   </div>
   <div class='ocr_carea' id='block_1_26' title="bbox 2229 1338 3956 1408">
    <p class='ocr_par' dir='ltr' id='par_1_26' title="bbox 2229 1338 3956 1408">
     <span class='ocr_line' id='line_1_26' title="bbox 2229 1338 3956 1408; baseline 0.004 -12"><span class='ocrx_word' id='word_1_173' title='bbox 2229 1338 2506 1408; x_wconf 89' lang='lat' dir='ltr'>redditur,</span> <span class='ocrx_word' id='word_1_174' title='bbox 2542 1353 2659 1396; x_wconf 91' lang='lat' dir='ltr'>non</span> <span class='ocrx_word' id='word_1_175' title='bbox 2687 1353 2761 1395; x_wconf 86' lang='lat' dir='ltr'>ex</span> <span class='ocrx_word' id='word_1_176' title='bbox 2799 1338 2951 1397; x_wconf 90' lang='lat' dir='ltr'>male</span> <span class='ocrx_word' id='word_1_177' title='bbox 2995 1346 3243 1396; x_wconf 91' lang='lat' dir='ltr'>mercata</span> <span class='ocrx_word' id='word_1_178' title='bbox 3278 1340 3456 1399; x_wconf 91' lang='lat' dir='ltr'>veteri</span> <span class='ocrx_word' id='word_1_179' title='bbox 3485 1341 3852 1403; x_wconf 89' lang='lat' dir='ltr'>ordinatione</span> <span class='ocrx_word' id='word_1_180' title='bbox 3880 1346 3956 1403; x_wconf 87' lang='lat' dir='ltr'>ad</span> 
     </span>
    </p>
   </div>
   <div class='ocr_carea' id='block_1_27' title="bbox 2229 1426 3956 1505">
    <p class='ocr_par' dir='ltr' id='par_1_27' title="bbox 2229 1426 3956 1505">
     <span class='ocr_line' id='line_1_27' title="bbox 2229 1426 3956 1505; baseline 0.003 -19"><span class='ocrx_word' id='word_1_181' title='bbox 2229 1429 2512 1486; x_wconf 90' lang='lat' dir='ltr'>amissum</span> <span class='ocrx_word' id='word_1_182' title='bbox 2558 1434 2900 1500; x_wconf 88' lang='lat' dir='ltr'>reparantur</span> <span class='ocrx_word' id='word_1_183' title='bbox 2955 1426 3233 1499; x_wconf 79' lang='lat' dir='ltr'>ofﬁcium,</span> <span class='ocrx_word' id='word_1_184' title='bbox 3278 1429 3376 1487; x_wconf 89' lang='lat' dir='ltr'>sed</span> <span class='ocrx_word' id='word_1_185' title='bbox 3418 1429 3517 1487; x_wconf 89' lang='lat' dir='ltr'>illa</span> <span class='ocrx_word' id='word_1_186' title='bbox 3560 1433 3749 1505; x_wconf 89' lang='lat' dir='ltr'>potius</span> <span class='ocrx_word' id='word_1_187' title='bbox 3798 1433 3956 1491; x_wconf 88' lang='lat' dir='ltr'>beati</span> 
     </span>
    </p>
   </div>
   <div class='ocr_carea' id='block_1_28' title="bbox 2229 1515 3957 1595">
    <p class='ocr_par' dir='ltr' id='par_1_28' title="bbox 2229 1515 3957 1595">
     <span class='ocr_line' id='line_1_28' title="bbox 2229 1515 3957 1595; baseline 0.003 -20"><span class='ocrx_word' id='word_1_188' title='bbox 2229 1517 2619 1591; x_wconf 90' lang='lat' dir='ltr'>apostolorum</span> <span class='ocrx_word' id='word_1_189' title='bbox 2665 1515 2945 1590; x_wconf 91' lang='lat' dir='ltr'>principis</span> <span class='ocrx_word' id='word_1_190' title='bbox 2988 1516 3384 1576; x_wconf 76' lang='lat' dir='ltr'>efficacissima</span> <span class='ocrx_word' id='word_1_191' title='bbox 3437 1521 3792 1593; x_wconf 86' lang='lat' dir='ltr'>auctoritate,</span> <span class='ocrx_word' id='word_1_192' title='bbox 3836 1539 3957 1595; x_wconf 91' lang='lat' dir='ltr'>qua</span> 
     </span>
    </p>
   </div>
   <div class='ocr_carea' id='block_1_29' title="bbox 434 1604 3949 1685">
    <p class='ocr_par' dir='ltr' id='par_1_29' title="bbox 434 1604 3949 1685">
     <span class='ocr_line' id='line_1_29' title="bbox 434 1604 3949 1685; baseline -0 -16"><span class='ocrx_word' id='word_1_193' title='bbox 434 1616 490 1669; x_wconf 90' lang='lat' dir='ltr'>et</span> <span class='ocrx_word' id='word_1_194' title='bbox 520 1609 684 1669; x_wconf 92' lang='lat' dir='ltr'>illius</span> <span class='ocrx_word' id='word_1_195' title='bbox 708 1619 1024 1670; x_wconf 82' lang='lat' dir='ltr'>contumax</span> <span class='ocrx_word' id='word_1_196' title='bbox 1062 1612 1361 1671; x_wconf 87' lang='lat' dir='ltr'>invenitur</span> <span class='ocrx_word' id='word_1_197' title='bbox 1394 1610 1500 1685; x_wconf 91' lang='lat' dir='ltr'>qui</span> <span class='ocrx_word' id='word_1_198' title='bbox 1539 1627 1667 1669; x_wconf 89' lang='lat' dir='ltr'>eam</span> <span class='ocrx_word' id='word_1_199' title='bbox 1697 1611 1920 1670; x_wconf 91' lang='lat' dir='ltr'>cunctis</span> <span class='ocrx_word' id='word_1_200' title='bbox 1954 1611 2147 1670; x_wconf 89' lang='lat' dir='ltr'>Eccle-</span> <span class='ocrx_word' id='word_1_201' title='bbox 2230 1604 2293 1661; x_wconf 84' lang='lat' dir='ltr'>in</span> <span class='ocrx_word' id='word_1_202' title='bbox 2346 1606 2581 1663; x_wconf 80' lang='lat' dir='ltr'>beatum</span> <span class='ocrx_word' id='word_1_203' title='bbox 2629 1605 3023 1678; x_wconf 83' lang='lat' dir='ltr'>Apollinarem</span> <span class='ocrx_word' id='word_1_204' title='bbox 3076 1614 3311 1680; x_wconf 83' lang='lat' dir='ltr'>repente</span> <span class='ocrx_word' id='word_1_205' title='bbox 3365 1624 3507 1666; x_wconf 89' lang='lat' dir='ltr'>usus</span> <span class='ocrx_word' id='word_1_206' title='bbox 3555 1615 3657 1682; x_wconf 89' lang='lat' dir='ltr'>est,</span> <span class='ocrx_word' id='word_1_207' title='bbox 3710 1612 3949 1670; x_wconf 90' lang='lat' dir='ltr'>dicens:</span> 
     </span>
    </p>
   </div>
   <div class='ocr_carea' id='block_1_30' title="bbox 435 1693 3952 1775">
    <p class='ocr_par' dir='ltr' id='par_1_30' title="bbox 435 1693 3952 1775">
     <span class='ocr_line' id='line_1_30' title="bbox 435 1693 3952 1775; baseline -0 -16"><span class='ocrx_word' id='word_1_208' title='bbox 435 1699 538 1759; x_wconf 89' lang='lat' dir='ltr'>siis</span> <span class='ocrx_word' id='word_1_209' title='bbox 576 1699 903 1774; x_wconf 71' lang='lat' dir='ltr'>praetulisse</span> <span class='ocrx_word' id='word_1_210' title='bbox 950 1701 1329 1773; x_wconf 82' lang='lat' dir='ltr'>cognoscitur.</span> <span class='ocrx_word' id='word_1_211' title='bbox 1362 1700 1468 1758; x_wconf 89' lang='lat' dir='ltr'>His</span> <span class='ocrx_word' id='word_1_212' title='bbox 1513 1701 1707 1773; x_wconf 86' lang='lat' dir='ltr'>itaque</span> <span class='ocrx_word' id='word_1_213' title='bbox 1745 1700 1991 1775; x_wconf 87' lang='lat' dir='ltr'>aliisque</span> <span class='ocrx_word' id='word_1_214' title='bbox 2037 1699 2150 1771; x_wconf 69' lang='lat'>(48)</span> <span class='ocrx_word' id='word_1_215' title='bbox 2234 1693 2437 1767; x_wconf 82' lang='lat' dir='ltr'>Surge,</span> <span class='ocrx_word' id='word_1_216' title='bbox 2470 1694 2662 1768; x_wconf 86' lang='lat' dir='ltr'>accipe</span> <span class='ocrx_word' id='word_1_217' title='bbox 2700 1694 2979 1767; x_wconf 90' lang='lat' dir='ltr'>Spiritum</span> <span class='ocrx_word' id='word_1_218' title='bbox 3007 1705 3291 1768; x_wconf 88' lang='lat' dir='ltr'>sanctum,</span> <span class='ocrx_word' id='word_1_219' title='bbox 3327 1696 3624 1773; x_wconf 86' lang='lat' dir='ltr'>simulque</span> <span class='ocrx_word' id='word_1_220' title='bbox 3651 1701 3952 1773; x_wconf 84' lang='lat' dir='ltr'>pontiﬁca-</span> 
     </span>
    </p>
   </div>
   <div class='ocr_carea' id='block_1_31' title="bbox 436 1783 3958 1875">
    <p class='ocr_par' dir='ltr' id='par_1_31' title="bbox 436 1783 3958 1875">
     <span class='ocr_line' id='line_1_31' title="bbox 436 1783 3958 1875; baseline 0 -28"><span class='ocrx_word' id='word_1_221' title='bbox 436 1788 882 1864; x_wconf 88' lang='lat' dir='ltr'>quampluribus</span> <span class='ocrx_word' id='word_1_222' title='bbox 906 1789 1230 1848; x_wconf 89' lang='lat' dir='ltr'>rationibus</span> <span class='ocrx_word' id='word_1_223' title='bbox 1256 1789 1326 1847; x_wconf 92' lang='lat' dir='ltr'>de</span> <span class='ocrx_word' id='word_1_224' title='bbox 1365 1790 1749 1862; x_wconf 65' lang='lat' dir='ltr'>praerogativa</span> <span class='ocrx_word' id='word_1_225' title='bbox 1794 1795 1854 1847; x_wconf 89' lang='lat' dir='ltr'>et</span> <span class='ocrx_word' id='word_1_226' title='bbox 1897 1789 2148 1861; x_wconf 89' lang='lat' dir='ltr'>primatu</span> <span class='ocrx_word' id='word_1_227' title='bbox 2172 1789 2376 1875; x_wconf 80' lang='lat' dir='ltr'>Btum.</span> <span class='ocrx_word' id='word_1_228' title='bbox 2415 1783 2556 1841; x_wconf 67' lang='lat' dir='ltr'>Haec</span> <span class='ocrx_word' id='word_1_229' title='bbox 2605 1790 2798 1841; x_wconf 90' lang='lat' dir='ltr'>autem</span> <span class='ocrx_word' id='word_1_230' title='bbox 2854 1784 3139 1842; x_wconf 89' lang='lat' dir='ltr'>succincte</span> <span class='ocrx_word' id='word_1_231' title='bbox 3192 1786 3573 1858; x_wconf 89' lang='lat' dir='ltr'>perstringere</span> <span class='ocrx_word' id='word_1_232' title='bbox 3620 1790 3849 1858; x_wconf 89' lang='lat' dir='ltr'>curavi,</span> <span class='ocrx_word' id='word_1_233' title='bbox 3891 1795 3958 1848; x_wconf 87' lang='lat' dir='ltr'>ut</span> 
     </span>
    </p>
   </div>
   <div class='ocr_carea' id='block_1_32' title="bbox 435 1873 3957 1954">
    <p class='ocr_par' dir='ltr' id='par_1_32' title="bbox 435 1873 3957 1954">
     <span class='ocr_line' id='line_1_32' title="bbox 435 1873 3957 1954; baseline 0 -16"><span class='ocrx_word' id='word_1_234' title='bbox 435 1879 590 1939; x_wconf 89' lang='lat' dir='ltr'>sedis</span> <span class='ocrx_word' id='word_1_235' title='bbox 627 1879 953 1953; x_wconf 65' lang='lat' dir='ltr'>apostolicae</span> <span class='ocrx_word' id='word_1_236' title='bbox 987 1880 1246 1949; x_wconf 82' lang='lat' dir='ltr'>redditis,</span> <span class='ocrx_word' id='word_1_237' title='bbox 1279 1879 1527 1954; x_wconf 90' lang='lat' dir='ltr'>populus</span> <span class='ocrx_word' id='word_1_238' title='bbox 1563 1881 1802 1938; x_wconf 92' lang='lat' dir='ltr'>omnino</span> <span class='ocrx_word' id='word_1_239' title='bbox 1836 1878 2151 1937; x_wconf 84' lang='lat' dir='ltr'>benevolus</span> <span class='ocrx_word' id='word_1_240' title='bbox 2172 1873 2204 1875; x_wconf 27' lang='grc' dir='ltr'>ί</span> <span class='ocrx_word' id='word_1_241' title='bbox 2234 1882 2441 1933; x_wconf 70' lang='lat' dir='ltr'>caetera</span> <span class='ocrx_word' id='word_1_242' title='bbox 2473 1873 2656 1947; x_wconf 91' lang='lat' dir='ltr'>ipsius</span> <span class='ocrx_word' id='word_1_243' title='bbox 2700 1879 2875 1947; x_wconf 86' lang='lat' dir='ltr'>gesta,</span> <span class='ocrx_word' id='word_1_244' title='bbox 2907 1875 3118 1932; x_wconf 90' lang='lat' dir='ltr'>borum</span> <span class='ocrx_word' id='word_1_245' title='bbox 3164 1874 3542 1947; x_wconf 90' lang='lat' dir='ltr'>inspectione,</span> <span class='ocrx_word' id='word_1_246' title='bbox 3586 1879 3811 1949; x_wconf 90' lang='lat' dir='ltr'>possint</span> <span class='ocrx_word' id='word_1_247' title='bbox 3848 1879 3957 1937; x_wconf 86' lang='lat' dir='ltr'>ad-</span> 
     </span>
    </p>
   </div>
   <div class='ocr_carea' id='block_1_33' title="bbox 435 1964 3958 2042">
    <p class='ocr_par' dir='ltr' id='par_1_33' title="bbox 435 1964 3958 2042">
     <span class='ocr_line' id='line_1_33' title="bbox 435 1964 3958 2042; baseline -0.001 -15"><span class='ocrx_word' id='word_1_248' title='bbox 435 1968 717 2039; x_wconf 90' lang='lat' dir='ltr'>redditur,</span> <span class='ocrx_word' id='word_1_249' title='bbox 766 1984 1004 2042; x_wconf 90' lang='lat' dir='ltr'>seseque</span> <span class='ocrx_word' id='word_1_250' title='bbox 1051 1977 1469 2028; x_wconf 79' lang='lat' dir='ltr'>exsecuturum</span> <span class='ocrx_word' id='word_1_251' title='bbox 1512 1969 1797 2042; x_wconf 89' lang='lat' dir='ltr'>quidquid</span> <span class='ocrx_word' id='word_1_252' title='bbox 1846 1969 1904 2027; x_wconf 93' lang='lat' dir='ltr'>in</span> <span class='ocrx_word' id='word_1_253' title='bbox 1909 1970 2154 2042; x_wconf 90' lang='lat' dir='ltr'>jungere</span> <span class='ocrx_word' id='word_1_254' title='bbox 2236 1967 2402 2025; x_wconf 83' lang='lat' dir='ltr'>verti.</span> <span class='ocrx_word' id='word_1_255' title='bbox 2436 1965 2558 2034; x_wconf 93' lang='lat' dir='ltr'>Quo</span> <span class='ocrx_word' id='word_1_256' title='bbox 2589 1965 2838 2039; x_wconf 88' lang='lat' dir='ltr'>denique</span> <span class='ocrx_word' id='word_1_257' title='bbox 2870 1965 3039 2024; x_wconf 88' lang='lat' dir='ltr'>modo</span> <span class='ocrx_word' id='word_1_258' title='bbox 3070 1980 3174 2037; x_wconf 87' lang='lat' dir='ltr'>ego</span> <span class='ocrx_word' id='word_1_259' title='bbox 3203 1964 3368 2023; x_wconf 92' lang='lat' dir='ltr'>illius</span> <span class='ocrx_word' id='word_1_260' title='bbox 3396 1974 3522 2025; x_wconf 89' lang='lat' dir='ltr'>acta</span> <span class='ocrx_word' id='word_1_261' title='bbox 3547 1984 3758 2041; x_wconf 88' lang='lat' dir='ltr'>queam</span> <span class='ocrx_word' id='word_1_262' title='bbox 3788 1969 3958 2042; x_wconf 89' lang='lat' dir='ltr'>sigil-</span> 
     </span>
    </p>
   </div>
   <div class='ocr_carea' id='block_1_34' title="bbox 435 2053 3958 2138">
    <p class='ocr_par' dir='ltr' id='par_1_34' title="bbox 435 2053 3958 2138">
     <span class='ocr_line' id='line_1_34' title="bbox 435 2053 3958 2138; baseline 0 -24"><span class='ocrx_word' id='word_1_263' title='bbox 435 2056 747 2138; x_wconf 75' lang='lat' dir='ltr'>placuisset</span> <span class='ocrx_word' id='word_1_264' title='bbox 774 2058 1135 2116; x_wconf 88' lang='lat' dir='ltr'>unanimiter</span> <span class='ocrx_word' id='word_1_265' title='bbox 1172 2058 1491 2132; x_wconf 90' lang='lat' dir='ltr'>pollicetur.</span> <span class='ocrx_word' id='word_1_266' title='bbox 1528 2057 1677 2128; x_wconf 87' lang='lat' dir='ltr'>Quid</span> <span class='ocrx_word' id='word_1_267' title='bbox 1705 2059 1904 2117; x_wconf 89' lang='lat' dir='ltr'>multis</span> <span class='ocrx_word' id='word_1_268' title='bbox 1943 2060 2153 2117; x_wconf 90' lang='lat' dir='ltr'>immo—</span> <span class='ocrx_word' id='word_1_269' title='bbox 2238 2055 2397 2113; x_wconf 90' lang='lat' dir='ltr'>latim</span> <span class='ocrx_word' id='word_1_270' title='bbox 2432 2053 2777 2127; x_wconf 85' lang='lat' dir='ltr'>exprimere,</span> <span class='ocrx_word' id='word_1_271' title='bbox 2804 2053 2909 2127; x_wconf 91' lang='lat' dir='ltr'>qui</span> <span class='ocrx_word' id='word_1_272' title='bbox 2938 2068 3237 2128; x_wconf 89' lang='lat' dir='ltr'>nunquam</span> <span class='ocrx_word' id='word_1_273' title='bbox 3264 2054 3324 2111; x_wconf 90' lang='lat' dir='ltr'>in</span> <span class='ocrx_word' id='word_1_274' title='bbox 3352 2061 3548 2114; x_wconf 90' lang='lat' dir='ltr'>sancta</span> <span class='ocrx_word' id='word_1_275' title='bbox 3579 2056 3835 2117; x_wconf 89' lang='lat' dir='ltr'>Ecclesia</span> <span class='ocrx_word' id='word_1_276' title='bbox 3863 2058 3958 2115; x_wconf 90' lang='lat' dir='ltr'>de-</span> 
     </span>
    </p>
   </div>
   <div class='ocr_carea' id='block_1_35' title="bbox 438 2142 3960 2221">
    <p class='ocr_par' dir='ltr' id='par_1_35' title="bbox 438 2142 3960 2221">
     <span class='ocr_line' id='line_1_35' title="bbox 438 2142 3960 2221; baseline 0 -16"><span class='ocrx_word' id='word_1_277' title='bbox 438 2146 578 2205; x_wconf 87' lang='lat' dir='ltr'>ror?</span> <span class='ocrx_word' id='word_1_278' title='bbox 617 2144 796 2204; x_wconf 87' lang='lat' dir='ltr'>Adest</span> <span class='ocrx_word' id='word_1_279' title='bbox 835 2146 1176 2205; x_wconf 90' lang='lat' dir='ltr'>clericorum</span> <span class='ocrx_word' id='word_1_280' title='bbox 1224 2147 1618 2221; x_wconf 88' lang='lat' dir='ltr'>perplurimus</span> <span class='ocrx_word' id='word_1_281' title='bbox 1668 2148 1768 2206; x_wconf 84' lang='lat' dir='ltr'>ilfe</span> <span class='ocrx_word' id='word_1_282' title='bbox 1811 2155 2151 2219; x_wconf 91' lang='lat' dir='ltr'>conventus,</span> <span class='ocrx_word' id='word_1_283' title='bbox 2241 2143 2489 2213; x_wconf 85' lang='lat' dir='ltr'>sistebat,</span> <span class='ocrx_word' id='word_1_284' title='bbox 2590 2142 2873 2217; x_wconf 91' lang='lat' dir='ltr'>quidquid</span> <span class='ocrx_word' id='word_1_285' title='bbox 2967 2157 3232 2216; x_wconf 89' lang='lat' dir='ltr'>pravum,</span> <span class='ocrx_word' id='word_1_286' title='bbox 3312 2145 3596 2218; x_wconf 91' lang='lat' dir='ltr'>quidquid</span> <span class='ocrx_word' id='word_1_287' title='bbox 3699 2146 3960 2206; x_wconf 90' lang='lat' dir='ltr'>insolens</span> 
     </span>
    </p>
   </div>
   <div class='ocr_carea' id='block_1_36' title="bbox 439 2229 3961 2312">
    <p class='ocr_par' dir='ltr' id='par_1_36' title="bbox 439 2229 3961 2312">
     <span class='ocr_line' id='line_1_36' title="bbox 439 2229 3961 2312; baseline -0.001 -17"><span class='ocrx_word' id='word_1_288' title='bbox 439 2236 543 2311; x_wconf 90' lang='lat' dir='ltr'>qui</span> <span class='ocrx_word' id='word_1_289' title='bbox 584 2252 659 2294; x_wconf 85' lang='lat' dir='ltr'>ex</span> <span class='ocrx_word' id='word_1_290' title='bbox 694 2236 858 2294; x_wconf 91' lang='lat' dir='ltr'>omni</span> <span class='ocrx_word' id='word_1_291' title='bbox 887 2236 1281 2307; x_wconf 62' lang='lat' dir='ltr'>{Ambrosiana</span> <span class='ocrx_word' id='word_1_292' title='bbox 1322 2238 1612 2311; x_wconf 89' lang='lat' dir='ltr'>parochia,</span> <span class='ocrx_word' id='word_1_293' title='bbox 1650 2239 1816 2312; x_wconf 92' lang='lat' dir='ltr'>quasi</span> <span class='ocrx_word' id='word_1_294' title='bbox 1863 2239 1935 2296; x_wconf 88' lang='lat' dir='ltr'>ad</span> <span class='ocrx_word' id='word_1_295' title='bbox 1980 2253 2155 2312; x_wconf 76' lang='lat' dir='ltr'>syno-</span> <span class='ocrx_word' id='word_1_296' title='bbox 2240 2229 2563 2303; x_wconf 89' lang='lat' dir='ltr'>emergehat</span> <span class='ocrx_word' id='word_1_297' title='bbox 2582 2237 2865 2299; x_wconf 91' lang='lat' dir='ltr'>evertere;</span> <span class='ocrx_word' id='word_1_298' title='bbox 2890 2230 3176 2303; x_wconf 90' lang='lat' dir='ltr'>quidquid</span> <span class='ocrx_word' id='word_1_299' title='bbox 3191 2246 3324 2289; x_wconf 91' lang='lat' dir='ltr'>vero</span> <span class='ocrx_word' id='word_1_300' title='bbox 3341 2232 3503 2305; x_wconf 90' lang='lat' dir='ltr'>pium</span> <span class='ocrx_word' id='word_1_301' title='bbox 3529 2249 3593 2291; x_wconf 91' lang='lat' dir='ltr'>ac</span> <span class='ocrx_word' id='word_1_302' title='bbox 3616 2233 3961 2308; x_wconf 89' lang='lat' dir='ltr'>religiosum</span> 
     </span>
    </p>
   </div>
   <div class='ocr_carea' id='block_1_37' title="bbox 437 2317 3962 2400">
    <p class='ocr_par' dir='ltr' id='par_1_37' title="bbox 437 2317 3962 2400">
     <span class='ocr_line' id='line_1_37' title="bbox 437 2317 3962 2400; baseline 0 -15"><span class='ocrx_word' id='word_1_303' title='bbox 437 2327 603 2399; x_wconf 90' lang='lat' dir='ltr'>dum,</span> <span class='ocrx_word' id='word_1_304' title='bbox 634 2326 819 2386; x_wconf 85' lang='lat' dir='ltr'>fuerat</span> <span class='ocrx_word' id='word_1_305' title='bbox 875 2332 1244 2385; x_wconf 82' lang='lat' dir='ltr'>convocatus.</span> <span class='ocrx_word' id='word_1_306' title='bbox 1280 2325 1680 2385; x_wconf 84' lang='lat' dir='ltr'>Communiter</span> <span class='ocrx_word' id='word_1_307' title='bbox 1726 2343 1862 2400; x_wconf 91' lang='lat' dir='ltr'>ergo</span> <span class='ocrx_word' id='word_1_308' title='bbox 1899 2334 1955 2385; x_wconf 90' lang='lat' dir='ltr'>et</span> <span class='ocrx_word' id='word_1_309' title='bbox 1990 2327 2155 2400; x_wconf 84' lang='lat' dir='ltr'>sigil-</span> <span class='ocrx_word' id='word_1_310' title='bbox 2240 2320 2641 2378; x_wconf 87' lang='lat' dir='ltr'>advertebatur</span> <span class='ocrx_word' id='word_1_311' title='bbox 2665 2319 2737 2376; x_wconf 91' lang='lat' dir='ltr'>ad</span> <span class='ocrx_word' id='word_1_312' title='bbox 2761 2317 2973 2379; x_wconf 86' lang='lat' dir='ltr'>Christi</span> <span class='ocrx_word' id='word_1_313' title='bbox 3000 2320 3245 2394; x_wconf 86' lang='lat' dir='ltr'>gloriam</span> <span class='ocrx_word' id='word_1_314' title='bbox 3273 2323 3621 2383; x_wconf 85' lang='lat' dir='ltr'>instituere?</span> <span class='ocrx_word' id='word_1_315' title='bbox 3647 2325 3713 2383; x_wconf 90' lang='lat' dir='ltr'>In</span> <span class='ocrx_word' id='word_1_316' title='bbox 3746 2327 3962 2400; x_wconf 90' lang='lat' dir='ltr'>quibus</span> 
     </span>
    </p>
   </div>
   <div class='ocr_carea' id='block_1_38' title="bbox 440 2408 3958 2489">
    <p class='ocr_par' dir='ltr' id='par_1_38' title="bbox 440 2408 3958 2489">
     <span class='ocr_line' id='line_1_38' title="bbox 440 2408 3958 2489; baseline 0.001 -17"><span class='ocrx_word' id='word_1_317' title='bbox 440 2415 605 2474; x_wconf 91' lang='lat' dir='ltr'>latim</span> <span class='ocrx_word' id='word_1_318' title='bbox 656 2414 905 2489; x_wconf 90' lang='lat' dir='ltr'>quisque</span> <span class='ocrx_word' id='word_1_319' title='bbox 959 2414 1334 2488; x_wconf 90' lang='lat' dir='ltr'>perquiritur,</span> <span class='ocrx_word' id='word_1_320' title='bbox 1380 2421 1433 2473; x_wconf 90' lang='lat' dir='ltr'>et</span> <span class='ocrx_word' id='word_1_321' title='bbox 1477 2417 1579 2474; x_wconf 85' lang='lat' dir='ltr'>vix</span> <span class='ocrx_word' id='word_1_322' title='bbox 1625 2432 1655 2474; x_wconf 93' lang='lat' dir='ltr'>e</span> <span class='ocrx_word' id='word_1_323' title='bbox 1713 2423 1866 2474; x_wconf 85' lang='lat' dir='ltr'>tanto</span> <span class='ocrx_word' id='word_1_324' title='bbox 1913 2431 2159 2474; x_wconf 90' lang='lat' dir='ltr'>numero</span> <span class='ocrx_word' id='word_1_325' title='bbox 2243 2425 2379 2468; x_wconf 89' lang='lat' dir='ltr'>sane</span> <span class='ocrx_word' id='word_1_326' title='bbox 2406 2408 2714 2483; x_wconf 91' lang='lat' dir='ltr'>operandis</span> <span class='ocrx_word' id='word_1_327' title='bbox 2742 2424 2858 2466; x_wconf 92' lang='lat' dir='ltr'>non</span> <span class='ocrx_word' id='word_1_328' title='bbox 2892 2424 3068 2482; x_wconf 88' lang='lat' dir='ltr'>parva</span> <span class='ocrx_word' id='word_1_329' title='bbox 3107 2425 3243 2470; x_wconf 91' lang='lat' dir='ltr'>eum</span> <span class='ocrx_word' id='word_1_330' title='bbox 3269 2412 3512 2471; x_wconf 87' lang='lat' dir='ltr'>facultas</span> <span class='ocrx_word' id='word_1_331' title='bbox 3548 2414 3838 2473; x_wconf 89' lang='lat' dir='ltr'>divinitus</span> <span class='ocrx_word' id='word_1_332' title='bbox 3865 2433 3958 2476; x_wconf 90' lang='lat' dir='ltr'>co-</span> 
     </span>
    </p>
   </div>
   <div class='ocr_carea' id='block_1_39' title="bbox 442 2498 3957 2580">
    <p class='ocr_par' dir='ltr' id='par_1_39' title="bbox 442 2498 3957 2580">
     <span class='ocr_line' id='line_1_39' title="bbox 442 2498 3957 2580; baseline 0.001 -17"><span class='ocrx_word' id='word_1_333' title='bbox 442 2504 735 2579; x_wconf 83' lang='lat' dir='ltr'>quiSpiam</span> <span class='ocrx_word' id='word_1_334' title='bbox 763 2510 1060 2578; x_wconf 87' lang='lat' dir='ltr'>promotus</span> <span class='ocrx_word' id='word_1_335' title='bbox 1100 2503 1172 2562; x_wconf 89' lang='lat' dir='ltr'>ad</span> <span class='ocrx_word' id='word_1_336' title='bbox 1210 2503 1444 2562; x_wconf 89' lang='lat' dir='ltr'>ordines</span> <span class='ocrx_word' id='word_1_337' title='bbox 1484 2504 1609 2563; x_wconf 90' lang='lat' dir='ltr'>sine</span> <span class='ocrx_word' id='word_1_338' title='bbox 1645 2505 1826 2578; x_wconf 91' lang='lat' dir='ltr'>pretio</span> <span class='ocrx_word' id='word_1_339' title='bbox 1855 2506 2156 2579; x_wconf 86' lang='lat' dir='ltr'>reperitur.</span> <span class='ocrx_word' id='word_1_340' title='bbox 2243 2498 2571 2569; x_wconf 90' lang='lat' dir='ltr'>mitabatur,</span> <span class='ocrx_word' id='word_1_341' title='bbox 2603 2516 2739 2559; x_wconf 92' lang='lat' dir='ltr'>cum</span> <span class='ocrx_word' id='word_1_342' title='bbox 2777 2500 2963 2573; x_wconf 92' lang='lat' dir='ltr'>ipsius</span> <span class='ocrx_word' id='word_1_343' title='bbox 2987 2502 3343 2560; x_wconf 89' lang='lat' dir='ltr'>auctoritatis</span> <span class='ocrx_word' id='word_1_344' title='bbox 3380 2520 3622 2563; x_wconf 87' lang='lat' dir='ltr'>censura</span> <span class='ocrx_word' id='word_1_345' title='bbox 3663 2508 3957 2580; x_wconf 89' lang='lat' dir='ltr'>penderet,</span> 
     </span>
    </p>
   </div>
   <div class='ocr_carea' id='block_1_40' title="bbox 444 2590 3963 2672">
    <p class='ocr_par' dir='ltr' id='par_1_40' title="bbox 444 2590 3963 2672">
     <span class='ocr_line' id='line_1_40' title="bbox 444 2590 3963 2672; baseline 0 -17"><span class='ocrx_word' id='word_1_346' title='bbox 444 2596 554 2655; x_wconf 89' lang='lat' dir='ltr'>Hic</span> <span class='ocrx_word' id='word_1_347' title='bbox 580 2596 773 2670; x_wconf 88' lang='lat' dir='ltr'>itaque</span> <span class='ocrx_word' id='word_1_348' title='bbox 801 2600 945 2668; x_wconf 93' lang='lat' dir='ltr'>quot</span> <span class='ocrx_word' id='word_1_349' title='bbox 969 2593 1123 2653; x_wconf 92' lang='lat' dir='ltr'>curis</span> <span class='ocrx_word' id='word_1_350' title='bbox 1152 2594 1423 2665; x_wconf 90' lang='lat' dir='ltr'>afﬂictus,</span> <span class='ocrx_word' id='word_1_351' title='bbox 1460 2605 1599 2670; x_wconf 92' lang='lat' dir='ltr'>quot</span> <span class='ocrx_word' id='word_1_352' title='bbox 1639 2598 1713 2655; x_wconf 90' lang='lat' dir='ltr'>sit</span> <span class='ocrx_word' id='word_1_353' title='bbox 1747 2597 2161 2672; x_wconf 88' lang='lat' dir='ltr'>cogitationum</span> <span class='ocrx_word' id='word_1_354' title='bbox 2243 2592 2386 2667; x_wconf 91' lang='lat' dir='ltr'>quid</span> <span class='ocrx_word' id='word_1_355' title='bbox 2424 2592 2485 2650; x_wconf 92' lang='lat' dir='ltr'>in</span> <span class='ocrx_word' id='word_1_356' title='bbox 2515 2607 2581 2649; x_wconf 88' lang='lat' dir='ltr'>ea</span> <span class='ocrx_word' id='word_1_357' title='bbox 2616 2590 3062 2663; x_wconf 88' lang='lat' dir='ltr'>admittendum,</span> <span class='ocrx_word' id='word_1_358' title='bbox 3097 2592 3312 2667; x_wconf 90' lang='lat' dir='ltr'>quidve</span> <span class='ocrx_word' id='word_1_359' title='bbox 3343 2595 3628 2666; x_wconf 88' lang='lat' dir='ltr'>agendum</span> <span class='ocrx_word' id='word_1_360' title='bbox 3669 2597 3963 2656; x_wconf 88' lang='lat' dir='ltr'>canonicis</span> 
     </span>
    </p>
   </div>
   <div class='ocr_carea' id='block_1_41' title="bbox 440 2679 3959 2762">
    <p class='ocr_par' dir='ltr' id='par_1_41' title="bbox 440 2679 3959 2762">
     <span class='ocr_line' id='line_1_41' title="bbox 440 2679 3959 2762; baseline 0 -17"><span class='ocrx_word' id='word_1_361' title='bbox 440 2685 697 2746; x_wconf 90' lang='lat' dir='ltr'>stimulis</span> <span class='ocrx_word' id='word_1_362' title='bbox 728 2684 992 2743; x_wconf 66' lang='lat' dir='ltr'>taediatus</span> <span class='ocrx_word' id='word_1_363' title='bbox 1027 2685 1160 2760; x_wconf 91' lang='lat' dir='ltr'>quis</span> <span class='ocrx_word' id='word_1_364' title='bbox 1189 2685 1492 2759; x_wconf 84' lang='lat' dir='ltr'>explicet?</span> <span class='ocrx_word' id='word_1_365' title='bbox 1529 2687 1671 2745; x_wconf 91' lang='lat' dir='ltr'>Tam</span> <span class='ocrx_word' id='word_1_366' title='bbox 1704 2687 1834 2745; x_wconf 69' lang='lat' dir='ltr'>latae</span> <span class='ocrx_word' id='word_1_367' title='bbox 1873 2688 2158 2762; x_wconf 90' lang='lat' dir='ltr'>siquidem</span> <span class='ocrx_word' id='word_1_368' title='bbox 2245 2682 2642 2741; x_wconf 88' lang='lat' dir='ltr'>sanctionibus</span> <span class='ocrx_word' id='word_1_369' title='bbox 2666 2682 2829 2739; x_wconf 89' lang='lat' dir='ltr'>foret.</span> <span class='ocrx_word' id='word_1_370' title='bbox 2862 2679 3017 2738; x_wconf 91' lang='lat' dir='ltr'>Huic</span> <span class='ocrx_word' id='word_1_371' title='bbox 3060 2682 3295 2754; x_wconf 91' lang='lat' dir='ltr'>quidem</span> <span class='ocrx_word' id='word_1_372' title='bbox 3336 2683 3643 2744; x_wconf 86' lang='lat' dir='ltr'>assertioni</span> <span class='ocrx_word' id='word_1_373' title='bbox 3691 2692 3805 2745; x_wconf 86' lang='lat' dir='ltr'>tota</span> <span class='ocrx_word' id='word_1_374' title='bbox 3844 2687 3959 2746; x_wconf 80' lang='lat' dir='ltr'>Ro-</span> 
     </span>
    </p>
   </div>
   <div class='ocr_carea' id='block_1_42' title="bbox 441 2768 3963 2847">
    <p class='ocr_par' dir='ltr' id='par_1_42' title="bbox 441 2768 3963 2847">
     <span class='ocr_line' id='line_1_42' title="bbox 441 2768 3963 2847; baseline 0 -14"><span class='ocrx_word' id='word_1_375' title='bbox 441 2774 727 2843; x_wconf 68' lang='lat' dir='ltr'>dioecesis,</span> <span class='ocrx_word' id='word_1_376' title='bbox 756 2780 868 2831; x_wconf 89' lang='lat' dir='ltr'>tam</span> <span class='ocrx_word' id='word_1_377' title='bbox 910 2773 1124 2832; x_wconf 90' lang='lat' dir='ltr'>nobilis</span> <span class='ocrx_word' id='word_1_378' title='bbox 1168 2773 1331 2832; x_wconf 88' lang='lat' dir='ltr'>urbis</span> <span class='ocrx_word' id='word_1_379' title='bbox 1374 2791 1578 2835; x_wconf 85' lang='lat' dir='ltr'>omnes</span> <span class='ocrx_word' id='word_1_380' title='bbox 1624 2776 1911 2847; x_wconf 87' lang='lat' dir='ltr'>ecclesias,</span> <span class='ocrx_word' id='word_1_381' title='bbox 1942 2783 2005 2834; x_wconf 90' lang='lat' dir='ltr'>ut</span> <span class='ocrx_word' id='word_1_382' title='bbox 2045 2792 2164 2834; x_wconf 91' lang='lat' dir='ltr'>ver-</span> <span class='ocrx_word' id='word_1_383' title='bbox 2244 2787 2434 2830; x_wconf 70' lang='lat' dir='ltr'>mante</span> <span class='ocrx_word' id='word_1_384' title='bbox 2454 2770 2614 2829; x_wconf 92' lang='lat' dir='ltr'>urbis</span> <span class='ocrx_word' id='word_1_385' title='bbox 2637 2773 2940 2827; x_wconf 88' lang='lat' dir='ltr'>attestatur</span> <span class='ocrx_word' id='word_1_386' title='bbox 2959 2768 3233 2839; x_wconf 89' lang='lat' dir='ltr'>Ecclesia,</span> <span class='ocrx_word' id='word_1_387' title='bbox 3257 2786 3390 2845; x_wconf 60' lang='lat' dir='ltr'>qua;</span> <span class='ocrx_word' id='word_1_388' title='bbox 3411 2773 3662 2845; x_wconf 91' lang='lat' dir='ltr'>quodam</span> <span class='ocrx_word' id='word_1_389' title='bbox 3683 2774 3963 2834; x_wconf 67' lang='lat' dir='ltr'>doctrinae</span> 
     </span>
    </p>
   </div>
   <div class='ocr_carea' id='block_1_43' title="bbox 442 2860 3961 2940">
    <p class='ocr_par' dir='ltr' id='par_1_43' title="bbox 442 2860 3961 2940">
     <span class='ocr_line' id='line_1_43' title="bbox 442 2860 3961 2940; baseline 0.001 -18"><span class='ocrx_word' id='word_1_390' title='bbox 442 2864 535 2923; x_wconf 89' lang='lat' dir='ltr'>bis</span> <span class='ocrx_word' id='word_1_391' title='bbox 579 2870 709 2922; x_wconf 90' lang='lat' dir='ltr'>utar</span> <span class='ocrx_word' id='word_1_392' title='bbox 752 2862 959 2934; x_wconf 89' lang='lat' dir='ltr'>ipsius,</span> <span class='ocrx_word' id='word_1_393' title='bbox 998 2863 1174 2921; x_wconf 92' lang='lat' dir='ltr'>sacris</span> <span class='ocrx_word' id='word_1_394' title='bbox 1222 2864 1510 2937; x_wconf 80' lang='lat' dir='ltr'>mysteriis</span> <span class='ocrx_word' id='word_1_395' title='bbox 1560 2866 1986 2940; x_wconf 90' lang='lat' dir='ltr'>quodammodo</span> <span class='ocrx_word' id='word_1_396' title='bbox 2031 2881 2161 2939; x_wconf 91' lang='lat' dir='ltr'>pro-</span> <span class='ocrx_word' id='word_1_397' title='bbox 2245 2862 2407 2920; x_wconf 88' lang='lat' dir='ltr'>illius</span> <span class='ocrx_word' id='word_1_398' title='bbox 2431 2860 3045 2936; x_wconf 81' lang='lat' dir='ltr'>splendoreillustrata</span> <span class='ocrx_word' id='word_1_399' title='bbox 3070 2862 3310 2936; x_wconf 87' lang='lat' dir='ltr'>ejusque</span> <span class='ocrx_word' id='word_1_400' title='bbox 3332 2864 3667 2925; x_wconf 89' lang='lat' dir='ltr'>auctoritate</span> <span class='ocrx_word' id='word_1_401' title='bbox 3683 2866 3961 2937; x_wconf 87' lang='lat' dir='ltr'>subnixa,</span> 
     </span>
    </p>
   </div>
   <div class='ocr_carea' id='block_1_44' title="bbox 443 2950 3965 3030">
    <p class='ocr_par' dir='ltr' id='par_1_44' title="bbox 443 2950 3965 3030">
     <span class='ocr_line' id='line_1_44' title="bbox 443 2950 3965 3030; baseline 0.001 -18"><span class='ocrx_word' id='word_1_402' title='bbox 443 2953 665 3024; x_wconf 88' lang='lat' dir='ltr'>fanare,</span> <span class='ocrx_word' id='word_1_403' title='bbox 706 2951 1047 3011; x_wconf 62' lang='lat' dir='ltr'>Christianae</span> <span class='ocrx_word' id='word_1_404' title='bbox 1084 2952 1390 3013; x_wconf 89' lang='lat' dir='ltr'>videbatur</span> <span class='ocrx_word' id='word_1_405' title='bbox 1424 2955 1724 3029; x_wconf 89' lang='lat' dir='ltr'>religionis</span> <span class='ocrx_word' id='word_1_406' title='bbox 1765 2956 2007 3014; x_wconf 88' lang='lat' dir='ltr'>eversio.</span> <span class='ocrx_word' id='word_1_407' title='bbox 2052 2954 2164 3014; x_wconf 85' lang='lat' dir='ltr'>Sed</span> <span class='ocrx_word' id='word_1_408' title='bbox 2245 2950 2433 3023; x_wconf 89' lang='lat' dir='ltr'>ipsius</span> <span class='ocrx_word' id='word_1_409' title='bbox 2479 2951 2749 3010; x_wconf 89' lang='lat' dir='ltr'>abscessu</span> <span class='ocrx_word' id='word_1_410' title='bbox 2799 2959 2854 3010; x_wconf 92' lang='lat' dir='ltr'>et</span> <span class='ocrx_word' id='word_1_411' title='bbox 2904 2952 2978 3009; x_wconf 87' lang='lat' dir='ltr'>ab</span> <span class='ocrx_word' id='word_1_412' title='bbox 3019 2953 3440 3012; x_wconf 88' lang='lat' dir='ltr'>exhortationis</span> <span class='ocrx_word' id='word_1_413' title='bbox 3490 2955 3663 3014; x_wconf 90' lang='lat' dir='ltr'>verbo</span> <span class='ocrx_word' id='word_1_414' title='bbox 3709 2972 3771 3015; x_wconf 92' lang='lat' dir='ltr'>se</span> <span class='ocrx_word' id='word_1_415' title='bbox 3814 2971 3965 3030; x_wconf 91' lang='lat' dir='ltr'>pene</span> 
     </span>
    </p>
   </div>
   <div class='ocr_carea' id='block_1_45' title="bbox 445 3039 3966 3117">
    <p class='ocr_par' dir='ltr' id='par_1_45' title="bbox 445 3039 3966 3117">
     <span class='ocr_line' id='line_1_45' title="bbox 445 3039 3966 3117; baseline 0.001 -15"><span class='ocrx_word' id='word_1_416' title='bbox 445 3052 502 3102; x_wconf 90' lang='lat' dir='ltr'>et</span> <span class='ocrx_word' id='word_1_417' title='bbox 548 3041 865 3115; x_wconf 89' lang='lat' dir='ltr'>litigiosum</span> <span class='ocrx_word' id='word_1_418' title='bbox 917 3050 1039 3100; x_wconf 86' lang='lat' dir='ltr'>erat</span> <span class='ocrx_word' id='word_1_419' title='bbox 1084 3042 1383 3115; x_wconf 88' lang='lat' dir='ltr'>indulgere</span> <span class='ocrx_word' id='word_1_420' title='bbox 1436 3044 1654 3117; x_wconf 87' lang='lat' dir='ltr'>paucis,</span> <span class='ocrx_word' id='word_1_421' title='bbox 1686 3060 1819 3102; x_wconf 93' lang='lat' dir='ltr'>cum</span> <span class='ocrx_word' id='word_1_422' title='bbox 1872 3046 1989 3103; x_wconf 90' lang='lat' dir='ltr'>fere</span> <span class='ocrx_word' id='word_1_423' title='bbox 2036 3060 2162 3104; x_wconf 90' lang='lat' dir='ltr'>om-</span> <span class='ocrx_word' id='word_1_424' title='bbox 2247 3039 2627 3113; x_wconf 90' lang='lat' dir='ltr'>obmutuisse,</span> <span class='ocrx_word' id='word_1_425' title='bbox 2673 3047 2730 3098; x_wconf 89' lang='lat' dir='ltr'>et</span> <span class='ocrx_word' id='word_1_426' title='bbox 2770 3041 3331 3116; x_wconf 90' lang='lat' dir='ltr'>irrecompensabilis</span> <span class='ocrx_word' id='word_1_427' title='bbox 3376 3045 3729 3104; x_wconf 89' lang='lat' dir='ltr'>auctoritatis</span> <span class='ocrx_word' id='word_1_428' title='bbox 3772 3047 3966 3104; x_wconf 88' lang='lat' dir='ltr'>muni-</span> 
     </span>
    </p>
   </div>
   <div class='ocr_carea' id='block_1_46' title="bbox 447 3130 3967 3207">
    <p class='ocr_par' dir='ltr' id='par_1_46' title="bbox 447 3130 3967 3207">
     <span class='ocr_line' id='line_1_46' title="bbox 447 3130 3967 3207; baseline 0.001 -16"><span class='ocrx_word' id='word_1_429' title='bbox 447 3131 613 3191; x_wconf 88' lang='lat' dir='ltr'>nium</span> <span class='ocrx_word' id='word_1_430' title='bbox 640 3137 787 3189; x_wconf 88' lang='lat' dir='ltr'>esset</span> <span class='ocrx_word' id='word_1_431' title='bbox 825 3130 992 3204; x_wconf 90' lang='lat' dir='ltr'>culpa</span> <span class='ocrx_word' id='word_1_432' title='bbox 1030 3132 1396 3203; x_wconf 84' lang='lat' dir='ltr'>communis;</span> <span class='ocrx_word' id='word_1_433' title='bbox 1424 3149 1531 3190; x_wconf 89' lang='lat' dir='ltr'>nec</span> <span class='ocrx_word' id='word_1_434' title='bbox 1571 3132 1899 3205; x_wconf 90' lang='lat' dir='ltr'>legitimum</span> <span class='ocrx_word' id='word_1_435' title='bbox 1939 3133 2168 3192; x_wconf 87' lang='lat' dir='ltr'>videba-</span> <span class='ocrx_word' id='word_1_436' title='bbox 2185 3172 2231 3207; x_wconf 63' lang='grc' dir='ltr'>η</span> <span class='ocrx_word' id='word_1_437' title='bbox 2250 3130 2405 3187; x_wconf 91' lang='lat' dir='ltr'>mine</span> <span class='ocrx_word' id='word_1_438' title='bbox 2427 3131 2679 3191; x_wconf 89' lang='lat' dir='ltr'>caruisse</span> <span class='ocrx_word' id='word_1_439' title='bbox 2707 3130 2981 3204; x_wconf 91' lang='lat' dir='ltr'>deploret.</span> <span class='ocrx_word' id='word_1_440' title='bbox 3013 3131 3180 3191; x_wconf 90' lang='lat' dir='ltr'>Illius</span> <span class='ocrx_word' id='word_1_441' title='bbox 3202 3150 3411 3207; x_wconf 89' lang='lat' dir='ltr'>nempe</span> <span class='ocrx_word' id='word_1_442' title='bbox 3432 3134 3741 3194; x_wconf 87' lang='lat' dir='ltr'>auctoritas</span> <span class='ocrx_word' id='word_1_443' title='bbox 3759 3151 3967 3195; x_wconf 89' lang='lat' dir='ltr'>omnes</span> 
     </span>
    </p>
   </div>
   <div class='ocr_carea' id='block_1_47' title="bbox 449 3220 3969 3297">
    <p class='ocr_par' dir='ltr' id='par_1_47' title="bbox 449 3220 3969 3297">
     <span class='ocr_line' id='line_1_47' title="bbox 449 3220 3969 3297; baseline 0 -14"><span class='ocrx_word' id='word_1_444' title='bbox 449 3230 548 3283; x_wconf 91' lang='lat' dir='ltr'>tur</span> <span class='ocrx_word' id='word_1_445' title='bbox 583 3221 872 3281; x_wconf 89' lang='lat' dir='ltr'>diversam</span> <span class='ocrx_word' id='word_1_446' title='bbox 919 3221 982 3280; x_wconf 91' lang='lat' dir='ltr'>in</span> <span class='ocrx_word' id='word_1_447' title='bbox 1022 3238 1119 3282; x_wconf 92' lang='lat' dir='ltr'>eos</span> <span class='ocrx_word' id='word_1_448' title='bbox 1159 3223 1390 3295; x_wconf 91' lang='lat' dir='ltr'>prodire</span> <span class='ocrx_word' id='word_1_449' title='bbox 1435 3222 1801 3293; x_wconf 89' lang='lat' dir='ltr'>sententiam,</span> <span class='ocrx_word' id='word_1_450' title='bbox 1838 3239 1972 3282; x_wconf 91' lang='lat' dir='ltr'>cum</span> <span class='ocrx_word' id='word_1_451' title='bbox 2019 3220 2582 3284; x_wconf 72' lang='lat' dir='ltr'>esset“confutabat</span> <span class='ocrx_word' id='word_1_452' title='bbox 2662 3236 2882 3281; x_wconf 90' lang='lat' dir='ltr'>errores</span> <span class='ocrx_word' id='word_1_453' title='bbox 2957 3244 2970 3279; x_wconf 89' lang='lat'><strong>:</strong></span> <span class='ocrx_word' id='word_1_454' title='bbox 3062 3220 3513 3297; x_wconf 87' lang='lat' dir='ltr'>vacillantesque</span> <span class='ocrx_word' id='word_1_455' title='bbox 3612 3225 3969 3284; x_wconf 83' lang='lat' dir='ltr'>confirmans</span> 
     </span>
    </p>
   </div>
   <div class='ocr_carea' id='block_1_48' title="bbox 446 3310 3970 3385">
    <p class='ocr_par' dir='ltr' id='par_1_48' title="bbox 446 3310 3970 3385">
     <span class='ocr_line' id='line_1_48' title="bbox 446 3310 3970 3385; baseline 0.001 -13"><span class='ocrx_word' id='word_1_456' title='bbox 446 3328 565 3372; x_wconf 87' lang='lat' dir='ltr'>una</span> <span class='ocrx_word' id='word_1_457' title='bbox 619 3311 891 3371; x_wconf 90' lang='lat' dir='ltr'>omnibus</span> <span class='ocrx_word' id='word_1_458' title='bbox 937 3326 1128 3371; x_wconf 91' lang='lat' dir='ltr'>causa.</span> <span class='ocrx_word' id='word_1_459' title='bbox 1183 3312 1305 3370; x_wconf 90' lang='lat' dir='ltr'>Hoc</span> <span class='ocrx_word' id='word_1_460' title='bbox 1360 3311 1537 3371; x_wconf 87' lang='lat' dir='ltr'>etiam</span> <span class='ocrx_word' id='word_1_461' title='bbox 1577 3329 1710 3371; x_wconf 90' lang='lat' dir='ltr'>suas</span> <span class='ocrx_word' id='word_1_462' title='bbox 1757 3314 2168 3385; x_wconf 88' lang='lat' dir='ltr'>augmentahat</span> <span class='ocrx_word' id='word_1_463' title='bbox 2247 3310 2519 3384; x_wconf 89' lang='lat' dir='ltr'>ambigua</span> <span class='ocrx_word' id='word_1_464' title='bbox 2549 3310 2918 3382; x_wconf 53' lang='lat' dir='ltr'>,stabiliebat,</span> <span class='ocrx_word' id='word_1_465' title='bbox 2956 3310 3313 3384; x_wconf 88' lang='lat' dir='ltr'>litigantium</span> <span class='ocrx_word' id='word_1_466' title='bbox 3368 3329 3468 3372; x_wconf 89' lang='lat' dir='ltr'>ora</span> <span class='ocrx_word' id='word_1_467' title='bbox 3518 3314 3819 3373; x_wconf 87' lang='lat' dir='ltr'>refrenans</span> <span class='ocrx_word' id='word_1_468' title='bbox 3874 3332 3970 3375; x_wconf 92' lang='lat' dir='ltr'>su-</span> 
     </span>
    </p>
   </div>
   <div class='ocr_carea' id='block_1_49' title="bbox 447 3400 3969 3480">
    <p class='ocr_par' dir='ltr' id='par_1_49' title="bbox 447 3400 3969 3480">
     <span class='ocr_line' id='line_1_49' title="bbox 447 3400 3969 3480; baseline 0.001 -20"><span class='ocrx_word' id='word_1_469' title='bbox 447 3400 761 3473; x_wconf 83' lang='lat' dir='ltr'>angustias.</span> <span class='ocrx_word' id='word_1_470' title='bbox 799 3400 946 3470; x_wconf 88' lang='lat' dir='ltr'>Quia</span> <span class='ocrx_word' id='word_1_471' title='bbox 974 3401 1088 3459; x_wconf 90' lang='lat' dir='ltr'>nisi</span> <span class='ocrx_word' id='word_1_472' title='bbox 1118 3401 1609 3475; x_wconf 90' lang='lat' dir='ltr'>qualemcumque</span> <span class='ocrx_word' id='word_1_473' title='bbox 1643 3402 1955 3460; x_wconf 90' lang='lat' dir='ltr'>decisionis</span> <span class='ocrx_word' id='word_1_474' title='bbox 1978 3403 2164 3462; x_wconf 89' lang='lat' dir='ltr'>calcu-</span> <span class='ocrx_word' id='word_1_475' title='bbox 2249 3402 2558 3475; x_wconf 90' lang='lat' dir='ltr'>perborum</span> <span class='ocrx_word' id='word_1_476' title='bbox 2581 3402 2727 3460; x_wconf 87' lang='lat' dir='ltr'>colla</span> <span class='ocrx_word' id='word_1_477' title='bbox 2756 3401 3070 3476; x_wconf 88' lang='lat' dir='ltr'>premebat,</span> <span class='ocrx_word' id='word_1_478' title='bbox 3104 3410 3442 3480; x_wconf 89' lang='lat' dir='ltr'>mentesque</span> <span class='ocrx_word' id='word_1_479' title='bbox 3472 3404 3793 3464; x_wconf 90' lang='lat' dir='ltr'>humilium</span> <span class='ocrx_word' id='word_1_480' title='bbox 3833 3406 3969 3464; x_wconf 90' lang='lat' dir='ltr'>ani-</span> 
     </span>
    </p>
   </div>
   <div class='ocr_carea' id='block_1_50' title="bbox 450 3488 2766 3563">
    <p class='ocr_par' dir='ltr' id='par_1_50' title="bbox 450 3488 2766 3563">
     <span class='ocr_line' id='line_1_50' title="bbox 450 3488 2766 3563; baseline 0.003 -18"><span class='ocrx_word' id='word_1_481' title='bbox 450 3488 578 3548; x_wconf 91' lang='lat' dir='ltr'>lum</span> <span class='ocrx_word' id='word_1_482' title='bbox 623 3504 794 3547; x_wconf 89' lang='lat' dir='ltr'>causa</span> <span class='ocrx_word' id='word_1_483' title='bbox 838 3489 946 3556; x_wconf 83' lang='lat' dir='ltr'>ista</span> <span class='ocrx_word' id='word_1_484' title='bbox 992 3488 1325 3561; x_wconf 90' lang='lat' dir='ltr'>susciperet,</span> <span class='ocrx_word' id='word_1_485' title='bbox 1375 3488 1488 3546; x_wconf 89' lang='lat' dir='ltr'>nisi</span> <span class='ocrx_word' id='word_1_486' title='bbox 1536 3505 1672 3547; x_wconf 92' lang='lat' dir='ltr'>cum</span> <span class='ocrx_word' id='word_1_487' title='bbox 1722 3505 1929 3563; x_wconf 87' lang='lat' dir='ltr'>magna</span> <span class='ocrx_word' id='word_1_488' title='bbox 1973 3491 2168 3549; x_wconf 87' lang='lat' dir='ltr'>homi-</span> <span class='ocrx_word' id='word_1_489' title='bbox 2252 3510 2417 3553; x_wconf 92' lang='lat' dir='ltr'>mans</span> <span class='ocrx_word' id='word_1_490' title='bbox 2446 3493 2766 3553; x_wconf 90' lang='lat' dir='ltr'>roborabat.</span> 
     </span>
    </p>
   </div>
   <div class='ocr_carea' id='block_1_51' title="bbox 448 3579 2163 3655">
    <p class='ocr_par' dir='ltr' id='par_1_51' title="bbox 448 3579 2163 3655">
     <span class='ocr_line' id='line_1_51' title="bbox 448 3579 2163 3655; baseline 0 -13"><span class='ocrx_word' id='word_1_491' title='bbox 448 3597 599 3642; x_wconf 92' lang='lat' dir='ltr'>num</span> <span class='ocrx_word' id='word_1_492' title='bbox 627 3588 812 3655; x_wconf 89' lang='lat' dir='ltr'>strage</span> <span class='ocrx_word' id='word_1_493' title='bbox 856 3580 1104 3639; x_wconf 84' lang='lat' dir='ltr'>furentis</span> <span class='ocrx_word' id='word_1_494' title='bbox 1146 3579 1342 3652; x_wconf 89' lang='lat' dir='ltr'>pepuli</span> <span class='ocrx_word' id='word_1_495' title='bbox 1386 3594 1446 3637; x_wconf 92' lang='lat' dir='ltr'>se</span> <span class='ocrx_word' id='word_1_496' title='bbox 1482 3580 1674 3654; x_wconf 87' lang='lat' dir='ltr'>jurgia</span> <span class='ocrx_word' id='word_1_497' title='bbox 1724 3597 1841 3640; x_wconf 92' lang='lat' dir='ltr'>non</span> <span class='ocrx_word' id='word_1_498' title='bbox 1882 3582 2163 3643; x_wconf 90' lang='lat' dir='ltr'>sedarent.</span> 
     </span>
    </p>
   </div>
   <div class='ocr_carea' id='block_1_52' title="bbox 450 3668 2169 3743">
    <p class='ocr_par' dir='ltr' id='par_1_52' title="bbox 450 3668 2169 3743">
     <span class='ocr_line' id='line_1_52' title="bbox 450 3668 2169 3743; baseline 0.001 -12"><span class='ocrx_word' id='word_1_499' title='bbox 450 3673 521 3731; x_wconf 91' lang='lat' dir='ltr'>In</span> <span class='ocrx_word' id='word_1_500' title='bbox 548 3677 703 3731; x_wconf 89' lang='lat' dir='ltr'>arcto</span> <span class='ocrx_word' id='word_1_501' title='bbox 750 3671 944 3743; x_wconf 91' lang='lat' dir='ltr'>itaque</span> <span class='ocrx_word' id='word_1_502' title='bbox 978 3670 1221 3742; x_wconf 90' lang='lat' dir='ltr'>positus,</span> <span class='ocrx_word' id='word_1_503' title='bbox 1249 3668 1390 3743; x_wconf 91' lang='lat' dir='ltr'>quia</span> <span class='ocrx_word' id='word_1_504' title='bbox 1419 3684 1532 3727; x_wconf 92' lang='lat' dir='ltr'>non</span> <span class='ocrx_word' id='word_1_505' title='bbox 1563 3676 1780 3743; x_wconf 90' lang='lat' dir='ltr'>poterat</span> <span class='ocrx_word' id='word_1_506' title='bbox 1818 3671 1971 3731; x_wconf 86' lang='lat' dir='ltr'>mala</span> <span class='ocrx_word' id='word_1_507' title='bbox 2010 3673 2169 3732; x_wconf 92' lang='lat' dir='ltr'>illius</span> 
     </span>
    </p>
   </div>
   <div class='ocr_carea' id='block_1_53' title="bbox 451 3757 2168 3834">
    <p class='ocr_par' dir='ltr' id='par_1_53' title="bbox 451 3757 2168 3834">
     <span class='ocr_line' id='line_1_53' title="bbox 451 3757 2168 3834; baseline 0 -14"><span class='ocrx_word' id='word_1_508' title='bbox 451 3761 722 3820; x_wconf 70' lang='lat' dir='ltr'>Ecclesiae</span> <span class='ocrx_word' id='word_1_509' title='bbox 764 3774 921 3816; x_wconf 87' lang='lat' dir='ltr'>mera</span> <span class='ocrx_word' id='word_1_510' title='bbox 963 3773 1248 3817; x_wconf 88' lang='lat' dir='ltr'>canonum</span> <span class='ocrx_word' id='word_1_511' title='bbox 1299 3757 1633 3817; x_wconf 87' lang='lat' dir='ltr'>auctoritate</span> <span class='ocrx_word' id='word_1_512' title='bbox 1678 3761 1984 3834; x_wconf 87' lang='lat' dir='ltr'>corrigere,</span> <span class='ocrx_word' id='word_1_513' title='bbox 2040 3768 2168 3821; x_wconf 91' lang='lat' dir='ltr'>stu-</span> 
     </span>
    </p>
   </div>
   <div class='ocr_carea' id='block_1_54' title="bbox 448 3850 3977 3931">
    <p class='ocr_par' dir='ltr' id='par_1_54' title="bbox 448 3850 3977 3931">
     <span class='ocr_line' id='line_1_54' title="bbox 448 3850 3977 3931; baseline 0.001 -18"><span class='ocrx_word' id='word_1_514' title='bbox 448 3853 575 3913; x_wconf 91' lang='lat' dir='ltr'>duit</span> <span class='ocrx_word' id='word_1_515' title='bbox 600 3852 804 3912; x_wconf 90' lang='lat' dir='ltr'>saltem</span> <span class='ocrx_word' id='word_1_516' title='bbox 835 3852 1117 3923; x_wconf 88' lang='lat' dir='ltr'>perversis</span> <span class='ocrx_word' id='word_1_517' title='bbox 1146 3850 1275 3923; x_wconf 87' lang='lat' dir='ltr'>ejus</span> <span class='ocrx_word' id='word_1_518' title='bbox 1303 3850 1509 3909; x_wconf 88' lang='lat' dir='ltr'>usibus</span> <span class='ocrx_word' id='word_1_519' title='bbox 1542 3850 1717 3908; x_wconf 84' lang='lat' dir='ltr'>linem</span> <span class='ocrx_word' id='word_1_520' title='bbox 1748 3850 2068 3926; x_wconf 89' lang='lat' dir='ltr'>imponere,</span> <span class='ocrx_word' id='word_1_521' title='bbox 2103 3870 2169 3912; x_wconf 90' lang='lat' dir='ltr'>ac</span> <span class='ocrx_word' id='word_1_522' title='bbox 2322 3857 2485 3914; x_wconf 79' lang='lat' dir='ltr'>Circa</span> <span class='ocrx_word' id='word_1_523' title='bbox 2514 3854 2923 3912; x_wconf 68' lang='lat' dir='ltr'>misericordiae</span> <span class='ocrx_word' id='word_1_524' title='bbox 2960 3870 3190 3929; x_wconf 92' lang='lat' dir='ltr'>quoque</span> <span class='ocrx_word' id='word_1_525' title='bbox 3232 3870 3406 3928; x_wconf 90' lang='lat' dir='ltr'>opera</span> <span class='ocrx_word' id='word_1_526' title='bbox 3442 3853 3653 3929; x_wconf 87' lang='lat' dir='ltr'>qualis,</span> <span class='ocrx_word' id='word_1_527' title='bbox 3686 3862 3977 3931; x_wconf 85' lang='lat' dir='ltr'>quantus-</span> 
     </span>
    </p>
   </div>
   <div class='ocr_carea' id='block_1_55' title="bbox 449 3941 3975 4021">
    <p class='ocr_par' dir='ltr' id='par_1_55' title="bbox 449 3941 3975 4021">
     <span class='ocr_line' id='line_1_55' title="bbox 449 3941 3975 4021; baseline 0 -18"><span class='ocrx_word' id='word_1_528' title='bbox 449 3944 701 4019; x_wconf 86' lang='lat' dir='ltr'>gratuito</span> <span class='ocrx_word' id='word_1_529' title='bbox 772 3942 1150 4015; x_wconf 92' lang='lat' dir='ltr'>promotionis</span> <span class='ocrx_word' id='word_1_530' title='bbox 1204 3941 1471 4000; x_wconf 90' lang='lat' dir='ltr'>ordinem</span> <span class='ocrx_word' id='word_1_531' title='bbox 1523 3942 1742 4001; x_wconf 86' lang='lat' dir='ltr'>futuris</span> <span class='ocrx_word' id='word_1_532' title='bbox 1816 3945 2169 4018; x_wconf 88' lang='lat' dir='ltr'>temporibus</span> <span class='ocrx_word' id='word_1_533' title='bbox 2251 3963 2362 4021; x_wconf 91' lang='lat' dir='ltr'>que</span> <span class='ocrx_word' id='word_1_534' title='bbox 2390 3944 2564 4003; x_wconf 87' lang='lat' dir='ltr'>fuerit</span> <span class='ocrx_word' id='word_1_535' title='bbox 2594 3943 2726 4016; x_wconf 91' lang='lat' dir='ltr'>quis</span> <span class='ocrx_word' id='word_1_536' title='bbox 2760 3943 2935 4018; x_wconf 89' lang='lat' dir='ltr'>digne</span> <span class='ocrx_word' id='word_1_537' title='bbox 2961 3943 3441 4017; x_wconf 89' lang='lat' dir='ltr'>loquatur?Quis</span> <span class='ocrx_word' id='word_1_538' title='bbox 3468 3944 3688 4003; x_wconf 90' lang='lat' dir='ltr'>sanein</span> <span class='ocrx_word' id='word_1_539' title='bbox 3717 3944 3975 4003; x_wconf 90' lang='lat' dir='ltr'>eleemo-</span> 
     </span>
    </p>
   </div>
   <div class='ocr_carea' id='block_1_56' title="bbox 451 4028 3975 4111">
    <p class='ocr_par' dir='ltr' id='par_1_56' title="bbox 451 4028 3975 4111">
     <span class='ocr_line' id='line_1_56' title="bbox 451 4028 3975 4111; baseline -0 -18"><span class='ocrx_word' id='word_1_540' title='bbox 451 4032 776 4108; x_wconf 88' lang='lat' dir='ltr'>providere.</span> <span class='ocrx_word' id='word_1_541' title='bbox 827 4028 1034 4102; x_wconf 85' lang='lat' dir='ltr'>Exegit</span> <span class='ocrx_word' id='word_1_542' title='bbox 1092 4030 1285 4103; x_wconf 88' lang='lat' dir='ltr'>itaque</span> <span class='ocrx_word' id='word_1_543' title='bbox 1339 4046 1455 4087; x_wconf 90' lang='lat' dir='ltr'>non</span> <span class='ocrx_word' id='word_1_544' title='bbox 1516 4032 1702 4089; x_wconf 90' lang='lat' dir='ltr'>solum</span> <span class='ocrx_word' id='word_1_545' title='bbox 1753 4030 1826 4090; x_wconf 91' lang='lat' dir='ltr'>ab</span> <span class='ocrx_word' id='word_1_546' title='bbox 1883 4034 2167 4108; x_wconf 89' lang='lat' dir='ltr'>archiepi-</span> <span class='ocrx_word' id='word_1_547' title='bbox 2251 4051 2526 4111; x_wconf 76' lang='lat' dir='ltr'>synarum</span> <span class='ocrx_word' id='word_1_548' title='bbox 2574 4032 2764 4092; x_wconf 89' lang='lat' dir='ltr'>studio</span> <span class='ocrx_word' id='word_1_549' title='bbox 2808 4033 3141 4107; x_wconf 91' lang='lat' dir='ltr'>propensior</span> <span class='ocrx_word' id='word_1_550' title='bbox 3186 4034 3326 4106; x_wconf 86' lang='lat'>(51);</span> <span class='ocrx_word' id='word_1_551' title='bbox 3375 4033 3506 4107; x_wconf 90' lang='lat' dir='ltr'>quis</span> <span class='ocrx_word' id='word_1_552' title='bbox 3553 4034 3613 4091; x_wconf 91' lang='lat' dir='ltr'>in</span> <span class='ocrx_word' id='word_1_553' title='bbox 3658 4033 3975 4092; x_wconf 88' lang='lat' dir='ltr'>abluendis</span> 
     </span>
    </p>
   </div>
   <div class='ocr_carea' id='block_1_57' title="bbox 453 4118 3973 4203">
    <p class='ocr_par' dir='ltr' id='par_1_57' title="bbox 453 4118 3973 4203">
     <span class='ocr_line' id='line_1_57' title="bbox 453 4118 3973 4203; baseline 0 -21"><span class='ocrx_word' id='word_1_554' title='bbox 453 4138 623 4196; x_wconf 89' lang='lat' dir='ltr'>scopo</span> <span class='ocrx_word' id='word_1_555' title='bbox 668 4121 806 4193; x_wconf 84' lang='grc'>(49),</span> <span class='ocrx_word' id='word_1_556' title='bbox 835 4134 1041 4178; x_wconf 91' lang='lat' dir='ltr'>verum</span> <span class='ocrx_word' id='word_1_557' title='bbox 1089 4118 1261 4177; x_wconf 89' lang='lat' dir='ltr'>etiam</span> <span class='ocrx_word' id='word_1_558' title='bbox 1290 4134 1323 4177; x_wconf 89' lang='lat' dir='ltr'>a</span> <span class='ocrx_word' id='word_1_559' title='bbox 1353 4121 1575 4179; x_wconf 86' lang='lat' dir='ltr'>cunctis</span> <span class='ocrx_word' id='word_1_560' title='bbox 1627 4123 1752 4196; x_wconf 88' lang='lat' dir='ltr'>ejus</span> <span class='ocrx_word' id='word_1_561' title='bbox 1800 4123 2167 4199; x_wconf 83' lang='lat' dir='ltr'>ofﬁcialibus,</span> <span class='ocrx_word' id='word_1_562' title='bbox 2250 4142 2569 4203; x_wconf 89' lang='lat' dir='ltr'>pauperum</span> <span class='ocrx_word' id='word_1_563' title='bbox 2596 4124 2839 4199; x_wconf 89' lang='lat' dir='ltr'>pedibus</span> <span class='ocrx_word' id='word_1_564' title='bbox 2873 4125 3175 4183; x_wconf 85' lang='lat' dir='ltr'>devotior?</span> <span class='ocrx_word' id='word_1_565' title='bbox 3204 4124 3345 4193; x_wconf 88' lang='lat' dir='ltr'>Quis</span> <span class='ocrx_word' id='word_1_566' title='bbox 3389 4124 3450 4180; x_wconf 93' lang='lat' dir='ltr'>in</span> <span class='ocrx_word' id='word_1_567' title='bbox 3498 4124 3814 4183; x_wconf 90' lang='lat' dir='ltr'>vestiendis</span> <span class='ocrx_word' id='word_1_568' title='bbox 3854 4141 3973 4184; x_wconf 88' lang='lat' dir='ltr'>nu-</span> 
     </span>
    </p>
   </div>
   <div class='ocr_carea' id='block_1_58' title="bbox 454 4204 3974 4291">
    <p class='ocr_par' dir='ltr' id='par_1_58' title="bbox 454 4204 3974 4291">
     <span class='ocr_line' id='line_1_58' title="bbox 454 4204 3974 4291; baseline 0.001 -21"><span class='ocrx_word' id='word_1_569' title='bbox 454 4212 527 4271; x_wconf 87' lang='lat' dir='ltr'>ad</span> <span class='ocrx_word' id='word_1_570' title='bbox 570 4225 716 4285; x_wconf 90' lang='lat' dir='ltr'>quos</span> <span class='ocrx_word' id='word_1_571' title='bbox 760 4208 1050 4282; x_wconf 90' lang='lat' dir='ltr'>pertinere</span> <span class='ocrx_word' id='word_1_572' title='bbox 1091 4208 1416 4281; x_wconf 89' lang='lat' dir='ltr'>videbatur,</span> <span class='ocrx_word' id='word_1_573' title='bbox 1457 4211 1858 4271; x_wconf 87' lang='lat' dir='ltr'>inviolabilem</span> <span class='ocrx_word' id='word_1_574' title='bbox 1905 4216 2170 4288; x_wconf 90' lang='lat' dir='ltr'>sponsio-</span> <span class='ocrx_word' id='word_1_575' title='bbox 2258 4220 2366 4289; x_wconf 91' lang='lat' dir='ltr'>dis,</span> <span class='ocrx_word' id='word_1_576' title='bbox 2399 4218 2461 4275; x_wconf 93' lang='lat' dir='ltr'>in</span> <span class='ocrx_word' id='word_1_577' title='bbox 2488 4216 2814 4274; x_wconf 84' lang='lat' dir='ltr'>reficiendis</span> <span class='ocrx_word' id='word_1_578' title='bbox 2840 4217 3059 4289; x_wconf 87' lang='lat' dir='ltr'>egenis,</span> <span class='ocrx_word' id='word_1_579' title='bbox 3088 4216 3150 4273; x_wconf 92' lang='lat' dir='ltr'>in</span> <span class='ocrx_word' id='word_1_580' title='bbox 3176 4204 3478 4275; x_wconf 75' lang='lat' dir='ltr'>visitandis</span> <span class='ocrx_word' id='word_1_581' title='bbox 3508 4216 3739 4291; x_wconf 67' lang='lat' dir='ltr'>aegrotis</span> <span class='ocrx_word' id='word_1_582' title='bbox 3770 4232 3974 4290; x_wconf 90' lang='lat' dir='ltr'>prom-</span> 
     </span>
    </p>
   </div>
   <div class='ocr_carea' id='block_1_59' title="bbox 454 4299 3975 4383">
    <p class='ocr_par' dir='ltr' id='par_1_59' title="bbox 454 4299 3975 4383">
     <span class='ocr_line' id='line_1_59' title="bbox 454 4299 3975 4383; baseline 0.001 -24"><span class='ocrx_word' id='word_1_583' title='bbox 454 4316 591 4360; x_wconf 91' lang='lat' dir='ltr'>nem</span> <span class='ocrx_word' id='word_1_584' title='bbox 616 4316 720 4375; x_wconf 91' lang='lat' dir='ltr'>per</span> <span class='ocrx_word' id='word_1_585' title='bbox 756 4300 1115 4359; x_wconf 90' lang='lat' dir='ltr'>monimenta</span> <span class='ocrx_word' id='word_1_586' title='bbox 1157 4299 1480 4361; x_wconf 90' lang='lat' dir='ltr'>litterarum</span> <span class='ocrx_word' id='word_1_587' title='bbox 1526 4301 1651 4375; x_wconf 78' lang='grc'>(50),</span> <span class='ocrx_word' id='word_1_588' title='bbox 1686 4321 1787 4378; x_wconf 90' lang='lat' dir='ltr'>per</span> <span class='ocrx_word' id='word_1_589' title='bbox 1824 4322 2001 4366; x_wconf 63' lang='lat' dir='ltr'>sacrae</span> <span class='ocrx_word' id='word_1_590' title='bbox 2050 4325 2172 4368; x_wconf 90' lang='lat' dir='ltr'>ma-</span> <span class='ocrx_word' id='word_1_591' title='bbox 2257 4309 2406 4383; x_wconf 91' lang='lat' dir='ltr'>ptior</span> <span class='ocrx_word' id='word_1_592' title='bbox 2437 4307 2537 4366; x_wconf 92' lang='lat' dir='ltr'>illo</span> <span class='ocrx_word' id='word_1_593' title='bbox 2563 4305 2746 4380; x_wconf 91' lang='lat' dir='ltr'>potuit</span> <span class='ocrx_word' id='word_1_594' title='bbox 2773 4322 2896 4364; x_wconf 86' lang='lat' dir='ltr'>esse</span> <span class='ocrx_word' id='word_1_595' title='bbox 2943 4321 3201 4379; x_wconf 90' lang='lat' dir='ltr'>unquam</span> <span class='ocrx_word' id='word_1_596' title='bbox 3226 4305 3254 4362; x_wconf 76' lang='lat' dir='ltr'>‘P</span> <span class='ocrx_word' id='word_1_597' title='bbox 3299 4305 3389 4363; x_wconf 91' lang='lat' dir='ltr'>Ab</span> <span class='ocrx_word' id='word_1_598' title='bbox 3430 4304 3757 4363; x_wconf 89' lang='lat' dir='ltr'>istiusmodi</span> <span class='ocrx_word' id='word_1_599' title='bbox 3798 4322 3975 4364; x_wconf 88' lang='lat' dir='ltr'>nam-</span> 
     </span>
    </p>
   </div>
   <div class='ocr_carea' id='block_1_60' title="bbox 455 4392 3977 4471">
    <p class='ocr_par' dir='ltr' id='par_1_60' title="bbox 455 4392 3977 4471">
     <span class='ocr_line' id='line_1_60' title="bbox 455 4392 3977 4471; baseline 0 -20"><span class='ocrx_word' id='word_1_600' title='bbox 455 4406 570 4451; x_wconf 91' lang='lat' dir='ltr'>nus</span> <span class='ocrx_word' id='word_1_601' title='bbox 613 4395 909 4459; x_wconf 90' lang='lat' dir='ltr'>attactum,</span> <span class='ocrx_word' id='word_1_602' title='bbox 948 4396 1236 4464; x_wconf 90' lang='lat' dir='ltr'>postremo</span> <span class='ocrx_word' id='word_1_603' title='bbox 1264 4407 1364 4464; x_wconf 91' lang='lat' dir='ltr'>per</span> <span class='ocrx_word' id='word_1_604' title='bbox 1399 4394 1802 4465; x_wconf 87' lang='lat' dir='ltr'>evangelicum</span> <span class='ocrx_word' id='word_1_605' title='bbox 1843 4412 2173 4456; x_wconf 85' lang='lat' dir='ltr'>sacramen-</span> <span class='ocrx_word' id='word_1_606' title='bbox 2257 4414 2371 4470; x_wconf 93' lang='lat' dir='ltr'>que</span> <span class='ocrx_word' id='word_1_607' title='bbox 2397 4396 2667 4471; x_wconf 85' lang='lat' dir='ltr'>Operibus</span> <span class='ocrx_word' id='word_1_608' title='bbox 2694 4394 2856 4453; x_wconf 89' lang='lat' dir='ltr'>nulla</span> <span class='ocrx_word' id='word_1_609' title='bbox 2884 4410 3030 4467; x_wconf 88' lang='lat' dir='ltr'>pene</span> <span class='ocrx_word' id='word_1_610' title='bbox 3069 4392 3156 4449; x_wconf 91' lang='lat' dir='ltr'>illi</span> <span class='ocrx_word' id='word_1_611' title='bbox 3193 4392 3315 4450; x_wconf 91' lang='lat' dir='ltr'>dies</span> <span class='ocrx_word' id='word_1_612' title='bbox 3344 4393 3600 4465; x_wconf 89' lang='lat' dir='ltr'>vacabat,</span> <span class='ocrx_word' id='word_1_613' title='bbox 3633 4394 3977 4470; x_wconf 89' lang='lat' dir='ltr'>ubicunque</span> 
     </span>
    </p>
   </div>
   <div class='ocr_carea' id='block_1_61' title="bbox 454 4478 3974 4556">
    <p class='ocr_par' dir='ltr' id='par_1_61' title="bbox 454 4478 3974 4556">
     <span class='ocr_line' id='line_1_61' title="bbox 454 4478 3974 4556; baseline 0 -17"><span class='ocrx_word' id='word_1_614' title='bbox 454 4488 604 4551; x_wconf 89' lang='lat' dir='ltr'>tum,</span> <span class='ocrx_word' id='word_1_615' title='bbox 629 4479 700 4539; x_wconf 92' lang='lat' dir='ltr'>de</span> <span class='ocrx_word' id='word_1_616' title='bbox 739 4478 1052 4538; x_wconf 88' lang='lat' dir='ltr'>simoniaca</span> <span class='ocrx_word' id='word_1_617' title='bbox 1098 4478 1226 4537; x_wconf 91' lang='lat' dir='ltr'>labe</span> <span class='ocrx_word' id='word_1_618' title='bbox 1276 4487 1327 4538; x_wconf 90' lang='lat' dir='ltr'>et</span> <span class='ocrx_word' id='word_1_619' title='bbox 1378 4481 1791 4543; x_wconf 88' lang='lat' dir='ltr'>Nicolaitarum</span> <span class='ocrx_word' id='word_1_620' title='bbox 1846 4485 2053 4545; x_wconf 67' lang='lat' dir='ltr'>haeresi</span> <span class='ocrx_word' id='word_1_621' title='bbox 2100 4488 2367 4556; x_wconf 72' lang='lat' dir='ltr'>ex_hoc</span> <span class='ocrx_word' id='word_1_622' title='bbox 2398 4485 2519 4545; x_wconf 80' lang='lat' dir='ltr'>fieri</span> <span class='ocrx_word' id='word_1_623' title='bbox 2572 4484 2841 4556; x_wconf 89' lang='lat' dir='ltr'>temporis</span> <span class='ocrx_word' id='word_1_624' title='bbox 2878 4490 2978 4540; x_wconf 91' lang='lat' dir='ltr'>aut</span> <span class='ocrx_word' id='word_1_625' title='bbox 3016 4479 3125 4538; x_wconf 89' lang='lat' dir='ltr'>loci</span> <span class='ocrx_word' id='word_1_626' title='bbox 3163 4480 3540 4552; x_wconf 87' lang='lat' dir='ltr'>congruentia</span> <span class='ocrx_word' id='word_1_627' title='bbox 3583 4481 3974 4555; x_wconf 87' lang='lat' dir='ltr'>permittebat,</span> 
     </span>
    </p>
   </div>
   <div class='ocr_carea' id='block_1_62' title="bbox 459 4545 3977 4649">
    <p class='ocr_par' dir='ltr' id='par_1_62' title="bbox 459 4545 3977 4649">
     <span class='ocr_line' id='line_1_62' title="bbox 459 4545 3977 4649; baseline 0 -20"><span class='ocrx_word' id='word_1_628' title='bbox 459 4576 600 4630; x_wconf 89' lang='lat' dir='ltr'>tunc</span> <span class='ocrx_word' id='word_1_629' title='bbox 629 4577 684 4628; x_wconf 91' lang='lat' dir='ltr'>et</span> <span class='ocrx_word' id='word_1_630' title='bbox 721 4569 991 4643; x_wconf 90' lang='lat' dir='ltr'>deinceps</span> <span class='ocrx_word' id='word_1_631' title='bbox 1023 4569 1287 4643; x_wconf 88' lang='lat' dir='ltr'>delenda,</span> <span class='ocrx_word' id='word_1_632' title='bbox 1320 4570 1703 4648; x_wconf 86' lang='lat' dir='ltr'>funditusque</span> <span class='ocrx_word' id='word_1_633' title='bbox 1738 4591 1839 4649; x_wconf 90' lang='lat' dir='ltr'>pro</span> <span class='ocrx_word' id='word_1_634' title='bbox 1873 4579 1994 4635; x_wconf 89' lang='lat' dir='ltr'>suis</span> <span class='ocrx_word' id='word_1_635' title='bbox 2032 4545 2309 4636; x_wconf 82' lang='lat' dir='ltr'>viri-Det</span> <span class='ocrx_word' id='word_1_636' title='bbox 2338 4578 2478 4635; x_wconf 90' lang='lat' dir='ltr'>dum</span> <span class='ocrx_word' id='word_1_637' title='bbox 2508 4575 2615 4632; x_wconf 88' lang='lat' dir='ltr'>ista</span> <span class='ocrx_word' id='word_1_638' title='bbox 2643 4545 2834 4632; x_wconf 81' lang='lat' dir='ltr'>ubivis</span> <span class='ocrx_word' id='word_1_639' title='bbox 2860 4572 3113 4629; x_wconf 89' lang='lat' dir='ltr'>locorum</span> <span class='ocrx_word' id='word_1_640' title='bbox 3142 4585 3309 4639; x_wconf 81' lang='lat' dir='ltr'>agere</span> <span class='ocrx_word' id='word_1_641' title='bbox 3338 4585 3451 4628; x_wconf 89' lang='lat' dir='ltr'>non</span> <span class='ocrx_word' id='word_1_642' title='bbox 3483 4545 3798 4643; x_wconf 79' lang='lat' dir='ltr'>desisteret,</span> <span class='ocrx_word' id='word_1_643' title='bbox 3824 4574 3977 4647; x_wconf 87' lang='lat' dir='ltr'>quid</span> 
     </span>
    </p>
   </div>
   <div class='ocr_carea' id='block_1_63' title="bbox 460 4657 3986 4741">
    <p class='ocr_par' dir='ltr' id='par_1_63' title="bbox 460 4657 3986 4741">
     <span class='ocr_line' id='line_1_63' title="bbox 460 4657 3986 4741; baseline 0.001 -23"><span class='ocrx_word' id='word_1_644' title='bbox 460 4662 572 4719; x_wconf 88' lang='lat' dir='ltr'>bus</span> <span class='ocrx_word' id='word_1_645' title='bbox 610 4660 859 4718; x_wconf 85' lang='lat' dir='ltr'>ﬁdeliter</span> <span class='ocrx_word' id='word_1_646' title='bbox 897 4661 1287 4734; x_wconf 88' lang='lat' dir='ltr'>exstirpanda.</span> <span class='ocrx_word' id='word_1_647' title='bbox 1319 4662 1425 4721; x_wconf 87' lang='lat' dir='ltr'>His</span> <span class='ocrx_word' id='word_1_648' title='bbox 1474 4678 1610 4722; x_wconf 87' lang='lat' dir='ltr'>vero</span> <span class='ocrx_word' id='word_1_649' title='bbox 1646 4665 1724 4722; x_wconf 92' lang='lat' dir='ltr'>ila</span> <span class='ocrx_word' id='word_1_650' title='bbox 1761 4666 1953 4738; x_wconf 89' lang='lat' dir='ltr'>gestis,</span> <span class='ocrx_word' id='word_1_651' title='bbox 1984 4666 2173 4741; x_wconf 89' lang='lat' dir='ltr'>pluri-</span> <span class='ocrx_word' id='word_1_652' title='bbox 2257 4666 2601 4741; x_wconf 88' lang='lat' dir='ltr'>putandum,</span> <span class='ocrx_word' id='word_1_653' title='bbox 2629 4679 2758 4721; x_wconf 91' lang='lat' dir='ltr'>cum</span> <span class='ocrx_word' id='word_1_654' title='bbox 2791 4660 2945 4733; x_wconf 90' lang='lat' dir='ltr'>apud</span> <span class='ocrx_word' id='word_1_655' title='bbox 2974 4657 3331 4731; x_wconf 87' lang='lat' dir='ltr'>episcopium</span> <span class='ocrx_word' id='word_1_656' title='bbox 3362 4659 3656 4719; x_wconf 79' lang='lat' dir='ltr'>maneret?</span> <span class='ocrx_word' id='word_1_657' title='bbox 3681 4660 3766 4718; x_wconf 89' lang='lat' dir='ltr'>Ibi</span> <span class='ocrx_word' id='word_1_658' title='bbox 3794 4659 3986 4734; x_wconf 83' lang='lat' dir='ltr'>siqui-</span> 
     </span>
    </p>
   </div>
   <div class='ocr_carea' id='block_1_64' title="bbox 463 4744 3985 4831">
    <p class='ocr_par' dir='ltr' id='par_1_64' title="bbox 463 4744 3985 4831">
     <span class='ocr_line' id='line_1_64' title="bbox 463 4744 3985 4831; baseline 0.001 -25"><span class='ocrx_word' id='word_1_659' title='bbox 463 4762 697 4806; x_wconf 89' lang='lat' dir='ltr'>morum</span> <span class='ocrx_word' id='word_1_660' title='bbox 724 4755 1055 4807; x_wconf 89' lang='lat' dir='ltr'>sanctorum</span> <span class='ocrx_word' id='word_1_661' title='bbox 1083 4747 1317 4808; x_wconf 87' lang='lat' dir='ltr'>Patrum</span> <span class='ocrx_word' id='word_1_662' title='bbox 1338 4766 1628 4811; x_wconf 90' lang='lat' dir='ltr'>canonum</span> <span class='ocrx_word' id='word_1_663' title='bbox 1652 4756 1959 4813; x_wconf 90' lang='lat' dir='ltr'>auctoritas</span> <span class='ocrx_word' id='word_1_664' title='bbox 1973 4758 2178 4831; x_wconf 87' lang='lat' dir='ltr'>exqui-</span> <span class='ocrx_word' id='word_1_665' title='bbox 2257 4754 2391 4812; x_wconf 89' lang='lat' dir='ltr'>dem</span> <span class='ocrx_word' id='word_1_666' title='bbox 2418 4752 2586 4811; x_wconf 88' lang='lat' dir='ltr'>turba</span> <span class='ocrx_word' id='word_1_667' title='bbox 2614 4762 2935 4823; x_wconf 87' lang='lat' dir='ltr'>pauperum</span> <span class='ocrx_word' id='word_1_668' title='bbox 2966 4744 3311 4818; x_wconf 89' lang='lat' dir='ltr'>episcopalia</span> <span class='ocrx_word' id='word_1_669' title='bbox 3345 4745 3551 4805; x_wconf 88' lang='lat' dir='ltr'>limina</span> <span class='ocrx_word' id='word_1_670' title='bbox 3580 4748 3836 4824; x_wconf 90' lang='lat' dir='ltr'>quotidie</span> <span class='ocrx_word' id='word_1_671' title='bbox 3866 4750 3985 4808; x_wconf 87' lang='lat' dir='ltr'>fre-</span> 
     </span>
    </p>
   </div>
   <div class='ocr_carea' id='block_1_65' title="bbox 459 4833 3982 4917">
    <p class='ocr_par' dir='ltr' id='par_1_65' title="bbox 459 4833 3982 4917">
     <span class='ocr_line' id='line_1_65' title="bbox 459 4833 3982 4917; baseline -0 -21"><span class='ocrx_word' id='word_1_672' title='bbox 459 4837 645 4908; x_wconf 89' lang='lat' dir='ltr'>ritur;</span> <span class='ocrx_word' id='word_1_673' title='bbox 699 4838 913 4912; x_wconf 88' lang='lat' dir='ltr'>quibus</span> <span class='ocrx_word' id='word_1_674' title='bbox 978 4838 1373 4905; x_wconf 88' lang='lat' dir='ltr'>consideratis,</span> <span class='ocrx_word' id='word_1_675' title='bbox 1425 4844 1764 4901; x_wconf 72' lang='lat' dir='ltr'>necessariae</span> <span class='ocrx_word' id='word_1_676' title='bbox 1812 4845 2175 4904; x_wconf 89' lang='lat' dir='ltr'>discretionis</span> <span class='ocrx_word' id='word_1_677' title='bbox 2258 4848 2592 4917; x_wconf 89' lang='lat' dir='ltr'>quentante,</span> <span class='ocrx_word' id='word_1_678' title='bbox 2645 4835 2747 4893; x_wconf 89' lang='lat' dir='ltr'>alii</span> <span class='ocrx_word' id='word_1_679' title='bbox 2796 4833 3043 4907; x_wconf 89' lang='lat' dir='ltr'>dapibus</span> <span class='ocrx_word' id='word_1_680' title='bbox 3079 4835 3350 4908; x_wconf 91' lang='lat' dir='ltr'>appositis</span> <span class='ocrx_word' id='word_1_681' title='bbox 3388 4836 3813 4908; x_wconf 84' lang='lat' dir='ltr'>reﬁciebantur,</span> <span class='ocrx_word' id='word_1_682' title='bbox 3870 4838 3982 4896; x_wconf 89' lang='lat' dir='ltr'>alii</span> 
     </span>
    </p>
   </div>
   <div class='ocr_carea' id='block_1_66' title="bbox 465 4924 3987 5011">
    <p class='ocr_par' dir='ltr' id='par_1_66' title="bbox 465 4924 3987 5011">
     <span class='ocr_line' id='line_1_66' title="bbox 465 4924 3987 5011; baseline 0 -24"><span class='ocrx_word' id='word_1_683' title='bbox 465 4925 862 4987; x_wconf 88' lang='lat' dir='ltr'>moderamine</span> <span class='ocrx_word' id='word_1_684' title='bbox 904 4926 1098 4987; x_wconf 91' lang='lat' dir='ltr'>visum</span> <span class='ocrx_word' id='word_1_685' title='bbox 1135 4935 1237 5001; x_wconf 88' lang='lat' dir='ltr'>est,</span> <span class='ocrx_word' id='word_1_686' title='bbox 1266 4938 1328 4989; x_wconf 94' lang='lat' dir='ltr'>ut</span> <span class='ocrx_word' id='word_1_687' title='bbox 1367 4946 1571 4991; x_wconf 88' lang='lat' dir='ltr'>omnes</span> <span class='ocrx_word' id='word_1_688' title='bbox 1604 4933 1691 4991; x_wconf 91' lang='lat' dir='ltr'>illi</span> <span class='ocrx_word' id='word_1_689' title='bbox 1729 4935 1920 4994; x_wconf 90' lang='lat' dir='ltr'>clerici</span> <span class='ocrx_word' id='word_1_690' title='bbox 1951 4946 2178 5011; x_wconf 89' lang='lat' dir='ltr'>accepta</span> <span class='ocrx_word' id='word_1_691' title='bbox 2259 4938 2486 5006; x_wconf 80' lang='lat' dir='ltr'>accepta</span> <span class='ocrx_word' id='word_1_692' title='bbox 2537 4927 2686 5000; x_wconf 90' lang='lat' dir='ltr'>stipe</span> <span class='ocrx_word' id='word_1_693' title='bbox 2739 4924 3210 4995; x_wconf 88' lang='lat' dir='ltr'>revertebantur;</span> <span class='ocrx_word' id='word_1_694' title='bbox 3271 4942 3346 4984; x_wconf 87' lang='lat' dir='ltr'>ex</span> <span class='ocrx_word' id='word_1_695' title='bbox 3394 4927 3609 5001; x_wconf 88' lang='lat' dir='ltr'>quibus</span> <span class='ocrx_word' id='word_1_696' title='bbox 3660 4927 3987 5001; x_wconf 89' lang='lat' dir='ltr'>assumptis</span> 
     </span>
    </p>
   </div>
   <div class='ocr_carea' id='block_1_67' title="bbox 2878 3620 3331 3682">
    <p class='ocr_par' dir='ltr' id='par_1_67' title="bbox 2878 3620 3331 3682">
     <span class='ocr_line' id='line_1_67' title="bbox 2878 3620 3331 3682; baseline 0.002 -2"><span class='ocrx_word' id='word_1_697' title='bbox 2878 3620 3122 3681; x_wconf 84' lang='lat' dir='ltr'><strong>CAPUT</strong></span> <span class='ocrx_word' id='word_1_698' title='bbox 3151 3622 3331 3682; x_wconf 84' lang='lat' dir='ltr'>XVII.</span> 
     </span>
    </p>
   </div>
   <div class='ocr_carea' id='block_1_68' title="bbox 2249 3731 3970 3804">
    <p class='ocr_par' dir='ltr' id='par_1_68' title="bbox 2249 3731 3970 3804">
     <span class='ocr_line' id='line_1_68' title="bbox 2249 3731 3970 3804; baseline 0.002 -18"><span class='ocrx_word' id='word_1_699' title='bbox 2249 3733 2435 3787; x_wconf 75' lang='lat' dir='ltr'>Pietas</span> <span class='ocrx_word' id='word_1_700' title='bbox 2463 3747 2529 3786; x_wconf 87' lang='lat' dir='ltr'>ac</span> <span class='ocrx_word' id='word_1_701' title='bbox 2576 3731 2882 3786; x_wconf 75' lang='lat' dir='ltr'>liberalitas</span> <span class='ocrx_word' id='word_1_702' title='bbox 2936 3735 2995 3787; x_wconf 79' lang='lat' dir='ltr'>in</span> <span class='ocrx_word' id='word_1_703' title='bbox 3033 3748 3302 3804; x_wconf 78' lang='lat' dir='ltr'>pauperes</span> <span class='ocrx_word' id='word_1_704' title='bbox 3350 3749 3413 3788; x_wconf 87' lang='lat' dir='ltr'>ac</span> <span class='ocrx_word' id='word_1_705' title='bbox 3465 3732 3753 3800; x_wconf 77' lang='lat' dir='ltr'>religiosos</span> <span class='ocrx_word' id='word_1_706' title='bbox 3795 3736 3970 3791; x_wconf 79' lang='lat' dir='ltr'>viros.</span> 
     </span>
    </p>
   </div>
   <div class='ocr_carea' id='block_1_69' title="bbox 1621 5091 2807 5160">
    <p class='ocr_par' dir='ltr' id='par_1_69' title="bbox 1621 5091 2807 5160">
     <span class='ocr_line' id='line_1_69' title="bbox 1621 5091 2807 5160; baseline -0.007 -3"><span class='ocrx_word' id='word_1_707' title='bbox 1621 5098 2024 5160; x_wconf 81' lang='lat' dir='ltr'>GODEFRIDI</span> <span class='ocrx_word' id='word_1_708' title='bbox 2063 5094 2527 5160; x_wconf 82' lang='lat' dir='ltr'>HENSCHENII</span> <span class='ocrx_word' id='word_1_709' title='bbox 2569 5091 2807 5153; x_wconf 70' lang='grc' dir='ltr'>ΝΟΤΛΕ.</span> 
     </span>
    </p>
   </div>
   <div class='ocr_carea' id='block_1_70' title="bbox 519 5235 3990 5307">
    <p class='ocr_par' dir='ltr' id='par_1_70' title="bbox 519 5235 3990 5307">
     <span class='ocr_line' id='line_1_70' title="bbox 519 5235 3990 5307; baseline 0.001 -17"><span class='ocrx_word' id='word_1_710' title='bbox 519 5239 625 5303; x_wconf 73' lang='grc'>(48)</span> <span class='ocrx_word' id='word_1_711' title='bbox 657 5238 751 5290; x_wconf 75' lang='lat' dir='ltr'>His</span> <span class='ocrx_word' id='word_1_712' title='bbox 806 5238 992 5303; x_wconf 76' lang='lat' dir='ltr'>itaque</span> <span class='ocrx_word' id='word_1_713' title='bbox 1050 5238 1298 5307; x_wconf 74' lang='lat' dir='ltr'>aliisque,</span> <span class='ocrx_word' id='word_1_714' title='bbox 1328 5241 1596 5293; x_wconf 51' lang='lat' dir='ltr'>emillae</span> <span class='ocrx_word' id='word_1_715' title='bbox 1628 5241 1866 5294; x_wconf 85' lang='lat' dir='ltr'>rationes</span> <span class='ocrx_word' id='word_1_716' title='bbox 1920 5255 2168 5296; x_wconf 84' lang='lat' dir='ltr'>excussae</span> <span class='ocrx_word' id='word_1_717' title='bbox 2249 5241 2317 5294; x_wconf 80' lang='lat' dir='ltr'>ad</span> <span class='ocrx_word' id='word_1_718' title='bbox 2379 5238 2585 5292; x_wconf 90' lang='lat' dir='ltr'>clerum</span> <span class='ocrx_word' id='word_1_719' title='bbox 2650 5238 2707 5289; x_wconf 92' lang='lat' dir='ltr'>et</span> <span class='ocrx_word' id='word_1_720' title='bbox 2758 5235 3018 5301; x_wconf 91' lang='lat' dir='ltr'>populum</span> <span class='ocrx_word' id='word_1_721' title='bbox 3063 5249 3176 5290; x_wconf 74' lang='lat' dir='ltr'>sum</span> <span class='ocrx_word' id='word_1_722' title='bbox 3230 5237 3499 5300; x_wconf 86' lang='lat' dir='ltr'>dioecesis,</span> <span class='ocrx_word' id='word_1_723' title='bbox 3561 5237 3647 5290; x_wconf 89' lang='lat' dir='ltr'>cui</span> <span class='ocrx_word' id='word_1_724' title='bbox 3703 5244 3823 5302; x_wconf 83' lang='lat' dir='ltr'>post</span> <span class='ocrx_word' id='word_1_725' title='bbox 3891 5240 3990 5307; x_wconf 87' lang='lat' dir='ltr'>ip-</span> 
     </span>
    </p>
   </div>
   <div class='ocr_carea' id='block_1_71' title="bbox 464 5306 3990 5377">
    <p class='ocr_par' dir='ltr' id='par_1_71' title="bbox 464 5306 3990 5377">
     <span class='ocr_line' id='line_1_71' title="bbox 464 5306 3990 5377; baseline 0 -12"><span class='ocrx_word' id='word_1_726' title='bbox 464 5313 664 5365; x_wconf 78' lang='lat' dir='ltr'>suntin</span> <span class='ocrx_word' id='word_1_727' title='bbox 687 5311 830 5363; x_wconf 88' lang='lat' dir='ltr'>dicto</span> <span class='ocrx_word' id='word_1_728' title='bbox 860 5322 1044 5372; x_wconf 79' lang='lat' dir='ltr'>onusc.</span> <span class='ocrx_word' id='word_1_729' title='bbox 1076 5313 1123 5362; x_wconf 88' lang='lat'>5.</span> <span class='ocrx_word' id='word_1_730' title='bbox 1186 5306 1193 5307; x_wconf 16' lang='lat'><em>7</em></span> <span class='ocrx_word' id='word_1_731' title='bbox 2250 5326 2395 5374; x_wconf 85' lang='lat' dir='ltr'>sum,</span> <span class='ocrx_word' id='word_1_732' title='bbox 2438 5309 2576 5359; x_wconf 88' lang='lat' dir='ltr'>varii</span> <span class='ocrx_word' id='word_1_733' title='bbox 2613 5319 2644 5360; x_wconf 89' lang='lat' dir='ltr'>e</span> <span class='ocrx_word' id='word_1_734' title='bbox 2695 5307 2842 5360; x_wconf 91' lang='lat' dir='ltr'>clero</span> <span class='ocrx_word' id='word_1_735' title='bbox 2895 5307 3259 5369; x_wconf 87' lang='lat' dir='ltr'>subscribnnt,</span> <span class='ocrx_word' id='word_1_736' title='bbox 3311 5310 3401 5361; x_wconf 89' lang='lat' dir='ltr'>ubi</span> <span class='ocrx_word' id='word_1_737' title='bbox 3457 5311 3511 5359; x_wconf 90' lang='lat' dir='ltr'>et</span> <span class='ocrx_word' id='word_1_738' title='bbox 3550 5306 3785 5364; x_wconf 82' lang='lat' dir='ltr'>formula</span> <span class='ocrx_word' id='word_1_739' title='bbox 3831 5306 3990 5377; x_wconf 79' lang='lat' dir='ltr'>jura-</span> 
     </span>
    </p>
   </div>
   <div class='ocr_carea' id='block_1_72' title="bbox 522 5379 3989 5447">
    <p class='ocr_par' dir='ltr' id='par_1_72' title="bbox 522 5379 3989 5447">
     <span class='ocr_line' id='line_1_72' title="bbox 522 5379 3989 5447; baseline 0.001 -15"><span class='ocrx_word' id='word_1_740' title='bbox 522 5380 630 5445; x_wconf 80' lang='grc'>(49)</span> <span class='ocrx_word' id='word_1_741' title='bbox 680 5379 803 5432; x_wconf 84' lang='grc' dir='ltr'>Νοη</span> <span class='ocrx_word' id='word_1_742' title='bbox 849 5381 1024 5435; x_wconf 76' lang='lat' dir='ltr'>solum</span> <span class='ocrx_word' id='word_1_743' title='bbox 1081 5382 1147 5435; x_wconf 90' lang='lat' dir='ltr'>ab</span> <span class='ocrx_word' id='word_1_744' title='bbox 1201 5382 1621 5447; x_wconf 76' lang='lat' dir='ltr'>archiepiscopo.</span> <span class='ocrx_word' id='word_1_745' title='bbox 1684 5382 1831 5435; x_wconf 84' lang='lat' dir='ltr'>Wido</span> <span class='ocrx_word' id='word_1_746' title='bbox 1890 5384 2169 5437; x_wconf 83' lang='lat' dir='ltr'>Valvasso-</span> <span class='ocrx_word' id='word_1_747' title='bbox 2253 5383 2452 5444; x_wconf 90' lang='lat' dir='ltr'>menti,</span> <span class='ocrx_word' id='word_1_748' title='bbox 2513 5380 2817 5432; x_wconf 88' lang='lat' dir='ltr'>testimonia</span> <span class='ocrx_word' id='word_1_749' title='bbox 2882 5385 3200 5432; x_wconf 85' lang='lat' dir='ltr'>sanctorum</span> <span class='ocrx_word' id='word_1_750' title='bbox 3271 5380 3480 5432; x_wconf 79' lang='lat' dir='ltr'>Patrum</span> <span class='ocrx_word' id='word_1_751' title='bbox 3539 5384 3592 5431; x_wconf 90' lang='lat' dir='ltr'>et</span> <span class='ocrx_word' id='word_1_752' title='bbox 3660 5384 3989 5444; x_wconf 73' lang='lat' dir='ltr'>pmnitentia</span> 
     </span>
    </p>
   </div>
   <div class='ocr_carea' id='block_1_73' title="bbox 464 5453 3984 5519">
    <p class='ocr_par' dir='ltr' id='par_1_73' title="bbox 464 5453 3984 5519">
     <span class='ocr_line' id='line_1_73' title="bbox 464 5453 3984 5519; baseline 0.002 -16"><span class='ocrx_word' id='word_1_753' title='bbox 464 5453 582 5504; x_wconf 85' lang='lat' dir='ltr'>rius</span> <span class='ocrx_word' id='word_1_754' title='bbox 621 5455 738 5503; x_wconf 85' lang='lat' dir='ltr'>erat</span> <span class='ocrx_word' id='word_1_755' title='bbox 782 5453 1227 5519; x_wconf 81' lang='lat' dir='ltr'>archiepiscopus</span> <span class='ocrx_word' id='word_1_756' title='bbox 1267 5455 1693 5509; x_wconf 80' lang='lat' dir='ltr'>Mediolanensis,</span> <span class='ocrx_word' id='word_1_757' title='bbox 1755 5460 1985 5517; x_wconf 81' lang='lat' dir='ltr'>creatus,</span> <span class='ocrx_word' id='word_1_758' title='bbox 2035 5461 2174 5510; x_wconf 86' lang='lat' dir='ltr'>teste</span> <span class='ocrx_word' id='word_1_759' title='bbox 2258 5460 2365 5507; x_wconf 85' lang='lat' dir='ltr'>tam</span> <span class='ocrx_word' id='word_1_760' title='bbox 2403 5454 2468 5504; x_wconf 89' lang='lat' dir='ltr'>ab</span> <span class='ocrx_word' id='word_1_761' title='bbox 2503 5454 2913 5515; x_wconf 87' lang='lat' dir='ltr'>archiepiscopo</span> <span class='ocrx_word' id='word_1_762' title='bbox 2938 5465 3097 5516; x_wconf 85' lang='lat' dir='ltr'>quam</span> <span class='ocrx_word' id='word_1_763' title='bbox 3128 5467 3160 5503; x_wconf 85' lang='lat' dir='ltr'>a</span> <span class='ocrx_word' id='word_1_764' title='bbox 3189 5453 3407 5503; x_wconf 87' lang='lat' dir='ltr'>clericis</span> <span class='ocrx_word' id='word_1_765' title='bbox 3438 5455 3691 5516; x_wconf 86' lang='lat' dir='ltr'>suscepta</span> <span class='ocrx_word' id='word_1_766' title='bbox 3722 5455 3984 5509; x_wconf 85' lang='lat' dir='ltr'>traditur.</span> 
     </span>
    </p>
   </div>
   <div class='ocr_carea' id='block_1_74' title="bbox 466 5522 3986 5591">
    <p class='ocr_par' dir='ltr' id='par_1_74' title="bbox 466 5522 3986 5591">
     <span class='ocr_line' id='line_1_74' title="bbox 466 5522 3986 5591; baseline 0.001 -16"><span class='ocrx_word' id='word_1_767' title='bbox 466 5522 774 5576; x_wconf 78' lang='lat' dir='ltr'>Hermanno</span> <span class='ocrx_word' id='word_1_768' title='bbox 805 5525 1084 5578; x_wconf 81' lang='lat' dir='ltr'>Contracta</span> <span class='ocrx_word' id='word_1_769' title='bbox 1115 5528 1171 5577; x_wconf 91' lang='lat' dir='ltr'>in</span> <span class='ocrx_word' id='word_1_770' title='bbox 1201 5526 1479 5585; x_wconf 83' lang='lat' dir='ltr'>Chronico,</span> <span class='ocrx_word' id='word_1_771' title='bbox 1508 5537 1649 5575; x_wconf 82' lang='lat' dir='ltr'>anno</span> <span class='ocrx_word' id='word_1_772' title='bbox 1684 5524 1821 5576; x_wconf 73' lang='grc'><strong>1045.</strong></span> <span class='ocrx_word' id='word_1_773' title='bbox 2319 5525 2421 5591; x_wconf 80' lang='grc'>(51)</span> <span class='ocrx_word' id='word_1_774' title='bbox 2468 5526 2533 5574; x_wconf 86' lang='lat' dir='ltr'>In</span> <span class='ocrx_word' id='word_1_775' title='bbox 2584 5524 3047 5588; x_wconf 80' lang='lat' dir='ltr'>eleemosynarum</span> <span class='ocrx_word' id='word_1_776' title='bbox 3100 5522 3281 5575; x_wconf 77' lang='lat' dir='ltr'>studio</span> <span class='ocrx_word' id='word_1_777' title='bbox 3341 5522 3674 5587; x_wconf 68' lang='lat' dir='ltr'>propensior.</span> <span class='ocrx_word' id='word_1_778' title='bbox 3714 5525 3986 5581; x_wconf 81' lang='lat' dir='ltr'>Affectum</span> 
     </span>
    </p>
   </div>
   <div class='ocr_carea' id='block_1_75' title="bbox 528 5592 3980 5659">
    <p class='ocr_par' dir='ltr' id='par_1_75' title="bbox 528 5592 3980 5659">
     <span class='ocr_line' id='line_1_75' title="bbox 528 5592 3980 5659; baseline 0.003 -16"><span class='ocrx_word' id='word_1_779' title='bbox 528 5592 630 5657; x_wconf 89' lang='lat'>(50)</span> <span class='ocrx_word' id='word_1_780' title='bbox 674 5597 780 5646; x_wconf 83' lang='lat' dir='ltr'>Per</span> <span class='ocrx_word' id='word_1_781' title='bbox 810 5597 1151 5649; x_wconf 73' lang='lat' dir='ltr'>monimenta</span> <span class='ocrx_word' id='word_1_782' title='bbox 1185 5595 1520 5647; x_wconf 75' lang='lat' dir='ltr'>litterarum.</span> <span class='ocrx_word' id='word_1_783' title='bbox 1557 5596 1761 5650; x_wconf 82' lang='lat' dir='ltr'>inserta</span> <span class='ocrx_word' id='word_1_784' title='bbox 1796 5601 1877 5650; x_wconf 91' lang='lat' dir='ltr'>est</span> <span class='ocrx_word' id='word_1_785' title='bbox 1915 5611 1947 5651; x_wconf 84' lang='lat' dir='ltr'>a</span> <span class='ocrx_word' id='word_1_786' title='bbox 1976 5599 2030 5652; x_wconf 87' lang='grc' dir='ltr'><strong>Β.</strong></span> <span class='ocrx_word' id='word_1_787' title='bbox 2075 5600 2175 5655; x_wconf 88' lang='lat' dir='ltr'>Pe-</span> <span class='ocrx_word' id='word_1_788' title='bbox 2262 5608 2419 5652; x_wconf 88' lang='lat' dir='ltr'>suum</span> <span class='ocrx_word' id='word_1_789' title='bbox 2470 5596 2539 5648; x_wconf 82' lang='lat' dir='ltr'>ad</span> <span class='ocrx_word' id='word_1_790' title='bbox 2595 5595 2975 5659; x_wconf 81' lang='lat' dir='ltr'>eleemosynas</span> <span class='ocrx_word' id='word_1_791' title='bbox 3016 5594 3250 5646; x_wconf 87' lang='lat' dir='ltr'>ostendit</span> <span class='ocrx_word' id='word_1_792' title='bbox 3290 5606 3477 5658; x_wconf 89' lang='lat' dir='ltr'>epusc.</span> <span class='ocrx_word' id='word_1_793' title='bbox 3527 5598 3576 5659; x_wconf 90' lang='lat'>9,</span> <span class='ocrx_word' id='word_1_794' title='bbox 3618 5594 3690 5649; x_wconf 87' lang='lat' dir='ltr'>De</span> <span class='ocrx_word' id='word_1_795' title='bbox 3736 5596 3980 5653; x_wconf 83' lang='lat' dir='ltr'>eleemo-</span> 
     </span>
    </p>
   </div>
   <div class='ocr_carea' id='block_1_76' title="bbox 464 5663 3547 5736">
    <p class='ocr_par' dir='ltr' id='par_1_76' title="bbox 464 5663 3547 5736">
     <span class='ocr_line' id='line_1_76' title="bbox 464 5663 3547 5736; baseline 0 -18"><span class='ocrx_word' id='word_1_796' title='bbox 464 5668 551 5718; x_wconf 90' lang='lat' dir='ltr'>tro</span> <span class='ocrx_word' id='word_1_797' title='bbox 606 5675 796 5729; x_wconf 82' lang='lat' dir='ltr'>epusc.</span> <span class='ocrx_word' id='word_1_798' title='bbox 847 5668 878 5718; x_wconf 88' lang='lat'><strong>5</strong></span> <span class='ocrx_word' id='word_1_799' title='bbox 932 5668 1154 5732; x_wconf 82' lang='lat' dir='ltr'>sponsio</span> <span class='ocrx_word' id='word_1_800' title='bbox 1216 5665 1452 5718; x_wconf 85' lang='lat' dir='ltr'>Widonis</span> <span class='ocrx_word' id='word_1_801' title='bbox 1514 5677 1613 5732; x_wconf 89' lang='lat' dir='ltr'>per</span> <span class='ocrx_word' id='word_1_802' title='bbox 1671 5668 1887 5722; x_wconf 86' lang='lat' dir='ltr'>modum</span> <span class='ocrx_word' id='word_1_803' title='bbox 1942 5671 2181 5736; x_wconf 77' lang='lat' dir='ltr'>epistolas</span> <span class='ocrx_word' id='word_1_804' title='bbox 2264 5682 2406 5736; x_wconf 80' lang='lat' dir='ltr'>syna</span> <span class='ocrx_word' id='word_1_805' title='bbox 2434 5667 2504 5719; x_wconf 84' lang='lat' dir='ltr'>ad</span> <span class='ocrx_word' id='word_1_806' title='bbox 2523 5666 2852 5725; x_wconf 75' lang='lat' dir='ltr'>Mainardum</span> <span class='ocrx_word' id='word_1_807' title='bbox 2876 5665 3192 5730; x_wconf 84' lang='lat' dir='ltr'>episcopum</span> <span class='ocrx_word' id='word_1_808' title='bbox 3220 5663 3547 5721; x_wconf 84' lang='lat' dir='ltr'>Urbinatem.</span> 
     </span>
    </p>
   </div>
  </div>
