4140 6500
225 368 314 430 137
1129 357 1708 431 ΡΒΟΕΕΘΟΜΕΝΑῘ
1748 393 1817 406 -
1856 360 1860 368 “

2079 357 2139 417 S.
2182 357 2406 418 PETRI
2444 359 2792 422 DAMIANI.
3611 371 3711 428 138

217 495 506 554 duodecim
542 509 743 553 eorum
784 495 1014 555 assidue
1040 495 1214 570 pedes
1255 494 1502 554 lavabat.
1551 492 1828 550 Prmterea
1858 488 1916 545 in
1934 482 2223 547 Acelluias
2277 485 2558 544 mactabat
2609 489 2896 563 ergastulo
2933 509 2946 560 ;
3005 491 3281 566 quotidie,
3335 500 3545 566 praeter
3589 495 3713 555 dies

217 584 329 642 suis
354 582 718 654 conviviolis,
751 598 882 655 quas
921 599 1146 658 semper
1191 600 1264 643 ex
1307 599 1465 642 more
1492 598 1630 641 cum
1673 577 1918 654 hospiti-
2003 575 2193 644 festos,
2229 572 2566 648 jejunando,
2605 577 2876 636 cantabro
2926 595 3074 653 pane
3120 580 3220 654 (53)
3266 597 3403 640 cum
3444 583 3714 644 hesterna

219 676 319 735 bus
361 675 846 745 communicabat,
884 678 934 734 si
976 677 1081 749 qui
1128 676 1297 750 egeui
1341 675 1793 748 circumquaque
1820 687 1922 744 per
2001 679 2150 738 aqua
2192 666 2494 736 vescendo,
2527 681 2750 741 suoque
2790 670 3032 741 corpori,
3071 670 3200 728 licet
3236 671 3398 730 senio
3415 674 3540 746 jam
3578 691 3708 732 con-

221 765 499 839 regionem
542 764 764 824 lectulis
812 766 1254 837 decumbebant,
1294 765 1557 825 oblivisci
1599 763 1672 822 ab
1714 778 1780 820 eo
1817 761 1922 819 mi-
2003 756 2148 814 fecto
2178 771 2243 812 ac
2280 753 2547 829 pluribus
2579 757 2777 815 ferreis
2815 759 3069 818 nexibus
3096 762 3356 836 undique
3384 765 3711 838 constricto,

221 851 365 909 nime
391 858 671 926 poterant,
699 852 841 911 dum
869 852 1187 924 quemlibet
1219 868 1479 922 suorum,
1511 867 1684 924 quem
1719 850 1921 907 timere
2002 861 2037 903 a
2064 845 2504 918 disciplinarum
2549 844 3049 922 palmatarumque
3085 850 3296 910 ictibus
3347 868 3714 927 nequaquam

221 941 392 998 Deum
425 940 640 998 arctius
682 940 868 1010 sciret,
901 941 972 998 ad
1014 941 1222 999 horum
1260 939 1650 997 ministerium
1704 937 1921 1010 specia-
2003 931 2124 991 suis
2173 931 2400 990 vicibus
2438 932 2817 1007 indulgendo,
2859 937 3106 1010 jugique
3139 938 3440 1013 psallendi,
3485 941 3710 1012 orandi,

221 1026 342 1084 liter
377 1028 714 1100 deputatum
755 1043 980 1100 semper
1025 1027 1276 1085 haberet.
1319 1024 1667 1100 Hujusmodi
1709 1024 1922 1097 quippe
2005 1019 2228 1093 legendi
2282 1027 2453 1094 atque
2505 1021 2757 1080 dictandi
2805 1023 3141 1084 insistendo.
3191 1026 3308 1084 Nec
3354 1035 3711 1102 praetereun-

222 1117 419 1176 studiis
461 1115 693 1175 assidua
730 1117 1143 1176 exercitatione
1173 1116 1502 1191 persistens,
1541 1114 1753 1172 talibus
1789 1129 1920 1187 gra-
2002 1107 2168 1177 dum,
2197 1108 2350 1181 quod
2381 1109 2442 1166 in
2469 1109 2667 1168 eadem
2708 1112 3014 1184 pelvicula,
3045 1130 3160 1188 qua
3191 1130 3512 1189 pauperum
3541 1119 3715 1191 pedes

223 1205 502 1264 tulabatur
575 1204 880 1265 latioribus
937 1204 1234 1264 facultates
1297 1203 1566 1263 Ecclesim
1637 1202 1920 1261 thesauris
2004 1199 2251 1270 lavabat,
2281 1199 2545 1259 reficiens
2575 1218 2776 1275 panem
2804 1206 3145 1278 comederet,
3177 1211 3233 1264 et
3262 1222 3434 1280 super
3463 1207 3712 1266 bibleam

221 1293 481 1352 infercire
531 1292 884 1364 coelestibus,
915 1310 1060 1370 quas
1104 1293 1318 1352 scilicet
1366 1293 1427 1350 in
1473 1291 1719 1366 propriis
1765 1305 1920 1350 sum-
2002 1295 2218 1348 cratem
2248 1289 2368 1361 (54)
2408 1291 2625 1350 nudam
2675 1294 2862 1350 somni
2915 1295 3166 1368 quietem
3216 1301 3460 1369 caperet.
3513 1296 3710 1368 Porro,

222 1399 441 1456 mopere
477 1381 766 1441 devitabat
795 1398 1088 1442 assumere
1128 1383 1473 1458 sumptibus.
1514 1382 1716 1439 Aiebat
1761 1379 1921 1438 enim
2002 1392 2134 1437 cum
2166 1378 2481 1452 aliquando
2507 1381 2577 1438 ad
2608 1381 2924 1456 capitulum
2955 1383 3193 1450 fratrum
3224 1384 3490 1442 accedere
3513 1384 3712 1443 decre-

221 1487 277 1530 se
304 1471 736 1530 Dominicarum
775 1487 972 1530 rerum
1003 1471 1377 1530 constitutum
1411 1471 1533 1530 fore
1565 1469 1918 1539 ministrum,
2002 1467 2198 1537 visset,
2256 1468 2401 1526 facta
2448 1470 2873 1543 exhortatione,
2914 1488 3051 1532 mox
3092 1488 3123 1530 e
3160 1473 3293 1531 sede
3335 1489 3710 1547 consurgens,

220 1575 328 1619 non
366 1559 704 1630 dominum;
747 1559 1220 1632 dispensatorem,
1253 1574 1366 1617 non
1402 1573 1806 1632 possessorem.
1847 1555 1924 1614 Ut
2002 1553 2073 1611 de
2118 1554 2241 1613 suis
2292 1570 2353 1613 se
2389 1558 2723 1617 excessibus
2762 1560 3065 1619 accusabat
3093 1578 3110 1632 ;
3141 1575 3243 1634 pro
3280 1559 3497 1634 quibus
3540 1560 3718 1619 disci--

216 1657 400 1710 autem
453 1665 697 1710 suorum
750 1665 980 1725 quoque
1029 1650 1335 1710 clientium
1381 1650 1450 1707 ad
1504 1650 1630 1707 haec
1673 1648 1923 1706 ﬁdeliter
2001 1641 2180 1717 plinas
2208 1644 2495 1717 judicium
2533 1663 2608 1704 ex
2637 1663 2794 1706 more
2820 1649 3158 1723 suscipiens,
3189 1649 3439 1723 geminis
3475 1652 3715 1725 vapula-

219 1741 533 1800 exercenda
586 1741 824 1800 devotas
873 1747 1092 1800 mentes
1131 1741 1483 1812 accenderet,
1519 1738 1920 1814 hujuscemodi
2002 1733 2098 1792 bat
2126 1735 2400 1809 utrinque
2430 1735 2789 1795 verberibus.
2821 1737 3194 1814 Rursumque
3227 1739 3287 1797 in
3319 1754 3491 1798 suum
3522 1739 3714 1799 locum

221 1844 311 1887 eos
368 1828 740 1887 sermonibus
775 1831 1078 1904 satagebat
1131 1846 1496 1890 commonere
1549 1831 1877 1904 frequenter
1904 1847 1917 1887 :
1944 1825 2358 1914 Bregrediens,
2413 1839 2528 1883 non
2582 1825 2838 1884 cessabat
2882 1843 2980 1886 eos
3033 1829 3154 1886 suis
3200 1828 3567 1888 sermonibus
3623 1829 3714 1887 in-

221 1916 521 1988 Noveritis,
549 1917 678 1984 tilii,
718 1917 914 1975 omnia
951 1918 1061 1975 ista
1087 1933 1245 1977 sacra
1291 1934 1414 1977 esse
1459 1924 1515 1977 et
1559 1923 1920 1991 peccatorum
2008 1915 2255 1972 formare
2291 1914 2419 1985 (55),
2453 1914 2620 1972 modo
2658 1914 2771 1986 his,
2809 1915 2976 1975 modo
3019 1917 3158 1988 illis,
3191 1919 3360 1978 modo
3388 1921 3715 1979 communi-

221 2007 436 2080 pretia;
478 2006 635 2067 unde
674 2023 1039 2082 summopere
1070 2009 1393 2068 cavendum
1427 2024 1500 2066 ne
1535 2007 1675 2083 quid
1716 2008 1922 2066 horum
2011 2005 2093 2058 ter
2152 2001 2424 2059 omnibus
2505 2001 2766 2074 loquens.
2842 2001 3185 2062 Junioribus
3249 2021 3384 2078 ergo
3443 2007 3713 2066 dicebat:

223 2095 480 2166 avaritia,
540 2111 642 2155 seu
705 2097 962 2171 qualibet
1015 2096 1383 2172 negligentiae
1431 2096 1657 2156 incuria
1714 2096 1924 2154 Christi
2011 2085 2167 2146 Scire
2208 2087 2444 2158 debetiS,
2473 2088 2600 2160 ﬁlii,
2633 2103 3112 2165 unumquemque
3141 2098 3412 2152 'vestrum
3455 2099 3571 2152 tam
3602 2095 3717 2154 fer-

222 2183 571 2258 pauperibus
611 2185 1001 2256 subtrahatur,
1028 2187 1247 2261 quibus
1285 2191 1476 2245 nostra
1522 2185 1752 2244 residua
1799 2200 1924 2242 om-
2007 2176 2140 2234 Vide
2193 2183 2365 2250 atque
2412 2183 2645 2236 Strenue
2707 2193 2886 2236 sacra?
2947 2181 3124 2254 huius
3183 2189 3441 2255 oportere
3492 2183 3719 2243 militiai

224 2273 318 2330 nia
365 2270 586 2330 illibata
631 2273 932 2334 debentur.
975 2275 1121 2334 Cum
1167 2275 1336 2334 nobis
1382 2275 1579 2348 itaque
1627 2278 1931 2347 suppetant
2012 2265 2276 2323 tirocinia
2309 2264 2605 2337 inchoare;
2641 2273 2910 2344 tantoque
2944 2285 3026 2339 se,
3054 2269 3196 2328 dum
3237 2285 3524 2346 corporeae
3566 2274 3721 2332 vires

224 2361 432 2435 quibus
478 2362 646 2434 egeni
697 2366 752 2419 et
801 2361 997 2420 miseri
1042 2363 1272 2421 valeant
1318 2363 1583 2434 refoveri,
1625 2361 1933 2435 diligenter
2012 2357 2349 2428 suppetunt,
2384 2355 2456 2412 ad
2506 2355 2657 2414 celsa
2702 2357 2986 2415 tendendo
3036 2375 3305 2418 exercere
3354 2361 3568 2434 labore,
3606 2376 3722 2436 quo

222 2449 531 2523 exquirite,
563 2451 654 2524 pie
696 2450 1054 2510 considerate
1093 2450 1193 2524 qui
1242 2451 1452 2510 vicinis
1487 2452 1543 2508 in
1598 2449 1932 2524 regionibus
2014 2450 2131 2504 tota
2169 2446 2347 2503 series
2390 2453 2676 2506 secuturae
2725 2448 2880 2521 vitas,
2911 2448 2980 2506 ad
3029 2449 3248 2507 fortiter
3292 2450 3583 2523 agendum
3629 2467 3724 2509 va-

223 2544 518 2612 zegrotent,
544 2538 644 2611 qui
675 2539 763 2596 vel
799 2539 1031 2608 esuriei,
1064 2539 1156 2598 vel
1187 2539 1443 2613 penuria;
1480 2538 1790 2612 cujuslibet
1826 2554 1928 2596 an-
2015 2533 2126 2592 leat
2180 2534 2481 2593 informari
2553 2542 2827 2610 tanquam
2888 2537 3268 2610 impressione
3331 2539 3453 2597 veri
3523 2539 3720 2613 sigilli.

224 2641 355 2701 gore
393 2625 673 2699 laborent,
707 2634 992 2702 quatenus
1023 2626 1359 2701 hujusmodi
1390 2628 1484 2701 pie
1512 2627 1932 2702 compatiendo,
2016 2625 2479 2684 Provectioribus
2515 2642 2652 2684 vero
2679 2626 2750 2685 de
2774 2627 3041 2686 conﬂictu
3073 2628 3372 2700 vitiorum,
3403 2629 3473 2688 de
3516 2629 3726 2688 discre-

225 2717 541 2775 necessaria
594 2718 1009 2791 ministrantes,
1066 2724 1299 2777 aeternas
1349 2718 1628 2777 mercedis
1683 2717 1934 2776 fructum
2017 2715 2173 2775 tione
2216 2715 2649 2790 cogitationum,
2694 2717 2764 2774 de
2811 2718 3290 2792 compunclionis,
3336 2734 3439 2777 seu
3479 2723 3730 2778 contem-

227 2805 392 2863 nobis
435 2805 716 2880 vobisque
740 2822 1106 2865 communem
1145 2807 1204 2865 in
1235 2807 1562 2866 cmlestibus
1601 2805 1933 2881 acquiratis.
2016 2806 2290 2882 plationis
2365 2806 2548 2879 gratia
2628 2807 2952 2883 mentisque
3021 2810 3268 2882 puritate
3333 2811 3728 2884 conquirenda

227 2893 510 2963 Quoniam
535 2893 774 2968 quidem
803 2896 850 2953 si
874 2896 1044 2954 modo
1081 2895 1141 2954 in
1175 2894 1516 2954 seminando
1545 2895 1740 2954 ﬁdeles
1769 2896 1939 2956 nobis
2019 2897 2284 2971 quaedam
2334 2895 2606 2956 subtilius
2656 2897 2987 2955 disserebat.
3045 2897 3238 2970 Porro,
3273 2915 3402 2957 cum
3445 2898 3504 2956 in
3546 2899 3732 2973 ipsius

226 2989 614 3056 cooperatores
651 2983 1010 3058 exstiteritis,
1059 2984 1129 3043 de
1169 2984 1470 3044 communi
1517 2985 1715 3059 procul
1759 2984 1938 3044 dubio
2020 2989 2602 3048 sermocinationibus
2675 2988 2960 3062 ejusmodi
3030 2990 3188 3048 locus
3258 2989 3551 3062 incideret,
3615 3006 3732 3065 quo

229 3073 529 3132 nobiscum
586 3072 777 3132 fructu
823 3073 988 3133 beata
1039 3075 1099 3133 in
1165 3075 1542 3134 retributione
1590 3074 1934 3149 gaudebitis.
2020 3081 2261 3140 fratrum
2309 3085 2530 3138 mentes
2559 3079 2624 3135 ad
2660 3078 2894 3137 fortiora
2927 3079 3203 3154 qumlibet
3236 3079 3476 3138 excitari
3505 3079 3736 3140 debuis-

229 3162 642 3237 Hujuscemodi
669 3165 882 3238 quippe
921 3166 1158 3224 monitis
1200 3166 1332 3240 pius
1374 3165 1540 3224 Pater
1581 3181 1716 3224 suos
1743 3170 1997 3246 contu-n
2021 3175 2166 3241 sent,
2208 3172 2318 3229 hoc
2353 3169 2544 3228 dicere
2593 3168 2809 3228 solebat
2841 3189 2854 3228 :
2888 3169 3172 3229 Strenuus
3221 3171 3467 3246 quisque
3517 3170 3735 3230 divinm

225 3252 488 3312 bernales
535 3253 607 3311 ad
679 3253 1088 3313 misericordiae
1151 3221 1322 3328 opera
1395 3254 1720 3328 instigabat.
1787 3221 2246 3320 Hinchilitim
2305 3259 2575 3333 praelatus
2627 3259 2690 3316 in
2739 3259 2898 3317 omni
2956 3259 3202 3332 spiritali
3224 3221 3563 3318 “certamine
3599 3265 3748 3318 suas’

226 3335 364 3402 sane
421 3342 782 3420 pensandum
837 3349 941 3416 est,
973 3343 1163 3417 qualis
1218 3343 1279 3401 in
1334 3343 1683 3401 exhibendis
1720 3343 1938 3402 confra-
2021 3347 2190 3407 debet
2239 3348 2391 3404 vires
2430 3361 2757 3418 agnoscere.
2808 3347 3270 3419 Ignominiosum
3317 3349 3530 3424 quippe
3569 3349 3737 3408 valde

228 3440 382 3493 trum
423 3434 762 3493 necessariis
795 3434 973 3493 fuisse
1017 3432 1301 3503 credatur,
1330 3433 1432 3507 qui
1470 3438 1643 3491 tantm
1670 3432 1930 3506 benigni-
2021 3442 2108 3494 est
2156 3435 2434 3494 monacho
2476 3440 2532 3492 et
2573 3435 2887 3507 spiritualis
2930 3435 3154 3494 militia:
3192 3438 3603 3510 professionem
3634 3438 3736 3496 ha-

228 3525 360 3583 tatis
406 3540 542 3599 erga
594 3525 894 3584 universos
943 3524 1233 3583 exstitisse
1286 3522 1662 3597 dignoscitur.
1726 3522 1938 3581 Verum
2024 3524 2178 3595 bere,
2209 3529 2265 3581 et
2315 3521 2652 3596 experiendi
2700 3523 2954 3596 ignavia,
2985 3525 3120 3598 quid
3169 3525 3228 3581 in
3276 3525 3590 3584 certamine
3637 3541 3738 3583 va-

226 3616 368 3690 quid
393 3617 465 3674 de
484 3615 907 3675 cohaerentibus
934 3614 1046 3673 sibi
1075 3611 1443 3672 memorem?
1471 3612 1941 3686 quandoquidem
2024 3613 2156 3684 leat,
2189 3613 2476 3687 ignorare.
2523 3611 2593 3670 Et
2637 3611 2872 3686 quidem
2929 3611 3069 3686 quid
3115 3613 3234 3688 ipse
3279 3615 3402 3673 haec
3451 3614 3740 3689 loquendo

227 3720 366 3779 erga
411 3715 644 3764 cunctos
682 3704 785 3763 Dei
825 3704 1074 3763 famulos
1100 3703 1162 3761 in
1191 3717 1369 3761 sacras
1399 3701 1626 3760 militiae
1654 3703 1942 3776 pr0posito
2026 3708 2285 3762 moneret
2312 3701 2614 3774 discipulis
2647 3701 2769 3760 suis
2806 3701 3027 3776 liquido
3069 3703 3402 3763 insinuabat
3431 3705 3738 3778 exemplis,

229 3795 588 3865 constitutos,
648 3810 714 3854 eo
765 3795 1088 3854 dilectionis
1139 3791 1499 3851 vinciebatur
1547 3791 1772 3864 affectu,
1828 3808 1944 3865 quo
2026 3806 2099 3850 ex
2137 3790 2351 3865 quibus
2374 3790 2643 3850 videlicet
2676 3790 2798 3848 [’1ch
2825 3807 2859 3848 a
2889 3790 3058 3849 nobis
3090 3791 3210 3849 fore
3237 3793 3740 3851 commemoranda

229 3899 434 3944 eorum
473 3883 725 3958 amplius
765 3899 940 3958 quam
992 3883 1224 3957 proprio
1268 3879 1669 3955 gratulabatur
1715 3880 1938 3940 solatio.
2027 3897 2142 3941 non
2175 3880 2428 3939 inaniter
2452 3885 2607 3954 puto,
2637 3893 2842 3951 nempe
2882 3877 2999 3936 vidi
3040 3879 3208 3938 illum
3235 3896 3335 3955 per
3362 3881 3742 3956 quadraginta

846 3993 1089 4054 CAPUT
1117 3992 1330 4052 XVIII,
2028 3970 2151 4028 dies
2179 3969 2287 4038 nil,
2317 3968 2471 4042 quod
2520 3983 2620 4042 per
2650 3967 2843 4041 ignem
2877 3967 3098 4038 transit,
3128 3969 3191 4026 in
3229 3969 3358 4029 cibo
3403 3971 3739 4044 sumpsisse,

230 4085 481 4141 Insuum
521 4087 906 4141 manasterium
953 4100 1010 4140 se
1051 4088 1265 4157 recipit,
1297 4087 1483 4157 ibique
1516 4088 1772 4157 jejuniis,
1823 4103 1944 4141 ora-
2029 4059 2127 4157 δίῗᾶ
2193 4064 2416 4116 tantum
2449 4147 2459 4157 _
2490 4055 2676 4131 pomis
2742 4056 3052 4157 crudisque
3120 4063 3287 4157 le”?
3349 4059 3740 4157 ηὲεςεθοίίῑξιιει

305 4160 472 4221 tione,
509 4160 818 4228 ceterisque
861 4161 1100 4228 corporis
1129 4147 1294 4227 a‘tqae
1323 4147 1497 4214 animi
1516 4147 1947 4214 'ezrercitationi-
2029 4149 2249 4222 absque
2303 4147 2462 4207 omni
2517 4161 2752 4220 prorsus
2806 4153 2967 4221 potu,
3015 4153 3345 4206 contentum
3389 4148 3606 4218 fuisse;
3636 4148 3744 4208 hoc

309 4229 411 4284 bus
451 4229 736 4285 excolitur.
2032 4239 2269 4313 quidem
2312 4236 2436 4310 ipse
2484 4251 2741 4309 praesens
2782 4237 3016 4305 agnovi.
3058 4235 3256 4307 Aliud,
3289 4237 3442 4311 quod
3479 4235 3745 4297 dicturus

306 4318 505 4392 Porro,
539 4319 680 4379 dum
711 4319 783 4379 ab
815 4321 1196 4381 exterioribus
1241 4321 1366 4380 istis
1408 4320 1535 4395 (52),
1574 4321 1705 4381 licet
1739 4322 1951 4381 sanctis
2033 4343 2185 4396 sum,
2259 4324 2574 4398 majoribus
2651 4323 2798 4381 meis
2862 4324 3273 4398 condiscipulis
3337 4326 3740 4397 referentibus,

235 4415 290 4468 et
325 4410 446 4469 Deo
487 4409 681 4483 gratis,
722 4409 792 4467 ad
838 4409 1032 4469 dulcia
1077 4411 1256 4470 eremi
1301 4418 1534 4483 secreta,
1567 4416 1681 4470 tam
1729 4426 1833 4486 pro
1860 4428 1950 4470 re-
2033 4415 2231 4474 audivi
2273 4414 2541 4473 eumdem
2591 4411 2859 4471 videlicet
2903 4413 3133 4471 totidem
3186 4413 3500 4487 aliquando
3541 4413 3745 4472 diebus

238 4501 489 4560 fectione
536 4500 750 4560 mentis
791 4517 967 4576 quam
1008 4518 1112 4576 pro
1138 4502 1436 4562 ablutione
1477 4503 1787 4578 cujuslibet
1813 4519 1948 4561 con-
2035 4505 2201 4564 nullo
2251 4502 2514 4561 refecisse
2561 4499 2708 4571 cibo,
2745 4501 2854 4558 nisi
2906 4517 3074 4575 parco
3117 4501 3428 4574 leguminis
3459 4502 3744 4560 infusida-

233 4591 403 4650 tracti
450 4589 728 4664 pulveris,
777 4589 964 4650 redire
1011 4590 1377 4664 decrevisset,
1422 4593 1605 4651 nimia
1654 4609 1714 4651 se
1763 4584 2017 4651 inediaD
2038 4592 2124 4651 rio
2169 4593 2324 4663 (56):
2357 4590 2510 4664 quod
2540 4595 2752 4660 tamen,
2787 4589 2835 4647 si
2883 4590 3024 4648 forte
3062 4589 3461 4664 hujuscemodi
3491 4588 3741 4648 nimium

1401 4713 1810 4774 GODEFRIDI
1848 4711 2316 4774 HENSGHENII
2354 4711 2596 4772 NOTIE.

293 4825 405 4892 (52)
450 4824 617 4878 Porro
658 4823 790 4877 dum
826 4822 892 4877 ab
939 4822 1292 4877 exterioribus
1338 4821 1476 4874 istis.
1529 4822 1813 4887 impetrata
1855 4821 1939 4873 ta-
2040 4832 2202 4886 quem
2265 4819 2524 4884 Rigaltius
2585 4821 2804 4892 annotat
2869 4838 2896 4866 ι(
2942 4818 3217 4892 cantabra
3293 4831 3420 4874 esse
3505 4823 3740 4886 vexilla,

225 4891 441 4952 unitate
487 4897 556 4950 ab
600 4897 904 4950 Alexandro
945 4894 1011 4959 ll,
1057 4899 1118 4948 ut
1165 4906 1330 4959 supra
1374 4894 1594 4947 dictum.
2038 4904 2159 4957 quas
2217 4904 2327 4944 non
2381 4895 2586 4945 tantum
2636 4891 2822 4944 colore
2880 4891 3140 4943 militibus
3195 4895 3352 4944 erant
3405 4906 3506 4958 pro
3566 4896 3743 4961 signo.

292 4969 403 5034 (53)
451 4967 719 5022 Cantabro
770 4979 928 5033 pana.
972 4967 1026 5019 Β.
1077 4966 1262 5019 Petrus
1306 4977 1492 5031 opusc.
1550 4967 1628 5028 15,
1681 4975 1800 5028 cap.
1863 4965 1936 5023 14,
2039 4965 2136 5016 sed
2184 4966 2238 5017 et
2287 4964 2530 5017 carmine
2581 4975 2691 5034 seu,
2734 4963 2953 5034 nomine
3013 4962 3195 5029 aliquo
3257 4965 3566 5027 cantabant,
3623 4969 3744 5020 sive

224 5041 305 5093 ait
345 5033 637 5106 quemdam
679 5037 1006 5092 cantabricii
1037 5037 1196 5102 panis
1228 5039 1445 5104 quadra
1477 5036 1676 5088 omissa
1710 5035 1775 5086 de
1804 5034 1938 5106 (die;
2039 5033 2412 5106 signiﬁcabant
2473 5035 2586 5087 illis
2646 5033 2855 5106 aliquid
2926 5036 3064 5098 grati
3131 5040 3185 5088 et
3245 5037 3488 5100 iucundi.
3555 5055 3583 5084 η
3641 5039 3742 5091 Sed

223 5113 283 5165 et
343 5103 406 5164 in
471 5111 583 5164 Vita
647 5111 697 5164 S.
757 5109 1019 5174 Rodnlphi
1073 5103 1317 5173 episcOpi
1366 5106 1629 5172 Eugubini
1677 5109 1751 5159 ait
1796 5105 1940 5158 hunc
2040 5105 2228 5172 quidni
2303 5109 2458 5158 erant
2520 5107 2679 5169 signa
2747 5103 3002 5158 militaria
3054 5119 3085 5158 a
3145 5107 3419 5160 Cantabris
3501 5108 3746 5172 Hispanis

222 5182 404 5236 edere
447 5183 646 5245 solere,
691 5203 718 5227 α
755 5182 1190 5246 quandocunqne
1227 5182 1445 5245 poterat
1485 5181 1794 5244 impetrare,
1836 5189 1936 5242 pa-
2033 5179 2302 5241 accepta?
2329 5180 2404 5228 An
2429 5177 2575 5229 idem
2596 5176 2664 5228 de
2687 5175 2960 5227 crassiore
2995 5190 3134 5240 pane
3163 5179 3496 5233 dicendum?

220 5266 379 5315 nem,
433 5255 528 5320 qui
577 5253 662 5307 vel
705 5265 845 5319 puro
904 5253 1111 5306 hordeo
1167 5252 1340 5310 ﬂeret,
1405 5251 1496 5303 vel
1556 5262 1627 5303 ex
1679 5251 1936 5303 cantabro
2097 5249 2200 5311 (54)
2277 5251 2450 5312 Super
2515 5247 2744 5320 bialeam
2806 5249 3057 5320 cratem.
3099 5249 3246 5303 Inter
3309 5249 3414 5302 alia
3478 5250 3748 5313 signiﬁcat

221 5317 624 5392 potius—quod
667 5317 1065 5392 proﬁciendum
1119 5324 1346 5377 canibus
1399 5324 1467 5376 de
1517 5335 1810 5387 puerorum
1859 5335 1944 5387 pa-
2038 5321 2262 5384 juneum
2333 5323 2386 5372 et
2457 5319 2713 5392 corticem
2751 5333 2765 5373 :
2803 5317 3170 5392 itinc__biblea
3219 5321 3384 5373 cratis
3424 5324 3509 5374 est
3545 5322 3747 5386 iuncea

220 5388 810 5453 nibus’reinansisset.
855 5416 882 5445 ι»
938 5397 1211 5450 Gononius
1260 5396 1405 5448 edita
1449 5395 1542 5448 illa
1585 5395 1698 5446 Vita
1754 5393 1845 5446 lib.
1886 5406 1941 5452 v,
2040 5392 2225 5454 cratis,
2256 5392 2416 5455 cujus
2445 5402 2604 5442 usum
2640 5388 2896 5443 describit
2927 5390 3127 5444 Plinius
3164 5391 3252 5442 lib.
3285 5403 3406 5453 xxi,
3439 5405 3568 5458 cap.
3605 5394 3681 5445 14.

224 5469 306 5525 De
365 5471 496 5523 Vitis
548 5470 756 5523 Patrum
826 5469 1130 5523 Occidentis
1200 5468 1292 5530 ait,
1359 5488 1378 5513 ο
1445 5466 1761 5519 cantabrum
1821 5477 1945 5519 esse
2103 5463 2209 5529 (55)
2255 5461 2598 5515 Sermonibus
2638 5461 2752 5514 suis
2792 5461 3116 5526 infamare.
3166 5462 3375 5516 Eminet
3420 5463 3523 5518 hac
3569 5465 3638 5516 de
3687 5477 3748 5519 re
3831 5505 3846 5520 ,.

220 5545 658 5608 purgamentum
707 5541 914 5600 farinae,
957 5541 1049 5593 vel
1091 5538 1272 5602 tritici,
1324 5537 1416 5591 vel
1467 5549 1590 5591 esse
1639 5536 1816 5590 cibum
1862 5549 1944 5590 ca-
2042 5546 2236 5600 opusc.
2278 5535 2358 5608 t3,
2414 5536 2486 5587 De
2549 5533 2888 5608 perfectione
2941 5533 3349 5608 monachorum,
3405 5535 3497 5588 ubi
3549 5537 3747 5590 distin-

221 5605 446 5669 ninum.
490 5632 517 5662 ι)
557 5614 690 5667 Sunt
743 5617 798 5666 et
843 5611 1112 5666 cantabra
1154 5611 1311 5676 signa
1356 5609 1610 5662 militaria
1645 5608 1787 5673 apud
1826 5608 1946 5662 Ter-
2044 5610 2131 5660 cta
2173 5607 2348 5672 capita
2388 5607 2516 5660 sunt
2561 5605 2631 5658 ad
2677 5605 3068 5666 adolescentes,
3111 5606 3367 5668 novitlos.
3409 5619 3592 5668 senes,
3641 5611 3743 5663 etc.

224 5685 527 5740 tnllianum
585 5685 642 5738 in
700 5683 1067 5749 Apologetico,
1123 5686 1177 5737 et
1232 5681 1509 5736 Minatium
1570 5679 1822 5742 Felicem,
1875 5679 1944 5731 ad
2106 5678 2211 5743 (56)
2278 5676 2401 5731 Nisi
2465 5689 2632 5742 parco
2693 5676 2979 5744 leguminis
3038 5677 3392 5743 infusidario.
3454 5676 3507 5734 B.
3567 5681 3752 5736 Petrus

533 5793 793 5857 Paraoa.
835 5791 1086 5854 CXLIV.
2030 5769 2045 5782 ’
3431 5789 3465 5846 5
