4140 6486
442 392 544 450 139

1355 388 1413 446 s.
1457 387 1751 447 PETRUS
1792 384 2189 444 DAMIANUS
2229 384 2289 443 s.
2330 384 2400 443 Β.
2446 341 2510 442 e.
2551 384 3031 444 CARDINALIS.

3852 391 3964 450 140

437 532 499 574 se
543 514 766 588 fatigari
815 513 1187 587 conspiceret,
1243 526 1613 585 nequaquam
1661 508 2408 570 contemnendumAvitate
2437 509 2740 566 cantabant
2768 507 2934 578 illud,
2968 507 3183 566 scilicet
3211 509 3482 580 Alleluia,
3514 513 3668 585 quod
3701 512 3952 574 dicitur:

433 604 678 665 ducebat
736 600 1121 661 imbecillitati
1172 615 1458 674 eorporeze
1510 599 1751 658 discreta
1814 598 2148 656 remissione

433 694 797 768 aliquatenus
821 690 1152 762 subvenire,
1184 705 1300 764 quo
1331 686 1641 760 resumptis
1684 684 1895 745 iterum
1923 685 2148 745 viribus

433 783 682 842 validior
728 782 800 840 ad
838 782 995 840 aliud
1039 788 1229 855 posset
1283 781 1465 839 redire
1501 784 1811 836 certamen.
1867 778 1992 834 Non
2029 777 2146 835 uti-

432 889 547 948 que
596 873 759 943 vitio,
797 872 897 930 sed
930 871 1130 928 virtuti
1174 868 1366 942 potius
1405 866 1854 925 adscribendum
1899 866 2142 937 dicebat,

430 962 481 1020 si
510 963 642 1036 quis
692 962 843 1020 fessa
878 961 1052 1034 paulo
1092 958 1326 1017 brachia
1366 956 1579 1014 idcirco
1606 955 1873 1025 remittat,
1909 961 1973 1012 ut
2017 961 2146 1026 post

430 1054 719 1113 robustior
764 1054 835 1110 ad
876 1052 1097 1110 fortiter
1140 1049 1430 1122 agendum
1483 1053 1811 1120 consurgat.
1864 1046 2145 1104 Praeterea

431 1161 558 1203 mos
603 1143 692 1201 illi
735 1147 873 1212 erat,
917 1145 982 1198 ut
1018 1139 1167 1196 inter
1216 1137 1417 1196 divina
1457 1143 1572 1195 tam
1629 1145 1913 1195 nocturna
1963 1153 2143 1210 quam

429 1233 641 1291 diurna
679 1230 865 1289 oﬂicia
900 1227 1050 1287 nulli
1088 1227 1258 1302 podio
1294 1226 1547 1301 psallens
1587 1227 1851 1284 haereret.
1883 1225 1952 1283 In
1987 1226 2140 1296 Qua-

426 1320 768 1396 dragesimze
804 1334 1035 1393 quoque
1081 1318 1387 1392 utriusque
1424 1317 1612 1389 initio,
1669 1317 1858 1376 triduo
1907 1319 2142 1392 penitus

425 1410 748 1471 abstinebat
782 1426 817 1467 a
845 1409 1008 1478 cibo;
1037 1408 1108 1466 ad
1139 1408 1294 1482 quod
1339 1423 1477 1466 sane
1509 1407 1641 1467 licet
1686 1409 1980 1466 neminem
2019 1409 2142 1482 ipse

425 1518 660 1577 quoque
711 1499 1075 1574 persuaserit,
1129 1498 1407 1572 quiddam
1463 1505 1655 1556 tamen
1703 1498 1774 1556 ad
1823 1496 2140 1571 spiritualis

424 1589 602 1649 studii
649 1594 996 1662 proventum
1047 1584 1461 1661 quaerentibus,
1503 1586 1844 1646 tradendum
1894 1586 2139 1661 putavit,

426 1695 546 1753 quo
575 1678 824 1751 suscepti
846 1675 1058 1751 jejunii
1099 1675 1240 1750 ipsis
1268 1682 1457 1748 posset
1486 1675 1669 1734 initiis
1706 1674 1952 1734 Domino
1982 1691 2137 1732 eom-

425 1769 709 1829 mendari.
766 1768 931 1827 Hanc
988 1768 1238 1842 profecto
1304 1766 1647 1826 voluntariae
1717 1765 2137 1826 observationis

2229 601 2395 654 Dulce
2454 601 2684 667 lignum,
2738 601 2920 655 dulces
2993 602 3192 666 clavos,
3267 606 3372 659 etc.
3441 601 3686 662 Videbat
3749 606 3958 678 etiam,

2229 687 2384 762 quod
2431 703 2532 760 per
2573 703 2775 746 omnes
2821 687 3106 747 refectorii
3144 705 3374 747 mensas
3411 706 3590 764 panes
3631 702 3795 752 erant
3845 710 3959 768 ap-

2227 777 2419 850 positi,
2461 783 2515 834 et
2553 777 2738 850 specie
2766 778 2956 849 nitidi,
2979 784 3034 836 et
3063 781 3310 838 nectarei
3338 788 3542 855 gustus
3579 798 3780 856 sapore
3806 785 3960 843 mel-

2227 865 2336 924 liti.
2378 867 2535 924 Inter
2581 868 2786 925 fratres
2833 869 3007 926 etiam
3053 869 3313 942 undique
3353 870 3783 931 discumbentes
3825 882 3957 932 erat

2225 955 2337 1028 vir,
2370 957 2417 1013 si
2460 956 2567 1015 rite
2607 963 2794 1029 teneo,
2836 959 3003 1016 valde
3048 959 3358 1031 przeclarus
3396 966 3452 1017 et
3479 961 3699 1036 insigni
3742 962 3954 1022 decore

2225 1046 2606 1120 conspicuus;
2659 1049 2760 1122 qui
2816 1049 3130 1122 requisitas
3182 1049 3337 1108 unde
3386 1051 3526 1109 tales
3568 1052 3952 1112 advenissent

2225 1150 2418 1208 panes,
2439 1135 2652 1210 quibus
2678 1136 2943 1195 videlicet
2963 1138 3182 1196 similes
3207 1144 3445 1197 eatenus
3470 1155 3587 1198 non
3612 1140 3899 1199 vidissent
3929 1163 3943 1200 ε

2224 1221 2300 1281 Hi
2348 1232 2503 1296 sunt,
2555 1225 2766 1299 inquit,
2814 1242 3009 1299 panes,
3062 1226 3276 1300 quibus
3319 1226 3428 1285 ﬁlii
3479 1227 3678 1301 Israel,
3723 1225 3948 1288 manna

2222 1317 2601 1392 pereipientes
2632 1334 2662 1376 e
2687 1318 2850 1389 ccelo,
2879 1318 3006 1376 aliti
3034 1326 3169 1377 sunt
3198 1319 3259 1378 in
3286 1319 3508 1379 deserto
3543 1323 3746 1390 (Exod.
3782 1327 3942 1392 XVI).

2221 1406 2332 1466 Hic
2370 1423 2600 1482 quoque
2628 1407 2719 1466 vir
2750 1407 2883 1466 tulit
2914 1425 3174 1467 mensam
3212 1409 3455 1482 abbatis,
3493 1427 3628 1486 quze
3670 1411 3944 1469 occiden-

2224 1503 2340 1556 tem
2379 1516 2583 1558 versus
2631 1500 2819 1559 fuerat
2863 1501 3192 1572 constituta,
3235 1507 3291 1558 et
3339 1501 3410 1559 ad
3461 1500 3800 1559 orientalem
3843 1517 3943 1575 po-

2223 1588 2341 1646 suit
2381 1588 2667 1647 refectorii
2696 1589 2963 1663 plagam;
2996 1590 3098 1648 ubi
3139 1589 3406 1649 videlicet
3442 1591 3634 1665 imago
3665 1590 3945 1649 cruciﬁxi

2221 1674 2453 1733 Domini
2509 1676 2699 1734 fuerat
2750 1676 2812 1734 in
2869 1677 3084 1750 pariete
3140 1693 3242 1750 per
3297 1677 3585 1751 picturam
3641 1693 3942 1751 expressa.

2221 1763 2513 1836 Perpende
2563 1779 2697 1837 ergo
2749 1763 3110 1837 mysterium,
3162 1768 3218 1821 et
3268 1765 3529 1839 mysticze
3567 1764 3941 1824 revelationis

423 1875 686 1918 normam
741 1857 806 1916 in
867 1856 1170 1916 nonnullis
1229 1854 1615 1927 monasteriis,
1679 1854 1775 1928 pia
1829 1853 2479 1934 devotioneBintellige
2517 1861 2961 1914 sacramentum.
2995 1854 3146 1924 Quid
3196 1860 3280 1912 est
3326 1855 3484 1913 enim
3533 1856 3689 1929 quod
3732 1855 3941 1915 laudes

421 1949 900 2023 amplectentibus
929 1945 1235 2005 excitando
1272 1945 1541 2015 instituit,
1581 1952 1868 2020 quatenus
1898 1949 2134 2020 praefato

412 2037 772 2113 jejuniorum
824 2035 1013 2095 triduo
1065 2040 1215 2094 totus
1262 2040 1583 2093 conventus
1628 2035 1869 2094 fratrum
1920 2036 2135 2108 pariter

417 2129 483 2186 in
520 2126 768 2186 claustro
817 2125 1067 2198 rigorem
1118 2122 1334 2182 silentii
1371 2128 1772 2190 conservaret;
1824 2138 1931 2180 nec
1967 2125 2131 2198 quis-

417 2218 573 2293 piam
603 2217 819 2290 absque
856 2212 1182 2272 inevitabili
1221 2211 1555 2270 necessitate
1593 2211 1977 2271 calceamenta
2021 2213 2131 2270 sibi

417 2307 705 2378 indueret,
733 2307 916 2363 donec
951 2303 1340 2361 communiter
1382 2299 1728 2360 Psalterium
1764 2300 1968 2360 diebus
2007 2303 2128 2360 sin-

417 2398 572 2473 gulis
627 2395 1121 2469 complevissent;
1199 2407 1500 2464 scoparum
1579 2406 1811 2464 quoque
1871 2391 2127 2466 discipli-

415 2504 554 2546 nam
610 2486 710 2560 (57)
753 2485 814 2542 in
869 2482 1120 2557 capitulo
1174 2482 1369 2540 cuncti
1424 2479 1822 2553 susciperent;
1863 2480 1926 2539 in
1979 2497 2129 2555 pane

415 2575 605 2636 solum
633 2584 688 2636 et
715 2589 865 2647 aqua
893 2572 1110 2647 pariter
1135 2570 1506 2628 abstinerent.

1055 2680 1299 2740 CAPUT
1326 2679 1482 2738 XIX.

408 2774 685 2844 Jejunium
731 2776 898 2828 secutae
935 2772 1092 2844 feria:
1135 2772 1195 2823 in
1245 2771 1495 2844 honorem
1540 2769 1599 2825 S.
1648 2772 1824 2844 erucis
1857 2771 2121 2829 instituit.

624 2845 778 2912 Quod
799 2848 848 2897 et
868 2843 1170 2897 visionibus
1191 2842 1490 2896 caelestibus
1511 2841 1912 2912 comprobatur.

481 2934 592 2993 Sed
642 2939 699 2990 et
735 2935 959 2988 sextam
1005 2928 1165 2987 omni
1216 2935 1470 3000 tempore
1507 2928 1711 2986 feriam
1763 2934 1970 3001 praeter
2015 2927 2118 2985 Pa-

407 3021 651 3092 schales,
687 3017 780 3078 vel
817 3022 1051 3076 caeteros
1084 3017 1207 3074 dies
1258 3016 1563 3086 solemnes,
1613 3015 1725 3075 sub
1763 3016 1962 3075 eadem
2007 3025 2122 3076 tam

406 3109 729 3184 disciplinae
760 3123 936 3182 quam
977 3105 1342 3165 abstinentia;
1379 3121 1582 3164 norma
1620 3106 1694 3165 ob
1737 3108 2118 3166 reverentiam

2215 1941 2404 1999 crucis
2442 1943 2653 2000 chorus
2696 1942 2799 1999 ille
2842 1942 3215 2017 psallentium
3252 1943 3497 2000 melodis
3524 1943 3763 2001 vocibus
3787 1959 3935 2001 con-

2215 2030 2501 2104 crepabat,
2541 2031 2655 2089 nisi
2702 2031 2840 2105 quia
2887 2033 3153 2091 futurum
3181 2038 3320 2104 erat,
3350 2038 3415 2090 ut
3457 2031 3600 2090 dum
3643 2033 3708 2090 in
3753 2032 3937 2090 hono-

2213 2136 2337 2178 rem
2394 2119 2581 2178 crucis
2636 2119 2890 2179 solemne
2947 2121 3244 2196 jejunium
3307 2121 3698 2192 instituerent,
3762 2123 3933 2195 quasi

2213 2208 2410 2267 dulces
2461 2210 2515 2266 ei
2571 2209 2813 2268 laudum
2869 2209 3136 2269 modulos
3191 2210 3446 2268 suaviter
3510 2211 3936 2284 personarent?

2211 2297 2517 2372 Hymnum
2559 2299 2774 2373 quippe
2819 2298 2883 2356 in
2933 2298 3115 2357 beatze
3157 2299 3344 2357 crucis
3389 2299 3607 2357 honore
3643 2299 3931 2372 decantat,

2211 2387 2316 2462 qui
2351 2405 2417 2446 ea
2447 2389 2712 2448 videlicet
2739 2390 2832 2447 die
2863 2406 2980 2464 qua
3009 2389 3273 2449 Christus
3310 2391 3373 2449 in
3402 2407 3573 2450 cruce
3613 2407 3934 2464 suspensus

2209 2483 2313 2548 est,
2361 2477 2661 2552 jejunium
2720 2478 2988 2538 celebrat.
3054 2479 3125 2536 Et
3179 2479 3321 2554 quid
3374 2487 3458 2538 est
3519 2481 3673 2554 quod
3718 2481 3934 2540 melliti

2208 2565 2558 2626 videbantur
2595 2583 2773 2641 panes
2800 2569 2865 2626 in
2903 2584 3124 2641 mensa,
3164 2568 3280 2626 nisi
3313 2575 3377 2626 ut
3409 2569 3692 2628 nimirum
3734 2570 3932 2629 dulcia

2207 2655 2446 2729 spiritus
2491 2656 2766 2715 alimenta
2815 2658 3199 2726 comederent,
3241 2657 3384 2716 dum
3436 2674 3540 2732 per
3586 2659 3932 2720 amaritudi-

2207 2759 2344 2802 nem
2373 2747 2563 2804 carnis
2591 2745 2793 2805 dulces
2821 2746 2939 2805 Deo
2970 2746 3212 2805 laudum
3242 2747 3510 2806 modulos
3539 2756 3876 2808 resonarent
3899 2752 3929 2805 ‘?

2207 2832 2391 2893 Tanto
2435 2835 2648 2910 quippe
2686 2834 2914 2894 dulcior
2940 2842 3144 2910 gustus
3181 2837 3443 2896 exoritur
3477 2836 3538 2894 in
3565 2838 3754 2911 palato
3795 2854 3928 2897 cor-

2205 2925 2315 2997 dis,
2364 2934 2581 3001 quanto
2624 2927 2808 3001 major
2849 2927 3170 2987 amaritudo
3209 2927 3585 2987 districtionis
3630 2929 3929 3004 perturbat

2205 3016 2505 3075 lasciviam
2558 3017 2766 3076 carnis.
2822 3017 2971 3087 Quid
3023 3024 3110 3076 est
3160 3018 3334 3076 etiam
3390 3033 3654 3076 mensam
3700 3018 3929 3079 abbatis

2204 3107 2314 3166 sub
2355 3108 2624 3166 cruciﬁxi
2670 3107 3071 3182 Redemptoris
3112 3106 3357 3182 pedibus
3399 3123 3638 3183 ponere,
3673 3109 3788 3167 nisi
3817 3124 3928 3181 per

403 3200 597 3258 crucis
653 3197 772 3257 illis
823 3194 1242 3256 observandam
1286 3194 1597 3298 adhibuit;
1627 3196 1884 3272 Deniqus
1930 3198 2185 3298 omnisC
2197 3200 2491 3273 jejunium
2543 3204 2724 3258 sextae
2772 3198 2952 3271 ierim,
3003 3214 3135 3272 quae
3183 3199 3306 3258 dies
3353 3201 3541 3259 crucis
3581 3206 3686 3271 est,
3733 3205 3924 3258 totum

404 3289 568 3347 illius
613 3285 933 3345 adhortatio
970 3285 1132 3356 adeo,
1175 3291 1512 3358 cooperante
1552 3283 1819 3356 Domino,
1875 3285 2120 3343 fructifi-

402 3395 560 3438 casse
611 3377 990 3450 dignoscitur,
1047 3379 1112 3434 ut
1163 3374 1392 3448 insigne
1448 3374 1593 3434 illud
1647 3391 1879 3450 quoque.
1926 3374 2122 3434 Casini

401 3470 617 3530 montis
663 3468 995 3528 ccenobium
1042 3467 1144 3540 (58)
1194 3473 1352 3524 tanto
1397 3481 1526 3524 eam
1569 3467 1792 3525 fervore
1837 3466 2120 3540 sumpsis-

399 3566 505 3632 set,
553 3559 706 3634 quod
759 3557 996 3632 praefata
1053 3554 1248 3613 omnia
1306 3554 1456 3611 inter
1510 3553 1798 3627 regularia
1848 3552 2121 3611 mandata

399 3647 811 3710 conscribenda
859 3645 1168 3706 statuisset.
1205 3644 1317 3703 Hic
1356 3659 1524 3716 porro
1567 3657 1937 3717 nequaquam
1969 3644 2113 3702 otio-

398 3757 526 3800 sum
585 3745 859 3813 putamus
923 3736 1192 3811 quaedam
1249 3732 1673 3791 revelationum
1732 3733 2114 3803 monimenta,

395 3846 531 3905 quae
561 3830 713 3888 idem
743 3830 866 3902 ipse
901 3826 1147 3901 scripsit,
1188 3838 1598 3891 annumerare,
1630 3823 1843 3896 quibus
1884 3831 2113 3881 sanctus

395 3919 496 3977 ille
549 3923 697 3977 totus
742 3918 805 3975 in
857 3918 964 3973 hac
1009 3914 1408 3973 observatione
1448 3918 1628 3972 sextae
1681 3911 1843 3970 ierim
1897 3912 2114 3970 obnixe

399 4007 510 4067 fuit
552 4006 851 4064 solidatus.
905 4003 1034 4076 Ipsa
1084 4004 1279 4077 itaque
1331 4003 1515 4075 ipsius
1564 4002 1739 4060 verba
1776 4019 2106 4076 ponamus:

395 4097 464 4155 In
496 4093 902 4170 mgrotantium
944 4093 1089 4150 cella
1126 4108 1301 4150 senex
1353 4092 1588 4166 quidam
1627 4099 1785 4166 pater
1813 4101 1953 4165 erat,
1996 4094 2112 4151 Leo

396 4188 653 4259 nomine,
683 4185 785 4261 qui
827 4185 1086 4260 jejuniis,
1119 4182 1357 4256 psalmis
1391 4188 1447 4240 et
1492 4183 1850 4242 orationibus
1878 4183 2110 4242 insiste-

396 4280 494 4337 bat
539 4276 836 4345 attentius,
889 4279 944 4330 et
989 4272 1121 4329 licet
1174 4272 1460 4353 corporeis
1507 4278 1655 4329 esset
1693 4271 1917 4331 viribus
1965 4272 2104 4330 effe-

397 4376 511 4438 tus,
546 4362 798 4440 juvenili
835 4369 1024 4420 tamen
1074 4360 1286 4419 fervidi
1324 4360 1571 4434 spiritus.
1607 4367 1726 4418 erat
1773 4360 1970 4433 vigore
2015 4376 2106 4419 ro-

395 4459 621 4517 bustus.
660 4454 769 4511 I-Iic
805 4451 1072 4526 proxima
1111 4455 1295 4522 nocte,
1339 4464 1453 4524 qua
1483 4449 1782 4507 statuenda
1826 4457 1946 4507 erat
1983 4450 2110 4508 haec

395 4561 640 4607 censura
669 4542 903 4619 jejunii,
943 4540 1088 4600 vidit
1124 4556 1225 4613 per
1263 4539 1556 4597 somnium
1596 4555 1875 4613 magnum
1917 4541 1976 4598 in
2017 4558 2109 4599 ec-

2204 3289 2572 3348 refectorium
2604 3288 2918 3348 salutiferae
2949 3290 3134 3347 crucis
3164 3289 3465 3364 signaculo
3506 3290 3771 3348 dedicare
3798 3299 3821 3349 ?
3849 3290 3925 3348 Et

2203 3378 2346 3452 quid
2375 3384 2458 3437 est
2487 3378 2596 3437 sub
2631 3377 2898 3437 cruciﬁxi
2930 3375 3166 3435 Domini
3207 3379 3452 3451 pedibus
3493 3378 3765 3451 residere,
3801 3378 3925 3438 nisi

2201 3477 2326 3546 post
2355 3474 2480 3547 ejus
2513 3471 2757 3546 vestigia
2791 3471 3059 3543 tendere;
3091 3477 3146 3529 et
3173 3487 3275 3546 per
3306 3488 3460 3546 eum,
3498 3489 3616 3548 quo
3643 3489 3748 3533 nos
3776 3489 3923 3547 prm-

2201 3560 2389 3633 cessit,
2422 3558 2711 3619 tramitem
2737 3559 2956 3634 jugiter
2979 3560 3278 3637 ambulare
3305 3561 3333 3621 ?
3757 3625 3776 3635 _

2270 3649 2488 3710 Verum
2535 3649 2607 3708 ad
2653 3649 2763 3709 hoc
2812 3649 3026 3709 arctius
3085 3651 3636 3723 commendandum,
3677 3654 3733 3708 et
3769 3648 3923 3710 illud

2196 3739 2491 3813 aptissime
2542 3739 2784 3814 contigit
2829 3745 2894 3799 ut
2947 3747 3179 3800 sanctus
3227 3740 3466 3816 quidam
3519 3740 3671 3800 alius
3719 3741 3920 3812 frater,

2198 3829 2402 3889 Petrus
2441 3830 2696 3901 nomine,
2730 3829 2868 3888 dum
2911 3831 2971 3888 id
3002 3831 3468 3904 constitueretur,
3499 3831 3742 3890 abesset.
3779 3829 3916 3900 Qui,

2198 3925 2390 3993 postea
2437 3919 2643 3992 quinta
2673 3918 2926 3991 quadam
2979 3919 3120 3979 feria
3157 3936 3471 3994 regressus,
3505 3920 3705 3980 eadem
3749 3927 3919 3977 nocte

2196 4024 2299 4082 per
2341 4009 2635 4067 somnium
2687 4007 2835 4066 vidit
2883 4009 3036 4083 quod
3085 4009 3335 4068 domnus
3377 4009 3582 4068 Petrus
3625 4008 3796 4068 illum
3842 4008 3917 4066 ad

2193 4097 2507 4171 prandium
2535 4103 2875 4156 convocaret
2897 4113 3209 4172 secumque
3235 4097 3357 4171 ipse
3385 4097 3631 4156 conviva
3650 4094 3912 4155 discum-

2193 4186 2371 4244 beret.
2410 4184 2688 4260 Sequenti
2736 4202 2870 4246 vero
2909 4187 3002 4244 die
3045 4187 3109 4244 in
3139 4185 3459 4260 capitulum
3491 4185 3730 4244 veniens
3775 4201 3913 4244 cum

2190 4274 2413 4332 cmteris
2461 4273 2738 4332 fratribus
2786 4273 3152 4346 disciplinam
3199 4274 3338 4332 novi
3390 4273 3536 4332 ritus
3577 4272 3812 4347 accepit,
3857 4281 3916 4332 et

2192 4363 2274 4421 sic
2297 4363 2484 4434 laetus,
2514 4370 2570 4420 et
2597 4363 2784 4421 alacer
2821 4364 3026 4434 factus,
3059 4363 3375 4421 exsultavit
3411 4363 3476 4421 in
3522 4362 3741 4437 Spiritu
3774 4378 3913 4421 san-

2191 4460 2301 4523 cto,
2351 4452 2589 4510 dicens:
2620 4450 2785 4522 Ecce,
2834 4451 2953 4508 Deo
2999 4449 3231 4524 gratias,
3262 4451 3600 4524 prandium,
3631 4452 3703 4510 ad
3753 4451 3912 4526 quod

2193 4559 2287 4602 me
2315 4545 2564 4603 domnus
2602 4543 2809 4603 Petrus
2837 4543 3156 4600 Damianus
3184 4550 3505 4602 vocaverat.
3555 4544 3671 4602 Nec
3706 4543 3914 4602 imme-

396 4639 569 4696 clesia
618 4604 859 4695 chorum
917 4631 1358 4689 consistentium
1414 4631 1679 4702 fratrum,
1737 4631 1861 4705 qui,
1903 4604 2305 4705 nempeDrito
2334 4649 2472 4691 sane
2519 4638 2732 4690 nostrre
2777 4632 2968 4689 carnis
3011 4631 3244 4692 afﬂictio
3293 4648 3513 4706 mensa,
3545 4633 3638 4693 vel
3676 4632 3913 4690 refectio

399 4724 690 4799 praeclaris
734 4720 996 4782 candidis
1048 4720 1306 4778 vestibus
1355 4719 1682 4778 luculenter
1734 4721 1945 4792 induti,
1983 4720 2111 4778 dul-
2193 4720 2426 4793 dicitur,
2473 4720 2770 4794 quoniam,
2821 4719 2978 4778 unde
3027 4727 3288 4779 nostrum
3339 4738 3447 4795 per
3493 4721 3911 4781 continentiam

401 4814 597 4872 cisona
635 4812 771 4870 satis
809 4816 980 4884 atque
1025 4808 1303 4868 melliﬂua
1350 4808 1585 4867 melodii
1632 4815 1945 4868 concentus
1986 4825 2114 4868 sua-
2193 4825 2398 4883 corpus
2429 4807 2715 4880 atteritur,
2762 4809 2900 4867 inde
2941 4809 3176 4883 spiritus
3227 4825 3493 4884 supernze
3531 4810 3728 4885 gratim
3772 4808 3909 4884 pin-

1555 4953 1962 5015 GODEFBIDI
2001 4953 2469 5014 HENSCHENII
2507 4951 2754 5012 NOTAE.

403 5090 594 5146 opusc.
655 5076 728 5140 15,
781 5075 850 5128 de
910 5087 1024 5126 suae
1083 5072 1521 5146 congregationis
1579 5071 1838 5146 institutis
1887 5083 2006 5135 cap.
2061 5072 2110 5146 6,

401 5143 477 5204 ait
517 5149 719 5204 multos
757 5145 1051 5199 monachos
1093 5145 1148 5196 in
1191 5145 1632 5208 Quadragesimas
1679 5143 1858 5195 solum
1894 5162 1921 5189 ι(
1957 5143 2111 5195 vesci

403 5224 602 5289 pomis,
660 5223 715 5273 et
768 5217 1060 5289 herbarum
1100 5217 1394 5289 radicibus,
1424 5227 1520 5289 I_ac_
1542 5213 1928 5289 leguminibus
1975 5214 2110 5289 infu-

405 5282 502 5356 sis,
549 5282 636 5345 vel
682 5291 842 5344 etiam
890 5287 1065 5340 elixis.
1101 5306 1127 5334 »
1161 5287 1294 5339 Hinc
1341 5282 1743 5338 in’usidarium
1791 5284 2003 5337 videtur
2043 5287 2108 5337 si-

407 5375 579 5430 gnare
622 5375 786 5415 omne
829 5359 1017 5424 liquidi
1060 5359 1166 5411 cibi
1207 5371 1393 5430 genus
1426 5367 1566 5430 aqua
1607 5358 1959 5430 maceratum,
1995 5369 2104 5410 non

409 5424 632 5488 élixum.
685 5433 849 5492 Quam
901 5430 1296 5482 distinctionem
1364 5427 1578 5478 Vossius
1632 5424 1728 5477 lib.
1786 5440 1847 5478 ιιι
1907 5428 1980 5480 De
2029 5430 2103 5481 vi-

407 5507 498 5558 tiis
531 5503 818 5561 sermonis,
851 5513 966 5566 cap.
1004 5503 1077 5565 16,
1107 5514 1220 5553 non
1253 5496 1539 5550 intellexit.

473 5577 577 5636 (57)
641 5570 943 5637 Scoparum
992 5585 1197 5640 quoque
1243 5567 1607 5640 disciplinam.
1639 5567 1714 5640 _B.
1773 5569 1958 5623 Petrus
2009 5583 2109 5635 pro

409 5646 664 5702 defuncto
714 5645 888 5710 aliquo
933 5637 1102 5697 fratre
1147 5665 1171 5688 ιε
1211 5642 1418 5710 septem
1465 5637 1777 5702 disciplinas
1827 5652 1950 5696 cum
2000 5641 2111 5694 mil-

409 5721 550 5774 lenis
578 5709 864 5781 scoparum
896 5717 1092 5768 ictibus
1125 5709 1472 5773 accipiendas
1508 5729 1535 5755 ιο
1580 5711 1882 5774 przescribit
1923 5725 2110 5777 opusc.

2219 5072 2276 5123 14
2312 5073 2366 5122 et
2410 5072 2486 5132 15,
2521 5080 2639 5133 cap.
2689 5071 2764 5120 12.
2797 5069 3009 5123 Modum
3037 5069 3338 5124 inferendae
3369 5071 3666 5135 disciplinae
3709 5073 3917 5126 indicat

2210 5141 2302 5194 lib.
2339 5155 2418 5204 vi,
2446 5142 2603 5206 epist.
2633 5143 2708 5202 34,
2735 5141 2804 5194 ad
2833 5154 2944 5194 suae
2975 5143 3424 5207 Congregationis
3458 5143 3732 5196 eremitas.

2273 5213 2376 5277 (58)
2430 5211 2491 5265 Ut
2535 5212 2746 5277 insigne
2798 5212 2935 5265 illud
2989 5228 3194 5279 quoque
3257 5212 3440 5264 Casini
3495 5213 3693 5266 montis
3738 5227 3918 5267 emno-

2207 5284 2373 5338 bium.
2423 5287 2652 5338 Praeerat
2700 5286 3106 5338 Cassinensibus
3171 5284 3492 5342 Desiilerius,
3555 5288 3772 5337 creatus
3826 5301 3917 5340 an.

2211 5357 2345 5410 1058.
2415 5356 2551 5410 Huic
2615 5357 2908 5410 admodum
2961 5355 3243 5408 familiaris
3295 5355 3412 5409 fuit.
3441 5355 3496 5406 B.
3556 5355 3763 5421 Petrus,
3827 5370 3920 5409 cu-

2202 5432 2295 5494 jus
2338 5428 2407 5480 ad
2461 5440 2588 5481 eum
2639 5431 2856 5482 exstant
2909 5427 3095 5491 plures
3143 5425 3389 5492 epistolae
3421 5429 3475 5479 et
3515 5427 3793 5492 opuscula.
3829 5431 3920 5480 Ast

2206 5502 2322 5551 haec
2377 5512 2547 5563 supra
2599 5513 2670 5552 ex
2725 5500 2899 5554 Leone
2947 5499 3244 5552 Marsicano
3300 5498 3762 5562 conﬁrmavimus,
3823 5501 3921 5563 qui

2209 5583 2357 5624 anno
2407 5571 2600 5637 quinto
2641 5571 2854 5625 abbatis
2883 5569 3149 5624 Desiderii
3190 5569 3333 5624 hunc
3368 5572 3490 5634 ejus
3534 5569 3604 5622 ad
3645 5571 3913 5624 Cassinen.

2212 5656 2304 5697 ses
2355 5645 2648 5697 adventum
2703 5642 2998 5706 contigisse
3063 5640 3286 5699 scribit;
3346 5654 3480 5706 ergo
3533 5655 3674 5696 anno
3726 5639 3920 5696 Christi

2217 5715 2336 5769 1062
2355 5719 2443 5769 aut
2471 5715 2606 5767 1063.
