4140 6462
300 323 396 382 Hi

1219 320 1794 382 PROLEGOMENA.
1838 355 1905 366 -—
1945 321 2127 381 VITA
2169 322 2227 382 S.
2272 321 2494 384 PETRI
2534 325 2876 385 DAMIANI.

3691 326 3792 385 14³2

291 445 545 520 guedine
578 444 896 518 saginatur.
929 445 1168 504 Cunctis
1193 445 1385 521 itaque
1430 445 1828 520 hujuscemodi
1859 448 2361 520 reve-Atemporis
2415 458 2809 509 asseverantes
2857 453 3086 510 aiebant
3144 466 3279 510 eum
3347 451 3616 510 videlicet
3688 467 3792 526 pro

295 535 610 593 lationibus
637 533 808 607 plane
840 534 1228 606 noscentibus,
1260 551 1327 592 ea
1360 533 1476 593 illis
1517 535 1744 593 ctelitus
1777 534 2003 605 tradita,

290 639 424 698 qum
467 639 571 696 per
598 636 662 680 os
692 620 1013 679 beatissimi
1056 621 1169 680 viri
1211 622 1433 680 noviter
1467 622 1578 680 sibi
1611 624 1838 680 fuerant
1872 638 2006 696 pro-

292 714 570 784 mulgata,
609 727 726 768 non
775 711 967 769 solum
1011 712 1082 769 ad
1122 712 1378 784 ipsorum
1410 712 1838 770 observantiam
1892 714 2004 770 fer-

2087 537 2229 610 ipsis
2267 538 2508 596 latenter
2551 555 2762 613 orasse,
2804 541 3001 615 sicque
3039 541 3125 599 eis
3175 540 3419 599 salutem
3470 555 3506 598 a
3549 539 3795 600 Domino

2088 626 2469 702 impetrasse?
2499 629 2573 686 At
2603 629 2740 702 quia
2781 629 2944 688 nobis
2983 629 3238 698 difficile,
3269 629 3388 686 imo
3438 629 3796 703 impossibile

2089 725 2173 773 est
2200 717 2362 776 illius
2407 724 2563 789 gesta
2592 725 2800 777 cuncta
2837 734 3087 789 narrare,
3115 713 3505 792 opportunum
3545 717 3796 778 dicimus

291 802 524 861 ventius
584 801 847 858 succensi
894 805 1051 870 sunt,
1104 815 1310 858 verum
1371 800 1543 858 etiam
1586 818 1723 860 eum
1765 802 2008 874 insuper
2083 805 2204 880 jam
2253 805 2325 862 ad
2374 815 2630 864 extrema
2671 806 2887 880 stylum
2931 807 3198 880 dirigere,
3241 815 3297 864 et
3327 807 3575 881 qualiter
3621 814 3794 867 suum

292 897 644 965 rogaverunt
688 898 773 962 ut,
819 890 868 948 si
906 889 1047 964 quid
1072 889 1266 948 deesse
1297 891 1448 964 apud
1487 907 1584 950 eos
1613 893 1803 950 adhuc
1845 892 2008 950 vide-

292 989 470 1052 retur,
504 981 860 1056 injungeret;
897 980 945 1038 si
971 980 1114 1054 quid
1144 981 1526 1055 superﬂuum,
1559 981 1821 1051 tolleret;
1854 983 2007 1056 quod

290 1089 428 1132 vero
505 1072 916 1145 corrigendum
993 1073 1157 1143 foret,
1213 1071 1436 1130 cunctis
1503 1071 2005 1146 applaudentibus,

291 1163 648 1222 emendaret.
689 1163 855 1221 Unde
889 1163 1104 1220 factum
1141 1168 1226 1221 est
1274 1163 1426 1220 inter
1464 1170 1669 1221 czetera
1722 1170 1785 1220 ut
1835 1162 2007 1237 proji-

291 1263 489 1313 cerent
515 1256 770 1329 copulas,
805 1253 1020 1330 quibus
1045 1253 1211 1328 quasi
1249 1251 1600 1326 quibusdam
1627 1251 1795 1327 pileis
1822 1252 2006 1326 capita

292 1345 691 1418 contegebant,
745 1360 860 1417 quo
911 1344 983 1402 de
1027 1351 1248 1402 caetero
1285 1343 1424 1401 solis
1473 1343 1718 1416 caputiis
1767 1342 2007 1400 honesto

299 1441 493 1491 essent
517 1434 938 1493 monachorum
972 1448 1130 1490 more
1175 1433 1450 1492 contenti.
1495 1432 1835 1492 Statuerunt
1861 1449 2007 1506 quo-

300 1537 417 1596 que
447 1530 512 1583 ut
543 1523 613 1581 de
648 1523 964 1597 peregrinis
996 1522 1316 1581 involucris
1353 1524 1505 1581 ultra
1526 1523 1647 1596 jam
1685 1521 2011 1596 grandioris

306 1611 474 1686 pretii
510 1611 850 1670 vestimenta
885 1628 1002 1672 non
1049 1619 1328 1684 emerent,
1383 1612 1482 1670 sed
1538 1627 1609 1669 ex
1663 1611 2010 1670 rusticorum

303 1700 578 1758 textrinis
609 1700 745 1760 vilia
775 1701 968 1774 potius
997 1718 1064 1760 ac
1093 1701 1406 1761 vernacula
1433 1709 1792 1774 comparent.

940 1816 1186 1877 CAPUT
1231 1817 1360 1876 XX.

555 1907 821 1978 quosdam
873 1925 908 1962 a
957 1908 1290 1962 daamonibus
1333 1911 1559 1962 vexatos
1609 1907 1668 1960 in
1699 1909 1878 1961 monte
1916 1905 2013 1961 Ca-

373 1983 514 2042 sino,
550 1980 648 2033 ubi
687 1979 925 2035 basilicae
966 1981 1025 2036 S.
1072 1980 1351 2035 Benedicti
1406 1978 1741 2048 aediﬁcanda:
1793 1992 2012 2047 operam

374 2051 604 2116 dabant,
635 2051 852 2106 liberat.

375 2145 574 2220 Ipsum
620 2161 756 2205 vero
803 2147 1113 2221 praefatum
1146 2145 1478 2206 ccenobium
1511 2146 1823 2204 Casinense
1871 2146 2012 2204 dum

300 2235 616 2309 aliquando
668 2235 824 2294 idem
871 2237 1124 2296 domnus
1176 2236 1379 2295 Petrus
1435 2253 1511 2295 ex
1572 2251 1732 2294 more
1781 2234 2015 2293 visitas—

301 2333 389 2384 set
420 2326 543 2399 (59),
576 2342 707 2385 cum
739 2332 887 2386 esset
922 2327 1028 2398 ibi,
1074 2326 1392 2385 beatissimi
1430 2326 1724 2385 Benedicti
1783 2324 2019 2383 basilica

300 2415 659 2474 fundabatur
683 2415 830 2486 (60);
864 2431 999 2490 quia
1043 2431 1186 2476 auro
1219 2433 1284 2474 ac
1313 2416 1607 2492 lapidibus
1648 2414 1818 2473 modo
1846 2413 2017 2472 ador-

303 2513 440 2563 nata
471 2504 770 2580 perspicue
806 2507 1083 2565 cernitur.
1122 2507 1468 2580 Aliquantos
1499 2506 1580 2564 ibi
1626 2505 1836 2579 reperit
1875 2519 2016 2577 pue—

303 2609 418 2667 ros,
452 2596 557 2670 qui
600 2611 704 2670 pro
742 2595 1038 2655 vectandis
1089 2595 1386 2669 lapidibus
1423 2601 1720 2664 venerant,
1764 2601 2021 2668 arreptos

303 2685 612 2744 daemoniis
643 2686 850 2745 acriter
893 2687 1137 2757 vexari;
1165 2701 1420 2760 quorum
1469 2683 1603 2742 licet
1641 2683 1884 2742 modicis
1924 2699 2018 2740 ar-

305 2774 501 2846 tubus,
536 2781 758 2835 tantum
779 2776 852 2833 ab
883 2776 1024 2850 ipsis
1052 2775 1359 2834 daemoniis
1391 2773 1609 2834 virium
1636 2773 1927 2832 ferebatur
1955 2777 2022 2830 ut

304 2879 339 2922 a
387 2864 563 2934 binis,
594 2864 683 2922 vel
725 2865 903 2923 ternis
948 2864 1368 2924 robustissimis
1412 2863 1555 2922 viris
1603 2862 1821 2936 singuli
1869 2875 2020 2920 com-

305 2950 599 3024 prehensi,
653 2952 753 3010 vix
791 2952 1159 3027 aliquatenus
1189 2959 1422 3026 possent
1460 2951 1693 3010 arctari.
1728 2950 1876 3009 Cum
1909 2965 2018 3006 au-

309 3047 424 3099 tem
451 3041 547 3099 die
575 3042 829 3115 quadam
863 3042 1148 3101 domuum
1177 3042 1412 3101 Petrum
1457 3041 1530 3099 ad
1560 3056 1706 3114 Opus
1746 3039 1893 3096 illud
1927 3039 2019 3096 in-

300 1910 502 1963 Pueros

2089 909 2325 952 cursum
2358 893 2729 969 compleverit
2754 903 2929 967 atque
2963 894 3103 953 hinc
3131 895 3201 953 ad
3234 911 3483 970 superna
3515 896 3795 970 migrave-

2090 984 2185 1055 rit,
2218 983 2464 1042 Domino
2494 984 2828 1058 opitulante,
2861 985 3214 1056 depromere.

2723 1083 2968 1152 CAPUT
2995 1093 3149 1152 XXI.

2093 1183 2286 1239 Urbem
2331 1185 2644 1256 Ravennam
2679 1186 2832 1240 Rom.
2879 1185 3156 1256 pontificis
3204 1185 3415 1256 legatus
3452 1201 3487 1238 a
3534 1187 3794 1248 censuris,

2351 1255 2748 1325 archiepiscopi
2773 1256 2909 1309 uitio
2937 1255 3270 1319 obstrictum,
3299 1255 3560 1313 absolvit.

2163 1340 2316 1399 Dum
2343 1343 2475 1415 pius
2503 1341 2684 1414 igitur
2718 1341 2932 1401 Christi
2966 1343 3229 1401 sacerdos
3267 1342 3672 1416 hujuscemodi
3704 1343 3794 1403 lu-

2089 1430 2436 1489 crandarum
2491 1432 2822 1490 animarum
2880 1431 3088 1490 studiis
3147 1430 3440 1490 inhianter
3488 1431 3800 1491 inhaereret

2090 1520 2344 1594 vitaeque
2391 1520 2693 1595 priesentis
2748 1521 2906 1579 labor
2951 1528 3230 1579 extremas
3272 1519 3395 1594 jam
3442 1533 3587 1592 pene
3628 1521 3800 1580 linea)

2092 1626 2318 1669 moram
2373 1617 2611 1681 teneret,
2663 1610 2834 1684 jussu
2895 1610 3215 1669 Alexandri
3273 1610 3330 1668 II
3384 1611 3498 1680 (61)
3553 1613 3799 1672 Romani

2092 1698 2400 1773 pontificis,
2437 1698 2798 1771 Ravennam,
2845 1701 3090 1774 patriam
3121 1715 3307 1770 suam,
3343 1701 3626 1775 proficisci
3649 1719 3799 1776 pra:-

2031 1787 2326 1873 Bcipitur,
2369 1802 2492 1845 rem
2543 1787 2710 1846 valde
2748 1788 3136 1846 necessariam
3173 1789 3354 1848 saluti
3390 1789 3566 1849 totius
3614 1791 3799 1863 urbis,

2037 1907 2046 1912 ~
2093 1873 2252 1947 cleri,
2278 1890 2344 1932 ac
2391 1874 2590 1948 populi
2647 1882 2998 1948 peracturus.
3042 1877 3178 1935 Erat
3220 1877 3438 1952 quippe
3478 1885 3615 1936 tunc
3655 1885 3800 1937 tem-

2094 1963 2250 2036 poris
2292 1964 2602 2022 defunctus
2643 1964 2903 2038 ejusdem
2948 1965 3111 2024 urbis
3152 1967 3616 2040 archiepiscopus
3666 1968 3800 2041 (62),

2093 2053 2196 2127 qui
2255 2069 2357 2127 pro
2402 2068 2506 2110 sua
2563 2053 2868 2125 protervia,
2921 2054 3206 2112 sententia
3258 2054 3536 2113 Romana:
3595 2058 3803 2131 synodi

2093 2142 2236 2200 olim
2285 2142 2472 2200 fuerat
2510 2142 2921 2199 communione
2968 2143 3265 2215 privatus;
3300 2145 3398 2203 cui
3434 2151 3622 2204 tamen
3669 2161 3802 2205 cum

2097 2233 2281 2291 nimia
2309 2232 2624 2291 temeritate
2664 2248 3038 2307 nequaquam
3064 2236 3137 2293 ob
3163 2235 3385 2293 illatam
3434 2236 3546 2296 sibi
3583 2243 3806 2296 senten-

2100 2326 2239 2384 tiam
2268 2324 2383 2395 (63)
2429 2325 2813 2399 tremefactus,
2845 2326 2918 2384 ab
2961 2327 3433 2402 archiepise0pali
3471 2336 3810 2403 temperaret

2099 2412 2308 2484 oiIicio,
2341 2420 2793 2472 consentaneum
2835 2413 2945 2471 sibi
2989 2413 3269 2487 populum
3321 2431 3428 2473 sua
3468 2415 3809 2489 contagione

2103 2503 2313 2560 misere
2358 2502 2614 2574 fmdavit,
2645 2510 2940 2578 totamque
2986 2505 3280 2563 ecclesiam
3323 2505 3541 2564 illicitis
3567 2505 3810 2565 ausibus

2100 2590 2447 2664 profanavit.
2483 2591 2740 2649 Tandem
2771 2607 2906 2650 vero
2933 2591 3005 2650 de
3034 2593 3225 2651 medio
3264 2594 3624 2666 profanatore
3667 2595 3808 2652 sub-

2103 2681 2238 2750 lato,
2298 2681 2572 2754 praefatus
2623 2681 2972 2754 apostolicus
3053 2688 3168 2739 tam
3247 2682 3545 2741 numerosi
3612 2683 3810 2757 populi

2103 2771 2343 2830 exitiale
2393 2771 2726 2844 contagium
2784 2771 3048 2830 fraternis
3095 2773 3415 2830 visceribus
3482 2772 3808 2846 miseratus,

2104 2871 2329 2922 tantum
2373 2868 2616 2936 patrem,
2664 2860 2768 2934 qui
2817 2863 3154 2920 auctoritate
3185 2862 3498 2936 apostolica
3539 2862 3810 2922 eumdem

2105 2951 2527 3011 reconciliando
2614 2951 2955 3019 absolveret,
3010 2949 3112 3009 illo
3187 2951 3452 3025 delegare
3535 2952 3809 3023 decrevit,

2107 3043 2403 3102 neminem
2434 3040 2650 3100 scilicet
2689 3041 2762 3099 ad
2809 3042 2918 3099 hoc
2946 3055 3092 3114 opus
3121 3042 3440 3115 gerendum
3487 3042 3814 3118 digniorem

309 3131 595 3188 tuendum
650 3132 982 3205 contigisset
1026 3131 1208 3202 exire,
1265 3131 1621 3201 Desiderius,
1678 3127 2023 3188 venerabilis
2039 3131 2197 3235 Cvel
2256 3130 2533 3206 aptiorem
2586 3129 2952 3201 existimans,
3005 3146 3072 3188 eo
3123 3130 3274 3204 quod
3323 3130 3369 3188 is
3424 3146 3541 3190 non
3590 3133 3815 3192 modica

307 3219 572 3293 ejusdem
622 3222 873 3280 ccenobii
912 3221 1239 3280 Casinensis
1287 3222 1485 3294 abbas,
1533 3221 1750 3296 ipsum,
1784 3225 1848 3278 ut
1885 3233 2024 3276 con-

307 3317 594 3381 sueverat,
623 3325 699 3370 ex
745 3313 981 3370 nomine
1024 3314 1281 3388 jucunde
1323 3311 1698 3387 compellans,
1725 3309 1807 3368 ait
1842 3329 1854 3368 :
1911 3309 2025 3366 Do-

310 3399 470 3458 mine
497 3391 683 3469 Petro,
717 3416 824 3461 cur
866 3401 1004 3460 istos
1041 3409 1266 3460 nostros
1315 3417 1430 3460 non
1463 3416 1630 3459 curas
1683 3397 1974 3473 operarios
1999 3396 2028 3456 ‘?

312 3488 417 3546 Cui
466 3487 568 3547 ille
599 3513 612 3546 :
647 3488 875 3547 Habent
914 3490 1027 3562 hic,
1075 3491 1292 3565 inquit,
1333 3490 1683 3548 sanctissimi
1730 3485 2026 3546 Benedicti

312 3577 698 3651 prtesentiam,
732 3579 835 3652 qui
873 3579 978 3651 eis,
1020 3580 1070 3638 si
1120 3581 1278 3652 velit,
1320 3578 1474 3639 valet
1517 3579 1723 3638 salutis
1771 3579 2032 3636 conferre

315 3666 620 3724 medelam.
670 3667 790 3741 Ego
837 3668 994 3727 enim
1044 3669 1184 3744 quid
1210 3684 1343 3727 sum
1371 3672 1398 3725 ‘i
1426 3667 1802 3727 Existimavit
1838 3675 2027 3725 tamen

315 3755 495 3814 abbas
533 3772 608 3814 ex
647 3757 730 3814 eis
768 3757 996 3831 aliquos
1032 3758 1105 3815 ad
1134 3759 1318 3833 ipsius
1362 3759 1486 3816 fore
1521 3757 1838 3832 hospitium
1884 3754 2028 3814 diri-

317 3845 552 3917 gendos,
600 3851 888 3918 quatenus
927 3845 1163 3906 illorum
1212 3848 1582 3906 vexationem
1641 3845 2026 3919 conspiciens,

316 3934 596 3992 attentius
625 3950 728 4009 pro
772 3935 857 3994 eis
897 3938 1168 3996 misertus
1209 3944 1414 3996 oraret.
1453 3935 1616 4006 Quod
1660 3936 1899 4012 quidem
1932 3934 2030 3992 ille

316 4021 559 4080 omnino
606 4022 924 4097 prohibuit,
957 4040 1075 4084 non
1129 4041 1269 4083 sane
1300 4023 1751 4083 inliumanitatis
1789 4021 2027 4092 duritia,

318 4109 416 4168 sed
461 4109 857 4184 observanda},
892 4115 1046 4186 quod
1077 4114 1262 4186 magis
1306 4113 1683 4184 censendum,
1728 4111 2030 4171 humilita-

320 4199 392 4261 tis
440 4203 724 4262 custodia.
783 4204 1196 4265 Verumtamen
1273 4205 1417 4264 dum
1497 4213 1634 4264 tunc
1695 4204 2033 4278 contigisset

316 4305 451 4350 eum
505 4292 713 4367 viginti
768 4294 889 4352 fere
949 4294 1156 4353 diebus
1210 4293 1427 4353 ibidem
1498 4300 1727 4369 propter
1788 4297 2032 4352 fratrum

315 4379 654 4442 charitatem
731 4383 1054 4456 mansisse,
1112 4384 1428 4460 eodemque
1504 4384 1687 4459 spatio
1769 4383 2030 4454 dierum,

315 4484 739 4544 energumenos
773 4473 907 4533 illos
942 4489 1145 4534 omnes
1173 4475 1344 4549 plene
1381 4481 1610 4534 curatos
1651 4475 1868 4548 fuisse;
1899 4475 2032 4550 quis

319 4536 489 4622 illud“
511 4563 760 4624 fideliter
798 4580 917 4625 non
957 4536 1192 4640 credat;
1217 4565 1374 4640 quod
1413 4564 1715 4624 cmnobitae
1765 4536 1867 4622 illi.
1897 4536 2098 4624 tuncD

2109 3226 2384 3286 existeret
2433 3225 2770 3284 auctoritate
2822 3223 3138 3292 subnixus,
3186 3239 3252 3282 ac
3301 3240 3402 3296 per
3443 3225 3820 3298 regeneratio-

2109 3317 2204 3374 nis
2237 3317 2480 3390 gratiam
2526 3313 2786 3389 ejusdem
2817 3320 2964 3370 esset
3009 3313 3280 3372 Ecclesia)
3313 3313 3490 3385 filius,
3521 3313 3819 3389 ipsiusque

2111 3406 2284 3464 etiam
2319 3405 2546 3462 hortatu
2578 3405 2710 3473 (6i),
2745 3402 2900 3460 idem
2952 3418 3353 3477 saepenumero
3398 3403 3469 3460 ad
3518 3404 3668 3460 hanc
3703 3404 3819 3462 ele-

2113 3494 2386 3554 mentiam
2436 3501 2798 3568 provocatus.
2847 3492 3029 3562 Quam
3080 3492 3280 3567 utique
3324 3493 3669 3565 legationem
3699 3493 3823 3564 ille,

2114 3585 2247 3644 licet
2270 3585 2389 3659 jam
2433 3589 2596 3642 relate
2627 3583 2942 3650 confectus,
2975 3587 3039 3639 ut
3083 3588 3357 3640 strenuus
3407 3582 3563 3640 ﬁlius
3615 3590 3820 3640 mater-

2112 3675 2206 3733 nis
2263 3673 2562 3732 beneficiis
2616 3689 2732 3730 non
2790 3673 3051 3744 ingratus
3101 3676 3290 3743 optato
3336 3671 3608 3742 suscepit.
3675 3670 3823 3730 Nam

2113 3761 2507 3834 gratulabatur
2555 3776 2616 3817 se
2665 3760 2896 3817 tandem
2953 3761 3232 3832 reperisse
3273 3757 3516 3832 aliquid,
3548 3760 3704 3832 quod
3751 3761 3825 3818 ob

2113 3852 2207 3910 sui
2258 3851 2517 3909 debitum
2548 3850 2832 3924 obsequii,
2868 3849 2978 3922 pitu
3025 3854 3211 3924 posset
3257 3848 3581 3922 persolvere
3632 3852 3822 3910 matri.

2112 3940 2236 4010 Quo
2280 3955 2435 4010 cum,
2469 3937 2714 3996 Domino
2754 3937 3125 4010 suﬂ'ragante,
3165 3948 3433 4010 prospero
3472 3939 3828 4012 pervenisset

2112 4028 2339 4098 itinere,
2365 4027 2426 4085 in
2454 4043 2630 4084 manu
2661 4026 2881 4085 civium
2911 4033 3210 4100 susceptus
3243 4027 3463 4098 ingenti
3493 4042 3625 4085 cum
3676 4027 3824 4087 laeti-

2114 4117 2212 4187 tia,
2247 4116 2340 4175 sui
2373 4131 2605 4173 causam
2660 4115 2921 4189 patefecit
2965 4130 3249 4186 accessus,
3297 4131 3469 4189 super
3513 4131 3632 4190 quo
3675 4118 3830 4178 cives

2115 4203 2204 4262 illi
2257 4201 2567 4260 immodice
2619 4201 2947 4274 jucundati,
3001 4201 3317 4261 immensas
3391 4203 3528 4276 Deo,
3581 4204 3683 4278 qui
3735 4221 3832 4264 eos

2119 4301 2469 4366 respexerat,
2519 4291 2850 4365 Christique
2905 4291 3138 4360 vicario,
3193 4293 3296 4365 qui
3354 4291 3514 4353 hunc
3559 4294 3730 4353 talem
3777 4304 3832 4355 et

2119 4391 2346 4444 tantum
2397 4383 2590 4441 virum
2643 4379 2714 4438 ad
2763 4385 2826 4438 se
2870 4380 3178 4450 direxerat,
3233 4384 3446 4454 gratias
3498 4385 3831 4454 referentes,

2116 4467 2612 4545 praevaricationis
2644 4483 2766 4525 sua:
2787 4467 3189 4541 pmnitentiam
3214 4467 3514 4527 humiliter
3537 4478 3783 4541 egerunt
3814 4493 3826 4527 :

2117 4561 2270 4623 unde
2317 4567 2371 4619 et
2422 4564 2614 4618 reatus
2666 4557 2912 4626 veniam,
2964 4572 3139 4631 quam
3192 4558 3526 4632 suppliciter
3571 4559 3828 4633 postula-

1477 4727 1884 4789 GOUEFRIDI
1922 4721 2388 4788 HENSCHENII
2427 4720 2668 4781 NOTZE.

378 4861 484 4930 (59)
527 4861 766 4916 Domnus
803 4863 996 4917 Petrus
1043 4877 1107 4915 ea;
1149 4875 1297 4917 more
1336 4864 1624 4918 visitasset.
1675 4863 1788 4918 Fuit
1830 4878 1896 4918 ea
1941 4865 2021 4917 vi-

313 4935 493 4988 sitatio
525 4948 556 4991 a
587 4936 916 5000 praacedenti
943 4936 1179 4998 diversa,
1201 4938 1278 4989 uti
1307 4949 1376 4988 ex
1400 4937 1760 5001 sequentibus
1787 4939 2019 4990 constat.

381 5007 488 5071 (60)
543 5009 600 5059 B.
660 5004 938 5060 Benedicti
992 5007 1220 5061 basilica
1277 5007 1640 5073 fundabatur.
1706 5009 1886 5074 Coepta
1942 5011 2026 5061 est

317 5079 526 5132 exstrui
579 5091 645 5131 ea
706 5078 932 5131 basilica
993 5091 1134 5132 anno
1193 5079 1332 5142 1066,
1381 5079 1629 5132 dedicata
1678 5080 1744 5132 ab
1801 5079 2024 5132 Alexan-

317 5149 417 5203 dro
471 5148 520 5202 II
568 5163 708 5214 papa
745 5163 890 5204 anno
931 5152 1083 5208 1071;
1135 5151 1227 5203 cui
1278 5151 1610 5204 solemnitati
1661 5150 2026 5204 interfuerunt

317 5220 711 5286 archiepiscom
771 5223 850 5286 10,
909 5223 1153 5288 episcopi
1207 5223 1282 5285 14,
1337 5222 1632 5286 principes,
1693 5223 1884 5283 duces,
1937 5221 2025 5272 ab-

319 5291 475 5344 bates
530 5291 731 5356 aliique
772 5294 1170 5360 quamplurimi.
1224 5293 1350 5356 Legi
1405 5294 1473 5346 de
1521 5305 1594 5346 ea
1644 5297 1869 5358 possunt
1922 5295 2026 5345 Leo

320 5361 580 5416 Ostiensis
647 5363 744 5416 lib.
809 5376 876 5417 ιιι
949 5364 1195 5417 Ghmnic.
1264 5363 1562 5426 Casinus,
1631 5377 1750 5430 cap.
1811 5364 1892 5427 26,
1939 5364 2024 5426 27,

320 5433 400 5494 28,
428 5438 482 5486 et
503 5433 596 5486 alii
619 5447 805 5488 rerum
829 5435 1196 5489 Casinensium
1218 5434 1532 5497 scriptores.

383 5503 490 5570 (61)
525 5507 686 5559 Iussu
719 5506 1020 5560 Maeandri
1063 5509 1134 5558 ΙΙ.
1181 5505 1488 5560 Alexander
1521 5507 1567 5558 ll
1603 5505 1744 5558 sedit
1783 5505 1852 5557 ab
1885 5517 2025 5558 anno

329 5575 447 5629 1061
485 5576 559 5633 ad
593 5577 720 5632 1073
761 5579 851 5631 cui
895 5577 951 5632 B.
1001 5579 1186 5632 Petrus
1237 5581 1434 5640 praeter
1480 5576 1742 5642 epistolas
1788 5580 1844 5630 et
1885 5589 2027 5640 opu-

325 5647 480 5703 scula
535 5649 724 5713 missa,
776 5649 920 5705 Vitas
979 5649 1065 5704 SS.
1127 5648 1395 5715 Rodulphl
1456 5647 1698 5714 episcopi
1756 5647 2029 5712 Eugubini

1861 5726 1889 5757 ι

2123 4866 2178 4915 et
2234 4861 2492 4914 Dominicl
2547 4859 2772 4913 Loricatl
2814 4859 3104 4924 inscripsit,
3159 4862 3213 4911 et
3265 4860 3367 4912 sub
3417 4874 3543 4926 quo,
3591 4868 3648 4916 ut
3704 4864 3829 4918 hinc

2123 4937 2287 4998 patet.
2316 4932 2468 4985 obiit.

2184 5003 2290 5070 (62)
2351 5002 2604 5068 Ejusdem
2652 5002 2798 5055 urbis
2851 5002 3296 5069 archiepiscopus.
3360 5006 3623 5059 Henricus
3687 5018 3828 5059 anno

2129 5076 2268 5136 1070,
2303 5076 2555 5128 Kalendis
2578 5075 2837 5136 Januarii,
2873 5073 3180 5127 defunctus.

2187 5149 2290 5212 (63)
2352 5147 2425 5198 0b
2470 5147 2688 5198 illatam
2745 5145 2851 5197 sibi
2899 5149 3244 5208 sententiam,
3309 5151 3411 5198 etc.
3470 5146 3542 5197 Ab
3602 5147 3828 5202 Alexan-

2125 5223 2226 5274 dro
2267 5231 2406 5282 papa
2447 5230 2572 5269 eum
2609 5218 3131 5269 excommunica’um
3172 5219 3339 5270 fuisse
3373 5229 3538 5279 supra
3571 5217 3823 5272 diximus.

2185 5291 2290 5357 (64)
2335 5287 2612 5353 Ipsiwque
2667 5287 2837 5340 etiam
2899 5287 3140 5342 hortatu.
3202 5290 3253 5341 Β.
3308 5287 3491 5338 Petrus
3541 5289 3698 5353 epist.
3747 5293 3825 5352 14.

2125 5363 2219 5416 tib.
2277 5374 2316 5421 ι,
2357 5361 2429 5413 ad
2483 5359 2845 5412 Alexandrum
2896 5361 2955 5418 ll,
3009 5361 3085 5412 uti
3133 5365 3260 5412 ante
3301 5358 3548 5413 relatum.
3593 5359 3728 5414 Hinc
3763 5363 3824 5414 li-

2126 5440 2253 5498 quet
2292 5432 2474 5488 omnia
2517 5430 2635 5483 hac
2677 5443 2962 5497 perperam
3003 5433 3071 5483 ad
3111 5430 3428 5493 Gregorium
3462 5430 3565 5495 Vll,
3605 5433 3829 5488 Alexan-

2126 5507 2210 5558 dri
2273 5515 2665 5563 successorem,
2734 5503 3014 5555 transferri
3074 5516 3107 5554 a
3167 5501 3421 5555 Fortunlo
3487 5506 3543 5556 et
3623 5503 3822 5565 Habeo,

2127 5576 2284 5641 quasi
2373 5575 2443 5627 ad
2526 5573 2815 5626 Wibertum
2892 5573 3362 5639 archiepiscopum
3451 5585 3826 5630 successorem

2128 5646 2345 5700 Heurloi
2370 5645 2572 5698 missus
2603 5643 2809 5697 fuisset.
3639 5679 3641 5682 ,
