4140 6448
343 312 443 371 143

1253 302 1309 362 S.
1354 297 1646 360 PETRUS
1686 291 2081 355 DAMIANUS
2123 290 2183 350 S.
2226 289 2293 348 Β.
2339 289 2402 347 Ε.
2446 284 2929 346 CARDINALIS.

3740 289 3843 346 144

326 436 488 505 bant,
523 437 692 507 atque
734 429 1157 489 absolutionem
1216 439 1292 482 ex
1337 421 1665 497 apostolica:
1695 416 2114 477 auctoritatisA
2135 410 2727 507 frontechoritjuxta
2769 407 2985 480 gradus
3017 407 3533 507 videlicet'quibus
3564 410 3636 468 ad
3664 410 3846 507 altare

331 539 579 584 munere
623 518 1035 596 gratulabundi
1077 515 1370 590 percipere
1422 528 1709 572 meruere.
1766 508 2049 568 Absoluto

331 613 527 684 itaque
551 609 624 667 ab
663 603 1282 665 excommunicatiouis
1311 601 1474 659 illius
1501 597 1762 667 vinculo,
1791 601 2048 653 cunctas-

335 713 449 772 que
500 695 772 754 Ecclesiae
827 695 980 751 dono
1023 693 1225 766 gratiae
1273 696 1550 748 maternae
1606 701 1897 754 concesso,
1934 689 2048 742 tota

332 788 482 847 urbe
510 785 785 844 immanis
813 784 1010 842 eﬂ‘ecta
1040 787 1127 840 est
1152 777 1479 840 exsultatio.

957 923 1204 983 CAPUT
1233 918 1415 980 XXII.

335 1040 608 1096 Fauentia
648 1037 990 1093 sanctissime
1016 1034 1265 1095 moritur,
1296 1035 1346 1085 et
1393 1031 1453 1083 in
1482 1028 1677 1098 templo
1708 1029 1773 1083 B.
1806 1027 2042 1095 virginis

727 1123 933 1163 summo
958 1121 1077 1160 cum
1107 1105 1302 1159 honore
1329 1101 1653 1157 tumulatur.

408 1235 541 1294 Istis
586 1249 724 1294 vero
749 1232 994 1306 aliisque
1025 1227 1331 1289 nonnullis
1359 1225 1624 1300 negotiis,
1656 1241 1791 1296 quae
1819 1229 2041 1281 tantum

335 1325 532 1382 virum
573 1338 774 1397 gerere
820 1321 1074 1390 decebat,
1107 1318 1364 1393 patratis,
1412 1317 1522 1374 iter
1567 1329 1690 1374 suae
1740 1313 2043 1386 legationis

337 1428 604 1487 egressus
651 1411 795 1471 urbe
848 1426 1080 1484 pergere
1131 1407 1302 1482 ccepit
1359 1404 1491 1476 (65).
1544 1405 1806 1478 Cumque
1857 1403 2044 1476 prima

339 1503 640 1562 mansione
715 1499 1054 1558 Faventiam
1135 1496 1432 1564 tenuisset,
1488 1494 1640 1568 apud
1717 1492 2044 1551 venerabile

336 1592 756 1652 monasterium
779 1587 1070 1664 quoddam
1094 1585 1160 1644 B.
1186 1585 1384 1643 Mariae
1408 1582 1510 1642 Dei
1538 1580 1853 1656 genitricis,
1888 1582 2044 1654 quod

2130 500 2481 570 ascenditur,
2512 500 2780 558 decenter
2826 496 3193 570 componitur
3227 520 3240 554 :
3295 497 3492 571 ibique
3534 501 3845 560 sacerdotis

2131 592 2343 651 Christi
2381 589 2711 650 venerabile
2753 603 2962 662 corpus
3003 602 3232 645 summa
3275 603 3409 646 cum
3456 589 3845 651 exsultatione

2128 689 2472 740 cunctorum
2520 685 2848 738 reverenter
2893 675 3243 745 reconditur,
3274 678 3549 736 omnibus
3581 679 3640 736 in
3679 681 3840 754 psal-

2129 772 2260 842 mis,
2299 778 2354 830 et
2381 770 2619 844 hymnis
2644 782 2811 825 voces
2834 765 2895 823 in
2917 764 3214 822 excelsum
3245 764 3600 838 tollentibus,
3632 767 3840 841 digna-

2124 877 2237 934 que
2282 861 2399 918 Deo
2434 857 2752 932 gratiarum
2788 852 3077 928 priecouia
3119 851 3248 909 totis
3294 853 3520 914 viribus
3551 857 3838 915 exhiben-

2125 950 2300 1016 tibus,
2334 950 2502 1022 cujus
2536 960 2802 1015 munere,
2834 948 2992 1000 tanto
3045 957 3105 1000 se
3147 942 3354 1002 ditatos
3386 944 3506 1003 fore
3551 945 3836 1006 beneﬁcio

2123 1039 2579 1112 gratulabantur.
2631 1033 2748 1108 Ipsi
2799 1031 3002 1106 gloria,
3050 1031 3197 1104 laus,
3245 1033 3450 1105 virtus,
3505 1035 3711 1107 honor,
3779 1043 3839 1094 et

2123 1128 2299 1186 decus
2329 1133 2501 1199 atque
2548 1121 2860 1197 imperium
2907 1119 2982 1176 sit
3006 1135 3184 1192 nunc,
3216 1127 3271 1179 et
3307 1138 3535 1197 semper
3571 1131 3628 1183 et
3659 1139 3835 1184 omne

2122 1233 2225 1290 per
2249 1230 2463 1274 aevum.
2491 1215 2701 1272 Amen.

2729 1307 2974 1368 CAPUT
3012 1307 3224 1368 XXIII.

2123 1396 2187 1452 B.
2218 1396 2334 1450 Pet.
2381 1396 2538 1449 Dam.
2578 1411 2680 1466 per
2728 1399 2907 1453 visum
2951 1400 3202 1454 abbatem
3247 1394 3672 1463 ingratitudinis
3729 1412 3831 1450 ar-

2231 1468 2371 1534 guit,
2402 1482 2627 1536 eumque
2655 1472 2897 1535 gutturis
2948 1475 3153 1526 tumore
3186 1470 3422 1536 castigat
3449 1471 3500 1521 et
3534 1471 3714 1522 sanat.

2198 1575 2370 1632 Anno
2420 1574 2730 1635 millesimo
2803 1576 2915 1648 (69)
2991 1577 3334 1650 octogesimo
3411 1575 3831 1634 incarnationis

337 1683 478 1741 foris
529 1687 752 1756 portam
796 1663 1172 1751 nuncupatur
1227 1674 1353 1748 (66),
1405 1674 1670 1732 decenter
1725 1679 2040 1746 susceptus,
2126 1663 2380 1756 Domini,
2414 1679 2612 1722 mense
2649 1667 2930 1740 Augusto,
2975 1667 3290 1725 indictione
3317 1671 3522 1739 quarta
3553 1664 3674 1737 (70),
3703 1671 3834 1738 post

335 1785 476 1829 mox
507 1755 666 1828 febre
693 1773 992 1840 correptus
1021 1764 1318 1824 decubuit.
1354 1761 1479 1832 Qua
1511 1761 1795 1820 nimirum
1830 1762 1894 1818 in
1922 1761 2046 1819 dies
2063 1755 2425 1841 Bdecessum
2454 1756 2764 1830 supradicti
2804 1759 3004 1816 domui
3043 1757 3192 1816 Petri
3239 1757 3508 1815 Damiani
3553 1756 3683 1830 (71),
3707 1763 3833 1814 erat

334 1860 744 1930 invalescente,
805 1857 959 1916 circa
1013 1857 1276 1914 medium
1330 1861 1546 1913 octavas
1629 1852 1814 1910 noctis
1865 1851 2046 1909 silen-
2129 1842 2367 1930 quidam
2398 1846 2738 1917 monachus,
2773 1847 2874 1922 qui
2903 1846 3079 1906 abbas
3108 1847 3248 1905 olim
3277 1845 3499 1904 exstitit
3524 1844 3831 1903 venerabi-

335 1951 502 2017 tium,
541 1961 676 2019 qua
724 1929 1009 2003 eathedrze
1055 1943 1120 2001 B.
1158 1942 1311 2000 Petri
1352 1940 1592 2014 apostoli
1631 1939 2046 1997 anniversariw
2127 1929 2201 1987 lis
2244 1931 2581 1990 monasterii
2614 1932 2674 1992 S-
2709 1934 2969 2009 Gregorii
3002 1935 3114 2004 (72)
3155 1934 3220 1992 in
3265 1932 3629 1992 APimiHEDSi
3662 1934 3834 1990 terri-

332 2034 451 2093 diei
500 2032 890 2091 celebritatem
936 2030 1204 2101 ducebat,
1235 2028 1432 2088 exitus
1469 2027 1562 2086 sui
1610 2027 1812 2084 horam
1847 2042 2046 2100 appro-
2129 2019 2272 2078 torio
2317 2023 2634 2082 constituti.
2664 2023 2774 2082 Hic
2820 2041 3072 2100 namque
3102 2025 3248 2083 vidit
3273 2025 3564 2085 .domnum
3594 2023 3835 2082 Petrum

330 2123 614 2197 pinquare
639 2135 1010 2193 cognoscens,
1031 2117 1344 2190 extemplo,
1376 2115 1543 2175 nobis
1568 2115 1773 2174 lectulo
1804 2112 2046 2173 cireum-
2128 2108 2278 2168 inter
2303 2111 2743 2173 multitudinem
2768 2115 3203 2174 candidatorum
3242 2115 3640 2189 episcoporum
3669 2113 3836 2172 infu-

331 2209 639 2279 stantibus,
670 2215 1044 2277 nocturnum,
1068 2223 1169 2264 seu
1201 2204 1542 2263 matutinale
1573 2202 1828 2262 otiicium
1861 2207 2040 2261 totum
2127 2197 2329 2266 latum,
2384 2198 2700 2270 sedentem,
2757 2209 2812 2260 et
2865 2207 3156 2261 tenentem
3210 2203 3554 2276 pastoralem
3611 2201 3835 2275 virgam

331 2314 604 2371 peragere
627 2298 819 2372 jussit,
853 2295 1055 2354 volens
1086 2295 1288 2366 utique
1318 2293 1480 2366 prius
1517 2291 1870 2350 solemnitati
1907 2309 2044 2366 apo-
2126 2285 2187 2344 in
2219 2302 2400 2345 manu
2447 2295 2618 2362 atque
2648 2291 2947 2350 docentem
2975 2307 3072 2351 eos
3117 2309 3185 2350 ea
3213 2307 3347 2366 quae
3391 2293 3463 2350 ad
3493 2293 3681 2350 Deum
3709 2308 3839 2365 per-

332 2389 556 2447 stolicze
583 2393 719 2446 vota
747 2385 1097 2459 persolvere,
1127 2401 1192 2443 ac
1219 2386 1300 2443 sic
1327 2383 1564 2441 demum
1592 2399 1832 2442 securus
1860 2382 2038 2441 abire.
2127 2375 2330 2433 tinent.
2373 2375 2636 2451 Cumque
2677 2395 2813 2438 eum
2864 2379 3019 2438 idem
3071 2379 3250 2440 abbas
3308 2381 3621 2440 summisso
3664 2381 3837 2439 vultu

328 2478 473 2537 Tota
519 2493 654 2550 ergo
702 2482 927 2550 peracta
972 2475 1208 2550 synaxi,
1262 2479 1529 2532 sanctum
1578 2479 1704 2546 post
1749 2472 2040 2531 modicum
2125 2463 2446 2534 salutasset,
2476 2465 2555 2523 ait
2577 2466 2828 2526 domnus
2853 2467 3056 2527 Petrus
3081 2470 3151 2527 ad
3175 2476 3411 2528 czeteros
3432 2469 3834 2543 coepiscopos:

327 2565 577 2626 Domino
589 2565 859 2640 spiritum
881 2565 983 2639 (67)
1011 2563 1298 2636 corporeis
1323 2560 1572 2620 reddidit
1597 2559 1851 2619 nexibus
1881 2561 2042 2619 abso-
2123 2554 2237 2615 Iste
2268 2557 2606 2629 monachus,
2628 2575 2803 2632 quem
2829 2576 2933 2633 ego
2959 2559 3124 2620 valde
3149 2560 3331 2618 dilexi
3363 2579 3374 2618 :
3408 2559 3505 2618 sed
3525 2566 3836 2634 postquam

326 2655 542 2727 lutum,
571 2661 636 2714 ut
662 2670 727 2713 ea
756 2653 1024 2712 videlicet
1052 2652 1145 2710 die
1171 2668 1286 2725 qua
1315 2666 1573 2725 praesens
1599 2650 1813 2708 meruit
1842 2649 2040 2709 Eccle-
2121 2663 2155 2705 a
2182 2663 2276 2706 me
2305 2647 2556 2716 recessit,
2590 2665 2896 2724 nunquam
2921 2653 2994 2710 ad
3023 2668 3116 2710 me
3151 2651 3358 2723 rediit;
3391 2658 3447 2709 et
3477 2667 3593 2710 non
3637 2650 3838 2708 solum

328 2745 414 2804 sia
463 2747 524 2803 in
576 2745 849 2818 pastorali
904 2741 1136 2802 Petrum
1173 2741 1307 2800 sede
1362 2741 1571 2812 locare,
1628 2741 1828 2800 eadem
1885 2741 2039 2800 Petri
2121 2737 2243 2810 ille,
2275 2738 2376 2796 sed
2426 2745 2482 2797 et
2510 2739 2610 2797 alii
2642 2740 2860 2814 plures,
2885 2757 3032 2816 quos
3071 2759 3176 2816 ego
3204 2741 3443 2800 educavi
3487 2749 3543 2799 et
3587 2741 3834 2811 nutrivi,

325 2834 681 2909 discipulum
728 2833 975 2892 ccclesiis
1003 2833 1166 2891 curia
1212 2831 1273 2889 in
1313 2831 1478 2907 beata
1521 2832 1838 2905 susciperet
1883 2831 2036 2890 sede.
2122 2825 2333 2900 ingrati
2363 2828 2636 2887 exstitere
2663 2829 2967 2889 beneﬁcio.
2997 2829 3219 2890 Deinde
3239 2831 3320 2888 ait
3341 2831 3410 2888 ad
3442 2829 3610 2888 illum
3642 2853 3654 2887 :
3690 2827 3837 2902 Cur,

325 2921 474 2980 Cum
513 2936 648 2994 ergo
684 2921 872 2993 ipsius
912 2920 1189 2978 transitus
1224 2917 1382 2975 illico
1433 2917 1738 2975 nuntiatus
1788 2918 1846 2975 in
1897 2918 2041 2976 urbe
2122 2916 2336 2990 inquit,
2366 2932 2484 2975 non
2516 2918 2588 2976 ad
2630 2934 2721 2976 me
2750 2917 2811 2976 in
2851 2919 3064 2990 locum,
3094 2935 3213 2994 quo
3250 2935 3429 2991 eram,
3461 2918 3721 2977 venisti?
3755 2920 3839 2977 At

324 3009 546 3078 fuisset,
578 3010 651 3067 ab
700 3008 774 3067 iis
818 3008 1102 3079 videlicet,
1146 3007 1249 3080 qui
1300 3006 1449 3064 circa
1491 3007 1750 3064 eamdem
1798 3006 2034 3064 domum
2120 3004 2220 3062 ille
2247 3005 2441 3062 dixit:
2477 3006 2522 3065 Ο
2564 3006 2647 3065 mi
2675 3007 2930 3080 domine,
2961 3024 3038 3066 ex
3075 3023 3191 3082 quo
3241 3024 3275 3066 a
3309 3007 3477 3066 nobis
3521 3006 3837 3080 recessisti,

326 3102 714 3174 excubabant,
746 3116 820 3159 ne
850 3099 942 3158 vel
973 3114 1180 3172 corpus
1205 3097 1474 3156 exanime
1499 3113 1534 3154 a
1566 3097 1687 3155 suis
1715 3097 2035 3165 monachis,

325 3193 427 3265 qui
483 3191 555 3249 de
611 3190 807 3248 vicino
860 3190 1048 3263 ipsius
1098 3187 1446 3245 monasterio
1497 3186 1603 3258 (68)
1653 3185 2034 3256 advenerant,

325 3279 482 3337 furto
532 3278 812 3349 asportari
867 3275 1167 3351 potuisset,
1228 3280 1343 3333 tota
1399 3274 1602 3332 civitas
1657 3277 1888 3347 repente
1962 3272 2032 3330 ad

327 3369 456 3442 ejus
502 3367 831 3442 exsequias,
883 3366 1105 3439 ingenti
1160 3379 1463 3432 concursu,
1497 3362 1628 3421 lwta
1683 3364 2031 3436 properavit.

323 3455 580 3525 Quorum
615 3452 992 3513 multitudine
1021 3452 1158 3509 dum
1208 3451 1465 3521 ecclesia,
1498 3466 1613 3525 qua
1662 3450 1879 3508 locatus
1908 3450 2034 3508 fue-

327 3550 434 3612 rat,
466 3543 659 3603 subito
700 3543 908 3601 referta
959 3540 1183 3610 fuisset,
1219 3545 1275 3598 et
1323 3539 1423 3612 qui
1479 3539 1572 3612 pio
1624 3539 1817 3596 funeri
1869 3539 2036 3612 prius

320 3633 594 3693 accedere
647 3631 1000 3692 unanimiter
1051 3628 1347 3703 gestirem,
1387 3627 1676 3686 undarum
1727 3643 1902 3699 more,
1956 3644 2039 3686 re-

322 3727 576 3782 trorsum
629 3737 690 3780 se
746 3721 1000 3779 invicem
1053 3716 1442 3792 repellebant;
1495 3721 1767 3790 tantoque
1826 3717 2039 3776 tardior

320 3812 535 3885 cuique
580 3827 843 3870 accessus
889 3809 1133 3884 patebat,
1188 3812 1405 3881 quanto
1447 3805 1695 3864 celerius
1737 3806 2038 3880 pervenire

321 3897 732 3956 tumultuando
762 3898 1071 3971 satagebat.
1104 3896 1452 3970 Quicunque
1491 3899 1686 3953 autem
1725 3895 1918 3968 ipsum
1951 3913 2038 3954 ac-

321 3987 522 4045 cedere
574 3987 815 4061 ejusque
867 3988 1122 4046 loculum
1175 3989 1548 4046 merebantur
1598 3989 1898 4062 attingere,
1943 3990 2038 4063 pia

319 4074 757 4149 gratulabantur
781 4075 997 4146 oscula,
1022 4074 1198 4132 illatis
1228 4075 1591 4146 muneribus,
1617 4078 1742 4150 ejus
1772 4079 2033 4151 pedibus,

2121 3096 2335 3167 locum,
2377 3097 2437 3154 in
2484 3113 2602 3171 quo
2651 3098 2894 3169 habites,
2943 3099 3272 3171 nescimus;
3319 3097 3608 3173 quomodo
3651 3097 3838 3171 igitur

2119 3187 2190 3242 ad
2221 3191 2274 3244 te
2299 3185 2500 3244 venire
2523 3187 2732 3259 potui?
2760 3186 2926 3246 Tunc
2958 3188 3110 3245 dixit
3139 3187 3194 3245 ei
3219 3188 3471 3246 domnus
3503 3185 3709 3244 Petrus
3744 3206 3756 3244 :
3789 3186 3836 3245 Ο

2118 3274 2317 3345 hebes,
2350 3290 2426 3332 an
2453 3274 2643 3333 nescis
2667 3276 2824 3350 quod
2869 3275 2933 3334 in
2976 3291 3203 3334 camera
3257 3274 3314 3334 S.
3351 3274 3548 3332 Mariae
3580 3274 3833 3347 virginis

2118 3362 2336 3435 habito,
2369 3363 2514 3420 etin
2547 3363 2708 3422 illius
2749 3365 2996 3423 sacrario
3033 3364 3300 3423 demoror
3327 3363 3356 3423 ‘2
3398 3363 3544 3422 Nam
3589 3363 3652 3420 in
3700 3363 3834 3435 ejus

2118 3451 2291 3510 domo
2332 3451 2552 3525 habito,
2582 3459 2638 3511 et
2687 3453 2848 3512 illius
2901 3455 3287 3514 camerarium
3335 3469 3461 3513 esse
3509 3468 3605 3511 me
3655 3454 3832 3528 proii-

2122 3547 2260 3602 teor.
2296 3542 2480 3612 Quem
2521 3550 2825 3619 postquam
2876 3545 3047 3620 vidit,
3078 3546 3270 3606 statim
3310 3560 3514 3604 somno
3549 3548 3636 3602 est
3667 3543 3834 3602 exci-

2122 3637 2292 3692 tatus.
2342 3632 2564 3693 Deinde
2603 3643 2729 3709 post
2772 3637 3100 3710 paululum,
3152 3653 3388 3697 rursum
3435 3634 3832 3708 obdormiens,

2120 3723 2268 3780 vidit
2295 3724 2564 3781 eumdem
2583 3724 2868 3783 domuum
2889 3726 3124 3785 Petrum
3151 3726 3288 3785 talia
3308 3725 3418 3784 sibi
3435 3724 3613 3783 verba
3637 3724 3836 3782 dicen—

2123 3819 2236 3871 tem
2268 3817 2424 3883 (nam
2469 3813 2548 3870 ita
2581 3813 2692 3876 sibi
2729 3814 3051 3885 videbatur,
3081 3815 3250 3889 quasi
3287 3821 3419 3873 ante
3471 3813 3668 3887 plures
3705 3812 3832 3871 dies

2121 3902 2247 3960 haec
2277 3900 2475 3959 eadem
2532 3901 2604 3959 ab
2657 3918 2725 3961 eo
2775 3903 2952 3962 verba
3002 3903 3280 3968 audisset)
3312 3927 3326 3962 :
3358 3903 3586 3974 Nonne,
3615 3902 3833 3977 inquit,

2120 3990 2246 4048 dixi
2280 3989 2381 4048 tibi
2410 3994 2474 4048 ut
2504 3990 2576 4048 ad
2607 4007 2698 4049 me
2727 3993 2956 4051 venires
2982 3993 3007 4049 ?
3035 3998 3091 4049 et
3114 4008 3292 4067 quare
3321 4007 3440 4050 non
3470 3990 3681 4050 venisti
3707 3992 3732 4047 ‘2
3758 3993 3835 4048 At

2119 4080 2220 4138 ille
2251 4085 2525 4154 tauquam
2549 4085 2747 4139 mutus
2769 4080 2939 4153 ccepit
2968 4088 3135 4140 stare.
3170 4080 3305 4138 Mox
3325 4080 3577 4139 domnus
3604 4078 3832 4149 Petrus,

321 4180 423 4221 seu
492 4162 931 4222 linteaminibus
1001 4162 1140 4236 ipsis
1228 4162 1489 4237 inligere.
1549 4165 1724 4224 Porro
1814 4184 2039 4227 111111180-
2124 4170 2290 4241 quasi
2323 4187 2456 4229 cum
2490 4173 2594 4242 ira,
2636 4173 2883 4246 pupugit
2919 4188 3055 4231 eum
3099 4171 3304 4230 subtus
3346 4169 3643 4229 sinistram
3670 4169 3833 4228 auri-

319 4253 480 4312 leum
517 4252 738 4312 interea
765 4252 1180 4312 ofﬁciosissime
1233 4260 1608 4328 praeparatur.
1667 4257 1758 4314 Ab
1804 4257 1917 4315 alia
1961 4259 2038 4316 si-
2123 4261 2318 4318 cuiam
2362 4263 2433 4318 de
2483 4263 2816 4320 summitate
2858 4263 3057 4336 virgae,
3089 4279 3266 4336 quam
3309 4278 3490 4321 manu
3527 4259 3828 4335 gestabat;

324 4344 561 4422 quidem
585 4345 820 4404 basilica
841 4345 1115 4420 quadam,
1142 4346 1372 4404 eminus
1389 4346 2037 4417 sita,immauelabrum
2123 4367 2240 4424 quo
2289 4353 2408 4410 ictu
2457 4353 2536 4411 ita
2573 4369 2634 4411 se
2675 4354 2855 4411 sensit
2901 4369 3026 4411 esse
3074 4352 3498 4425 perturbatum,
3528 4369 3593 4411 ac
3619 4355 3667 4410 si
3710 4351 3836 4410 lau-

322 4434 639 4508 lapideum,
702 4436 883 4494 nitido
929 4436 1176 4494 candore
1219 4435 1517 4507 decorum,
1572 4438 1719 4495 mira
1769 4437 2097 4516 facilitate“
2121 4458 2239 4507 cca.
2271 4443 2366 4500 vel
2410 4442 2653 4500 terribili
2695 4442 2902 4501 vertice
2933 4441 3252 4500 terebratus
3297 4441 3518 4500 fuisset.
3568 4441 3832 4516 Denique

321 4528 685 4601 quantocius,
712 4545 827 4587 non
853 4528 1072 4603 absque
1103 4529 1364 4602 ipsorum
1397 4545 1627 4603 quoque
1647 4504 2102 4589 deferentiumD
2121 4530 2360 4589 maxilla
2393 4530 2557 4589 illius
2593 4536 2706 4588 tota
2735 4547 2870 4589 cum
2889 4536 3124 4606 gutture
3151 4531 3226 4588 ita
3253 4530 3559 4604 intumuit,
3592 4537 3656 4590 ut
3680 4504 3830 4604 pene

319 4617 721 4691 admiratione,
755 4635 821 4677 ac
847 4619 893 4675 si
928 4617 1222 4675 levissima
1254 4617 1523 4676 materies
1554 4619 1828 4691 quaalibet
1858 4621 2030 4679 advc-
2117 4620 2188 4678 de
2232 4621 2358 4692 ejus
2397 4619 2514 4678 vita
2561 4620 2978 4694 desperaretur.
3018 4618 3184 4678 Tunc
3222 4619 3415 4693 itaque
3461 4627 3596 4677 ante
3649 4619 3828 4676 altare

322 4705 521 4778 hitur;
556 4711 728 4780 atque
773 4707 832 4765 in
861 4706 986 4782 ipsa
1018 4707 1198 4765 beatm
1230 4706 1333 4766 Dei
1363 4707 1662 4780 genitricis
1712 4709 1971 4782 basilica,
2003 4727 2037 4769 a
2117 4708 2280 4768 illius
2331 4707 2589 4766 ecclesias
2638 4713 2973 4781 prostratus,
3005 4723 3071 4766 ac
3124 4713 3234 4766 toto
3293 4709 3464 4768 corde
3511 4709 3583 4767 ad
3641 4707 3823 4765 Deum

1481 4821 1884 4882 GODEFRIDI
1925 4822 2388 4884 HENSCHENII
2425 4821 2669 4881 NOTAE.

380 4920 484 4988 (65)
533 4917 786 4986 Egressus
836 4919 966 4972 urbe
1020 4934 1237 4986 pergere
1291 4921 1464 4984 capit.
1526 4941 1552 4968 ιι
1605 4921 1822 4975 Romam
1884 4924 2028 4975 redi-

317 4993 427 5053 bat,
459 5009 486 5040 »
517 4993 589 5045 ita
612 4991 916 5044 Fortnnius.

381 5065 486 5132 (66)
540 5063 690 5131 Quod
735 5062 872 5126 foris
931 5073 1148 5128 portam
1195 5067 1568 5128 nuncupatur.
1625 5065 1783 5117 Juxta
1827 5063 2028 5117 Faven-

315 5137 440 5188 tlnae
488 5136 641 5189 urbis
688 5135 884 5186 mcenia
935 5137 1164 5189 collocat
1215 5137 1267 5189 B.
1326 5136 1509 5188 Petrus
1561 5147 1753 5200 opusc.
1807 5137 1854 5197 6,
1907 5147 2026 5200 cap.

319 5207 396 5258 18.
454 5206 834 5260 Monasterium
895 5206 998 5258 hoc
1063 5221 1211 5260 nunc
1281 5207 1421 5258 intra
1495 5206 1685 5258 urbem
1751 5210 2027 5271 receptum

319 5289 445 5330 esse
475 5278 691 5330 tradunt
721 5277 1004 5330 Fortunius
1032 5283 1084 5330 et
1107 5279 1336 5330 Rubeus.

385 5347 489 5409 (67)
525 5348 750 5401 Domino
776 5349 1054 5412 spiritum.
1085 5351 1234 5400 Anno
1273 5348 1408 5406 1072,
1445 5351 1501 5399 ut
1527 5360 1693 5411 supra
1719 5347 2019 5412 probatum.

381 5417 486 5480 (68)
539 5416 616 5469 De
666 5419 845 5471 uicino
888 5420 1058 5483 ipsius
1108 5419 1454 5470 monasterio.
1492 5418 1745 5470 Gamonio
1777 5416 1868 5469 vel
1901 5420 2024 5470 Ace-

313 5490 450 5550 rcta,
504 5487 572 5541 de
628 5488 822 5551 quibus
866 5503 1030 5554 supra
1085 5495 1281 5542 actum.
1354 5488 1450 5540 Pro
1506 5489 1698 5540 borum
1763 5489 2021 5542 alterutro

313 5559 528 5613 videtur
596 5561 697 5610 hoc
754 5563 800 5611 S.
865 5561 1038 5611 Mariae
1101 5559 1487 5613 monasterium
1551 5561 1798 5623 accipere
1849 5559 2016 5624 Wion,

314 5643 447 5716 dum
490 5631 526 5681 l.
571 5643 609 5681 ll
651 5630 797 5693 Ligui
840 5631 983 5691 Vitas,
1030 5645 1078 5685 c.
1114 5632 1163 5694 9,
1198 5632 1536 5682 exstructum
1579 5643 1612 5682 a
1650 5632 1700 5682 Β.
1739 5632 1890 5685 Petro
1923 5632 2014 5684 ait.

2192 4923 2296 4988 (69)
2346 4922 2499 4973 Anno
2543 4920 2844 4982 millesimo,
2895 4924 2998 4974 etc.
3059 4923 3345 4987 Sequentia
3394 4924 3605 4988 adjecta
3651 4924 3837 4977 viden-

2129 4996 2218 5046 tur
2270 4994 2411 5052 Vitae,
2476 4996 2546 5055 et,
2619 4995 2680 5044 ut
2753 4994 3006 5056 vidimus,
3077 4995 3236 5048 solita
3295 4995 3585 5048 verborum
3647 4995 3837 5058 phrasi

2131 5065 2654 5197 οοβῖίδιιῃεῗῇαἱοιίοηθ
2701 5139 2924 5202 quarta.
2970 5135 3080 5188 imo
3133 5141 3248 5188 erat
3287 5137 3505 5188 indictio
3545 5149 3630 5200 111,
3673 5148 3838 5201 quam

2129 5218 2439 5329 anumque
2483 5206 2671 5259 Christi
2723 5221 2993 5274 nusquam
3054 5207 3294 5260 adhibuit
3345 5208 3582 5261 Joannes
3639 5211 3834 5261 auctor

2167 5290 2271 5328 lie.

2189 5316 2294 5408 δι’)
2357 5351 2482 5402 Post
2554 5351 2823 5403 decessum
2889 5349 3193 5415 supradicti
3255 5349 3443 5402 damni
3507 5348 3652 5402 Petri
3715 5349 3833 5402 Da-

2121 5419 2275 5470 mian
2286 5418 2321 5469 i.
2347 5418 2564 5472 Videtur
2588 5422 2746 5473 desse
2775 5434 2921 5473 anno
2940 5434 3100 5473 nono.

2184 5491 2289 5551 (Ἱῖ)
2357 5489 2673 5545 Monasterii
2739 5493 2800 5545 S.
2867 5490 3130 5557 Gregorii.
3196 5491 3284 5544 Est
3358 5503 3532 5556 pagus
3592 5491 3642 5543 S.
3708 5491 3830 5545 Gre-

2118 5561 2476 5684 gtoriitpmpe
2521 5563 2846 5617 Μαι-0111011111
2898 5562 3286 5615 monasterium
3329 5576 3362 5614 ι
3406 5563 3463 5615 B.
3518 5563 3668 5616 Petro
3727 5574 3820 5614 ex-

2117 5645 2145 5684 s
2167 5643 2264 5684 ruc
2289 5645 2402 5690 um.
2725 5659 2730 5663 -
