4140 6446
314 291 417 348 145

1186 291 1762 353 PBOLEGOMENA.
1804 323 1870 332 —-
1911 289 1970 348 S.
2017 288 2236 348 ΡΕΤΒΙ
2279 288 2601 346 DAMIANI
2640 287 2819 346 VITA
2859 288 2933 345 II.

3707 283 3804 342 146

302 429 645 484 conversus,
678 429 808 473 cum
839 430 1050 488 magno
1087 415 1307 489 gemitu
1336 415 1490 476 dixit
1521 435 1533 472 :
1563 413 1825 482 Domine,
1857 411 2257 475 DeusAhumi
2289 427 2354 468 ac
2390 411 2662 483 perfusus
2698 411 2966 483 lacrymis
3007 410 3145 466 facie
3179 408 3437 465 adoravit
3464 415 3517 464 et
3551 407 3805 465 laudavit

301 503 697 576 omnipotens,
727 503 829 579 qui
878 503 1090 562 omium
1136 511 1193 562 et
1220 510 1432 562 terram
1469 509 1526 561 et
1563 510 1768 562 cuncta
1797 517 1929 578 quae
1952 503 2014 560 in

302 593 392 649 eis
416 598 552 650 sunt
589 591 919 662 condidisti,
947 592 996 649 si
1028 593 1131 650 tibi
1170 593 1418 650 servitus
1451 591 1652 650 domui
1691 591 1806 648 mei
1841 591 2012 661 Petri,

305 686 374 737 ut
412 677 724 748 credimus,
753 679 1120 752 complacuit,
1154 679 1330 738 libera
1372 695 1463 737 me
1517 696 1616 753 per
1651 679 1777 752 ejus
1817 677 2017 736 merita

302 766 382 823 ab
417 765 657 824 instanti
691 782 866 839 quem
918 768 1102 840 patior
1139 768 1354 826 dolore.
1393 767 1555 826 Dixit
1593 769 1736 837 btec,
1765 774 1822 825 et
1849 766 2019 840 cmpit

306 863 479 914 stare.
513 855 583 914 Et
605 871 756 925 ecce,
786 871 903 914 non
944 863 1066 929 post
1092 855 1332 930 longum
1362 862 1607 931 tempus,
1638 857 1711 914 ab
1740 873 1807 915 eo
1837 857 2026 914 omnis

308 953 504 1004 tumor
526 951 583 1003 et
611 946 774 1004 dolor
792 946 872 1003 ita
895 946 1140 1019 aufugit,
1168 962 1236 1003 ac
1264 947 1312 1003 si
1340 946 1553 1020 aliquis
1583 945 1822 1004 veniens
1844 961 2026 1004 manu

306 1037 509 1109 ipsum
552 1035 772 1094 vulnus
809 1035 881 1093 ab
925 1035 1052 1109 ejus
1082 1035 1325 1094 maxilla
1358 1037 1450 1094 vel
1487 1042 1723 1110 gutture
1751 1036 2022 1094 auferret.

307 1124 424 1194 Qui
453 1123 646 1182 statim
685 1124 856 1197 coepit
881 1123 1204 1197 gloriﬁcare
1240 1124 1448 1196 Deum,
1483 1140 1550 1183 ac
1582 1124 1870 1183 famulum
1900 1125 2028 1198 ejus

311 1215 548 1272 Petrum
600 1212 970 1281 Damianum,
1018 1211 1121 1286 qui
1171 1227 1309 1270 eum
1366 1211 1643 1285 castigare
1700 1211 1908 1285 primo,
1961 1227 2028 1269 ac

307 1303 522 1361 deinde
553 1316 754 1360 sanare
793 1302 1063 1371 dignatus
1091 1309 1196 1360 est.
1228 1301 1459 1360 Postera
1493 1301 1743 1375 denique
1773 1302 1865 1360 die
1895 1318 2023 1360 sur-

2097 517 2163 560 ac
2188 500 2484 559 benedixit
2502 500 2684 559 Deum
2715 515 2888 572 super
2909 499 3127 575 judicia
3145 497 3390 571 justitia:
3410 512 3553 555 suae.
3583 497 3808 554 Dehinc

2099 589 2239 648 foris
2276 604 2540 661 egressus
2584 589 2657 645 ad
2701 588 2901 646 fratres
2937 603 3074 646 suos
3103 587 3273 660 erepit
3313 601 3550 644 narrare
3583 600 3809 659 praepo-

2103 679 2212 744 sito
2239 695 2304 737 ac
2344 679 2568 737 czeteris
2601 678 2876 736 fratribus
2901 677 3096 734 omnia
3123 693 3256 750 quae
3284 675 3394 734 sibi
3429 675 3808 748 contigerant.

2101 767 2215 838 Qui
2259 768 2558 827 audientes
2611 767 2998 825 laudaverunt
3031 782 3098 824 ac
3134 765 3556 824 benedixeruut
3599 765 3809 835 Deum,

2107 857 2208 930 qui
2248 857 2384 915 talia
2434 873 2536 931 per
2584 871 2817 914 servum
2855 871 3032 914 suum
3075 855 3372 914 ostendere
3415 855 3687 926 dignatus
3729 859 3816 910 est

2110 944 2418 1002 mirabilia.
2451 944 2714 1018 Denique
2757 942 3102 1015 praepositus
3138 958 3273 1000 cum
3310 941 3583 1016 praedicto
3609 940 3814 998 abbate

2110 1033 2310 1106 Ugano
2358 1035 2477 1106 (73),
2509 1033 2611 1107 qui
2656 1033 2736 1090 ita
2773 1033 3102 1103 vocabatur,
3145 1047 3210 1090 ac
3256 1032 3552 1100 fratribus,
3584 1030 3813 1103 ingres-

2111 1140 2213 1181 sus
2265 1122 2565 1181 ecclesiam
2619 1129 2833 1180 sancta)
2881 1122 2983 1180 Dei
3037 1122 3335 1195 genitricis
3364 1168 3378 1192 ,
3435 1121 3816 1195 pulsaverunt

2108 1213 2304 1270 omnia
2351 1212 2514 1285 signa
2563 1218 2618 1269 et
2657 1217 2973 1286 posuerunt
3011 1219 3295 1284 ceroptata
3324 1210 3438 1280 (74)
3469 1226 3604 1268 cum
3634 1208 3817 1268 lumi-

2107 1301 2346 1360 uaribus
2393 1310 2525 1359 ante
2573 1316 2764 1358 arcam
2803 1301 2988 1374 ipsius
3035 1300 3216 1358 sancti
3253 1299 3402 1358 Petri
3445 1298 3735 1370 Damiani,
3761 1303 3817 1355 et

307 1407 453 1464 gens
479 1390 627 1449 bene
658 1388 966 1461 castigatus
994 1406 1068 1448 ex
1097 1390 1355 1458 verbere,
1383 1389 1720 1448 Faventiam
1749 1391 2021 1464 perrexit,
2107 1389 2461 1448 celebrantes
2499 1389 2724 1460 missas,
2755 1388 3086 1447 obtulerunt
3122 1389 3406 1447 solemnes
3444 1387 3659 1446 hostias
3699 1386 3817 1444 Deo

307 1486 364 1536 et
409 1479 654 1537 veniens
702 1485 835 1536 ante
876 1477 1056 1536 altare
1100 1477 1158 1537 S.
1204 1478 1402 1536 Marias
1459 1479 1597 1538 foris
1649 1487 1892 1553 portam,
1921 1480 2024 1539 ubi
2106 1481 2168 1538 in
2199 1481 2435 1540 odorem
2460 1479 2759 1540 suavitatis
2789 1497 2890 1555 pro
2911 1480 3268 1553 animaaejus
3287 1478 3650 1538 absolutione
3677 1478 3815 1550 (75).

306 1584 522 1642 corpus
565 1567 788 1627 domini
835 1566 987 1627 Petri
1033 1567 1397 1626 reconditum
1445 1568 1652 1640 fuerat,
1710 1561 2315 1642 prostratusBAmeu.

1467 1657 1874 1760 GODEFRIDI
1911 1699 2375 1760 HENSGHENII
2411 1699 2657 1761 NOTZE.

370 1817 477 1880 (73)
537 1811 672 1867 Cum
721 1814 970 1880 pradiclo
1019 1813 1208 1873 abbate
1266 1813 1464 1878 Ugano,
1521 1813 1796 1867 Urbanum
1860 1819 2018 1870 vocat
2114 1815 2390 1868 confectae.

307 1887 612 1940 Fortunius.
2177 1886 2282 1951 (75)
2321 1885 2432 1938 Pro
2481 1887 2678 1940 anima}
2726 1889 2844 1951 ejus
2888 1885 3236 1940 absolutione.
3268 1887 3346 1938 An
3385 1883 3591 1939 abbatis
3635 1884 3823 1950 Ugani,

375 1959 478 2019 (74)
525 1956 826 2010 Posuerunt
868 1961 1166 2022 ceroptata.
1228 1959 1536 2021 Ceroptata,
1590 1957 1740 2010 faces
1781 1970 1854 2009 ex
1893 1969 2019 2010 cera
2119 1970 2280 2023 quem
2310 1959 2362 2010 B.
2403 1959 2585 2012 Petrus
2618 1957 2969 2023 culpaverat?

1353 2308 1714 2423 BEATI
1793 2306 2157 2422 PETRI
2240 2283 2778 2420 DAMIANI

1806 2543 2013 2617 VITA
2091 2543 2327 2614 ALIA.

920 2723 1067 2782 PER
1104 2721 1458 2782 JOANNEM
1493 2717 1890 2780 ANTONIUM
1928 2716 2364 2778 FLAMINIUM
2403 2710 3202 2776 FOROGORNELIENSEM.

1388 2902 1491 2966 Em
1517 2918 1642 2965 ms.
1677 2899 2080 2981 autographa
2109 2897 2290 2978 apud
2323 2895 2736 2960 Faventinos.

380 3247 590 3319 Magna
633 3245 790 3304 soleo
831 3245 1125 3318 voluptate
1160 3243 1330 3315 afﬁci,
1362 3243 1475 3302 viri
1503 3241 1828 3312 Faventiui,
1861 3254 2009 3314 quo-
2032 3241 2375 3300 Cinfantem
2403 3238 2672 3313 persequi
2697 3237 2886 3311 cmpit.
2913 3237 3060 3294 Nam
3089 3250 3222 3294 cum
3246 3241 3372 3308 post
3392 3235 3605 3293 multos
3635 3235 3811 3307 ﬁlios,
3891 3299 3894 3301 λ

307 3338 412 3394 ties
457 3339 652 3408 repeto
698 3350 874 3408 quam
919 3342 1079 3405 grata
1112 3339 1169 3390 et
1205 3348 1381 3407 quam
1413 3331 1672 3404 jucunda
1709 3328 1879 3389 vobis
1915 3327 2014 3386 ob—
2096 3330 2257 3388 hunc
2281 3344 2514 3402 quoque
2534 3327 2863 3401 peperisset,
2888 3323 3387 3382 exclamavitcum
3410 3322 3810 3396 indignatione

306 3427 491 3497 tingat
517 3439 710 3498 opera,
737 3438 916 3496 quam
957 3423 1020 3480 in
1065 3421 1478 3491 describendis,
1515 3419 1616 3495 qui
1652 3434 1685 3475 a
1723 3416 1887 3476 vobis
1921 3431 2014 3474 re-
2097 3435 2172 3477 ex
2208 3419 2526 3492 majoribus
2569 3424 2711 3475 natu
2753 3414 2893 3472 ﬁliis
2919 3429 3076 3472 unus
3113 3433 3124 3470 :
3163 3414 3234 3471 Et
3261 3413 3549 3487 quomodo
3579 3420 3657 3472 tot
3687 3414 3807 3473 bas-

308 3515 678 3588 Iigiosissime
725 3514 1016 3581 coluntur,
1049 3519 1318 3586 praestare
1359 3510 1530 3584 ccepi,
1575 3515 1728 3566 tanta
1779 3505 2014 3581 quidem
2099 3509 2262 3567 redes
2305 3507 2490 3580 capiet
2552 3520 2669 3564 una
2718 3505 2844 3562 haec
2890 3501 3312 3560 domus?iude
3355 3501 3528 3576 erepit
3575 3502 3810 3562 infenso

302 3605 487 3662 animi
536 3605 846 3671 alacritate,
878 3609 1096 3676 quanta
1147 3616 1258 3660 non
1302 3599 1471 3657 facile
1508 3597 1768 3673 praestari
1793 3613 1827 3654 a
1869 3610 2016 3669 quo-
2097 3599 2294 3655 animo
2333 3608 2580 3670 puerum
2619 3600 2800 3650 mater
2845 3591 3016 3660 alere,
3047 3597 3109 3648 ut
3155 3605 3308 3663 aegre
3350 3590 3665 3648 admodum
3720 3590 3811 3648 lac

304 3709 484 3768 quam
513 3693 685 3750 vestri
715 3691 1114 3750 amantissimo
1142 3696 1334 3763 queat.
1373 3689 1498 3748 Hoc
1531 3694 1726 3746 autem
1750 3684 2016 3744 animad-
2098 3685 2185 3744 illi
2231 3685 2529 3759 praeberet.
2589 3682 2674 3741 Ita
2727 3681 2964 3756 quidem
3019 3680 3170 3738 fame
3228 3687 3284 3738 et
3339 3679 3532 3751 algore
3588 3679 3810 3751 peribat

305 3785 450 3843 verti
491 3785 553 3841 in
601 3783 880 3856 descripta
935 3797 1118 3856 nuper
1165 3798 1199 3839 a
1241 3795 1334 3837 me
1383 3779 1448 3836 B.
1496 3776 1752 3836 Terentii
1790 3777 2015 3834 confes-
2097 3775 2376 3848 paulatim
2404 3774 2596 3831 infans
2619 3795 2633 3843 ;
2677 3771 2775 3829 sed
2810 3770 3172 3843 omnipotens
3199 3769 3369 3838 Deus,
3400 3769 3503 3841 qui
3530 3768 3704 3826 illum
3735 3770 3809 3827 ad

305 3873 473 3943 seris,
510 3873 611 3946 qui
675 3872 822 3930 mihi
886 3870 1109 3944 primus
1163 3869 1393 3928 oblatus
1437 3873 1545 3938 est,
1597 3865 1767 3931 aed.
1813 3862 2015 3923 Sabini
2099 3870 2505 3922 ornamentum
2557 3859 2828 3917 Ecclesia}
2877 3873 3002 3916 sure
3048 3858 3206 3916 nasci
3243 3857 3524 3925 voluerat,
3566 3872 3683 3915 non
3723 3864 3812 3916 est

306 3943 596 4038 episcopi,
650 3972 707 4023 et
768 3943 1037 4036 martyris
1117 3962 1252 4018 vita.
1311 3958 1501 4028 Quare
1573 3972 1707 4014 cum
1761 3973 1796 4013 a
1854 3952 2019 4014 vobis
2103 3965 2302 4023 passus
2339 3948 2564 4007 diutius
2591 3949 2674 4005 sic
2703 3947 2866 4006 omni
2893 3962 3001 4020 ope
3037 3944 3293 4004 destitui.
3319 3943 3610 4003 Excitavit
3647 3943 3808 4003 enim

306 4034 592 4122 duorum,
618 4051 724 4126 qui
775 4034 966 4110 adhuc
1024 4049 1332 4120 restabant,
1380 4054 1712 4106 sanctorum
1766 4043 2019 4102 similem
2103 4040 2369 4113 spiritum
2401 4039 2638 4096 femina:
2667 4037 2992 4111 cujusdam,
3023 4053 3157 4111 quae
3195 4035 3270 4094 ad
3307 4051 3434 4094 eam
3465 4034 3723 4126 accessit,
3751 4040 3808 4091 et

305 4157 342 4198 a
368 4158 462 4200 me
489 4121 723 4215 operam
763 4140 1082 4213 exspectari
1125 4138 1413 4208 audirem,
1445 4133 1646 4209 putavi
1685 4149 1778 4190 me
1813 4131 2020 4190 debere
2101 4129 2265 4188 illius
2303 4126 2586 4186 saevitiam
2621 4125 2826 4183 acriter
2865 4125 3175 4193 accusavit,
3210 4123 3443 4180 dicens:
3493 4121 3704 4180 Leaena
3751 4127 3809 4180 et

305 4211 546 4290 eodem—
582 4228 773 4288 studio
845 4211 1258 4302 exspectationi
1325 4231 1527 4284 vestrae
1599 4239 1666 4280 ac
1737 4220 2020 4279 desiderio
2106 4219 2264 4293 tigris
2310 4234 2446 4276 suos
2496 4231 2630 4275 cum
2683 4214 3012 4273 admirabili
3069 4229 3206 4271 cura
3247 4220 3302 4271 et
3340 4227 3537 4270 amore
3589 4211 3809 4270 catulos

306 4317 871 4394 respoudere.lgitur
889 4298 1038 4374 beati
1062 4315 1210 4373 Petri
1227 4313 1666 4384 Damiaui,etS.
1693 4309 2016 4380 IEmiliani,
2101 4306 2424 4376 enutriunt,
2454 4313 2531 4394 et,
2564 4311 2627 4394 tu
2676 4302 2972 4394 proprium
3009 4300 3199 4359 ﬁlium
3228 4299 3307 4394 ad
3348 4298 3808 4394 imaginemDei

308 4386 456 4485 quos
511 4386 829 4483 episcopale
881 4408 1172 4480 fastigium
1227 4422 1362 4465 cum
1419 4405 1717 4464 sanctitate
1762 4403 2019 4461 illustres
2101 4402 2480 4472 procreatum,
2521 4390 2800 4449 hebetatis
2852 4396 3130 4485 materna)
3158 4389 3408 4485 "pietatis
3466 4386 3806 4485 visceribus,

309 4478 462 4569 fecit,
505 4478 753 4567 duobus,
812 4511 956 4570 quos
996 4478 1144 4566 dixi,
1180 4493 1468 4568 prioribus
1513 4489 1692 4564 adjeci
1726 4514 1738 4546 :
1776 4495 1843 4548 ut
1897 4504 2019 4560 spe-
2102 4493 2219 4544 tam
2261 4483 2568 4542 crudeliter
2621 4478 2878 4570 tractas?
2908 4478 3104 4570 Nescis
3151 4479 3275 4536 fieri
3313 4492 3490 4570 posse
3546 4479 3808 4570 ut_puer

306 4563 520 4646 clatum
557 4587 696 4660 jam,
731 4563 793 4642 ni
828 4563 1026 4652 fallor,
1064 4563 1321 4641 amorem
1367 4597 1500 4654 erga
1554 4563 1654 4638 vos
1713 4593 1932 4647 meum,
1965 4575 2207 4664 etDiste
2257 4572 2545 4631 illustrem
2592 4566 2904 4643 aliquando
2949 4567 3100 4624 inter
3131 4581 3267 4624 suos
3309 4567 3499 4664 locum
3530 4563 3804 4624 obtineat.

307 4653 691 4745 voluntatem,
720 4673 886 4732 vobis
907 4673 1126 4743 omnia,
1153 4688 1286 4745 quae
1309 4653 1566 4745 prmStari
1597 4685 1630 4726 a
1658 4683 1751 4726 me
1777 4653 2079 4742 possint,"
2103 4665 2253 4722 Mota
2303 4668 2389 4721 est
2439 4659 2738 4718 occasione
2784 4657 2879 4715 tali
2926 4663 3124 4727 mater,
3158 4672 3245 4745 ac‘
3273 4653 3533 4745 erubuit;
3579 4658 3635 4710 et
3676 4659 3808 4712 tau-

306 4743 687 4840 gratificandi,
731 4743 1224 4820 manifestioribus
1267 4743 1523 4834 quotidie
1564 4755 1797 4815 iudiciis
1844 4769 2017 4827 expe-
2101 4768 2276 4828 quam
2324 4767 2400 4809 ex
2445 4749 2559 4808 alto
2605 4746 2849 4805 excitata
2883 4761 3108 4840 somno,
3140 4743 3806 4840 resipiscereetnmater:

310 4829 565 4912 ﬂamini.
594 4829 812 4910 Valete.
1285 4829 1303 4834 “
2101 4857 2234 4900 nam
2265 4839 2542 4898 exhibere
2577 4835 2942 4908 diligentiam
2971 4831 3183 4890 infanti
3221 4832 3410 4905 ccepit.
3448 4833 3524 4890 At
3557 4831 3678 4904 ille,
3705 4829 3811 4905 qui

375 4943 551 5000 Initia
587 4941 722 4998 vitm
760 4939 872 4997 viri
907 4937 1234 5009 clarissimi,
1265 4944 1438 5011 atque
1477 4933 1826 4994 sanctissimi
1865 4931 2017 4989 Petri
2105 4939 2218 4989 tam
2254 4930 2404 4987 male
2439 4926 2612 5002 paulo
2662 4932 2795 4983 ante
2845 4928 3130 4995 acceptus,
3160 4921 3508 5011 obriguerat,
3539 4927 3593 5011 et
3617 4920 3809 4994 potius

306 5028 576 5088 Damiaui
629 5043 900 5099 magnam
958 5008 1275 5098 unicuique
1324 5008 1769 5081 admirationem
1812 5018 2020 5076 afferre
2101 5021 2267 5095 pueri
2319 5018 2531 5077 umbra
2590 5029 2768 5088 quam
2826 5028 2968 5086 puer
3027 5009 3214 5069 videri
3263 5017 3496 5084 poterat,
3535 5008 3688 5067 vires
3742 5023 3810 5067 ac

305 5125 582 5192 possunt:
615 5132 750 5188 qua)
768 5115 910 5174 adeo
930 5115 1167 5188 quidem
1190 5112 1438 5172 humilia
1457 5106 2014 5182 fuere,acdiﬂicilia,
2104 5110 2350 5169 formam
2397 5105 2559 5164 brevi
2609 5103 2855 5175 recepit;
2884 5101 2982 5158 sed
3012 5101 3349 5160 inchoatum
3395 5100 3458 5157 in
3504 5099 3808 5156 lactentem

304 5187 370 5264 ut
394 5187 915 5264 nonnisidiviuitu
946 5187 1157 5260 factum
1184 5199 1532 5272 intelligant,
1563 5198 1664 5272 qui
1687 5212 1754 5255 ea
1778 5199 2014 5264 norunt,
2099 5199 2321 5269 odium,
2361 5198 2424 5255 in
2480 5191 2785 5269 pueritiam
2835 5206 3065 5265 quoque
3121 5190 3283 5248 illius
3333 5187 3650 5246 excitatum
3699 5193 3804 5245 est.

308 5302 373 5353 ut
413 5295 476 5352 in
528 5291 698 5350 talem
727 5308 794 5350 ac
842 5297 1067 5370 tantum
1107 5290 1320 5360 virum,
1363 5291 1463 5364 qui
1503 5297 1558 5346 et
1584 5285 1933 5360 eloquentia,
1961 5289 2018 5340 et
2103 5289 2271 5358 Nam,
2303 5282 2589 5344 defunctis
2643 5281 3002 5354 parentibus,
3043 5295 3200 5337 unus
3253 5293 3327 5334 ex
3375 5275 3807 5370 fratribusqui

304 5384 608 5444 sanctitate
666 5383 800 5440 vita:
852 5365 968 5441 Dei.
1012 5380 1326 5440 Ecclesiam
1389 5381 1728 5449 illustranet,
1779 5376 2020 5435 evadere
2102 5385 2242 5437 natu
2280 5382 2402 5435 erat
2431 5371 2745 5443 maximus,
2782 5386 2917 5429 cum
2950 5383 3130 5426 uxore
3179 5381 3285 5424 sua
3320 5364 3486 5424 miris
3512 5366 3808 5440 exagitare

306 5475 574 5552 potuerit.
606 5473 724 5532 Vix
765 5474 926 5533 enim
952 5475 1128 5533 illum
1159 5475 1339 5532 enixa
1363 5473 1426 5531 in
1454 5473 1643 5532 lucem
1668 5477 1790 5530 erat
1819 5475 2018 5538 mater,
2105 5467 2273 5526 illum
2318 5465 2505 5524 modis
2555 5459 2828 5552 aggressi
2856 5465 2995 5518 sunt
3035 5475 3047 5514 :
3095 5463 3149 5513 et
3199 5454 3360 5514 velut
3405 5455 3466 5513 in
3521 5455 3809 5552 abjectum

303 5543 537 5644 quando
588 5579 914 5627 numerosa:
993 5565 1169 5638 prolis
1232 5570 1491 5637 pertaesa,
1551 5560 1838 5622 novercali
1891 5558 2022 5618 odio
2107 5553 2484 5628 mancipium,
2514 5547 2928 5613 exsecrabilem
2975 5549 3389 5620 contemptum,
3421 5549 3476 5603 et
3523 5543 3808 5605 saevitiam
