4140 6452
339 256 440 316 147

1254 260 1310 320 S.
1357 258 1651 320 PETRUS
1687 256 2081 318 DAMIANUS
2119 256 2179 316 S.
2223 259 2295 318 B.
2336 260 2402 318 E.
2442 257 2922 322 CARDINALIS.

3736 263 3841 323 148

334 398 625 444 exemere.
656 385 827 446 Cibos
881 392 1038 445 taceo
1084 388 1289 448 suibus
1337 385 1835 446 convenientiores
1860 383 2329 459 quamAvoluit,
2358 401 2435 447 an
2472 387 2608 447 vitae
2639 387 2802 469 illius
2842 390 3230 465 asperitatem,
3260 405 3396 465 quae
3431 393 3649 463 quanta
3686 396 3842 449 esset

337 472 562 537 homini
582 491 599 547 ;
620 474 824 535 nullus
839 475 1060 549 corpori
1085 477 1276 539 cultus
1299 496 1313 548 ;
1339 477 1582 536 vestitus
1597 472 1998 535 eratsordidus
2018 488 2036 543 ;

331 562 479 621 nudi
505 563 695 637 pedes.
718 564 932 625 Omitto
950 570 1153 627 caetera
1176 581 1312 640 quae
1332 564 1433 623 vix
1460 565 1519 623 in
1542 569 1800 622 extrema
1816 561 2034 637 inopia,

331 652 394 721 in
446 655 712 715 mendico
764 656 989 716 toleres.
1043 657 1325 725 Praetereo
1378 654 1639 727 verbera,
1682 671 1935 736 pugnos,
1983 662 2041 715 et

331 742 534 818 calces,
569 745 786 818 quibus
822 746 1155 822 frequenter
1193 747 1432 805 allectus
1456 751 1545 804 est
1574 764 1586 803 :
1620 752 1675 804 et
1711 746 1829 804 alia
1852 745 2039 807 multa

330 834 435 897 vix
473 833 632 894 dictu
669 840 726 893 et
759 836 981 907 auditu,
1011 835 1228 895 nedum
1258 835 1390 901 visu
1420 834 1756 894 tolerabilia.
1791 834 1885 893 Sic
1913 839 2038 892 acta

326 929 417 982 est
440 923 535 985 illi
554 923 799 998 pueritia
820 941 833 994 ;
856 917 959 989 tibi
987 940 1121 983 vero
1146 924 1589 987 adolescentiam
1616 924 1821 999 attigit,
1846 923 2038 987 nihilo

329 1011 536 1071 melior
559 1012 649 1072 illi
677 1012 933 1073 conditio
958 1013 1212 1075 accessit.
1244 1012 1396 1072 Hinc
1433 1011 1619 1072 facere
1649 1015 2035 1088 conjecturam

328 1096 483 1171 licet,
505 1101 655 1175 quod
688 1101 761 1159 ad
789 1115 989 1174 porcos
1016 1101 1231 1160 missus
1256 1109 1342 1160 est
1362 1102 1701 1175 pascendos,
1722 1102 1829 1163 ubi
1857 1118 2035 1178 quam

327 1189 474 1249 dura
504 1190 699 1248 omnia
743 1189 820 1247 sit
850 1204 1074 1263 passus,
1110 1188 1320 1262 cogitet
1363 1191 1465 1264 qui
1508 1207 1577 1250 ea
1615 1206 1751 1265 quae
1787 1206 2036 1266 praeces-

326 1292 451 1335 sere
502 1278 769 1351 noverit;
823 1278 923 1337 sed
983 1278 1187 1337 divina
1254 1280 1628 1340 Providentia
1707 1281 1790 1340 sic
1860 1296 2032 1340 suum

322 1382 595 1427 exercere
641 1368 937 1440 athletam,
984 1376 1041 1428 et
1073 1370 1328 1442 experiri
1371 1370 1576 1442 voluit,
1599 1378 1665 1431 ut
1710 1371 1784 1430 ad
1817 1372 2037 1432 uberio-

325 1474 445 1519 rem
480 1460 723 1533 gratiam
768 1460 967 1527 omnia
999 1462 1121 1525 haec
1150 1459 1235 1519 illi
1264 1461 1655 1522 accumularet
1684 1482 1698 1518 :
1726 1466 1783 1520 et
1810 1478 1887 1522 ex
1916 1468 2035 1523 tam

319 1548 584 1622 ignobili,
610 1555 783 1624 atque
834 1550 978 1610 adeo
1018 1552 1301 1626 despecto,
1335 1551 1436 1610 toti
1483 1551 1724 1610 demum
1764 1552 2035 1615 Ecclesiae

2127 475 2407 550 audierat,
2462 479 2713 553 perferre
2764 485 2975 555 posset.
3017 480 3336 551 Quamdam
3389 480 3571 556 igitur
3609 481 3839 555 ingres-

2127 582 2229 626 sus
2253 566 2542 642 cellulam,
2576 571 2956 645 quadraginta
3008 589 3069 635 se
3114 573 3320 633 diebus
3346 575 3411 633 in
3459 589 3526 632 ea
3573 574 3842 634 exercuit

2124 670 2334 732 corpus
2371 674 2563 729 suum,
2595 661 2887 727 omnibus,
2916 678 3063 738 quos
3106 668 3420 739 acceperat,
3460 663 3649 725 modis
3704 679 3837 724 ma-

2122 759 2323 806 cerans
2349 753 2404 807 et
2434 748 2713 824 afﬂigens.
2741 750 2926 824 Igitur
2976 752 3161 812 multo
3213 752 3397 827 magis
3446 753 3509 810 in
3547 752 3840 812 sententia

2121 834 2518 907 conﬁrmatus,
2549 844 2779 913 tempus
2818 838 3165 911 observavit,
3195 854 3311 915 quo
3354 844 3545 913 posset
3574 854 3835 903 commo-

2120 919 2361 981 dissime
2410 923 2661 983 salutare
2716 925 3023 986 consilium
3078 927 3361 1001 exsequi;
3413 932 3552 986 tunc
3589 926 3663 986 de
3704 926 3835 985 suis

2120 1007 2289 1069 bonis
2318 1014 2637 1072 necessaria
2664 1014 2936 1087 quadam
2971 1015 3085 1075 sibi
3113 1020 3438 1087 assumens,
3468 1014 3673 1074 insciis
3699 1030 3831 1074 om-

2122 1098 2298 1158 nibus
2325 1101 2468 1174 suis,
2502 1102 2574 1160 ad
2600 1110 2853 1177 optatam
2888 1120 3150 1164 eremum
3186 1104 3337 1164 clam
3388 1105 3497 1164 iter
3534 1106 3786 1180 arripuit
3815 1130 3829 1164 :

2122 1190 2224 1249 ubi
2252 1205 2463 1263 magna
2495 1207 2630 1250 cum
2670 1193 2872 1252 laetitia
2913 1198 2969 1253 et
3014 1194 3305 1253 hilaritate
3331 1200 3616 1269 receptus,
3644 1194 3830 1254 tradi-

2124 1285 2215 1340 tus
2260 1287 2345 1340 est
2390 1283 2498 1341 uni
2549 1299 2626 1341 ex
2668 1284 2997 1347 senioribus
3047 1284 3120 1343 de
3170 1300 3331 1345 more
3380 1285 3828 1347 instituendus:

2119 1378 2455 1447 quem'cum
2474 1376 2547 1437 ad
2565 1374 2834 1436 cellulam
2862 1376 3244 1451 perduxisset,
3263 1382 3510 1437 exutum
3541 1376 3832 1449 vestibus,

2119 1479 2265 1539 quas
2313 1468 2510 1524 secum
2560 1464 2850 1538 attulerat,
2880 1465 2943 1524 iu
2984 1465 3173 1524 cilicio
3227 1465 3415 1526 illum
3452 1465 3523 1525 ad
3556 1465 3831 1525 abbatem

2116 1552 2373 1624 reduxit,
2404 1553 2506 1628 qui
2534 1555 2809 1617 continuo
2831 1554 3008 1628 jussit
3043 1570 3182 1615 eum
3219 1554 3451 1614 cuculla
3486 1554 3678 1615 indui.
3712 1554 3831 1613 La-

325 1652 448 1697 suaa
476 1637 795 1712 gloriosum
840 1639 1119 1699 redderet.
1152 1640 1375 1710 Quibus
1425 1646 1623 1711 autem
1659 1641 1846 1702 initiis
1871 1643 1944 1702 ad
1973 1643 2032 1703 id
2119 1643 2254 1704 bare
2288 1644 2438 1704 inter
2475 1646 2601 1706 time
2631 1648 2760 1721 ejus
2794 1645 3028 1705 animus
3061 1645 3253 1719 coepit,
3281 1660 3430 1719 pene
3467 1643 3596 1702 facti
3634 1643 3832 1717 pmni-

326 1729 673 1799 pervencrit,
701 1742 890 1801 operm
931 1729 1180 1802 pretium
1224 1736 1310 1787 est
1358 1732 1545 1790 nosse.
1578 1729 1742 1790 Unus
1793 1747 1868 1790 ex
1913 1733 2094 1808 fra-B
2119 1739 2267 1801 tens,
2298 1742 2572 1808 tauquam
2601 1735 2853 1794 nimium
2878 1735 2953 1793 ad
2991 1736 3098 1793 ista
3124 1733 3463 1805 festiuasset,
3494 1746 3629 1792 cum
3665 1731 3835 1807 prius

327 1815 534 1887 tribus,
563 1815 774 1891 pietate
828 1832 945 1893 qua
990 1816 1192 1875 debuit
1236 1817 1472 1876 fratrem
1524 1819 1889 1894 complexus,
1921 1828 2035 1881 tra-
2124 1824 2419 1885 debuisset
2462 1825 2714 1901 experiri
2761 1826 2905 1902 quid
2954 1827 3018 1884 in
3064 1823 3415 1884 monasterio
3454 1828 3685 1898 posset;
3726 1821 3830 1881 sed

325 1907 481 1963 ctare
516 1904 688 1963 illum
717 1905 1054 1964 humaniter
1084 1905 1277 1980 cmpit,
1302 1921 1369 1964 ac
1412 1905 1721 1981 diligenter
1745 1923 1947 1970 curare
1974 1919 2043 1972 ut
2125 1929 2264 1973 mox
2300 1915 2664 1990 resipiscens,
2693 1921 2956 1975 accusata
2992 1914 3152 1973 velut
3178 1912 3412 1989 ignavia
3446 1911 3696 1988 quadam
3726 1926 3839 1970 sua

323 1990 528 2049 litteris
566 1991 914 2065 erudiretur,
941 1993 1003 2052 in
1034 1993 1250 2067 quibus
1295 1994 1461 2053 brevi
1514 2000 1740 2057 tantum
1776 2000 2040 2072 profecit,

324 2086 389 2141 ut
426 2079 557 2142 suis
578 2081 765 2143 etiam
788 2083 1133 2145 ductoribus
1156 2084 1528 2147 admirabilis
1546 2088 1741 2150 ﬁeret.
1777 2090 2042 2167 Cmnque

324 2168 664 2230 liberalibus
708 2172 932 2233 artibus
968 2174 1227 2250 apprime
1264 2183 1413 2236 esset
1450 2179 1788 2252 instructus,
1820 2187 1885 2241 ut
1917 2183 2041 2256 jam

323 2258 554 2318 erudire
578 2260 723 2320 alios
766 2270 974 2337 posset,
1005 2265 1296 2325 conﬂuere
1320 2267 1393 2326 ad
1424 2281 1563 2348 eum
1590 2270 1856 2348 undique
1884 2272 2041 2331 mul-

327 2350 513 2409 titudo
537 2332 887 2412 discentium
916 2332 1107 2429 erepit,
1136 2362 1195 2416 et
1219 2332 1476 2429 quotidie
1502 2358 1713 2433 magis,
1750 2332 2042 2422 crescente

328 2439 483 2497 fama
511 2447 567 2498 et
602 2441 802 2516 populi
835 2442 1049 2517 favore,
1079 2446 1287 2519 opibus
1329 2447 1500 2507 etiam
1540 2451 1763 2524 augeri.
1798 2451 2038 2528 Verum,

330 2546 407 2588 ne
447 2531 689 2590 terrenis
733 2530 1020 2592 illecebris
1058 2536 1418 2608 retineretur,
1446 2538 1648 2597 divina
1697 2542 1850 2602 cavit
1899 2540 2039 2604 Pro-

329 2618 605 2689 videntia,
636 2619 731 2677 cui
777 2627 1031 2679 mentem
1074 2622 1315 2682 immisit
1357 2629 1581 2684 terrena
1620 2642 1856 2700 prorsus
1901 2647 2040 2690 cou-

331 2706 648 2778 temnendi,
687 2713 744 2767 et
786 2709 1003 2769 mirum
1041 2710 1241 2786 injecit
1286 2711 1607 2773 cmlesh'um
1659 2715 2039 2782 desiderium.

334 2797 539 2857 Studia
578 2797 760 2871 igitur
799 2801 1054 2859 humana
1103 2801 1379 2875 paulatim
1418 2804 1711 2880 deserens,
1740 2816 1795 2867 et
1824 2809 2043 2870 divinis

333 2887 668 2961 invigilaus,
716 2888 825 2947 sub
877 2891 1152 2950 mollibus
1205 2908 1272 2951 ac
1321 2894 1583 2955 delicatis
1630 2898 1887 2959 vestibus
1939 2916 2039 2975 ge-

338 2981 489 3033 stare
528 2975 783 3063 cilicium
813 2978 1003 3052 cmpit,
1026 2978 1289 3053 jejuniis,
1326 2982 1688 3044 orationibus
1726 3002 1793 3046 ac
1821 2988 2044 3063 vigiliis

2126 2011 2184 2064 et
2227 2006 2408 2065 sancti
2445 2005 2737 2066 oblivione
2776 2004 3070 2081 propositi,
3101 2020 3218 2079 quo
3247 2004 3539 2079 impulsus
3579 2009 3836 2072 venerat,

2122 2100 2191 2153 ut
2236 2096 2304 2153 iu
2336 2093 2447 2153 .tali
2488 2094 2845 2166 austeritate,
2880 2109 3091 2169 corpus
3136 2094 3456 2154 edomitum
3491 2093 3727 2168 spiritui
3764 2107 3844 2152 ac

2127 2182 2295 2242 suavi
2317 2183 2458 2256 jugo
2495 2180 2709 2241 Christi
2737 2182 3078 2257 subjaceret,
3108 2187 3386 2256 tanquam
3424 2181 3589 2241 fortis
3620 2180 3843 2239 athleta

2126 2271 2487 2345 spiritalibus
2528 2272 2707 2330 armis
2748 2271 3040 2330 accinctus
3067 2286 3281 2346 pugna:
3316 2286 3378 2330 se
3411 2271 3712 2331 ultroneus
3740 2269 3843 2329 ob-

2129 2360 2262 2420 tulit
2295 2380 2307 2418 :
2338 2360 2402 2418 in
2441 2375 2558 2434 qua
2606 2366 2861 2435 quantus
2894 2359 3198 2431 exstiterit,
3234 2375 3303 2418 ea
3338 2374 3473 2433 quae
3510 2364 3842 2434 sequuntur

2126 2451 2450 2509 ostendent.
2481 2447 2576 2508 Sic
2606 2447 2767 2507 enim
2812 2449 3090 2508 continuo
3118 2464 3329 2522 corpus
3352 2447 3528 2522 coepit
3556 2446 3839 2521 adligere,

2126 2539 2505 2611 orationibus,
2561 2537 2817 2614 jejuuiis,
2872 2536 3090 2611 vigiliis
3145 2543 3201 2595 et
3251 2537 3502 2597 aliarum
3560 2535 3841 2595 varietate

2127 2630 2582 2689 macerationum
2637 2634 2898 2698 atterere,
2932 2626 3117 2686 nullis
3166 2627 3577 2687 exercitiorum
3627 2641 3841 2685 mona-

2126 2719 2286 2779 sterii
2316 2718 2610 2778 laboribus
2629 2733 2887 2791 parcere,
2920 2724 2988 2776 ut
3007 2716 3116 2775 diu
3148 2717 3213 2776 in
3243 2717 3591 2776 monasterio
3621 2714 3839 2776 versati

2125 2814 2181 2868 et
2208 2808 2448 2867 exerciti
2480 2807 2848 2877 mirarentur,
2876 2822 2943 2865 ac
2980 2820 3043 2865 se
3079 2804 3235 2879 ipsos
3273 2805 3437 2865 velut
3464 2806 3706 2881 ignavos
3734 2818 3837 2864 ac-

2124 2905 2417 2961 cusareut.

2200 2989 2367 3049 Libet
2415 2990 2524 3049 hoc
2575 2989 2699 3049 loco
2744 2990 2883 3048 vitae
2936 2985 3248 3047 formulam
3289 2986 3624 3045 monasterii
3673 2985 3844 3045 illius

335 3075 536 3119 curam
586 3061 904 3160 intendere,
932 3071 989 3122 et
1034 3065 1284 3160 assiduis
1323 3070 1808 3160 macerationibus
1835 3061 2036 3149 cogere
2053 3097 2098 3157 ί]
2122 3081 2474 3151 sanctissimi
2494 3079 2838 3151 describere,
2860 3083 2927 3138 ut
2947 3083 3182 3147 quantae
3205 3092 3268 3136 se
3295 3075 3615 3136 austeritati
3638 3075 3846 3136 beatus

337 3163 572 3246 carnem
608 3152 839 3222 spiritui
859 3165 1089 3246 parere.
1134 3152 1397 3246 Dumque
1423 3158 1708 3246 juvenilis
1746 3162 2038 3224 interdum
2063 3152 2098 3157 ν
2122 3177 2215 3237 vir
2266 3169 2594 3244 subiecerit,
2628 3174 2889 3228 constare
2929 3167 3127 3240 possit.
3158 3166 3296 3225 Erat
3334 3171 3469 3224 ante
3506 3167 3703 3225 omnia
3733 3166 3845 3226 hu-

336 3234 522 3341 ΟιἹΙοΓΔ
548 3235 894 3341 ίΠειξΓὲξθιὌι,
922 3244 981 3341 ei
1032 3239 1287 3341 acribus.
1315 3245 1499 3303 ωιδῐίε
1532 3247 1738 3341 flusce
1789 3250 2043 3312 Slimlﬂis
2117 3234 2769 3341 jusmodi'iustitutum:
2801 3256 2868 3316 Ut
2886 3234 3011 3315 bini
3036 3270 3137 3331 per
3152 3254 3388 3329 singula
3412 3260 3869 3314 commorautes

336 3330 622 3424 ὃὲρΐίξῐιινν
664 3330 1005 3424 Ῐξὶῑθῐηρθεῑει
1042 3335 1219 3424 Δῐξοριε
1270 3331 1453 3392 iratus
1498 3334 1631 3407 Sibi,
1660 3352 1694 3395 θ
1732 3338 1878 3397 Ιεοιο
1911 3355 2041 3398 Sllr-
2117 3330 2414 3423 cubicula,
2454 3348 2550 3408 die
2591 3354 2884 3424 noctuque
2922 3330 3168 3422 spiritali
3216 3347 3548 3417 certamine,
3581 3345 3742 3406 velut
3775 3347 3837 3405 iu

337 3414 527 3511 gebat,
565 3431 636 3511 ac
677 3416 850 3511 domo
891 3419 1313 3511 egrediebatur,
1343 3432 1399 3483 et
1440 3441 1502 3486 se
1553 3429 1825 3491 ﬂuviatili
1873 3448 2043 3507 aqua:
2124 3414 2246 3503 πίε
2269 3414 2630 3510 dimicantes,
2659 3414 2971 3511 nunquam
3001 3435 3237 3494 brachia
3268 3414 3652 3506 remitterent;
3683 3434 3842 3508 psal-

339 3507 735 3605 iWPCI‘80b3t,
771 3508 954 3605 ἀοηθίξ
1001 3509 1196 3605 3189"?
1248 3514 1434 3605 Πᾷῐηίο
1484 3519 1742 3579 membra
1768 3523 2040 3599 rigorem,
2125 3531 2337 3591 medim
2390 3507 2742 3588 incessanter
2769 3507 3092 3598 ,brationi
3147 3538 3213 3582 ac
3275 3524 3556 3593 lectioni,
3611 3507 3837 3581 necnon

340 3602 398 3653 et
431 3597 512 3655 ita
546 3611 782 3670 prorsus
816 3597 954 3657 cum'
983 3601 1189 3660 noxio
1217 3603 1407 3663 calore
1455 3606 1662 3667 molles
1699 3609 1784 3668 illi
1829 3597 2046 3674 calores
2125 3620 2338 3680 inediae
2385 3633 2452 3676 ac
2500 3597 2845 3676 obedientire
2894 3614 3072 3673 armis
3127 3612 3391 3684 accincti,
3434 3611 3523 3669 ira
3570 3611 3843 3671 instructi

339 3694 787 3778 evanescerent._
811 3688 1142 3778 Egenorum
1188 3692 1444 3766 inopiam
1481 3696 1864 3775 eleemosynis
1905 3703 2047 3762 sub-
2127 3708 2405 3768 adversus
2446 3720 2641 3764 aereas
2676 3709 2981 3778 potestates
3018 3701 3386 3762 dimicabant.
3424 3699 3640 3759 Inedize
3678 3716 3840 3774 vero,

344 3772 587 3847 levabat,
622 3776 892 3872 convivia
930 3779 1184 3872 parabat
1201 3788 1258 3840 et
1301 3782 1426 3872 suis
1463 3784 1588 3858 ipse
1615 3772 1888 3849 manibus
1924 3790 2046 3851 illis
2127 3812 2303 3872 quam
2333 3772 2741 3854 abstinentiam
2772 3799 2995 3864 vocant,
3030 3792 3237 3850 modus
3260 3791 3356 3850 hic
3383 3796 3504 3849 erat
3535 3809 3548 3849 :
3581 3772 3842 3861 Quatuor

342 3872 620 3963 tanquam
647 3865 880 3963 Christo
906 3868 1287 3963 ministrabat.
1313 3870 1424 3933 Sed
1454 3874 1624 3934 altior
1649 3875 1736 3935 illi
1760 3878 1881 3953 jam
1907 3895 2046 3939 cura
2127 3865 2190 3947 in
2235 3876 2493 3963 qualibbt
2534 3880 2894 3942 hebdomada
2945 3879 3150 3939 diebus
3187 3896 3334 3953 pane
3370 3881 3750 3939 vescebantur
3784 3887 3844 3938 et

338 3953 647 4053 insederat,
680 3963 736 4053 et
761 3957 1046 4053 cogitatio,
1076 3961 1149 4053 ad
1198 3963 1515 4023 iucundam
1559 3968 1862 4040 rationem,
1899 3986 2044 4044 quo-
2127 3953 2314 4052 aqua;
2367 3974 2534 4033 tertia
2579 3972 2723 4032 feria
2770 3976 2826 4030 et
2872 3972 3080 4046 quinta
3130 3970 3465 4043 pauxillum
3526 3969 3845 4043 leguminis

342 4041 514 4143 modo
558 4042 801 4143 liberius
829 4051 885 4104 et
908 4049 1224 4143 attentius,
1254 4053 1460 4111 amotis
1507 4056 1882 4118 saecularibus
1921 4041 2044 4119 im-
2127 4041 2413 4123 addebant
2445 4082 2458 4123 :
2491 4062 2671 4138 idque
2718 4062 2782 4121 iu
2819 4041 2926 4120 sua
2962 4041 3211 4136 quilibet
3248 4058 3458 4118 cellula
3494 4041 3842 4133 coquebant.

338 4131 702 4233 pedimentis,
739 4133 1173 4233 Deo__famulari
1197 4150 1426 4233 posset.
1458 4143 1613 4204 Deus
1655 4154 1853 4206 autem
1899 4150 2042 4224 ipse,
2131 4159 2348 4218 Diebus
2372 4131 2589 4227 autem,
2621 4158 2837 4233 quibus
2869 4131 3166 4216 decretum
3197 4164 3317 4214 erat
3341 4131 3655 4229 jejunium,
3689 4155 3844 4213 nulli

339 4225 465 4323 qui
509 4229 767 4323 mentem
813 4225 903 4323 illi
961 4228 1127 4287 talem
1190 4232 1550 4304 immiserat,
1602 4237 1759 4296 viam
1814 4255 2045 4316 quoque
2129 4247 2201 4305 ad
2253 4246 2489 4305 libitum
2546 4225 2756 4303 licebat
2802 4260 3010 4318 panem
3054 4259 3303 4314 sumere,
3332 4225 3433 4301 sed
3480 4242 3845 4303 solummodo

339 4316 531 4413 statim
583 4316 946 4413 monstravit,
973 4334 1090 4413 qua
1136 4336 1244 4379 suo
1287 4323 1424 4413 satis
1473 4324 1760 4413 desiderio
1815 4329 2040 4388 faceret.
2129 4341 2414 4410 quantum
2459 4333 2683 4392 decreta
2732 4316 2966 4391 Patrum
2999 4330 3282 4404 jubebaut
3306 4350 3325 4403 ;
3357 4322 3678 4391 uullilviuo
3708 4348 3843 4407 per-

338 4404 405 4520 in
434 4402 779 4520 (luosean
826 4408 1136 4520 monachos
1178 4425 1252 4468 ex
1302 4409 1394 4485 iis,
1424 4412 1527 4486 qui
1554 4429 1816 4475 eremum
1845 4417 2103 4520 FontisD
2130 4402 2481 4493 mittebatur,
2531 4429 2916 4496 praeterquam
2968 4402 3029 4479 iu
3080 4402 3361 4480 sacrificio
3405 4427 3507 4481 aut
3555 4423 3617 4481 in
3663 4402 3841 4497 aegri-

337 4496 610 4587 Avellani
642 4497 723 4566 (id
754 4499 913 4587 enim
951 4498 1073 4558 loco
1111 4516 1319 4561 nomen
1359 4508 1500 4575 erat)
1546 4506 1768 4580 incidit,
1798 4496 2103 4582 quibus,”
2129 4513 2331 4573 tudine
2366 4513 2450 4572 uti
2482 4530 2498 4584 ;
2530 4510 2706 4569 nudis
2732 4510 2997 4584 pedibus,
3035 4518 3147 4569 tam
3191 4511 3383 4570 hieme
3417 4527 3592 4587 quam
3620 4519 3838 4584 testate,

336 4586 478 4659 quid
507 4586 702 4645 animo
738 4586 956 4661 agitare
996 4594 1052 4646 et
1100 4596 1333 4665 cuperet
1358 4594 1603 4666 aperuit.
1635 4594 1778 4665 Quia
1809 4613 1943 4657 vero
1970 4599 2043 4658 ad
2128 4601 2500 4672 incedebant;
2537 4599 2853 4674 caligarum
2880 4599 3077 4659 nullus
3106 4607 3225 4659 erat
3251 4616 3413 4663 usus.
3434 4586 3674 4661 Cmteris
3700 4617 3840 4662 vero

336 4688 537 4765 eorum
593 4676 855 4765 abbatem
906 4676 1027 4750 jam
1074 4680 1255 4737 sancti
1313 4681 1426 4740 viri
1485 4682 1637 4741 fama
1683 4695 2041 4760 pervenerat,
2127 4688 2531 4765 spiritualibus
2573 4689 2887 4761 exercitiis,
2930 4688 3288 4761 verberibus,
3322 4690 3837 4765 genuﬂexiouibus

336 4762 599 4856 instanter
627 4763 681 4821 id
709 4766 797 4856 illi
821 4775 1190 4842 excepere,et
1217 4786 1326 4832 suo
1351 4787 1614 4831 sermone
1645 4773 1830 4833 multo
1862 4778 2044 4851 magis
2126 4762 2183 4842 et
2209 4781 2454 4856 prolixis
2486 4781 2763 4840 ulnarum
2790 4778 2853 4836 in
2878 4778 3066 4837 crucis
3101 4762 3353 4839 moduni
3378 4780 3836 4854 extensionibus,

335 4852 686 4912 desiderium
724 4855 888 4914 illius
915 4858 1243 4919 accendere.
1273 4860 1710 4920 Discedentibus
1743 4871 1938 4922 autem
1965 4865 2042 4923 il-

334 4942 427 5014 lis,
458 4940 798 5017 pretiosum,
824 4946 976 5018 quod
993 4962 1099 5007 suo
1115 4948 1308 5007 abbati
1329 4950 1620 5022 oﬂ'crrent,
1638 4951 1855 5010 donare
1876 4969 2044 5012 cona-

331 5037 426 5091 tus
437 5036 522 5090 est
543 5046 643 5089 vas
662 5031 950 5106 quoddam
969 5043 1327 5109 argenteum,
1344 5039 1496 5112 quod
1515 5045 1579 5097 ut
1593 5038 1915 5112 acciperent
1931 5040 2037 5113 illi,

335 5120 517 5179 nullis
561 5118 830 5196 precibus
876 5122 1084 5182 adduci
1124 5132 1378 5199 potuere.
1417 5126 1756 5186 Admiratus
1788 5128 1886 5187 ille
1915 5137 2040 5188 tau-

336 5217 460 5269 tum
516 5226 720 5270 eorum
769 5226 965 5270 rerum
1017 5219 1373 5274 terrenarum
1415 5224 1828 5289 contemptum,
1856 5219 2041 5279 multo

334 5299 518 5372 magis
572 5305 964 5374 paupertatem
1031 5300 1243 5363 Christi
1299 5303 1566 5377 amplecti
1621 5302 1918 5378 decrevit;
1976 5324 2041 5366 ac

331 5402 568 5459 prorsus
593 5388 904 5448 mundanis
935 5391 1123 5462 rebus,
1147 5399 1201 5450 et
1228 5391 1503 5450 omnibus
1525 5407 1727 5451 earum
1759 5393 2039 5456 illecebris

331 5474 665 5534 renuntiare
694 5496 707 5534 :
736 5479 834 5536 sed
858 5479 1195 5555 priusquam
1225 5495 1285 5536 se
1308 5477 1380 5537 ad
1407 5480 1751 5541 antedictam
1776 5498 2038 5545 eremum

329 5566 636 5639 conferret,
675 5574 731 5627 et
780 5569 1154 5631 monasticam
1197 5569 1277 5629 ibi
1330 5571 1509 5629 vitam
1545 5572 1738 5647 iniret,
1786 5576 2038 5651 experiri

2125 4877 2296 4945 prout
2330 4871 2544 4945 cuique
2585 4869 2777 4929 fervor
2823 4876 2944 4928 emt
2986 4868 3309 4941 virtusque,
3341 4871 3640 4928 vacabant.
3677 4868 3838 4943 Vigi-

2125 4959 2336 5018 liarum
2368 4974 2504 5017 vero
2547 4974 2762 5017 morem
2809 4959 2968 5017 hunc
3012 4957 3318 5017 servabant
3351 4978 3364 5017 :
3399 4958 3468 5017 Ut
3496 4958 3667 5032 signo
3695 4965 3840 5017 tem-

2124 5049 2409 5122 pestivius
2456 5050 2608 5120 dato,
2636 5053 2765 5122 post
2795 5045 3066 5124 quaedam
3118 5046 3254 5119 alia,
3282 5054 3488 5117 totum,
3525 5054 3836 5122 antequam

2125 5135 2506 5209 illucesceret,
2538 5135 2876 5212 psalterium
2908 5140 3329 5210 percurrerent.
3360 5136 3436 5192 At
3462 5141 3700 5193 sanctus
3752 5135 3842 5194 vir

2127 5224 2370 5297 Petrus,
2427 5242 2547 5285 non
2600 5231 2925 5300 exspectato
2984 5223 3283 5283 communi
3338 5222 3505 5296 signo
3534 5265 3549 5295 ,
3603 5228 3841 5282 caeteros

2125 5312 2308 5372 multo
2341 5319 2473 5372 ante
2503 5314 2887 5389 praeveniens,
2914 5312 3202 5387 quidquid
3239 5310 3421 5370 noctis
3447 5317 3573 5384 post
3599 5310 3836 5370 ordina-

2124 5400 2208 5458 ria
2248 5408 2546 5476 supererat
2594 5401 2935 5461 excubaudo
2975 5400 3345 5475 transigebat,
3386 5406 3443 5458 et
3488 5398 3602 5458 alia
3651 5398 3836 5459 multa

2121 5490 2383 5565 iniussus
2408 5492 2623 5552 obibat.
2652 5492 2799 5553 Cum
2828 5500 3023 5553 autem
3050 5498 3259 5568 praeter
3284 5491 3529 5550 modum
3554 5491 3829 5566 frequen-

2124 5586 2266 5640 taret
2308 5583 2605 5656 excubias,
2645 5585 3038 5658 perniciosum
3086 5582 3289 5657 capitis
3330 5584 3619 5645 contraxit
3672 5596 3827 5643 mor-
