4140 6502
275 235 379 293 149

1155 239 1729 300 PROLEGOMENA.
1774 271 1844 290 -η
1885 238 1940 297 S.
1986 239 2210 297 PETRI
2250 238 2573 297 DAMIANI
2615 237 2794 296 VITA
2834 239 2907 296 II.

3683 243 3701 296 ‘l
3713 239 3784 299 50

269 361 434 428 bunt,
469 359 613 417 adeo
647 360 908 434 quidem,
947 371 1011 421 ut
1046 363 1149 422 vix
1186 363 1424 423 brevem
1467 380 1666 438 capere
1708 378 1980 423 somnum
1996 362 2154 432 Avir
2179 363 2450 436 gustavit,
2481 379 2798 421 conversus
2828 363 2900 420 ad
2929 363 3322 436 discipulum:
3355 364 3504 433 Non,
3553 364 3773 440 inquit,

267 453 462 522 posset
493 467 505 505 :
534 463 714 523 quare
769 455 898 522 post
965 452 1225 511 adhibita
1289 453 1694 524 medicamina,
1752 451 1984 512 sanitati

266 535 590 604 restitutus,
625 537 822 596 mitior
854 539 916 596 in
958 556 1018 598 se
1053 556 1120 598 ac
1169 543 1578 616 temperantior
1614 557 1737 600 esse
1788 542 1978 614 erepit.

273 624 424 682 Baro
482 625 660 698 igitur
703 630 831 698 post
876 626 1278 700 psalmodiam,
1331 629 1602 688 cellulam
1658 629 1980 703 egrediens,

266 713 507 772 lectioni
561 717 893 774 vehementi
946 719 1138 778 studio
1184 720 1545 778 vacabat:in
1591 737 1706 796 qua
1757 727 1982 779 tantum

267 803 435 861 brevi
470 804 728 877 profecit,
770 811 835 864 ut
870 805 930 864 in
962 807 1164 866 divina
1203 808 1498 883 Scriptura
1537 815 1761 868 tantum
1799 809 1982 868 clare-

195 954 200 958 ,
270 899 474 963 sceret,
521 898 806 965 quantum
851 895 912 952 in
951 897 1226 955 humanis
1262 897 1467 956 litteris
1503 906 1636 957 ante
1675 899 1977 958 claruerat.

270 980 400 1050 Quo
441 981 659 1040 factum
689 989 793 1054 est,
826 990 891 1042 ut
931 985 1190 1059 magistri
1236 987 1329 1045 sui
1361 988 1549 1062 jussu,
1583 989 1734 1061 apud
1779 1004 1980 1048 mona-

269 1071 431 1141 chos,
474 1071 576 1144 qui
618 1088 738 1130 una
779 1075 1304 1148 commorabantur,
1353 1077 1756 1137 declamatorio
1797 1094 1978 1149 more,

268 1162 470 1220 crebro
511 1165 689 1222 verba
724 1165 951 1238 faceret,
997 1167 1166 1241 cujus
1209 1168 1288 1226 rei
1335 1175 1625 1228 crescente
1659 1171 1830 1242 fama,
1881 1187 1979 1229 ve-

270 1253 550 1311 nerabilis
588 1254 770 1313 abbas
799 1256 1216 1331 Pomposianus
1261 1260 1332 1317 ad
1369 1259 1494 1330 ejus
1531 1258 1796 1318 abbatem
1822 1276 1979 1320 nun-

268 1343 378 1401 tios
409 1343 589 1412 misit,
625 1345 732 1418 qui
775 1361 912 1404 eum
956 1355 1242 1422 rogarent,
1289 1355 1353 1407 ut
1383 1349 1597 1407 sineret
1633 1365 1772 1408 eum
1807 1351 1876 1407 ad
1921 1366 1982 1408 se

269 1432 492 1503 venire,
534 1441 589 1490 et
619 1433 845 1510 aliquot
885 1452 1083 1494 secum
1131 1437 1253 1495 dies
1297 1438 1660 1496 commorari.
1710 1439 1984 1498 Permisit

270 1522 369 1580 ille
397 1523 752 1596 humaniter,
780 1531 844 1583 ut
867 1526 1116 1585 charitas
1140 1528 1424 1601 poscebat,
1456 1529 1623 1602 cujus
1647 1530 1978 1602 praesentia,

269 1623 323 1674 et
359 1616 642 1688 moribus,
687 1633 754 1676 ac
806 1619 942 1678 vita)
989 1622 1307 1694 sanctitate,
1339 1622 1548 1680 deinde
1575 1622 1762 1681 divini
1792 1623 1976 1694 verbi,

2059 451 2232 526 jussi,
2268 459 2334 510 ut
2380 451 2528 509 mihi
2572 451 2776 510 vinum
2822 452 3074 510 afferres.
3124 451 3198 508 At
3238 450 3626 524 illequuam
3669 469 3775 526 ego

2066 557 2141 600 ex
2191 543 2346 600 fonte
2389 541 2558 600 hausi
2601 547 2657 598 et
2704 539 2890 599 attuli.
2938 540 3193 613 Negabat
3248 541 3341 598 vir
3396 547 3661 611 sanctus;
3717 549 3778 600 at

2065 631 2387 706 discipulus
2464 637 2792 689 constanter
2850 632 3190 689 afﬁrmabat.
3247 631 3321 689 Ut
3370 647 3506 703 ergo
3568 645 3775 689 verum

2066 721 2410 794 exploraret,
2451 719 2635 778 alium
2661 721 2733 778 ad
2761 721 2979 778 fontem
3005 720 3182 788 misit,
3220 725 3276 777 et
3303 719 3650 789 observavit,
3700 735 3776 778 ne

2066 826 2126 868 se
2172 809 2287 868 alio
2319 810 2606 880 ﬂecteret;
2649 809 2862 880 attulit,
2895 810 3147 884 gustavit
3176 809 3336 884 ipse:
3365 815 3420 867 et
3457 808 3624 882 quasi
3651 824 3772 868 non

2065 899 2304 958 credens
2363 899 2496 969 sibi,
2544 899 2616 956 iis
2669 900 2770 972 qui
2821 899 3080 969 aderant,
3151 897 3498 971 gustandam
3574 897 3766 969 dedit;

2063 1004 2267 1047 omnes
2305 988 2668 1047 afﬁrmarth
2697 989 2900 1047 vinum
2933 1005 3055 1047 esse
3083 988 3390 1062 optimum,
3421 993 3476 1045 et
3509 1003 3644 1045 cum
3673 986 3770 1043 in-

2061 1077 2219 1149 genti
2272 1077 2467 1134 laatitia
2512 1082 2803 1150 stupuere.
2846 1078 2920 1134 At
2953 1076 3074 1150 ipse
3108 1077 3166 1133 in
3211 1092 3316 1134 sua
3346 1081 3624 1148 praestans
3652 1075 3766 1132 hu-

2065 1165 2325 1234 militate,
2385 1165 2646 1223 divinam
2699 1180 2833 1238 erga
2878 1181 2937 1222 se
2976 1164 3376 1223 liberalitatem
3414 1163 3769 1237 intelligens,

2063 1256 2361 1314 silentium
2407 1255 2702 1326 omnibus,
2753 1255 2854 1329 qui
2895 1271 3017 1312 rem
3067 1259 3367 1324 noverant,
3417 1253 3652 1324 indixit,
3694 1268 3770 1312 ne

2062 1345 2219 1420 quis,
2246 1361 2306 1403 se
2333 1345 2488 1417 vivo,
2517 1345 2790 1419 cuiquam
2814 1344 2876 1403 id
2901 1346 3193 1418 panderet.

2137 1433 2247 1493 Sed
2287 1450 2476 1509 neque
2518 1433 2731 1492 minori
2762 1433 3145 1492 admiratione
3182 1433 3429 1505 dignum
3460 1436 3567 1502 est,
3608 1430 3767 1505 quod

2062 1525 2344 1600 sequitur.
2387 1525 2645 1583 Habebat
2694 1524 2757 1582 B.
2813 1523 3018 1583 Petrus
3057 1524 3398 1597 amphoram
3436 1521 3558 1580 vini
3610 1519 3766 1592 apud

2061 1613 2466 1688 presbyterum
2540 1613 2847 1672 vicinum:
2885 1613 3044 1671 venit
3123 1612 3290 1669 turba
3360 1610 3638 1679 militum,
3709 1614 3768 1665 et

265 1706 420 1780 quod
483 1723 558 1764 ex
604 1707 766 1767 illius
809 1725 907 1767 ore
953 1710 1145 1769 mellis
1188 1711 1371 1770 instar
1421 1713 1714 1782 manabat,
1762 1714 2041 1786 pabuloB
2062 1704 2395 1776 presbytero
2437 1710 2630 1778 petere
2668 1703 2876 1762 vinum
2912 1702 3194 1760 instanter
3220 1701 3412 1774 erepit.
3454 1696 3770 1772 Respondit

265 1792 409 1851 adeo
443 1793 680 1867 quidem
699 1794 908 1866 allecti,
934 1802 1107 1872 atque
1134 1797 1384 1857 demulsi
1407 1805 1548 1858 sunt
1570 1801 1841 1858 monachi
1863 1800 1972 1875 illi,

267 1897 521 1953 quorum
566 1881 772 1957 ingens
818 1884 901 1944 ibi
951 1891 1074 1944 erat
1124 1902 1424 1958 numerus,
1472 1894 1667 1964 utpote
1721 1896 1972 1962 centum,

267 1975 331 2028 ut
358 1985 514 2044 aegre
544 1977 668 2039 post
703 1972 1008 2032 biennium
1035 1975 1106 2032 ad
1135 1991 1310 2034 suum
1344 1977 1529 2035 redire
1560 1979 1976 2037 monasterium

266 2057 437 2117 illum
490 2061 644 2133 passi
701 2061 959 2134 fuerint;
1029 2063 1127 2121 sed
1187 2065 1356 2138 jussu
1413 2065 1675 2139 magistri
1735 2066 1829 2125 sui
1882 2083 1976 2124 re-

268 2155 528 2219 vocatus,
581 2165 717 2208 cum
763 2151 1107 2212 obedientiae
1159 2154 1518 2213 inviolabilis
1571 2155 1659 2214 illi
1715 2171 1874 2228 cura,
1922 2163 1978 2216 et

265 2238 460 2296 cultus
497 2246 662 2310 esset,
704 2241 888 2299 teneri
918 2243 1068 2300 ultra
1096 2259 1213 2302 non
1252 2244 1454 2316 potuit.
1492 2244 1606 2304 Sed
1640 2245 1813 2319 paulo
1850 2253 1978 2320 post

263 2328 332 2385 ad
391 2327 452 2387 S.
498 2327 790 2388 Vincentii
840 2332 1256 2391 monasterium
1303 2334 1386 2391 ire
1431 2336 1628 2407 jussus
1666 2341 1771 2405 est,
1822 2335 1976 2410 quod

263 2416 504 2490 quidem
557 2417 780 2476 celebre
833 2420 1250 2479 monasterium
1300 2429 1516 2495 quanto
1559 2424 1975 2483 monachorum

264 2507 427 2580 copia
468 2508 832 2582 frequentius
871 2517 990 2568 erat
1021 2517 1075 2569 et
1108 2512 1317 2585 opibus
1355 2513 1605 2586 illustre,
1647 2519 1804 2572 tanto
1845 2531 1974 2574 mo-

264 2596 502 2655 nasticae
536 2599 882 2656 austeritatis
907 2615 972 2657 ac
1004 2599 1330 2674 disciplinae
1367 2608 1489 2660 erat
1525 2602 1968 2662 admirabilius:

267 2685 367 2742 ubi
407 2701 641 2760 quoque
682 2703 799 2746 non
839 2688 1030 2764 segnis
1067 2690 1131 2748 in
1174 2690 1341 2748 vinea
1382 2690 1616 2749 Domini
1648 2692 1833 2750 cultor
1866 2694 1974 2751 ali-

265 2775 528 2849 quandiu
574 2782 960 2836 commoratus
1004 2783 1106 2836 est.
1139 2771 1282 2852 Ejus
1312 2783 1506 2837 autem
1540 2781 1832 2856 magister,
1871 2783 1973 2856 qui

267 2870 421 2922 tanto
470 2863 743 2940 discipuli
790 2868 880 2924 sui
927 2868 1205 2940 profectu,
1262 2884 1488 2928 necnon
1541 2869 1868 2944 prudentia,
1921 2880 1976 2932 et

263 2954 597 3014 admirabili
636 2957 773 3015 vitae
808 2956 972 3016 illius
1017 2958 1342 3033 integritate
1369 2959 1691 3031 laetabatur,
1731 2963 1975 3022 manda-

264 3042 348 3145 vit
383 3042 497 3118 illi,
533 3047 830 3145 .utneremi
857 3049 1321 3122 procurationem
1356 3054 1483 3124 post
1528 3067 1588 3109 se
1634 3050 1969 3126 susciperet.
1994 3085 2039 3145 ρ

265 3130 573 3190 Recusavit
621 3133 720 3193 ille
775 3143 1058 3209 quantum
1111 3139 1314 3213 potuit,
1365 3155 1430 3198 ac
1479 3140 1791 3200 reluctatus
1845 3147 1964 3201 est:

260 3226 358 3283 sed
401 3230 646 3300 urgente
671 3228 1019 3302 obedientia,
1052 3230 1278 3290 diutius
1307 3232 1584 3292 obsistere
1613 3250 1730 3292 non
1760 3234 1963 3294 valuit.

257 3314 504 3387 Accepta
530 3313 708 3388 igitur
735 3315 845 3374 loci
872 3317 1393 3393 administratione,
1427 3320 1597 3396 coepit
1624 3321 1966 3397 circumspi-

253 3418 382 3461 cere
413 3419 482 3461 ac
514 3403 822 3478 diligenter
849 3408 1205 3482 perquirere,
1247 3409 1350 3468 ubi
1389 3411 1504 3469 alia
1546 3413 1966 3471 monachorum

252 3493 492 3568 collegia
536 3504 926 3572 congregaret,
966 3503 1032 3558 ut
1067 3500 1470 3560 ministrorum
1511 3503 1614 3561 Dei
1651 3519 1965 3564 numerum

253 3589 511 3655 augeret.
543 3584 668 3654 Quo
693 3587 930 3659 quidem
957 3589 1170 3660 studio,
1195 3605 1262 3647 ac
1294 3590 1558 3664 diligenti
1589 3592 1966 3666 vestigatione

259 3675 440 3732 multa
462 3675 709 3735 diversis
731 3678 791 3734 in
812 3678 953 3736 locis
968 3679 1260 3737 eremitica
1286 3681 1631 3738 monasteria
1651 3685 1963 3756 exstruxit,

260 3764 318 3821 in
346 3764 619 3837 Camerti,
651 3767 714 3826 in
741 3768 1044 3840 Perusino,
1079 3767 1183 3827 ubi
1208 3769 1480 3827 cellulam
1509 3769 1756 3843 invenit,
1786 3788 1964 3846 quam

261 3852 615 3912 inhabitasse
644 3854 711 3912 B.
744 3855 1137 3915 Romualdum
1166 3857 1444 3914 ferebant.
1477 3857 1621 3915 Item
1653 3857 1714 3915 in
1743 3859 1966 3917 Arimi-

263 3943 430 4001 nensi
479 3960 635 4018 agro,
694 3962 919 4004 necnon
976 3947 1036 4004 in
1089 3947 1429 4017 Faventino,
1479 3946 1708 4005 duobus
1759 3948 1965 4007 vicinis

261 4030 411 4088 inter
451 4048 513 4090 se
567 4031 743 4104 locis;
793 4033 968 4108 priori
1028 4051 1238 4093 nomen
1287 4034 1398 4092 fuit
1443 4032 1824 4107 Gamunium,
1872 4052 1966 4109 po-

262 4119 488 4180 steriori
520 4138 655 4180 vero
683 4125 940 4183 Aceretc.
988 4124 1268 4195 Quamvis
1294 4131 1488 4184 autem
1531 4126 1622 4184 his
1651 4141 1964 4199 procuran-

258 4209 344 4268 dis
403 4217 578 4285 atque
627 4214 896 4286 gerendis
943 4216 1198 4273 maxime
1258 4215 1516 4273 intentus
1569 4220 1738 4286 esset,
1792 4229 1966 4272 suum

258 4305 464 4369 tamen,
496 4301 558 4358 in
585 4303 739 4376 quod
764 4303 1018 4376 primum
1049 4320 1172 4362 sese
1198 4303 1516 4374 addiderat,
1549 4305 1964 4362 monasterium

254 4389 454 4448 crebro
483 4389 725 4460 visebat,
773 4399 827 4449 et
854 4393 1210 4467 prmcipuam
1256 4393 1418 4452 illius
1461 4410 1662 4453 curam
1709 4392 1962 4466 gerebat.

254 4475 503 4536 Caeteros
538 4494 772 4552 quoque
808 4480 1002 4537 adibat
1047 4482 1379 4553 monachos,
1421 4489 1477 4540 et
1517 4497 1621 4539 sua
1652 4479 1784 4538 illos
1811 4497 1963 4554 prae-

255 4565 439 4623 sentia
496 4566 821 4640 plurimum
873 4569 1297 4642 consolabatur,
1353 4575 1411 4628 et
1462 4570 1534 4628 ad
1590 4568 1960 4628 serviendum

259 4655 372 4716 Deo
402 4659 661 4734 quotidie
692 4661 876 4734 magis
901 4662 1277 4734 accendebat;
1311 4667 1368 4718 et
1393 4661 1442 4719 si
1473 4660 1705 4734 quando
1736 4659 1818 4717 ire
1843 4675 1959 4718 non

261 4755 493 4819 poterat,
556 4748 823 4820 epistolas
891 4756 990 4808 aut
1046 4752 1284 4808 nuntios
1337 4749 1614 4808 mittebat.
1681 4747 1791 4806 Sed
1844 4763 1962 4806 non

260 4851 498 4894 suorum
544 4838 964 4909 tantummodo,
999 4838 1095 4896 sed
1133 4845 1187 4897 et
1221 4839 1548 4898 alienorum
1577 4853 1809 4912 quoque
1835 4852 1960 4893 mo-

265 4926 672 4998 nasteriorum,
709 4934 980 5002 tanquam
1011 4929 1336 4987 communis
1365 4929 1630 4986 omnium
1653 4933 1834 5000 pater,
1860 4941 1962 4984 cu-

264 5031 383 5073 ram
433 5016 683 5089 gerebat,
731 5019 988 5076 studens
1015 5019 1244 5077 assidue
1281 5019 1730 5093 quibuscumque
1776 5025 1964 5090 posset

262 5105 466 5176 modis,
498 5107 601 5165 Dei
633 5108 915 5167 honorem
945 5124 1175 5183 augere.

330 5196 459 5254 Non
517 5197 696 5257 debeo
755 5199 987 5258 silentio
1054 5201 1346 5274 praeterire
1415 5199 1632 5258 mirum
1689 5199 1964 5258 testandze

259 5285 574 5344 sanctitatis
605 5286 764 5346 illius
789 5287 1150 5364 exemplum,
1181 5289 1336 5364 quod
1367 5288 1428 5346 in
1455 5287 1718 5346 cmnobio
1748 5287 1965 5347 Faven-

260 5379 402 5450 tino,
446 5378 509 5437 in
549 5379 674 5438 loco
703 5380 797 5438 cui
829 5382 1086 5452 Acerete,
1129 5387 1193 5439 ut
1243 5379 1522 5451 diximus,
1569 5378 1679 5438 fuit
1726 5394 1959 5449 nomen,

257 5469 514 5543 contigit.
548 5468 782 5529 Miserat
810 5486 886 5530 ex
910 5469 1213 5544 discipulis
1242 5485 1451 5541 unum,
1484 5469 1584 5544 qui
1607 5485 1818 5543 aquam
1852 5466 1962 5525 sibi

255 5575 334 5619 ex
375 5560 567 5619 vicino
615 5561 772 5622 fonte
812 5563 1110 5631 hauriret;
1168 5559 1360 5620 attulit
1407 5560 1671 5618 illezubi
1729 5567 1960 5618 sanctus

2064 1793 2164 1851 ille
2212 1808 2272 1852 se
2314 1792 2467 1851 nihil
2503 1793 2650 1864 vini,
2689 1792 2805 1850 nisi
2833 1792 2989 1867 quod
3031 1791 3200 1850 modo
3240 1790 3503 1849 diximus
3531 1787 3765 1856 habere,

2065 1897 2254 1955 neque
2286 1899 2346 1940 se
2373 1883 2587 1940 audere
2615 1883 2936 1956 quidquam
2970 1897 3046 1940 ex
3086 1897 3154 1939 eo
3184 1881 3452 1948 haurire;
3493 1883 3550 1936 at
3581 1876 3765 1934 multo

2060 1973 2244 2044 magis
2292 1971 2376 2030 illi
2413 1972 2721 2046 efflagitare
2763 1988 2900 2030 cum
2930 1971 3081 2030 nihil
3123 1971 3484 2045 proficerent,
3513 1967 3585 2026 ad
3614 1967 3766 2025 bau—

2057 2063 2330 2121 riendum
2387 2062 2498 2136 ipsi
2554 2064 2864 2121 festinant:
2897 2066 2957 2119 at
3001 2061 3143 2119 dum
3194 2061 3253 2118 id
3312 2063 3553 2127 tentant,
3611 2055 3763 2113 nihil

2058 2151 2296 2210 affluere
2355 2151 2580 2223 vident,
2634 2151 3043 2210 miranturzet
3093 2149 3164 2206 de
3215 2147 3420 2206 multis
3462 2147 3762 2220 amphorae

2058 2241 2218 2311 locis,
2244 2257 2320 2300 an
2351 2241 2548 2300 efﬂuat
2570 2242 2972 2314 experiuntur.
3027 2240 3138 2299 Sed
3187 2242 3419 2310 frustra,
3448 2240 3588 2314 quia
3613 2237 3765 2296 nihil

2057 2330 2261 2402 eﬂluit,
2317 2338 2584 2404 exempto
2632 2331 2868 2390 demum
2912 2331 3068 2390 vasis
3110 2329 3401 2404 operculo,
3455 2329 3765 2402 explorant

2056 2435 2130 2477 an
2175 2419 2315 2478 insit
2359 2420 2596 2492 vinum;
2634 2420 2966 2493 inveniunt,
2998 2420 3099 2477 sed
3131 2418 3286 2492 quod
3327 2433 3444 2475 non
3474 2417 3616 2474 ﬂuat
3648 2421 3764 2474 stu-

2056 2516 2437 2583 pentzquare
2491 2516 2646 2568 tanta
2697 2511 2913 2584 szepius
2966 2511 3260 2567 incassum
3313 2523 3504 2581 opera,
3558 2507 3765 2565 disces-

2057 2613 2200 2656 sere.
2250 2596 2426 2655 Venit
2471 2599 2836 2671 postmodum
2879 2598 3222 2671 peregrinus
3274 2595 3535 2668 quidam,
3581 2601 3638 2652 et
3691 2594 3766 2652 ab

2055 2685 2257 2744 eodem
2285 2687 2621 2759 presbytero
2651 2687 2877 2759 petebat
2906 2693 3106 2759 potum
3133 2706 3146 2756 ;
3191 2686 3488 2744 recusabat
3517 2685 3635 2755 ille,
3669 2701 3762 2741 re-

2054 2783 2256 2849 petens
2308 2791 2444 2850 quae
2488 2775 2772 2835 militibus
2813 2776 3059 2848 dixerat,
3105 2783 3162 2833 et
3207 2775 3348 2850 quid
3386 2775 3505 2833 illis
3549 2775 3763 2848 efﬂagi-

2056 2868 2312 2926 tantibus
2339 2867 2640 2925 acciderat.
2672 2868 2783 2927 Sed
2813 2883 2929 2926 non
2961 2867 3174 2926 idcirco
3203 2883 3402 2941 rogare
3425 2865 3757 2938 desistebat,

2054 2971 2302 3030 arguens
2357 2956 2616 3016 militum
2660 2957 3174 3031 importunitatem,
3240 2971 3307 3012 ac
3352 2953 3756 3028 petulantiam,

2056 3063 2116 3106 se
2159 3045 2461 3105 humiliter
2498 3045 2561 3104 in
2600 3045 2717 3117 siti,
2748 3060 2864 3120 qua
2894 3051 3104 3118 praeter
3146 3043 3388 3102 modum
3435 3047 3758 3116 urgeretur,

2053 3151 2302 3208 poscere.
2350 3134 2435 3192 Ne
2471 3135 2717 3209 longum
2747 3135 2990 3204 faciam;
3037 3133 3226 3191 victus
3267 3131 3564 3206 presbyter
3600 3131 3762 3189 illius

2051 3225 2316 3301 precibus
2355 3240 2696 3298 quanquam
2725 3223 2926 3282 timide
2959 3222 3274 3281 admodum
3317 3226 3532 3279 tentare
3578 3234 3761 3280 ausus

2051 3323 2138 3374 est
2186 3333 2261 3374 an
2297 3316 2529 3376 haurire
2559 3321 2788 3390 posset;
2844 3314 2942 3374 sed
2995 3329 3238 3372 manum
3270 3312 3544 3370 tentantis
3573 3312 3757 3370 conti-

2051 3423 2172 3468 nuo
2219 3412 2484 3466 secutum
2513 3412 2596 3464 est
2626 3406 2853 3464 vinum.
2885 3403 3040 3462 Bibit
3072 3403 3427 3476 peregrinus,
3466 3407 3521 3460 et
3547 3401 3666 3460 Deo
3691 3418 3758 3460 ac

2049 3495 2401 3571 presbytero,
2421 3493 2820 3553 admirationis
2844 3493 3074 3567 plenus,
3100 3491 3311 3566 gratias
3334 3491 3468 3564 egit.

2121 3581 2226 3640 Die
2274 3581 2388 3638 alio
2433 3587 2784 3656 coenaturus,
2835 3582 3081 3640 unicum
3134 3579 3378 3640 habebat
3423 3595 3654 3654 panem,
3701 3586 3756 3637 et

2049 3685 2355 3744 convivam
2382 3693 2739 3740 unumznec
2785 3675 2968 3747 aliud,
3025 3674 3144 3733 nisi
3196 3673 3370 3743 olera,
3419 3671 3750 3731 obsonium.

2050 3777 2237 3850 Igitur
2283 3773 2539 3833 oleribus
2589 3768 2713 3842 ipse
2759 3767 2912 3824 vesci
2959 3763 3178 3832 voluit;
3233 3778 3439 3836 panem
3488 3760 3752 3850 convivae

2047 3848 2276 3932 obtulit,
2329 3862 2588 3918 hortatus
2638 3860 2704 3913 ut
2751 3868 3060 3926 pauperem
3106 3865 3330 3908 cumam
3365 3863 3534 3921 aequo
3582 3848 3754 3905 ferret

2047 3955 2266 4022 animo,
2314 3949 2624 4007 crastinam
2672 3940 3343 4014 habiturus'opiparam.
3403 3939 3519 3997 Nec
3569 3938 3752 3997 falsus

2047 4043 2156 4101 fuit
2194 4046 2370 4097 vates.
2419 4036 2565 4094 Nam
2606 4032 2700 4090 die
2740 4031 2842 4105 qui
2883 4036 3115 4088 secutus
3146 4035 3252 4099 est,
3295 4033 3450 4084 tanta
3486 4026 3750 4085 ciborum

2045 4135 2216 4193 allata
2270 4137 2354 4190 est
2402 4127 2585 4202 COpia,
2647 4129 2712 4184 ut
2766 4125 2828 4180 in
2886 4121 3008 4180 dies
3058 4119 3323 4180 sufﬁcere
3373 4118 3590 4177 multos
3645 4134 3750 4193 po-

2048 4221 2285 4281 tuerint.

2123 4312 2224 4368 Vir
2254 4309 2495 4384 quidam
2528 4305 2744 4364 nobilis
2772 4319 2838 4360 ac
2862 4301 3024 4360 dives
3056 4301 3214 4360 festis
3241 4299 3602 4358 solemnibus
3629 4298 3752 4356 vim

2049 4416 2322 4474 magnam
2394 4395 2642 4471 piscium
2698 4392 2923 4451 mittere
2976 4389 3212 4449 solebat.
3276 4389 3490 4446 Aderat
3545 4387 3756 4445 natalis

2051 4488 2263 4548 Christi
2318 4483 2728 4544 celeberrimus
2775 4481 2918 4552 dies,
2968 4496 3074 4537 nec
3122 4478 3388 4536 invenire
3434 4474 3754 4550 quidquam

2052 4577 2300 4652 piscium
2351 4581 2654 4647 potuerat;
2701 4569 3018 4642 angebatur
3063 4567 3277 4636 animo,
3326 4581 3430 4622 nec
3461 4563 3755 4639 quiescere

2052 4674 2308 4742 poterat;
2359 4671 2522 4722 nocte
2570 4678 2816 4734 magnus
2865 4660 2955 4718 illi
3000 4658 3172 4733 piscis
3209 4657 3417 4714 allatus
3449 4653 3754 4712 estzillius

2052 4756 2211 4818 enim
2259 4753 2541 4812 desiderio
2569 4751 2722 4810 Deus
2753 4750 2942 4808 aﬂ‘uit.
2987 4748 3188 4807 Statim
3227 4746 3405 4818 igitur
3447 4759 3680 4802 servum
3723 4759 3756 4800 e

2052 4847 2174 4904 suis
2211 4859 2397 4902 unum
2427 4841 2494 4900 ad
2537 4847 2799 4898 sanctum
2828 4839 3021 4896 virum
3065 4850 3201 4893 cum
3243 4835 3396 4907 pisce
3433 4835 3608 4908 jussit
3646 4835 3752 4893 ire.

2055 4934 2417 4992 Nocturnum
2447 4934 2570 4987 erat
2597 4936 2842 4998 tempus,
2877 4933 2930 4981 et
2969 4923 3298 4981 hebetatam
3330 4921 3588 4981 nubibus
3619 4922 3754 4980 stel-

2054 5022 2243 5080 larum
2275 5020 2472 5078 lumen
2501 5017 2656 5074 viam
2686 5013 2871 5072 multo
2898 5011 3287 5069 difﬁciliorem
3319 5011 3638 5081 efﬁciebat;
3678 5017 3753 5080 et,

2052 5110 2206 5187 quod
2258 5109 2388 5167 aliis
2440 5103 2824 5165 incommodis
2879 5101 3202 5173 accedebat,
3256 5099 3581 5187 superanda
3633 5104 3757 5155 erat

2052 5185 2287 5276 przealta
2336 5212 2541 5271 rupes;
2595 5195 2764 5267 cujus
2807 5206 2944 5249 cum
2978 5191 3100 5264 jam
3150 5185 3594 5248 transcendisset
3633 5201 3758 5259 par-

2056 5299 2189 5360 tem,
2235 5303 2336 5361 per
2386 5285 2679 5344 lubricum
2719 5280 2990 5356 gradiens
3025 5279 3149 5350 iter,
3196 5295 3262 5336 ac
3307 5277 3492 5349 potius
3525 5291 3751 5348 repens,

2052 5380 2112 5437 in
2153 5373 2500 5452 profundam
2537 5370 2747 5431 decidit
2778 5369 3008 5440 vallem,
3050 5375 3112 5427 ut
3147 5364 3514 5425 membratim
3554 5365 3753 5426 divelli

2052 5465 2352 5536 debuerit;
2392 5470 2640 5521 attamen
2682 5459 2864 5518 sancti
2902 5457 3015 5516 viri
3053 5455 3272 5513 meritis
3307 5455 3520 5514 factum
3547 5460 3653 5528 est,
3691 5463 3757 5514 ut

2053 5556 2122 5614 ad
2152 5571 2286 5614 eum
2309 5569 2442 5613 cum
2473 5553 2626 5627 pisce
2650 5549 2958 5611 incolumis
2987 5544 3250 5606 evaserit.
