4140 6486
358 261 451 320 151

1266 256 1324 314 S.
1369 250 1659 313 PETRUS
1698 248 2093 310 DAMIANUS
2133 251 2194 311 S.
2235 249 2325 313 Ριῖ
2350 253 2417 312 Ε.
2458 252 2937 329 CARDINALIS.

3752 262 3884 323 152

425 385 620 445 Unum
662 402 737 444 ex
775 386 1077 461 discipulis
1113 385 1236 443 suis
1273 383 1338 442 B.
1379 382 1579 440 Petrus
1628 380 1699 438 ad
1751 377 2123 451 quemdamA
2147 397 2378 455 gregem
2408 398 2608 442 curam
2644 385 2962 459 intendere,
3005 387 3224 446 crebris
3262 387 3763 448 adhortationibus
3797 396 3881 449 et

353 476 620 535 abbatem
647 475 919 547 miserat;
951 474 1242 549 profectus
1265 479 1350 529 est
1374 470 1496 542 ille,
1529 469 1627 528 sed
1659 482 1776 525 non
1807 465 2061 540 invenit;

357 563 662 638 requisivit
688 563 1015 636 diligenter,
1055 578 1128 620 an
1160 559 1427 619 invenire
1458 562 1668 631 posset,
1698 569 1815 612 non
1847 556 2059 629 potuit;

354 660 412 711 et
432 653 551 728 jam
578 652 978 726 prmscriptum
1008 650 1120 709 sibi
1156 656 1384 723 tempus
1418 646 1490 704 ad
1524 645 1772 702 reditum
1795 643 2063 703 elabeba-

357 749 484 813 tur;
519 739 939 813 correptionem
971 746 1258 809 metuens,
1297 734 1540 808 arripuit
1569 732 1677 791 iter
1700 732 2064 804 intempestas

357 828 544 887 noctis
579 826 850 898 silentio;
894 843 1147 901 cumque
1184 823 1488 901 paululum
1533 819 1916 893 processisset,
1967 834 2064 878 co-

361 933 481 975 mes
518 922 573 975 et
612 915 737 975 dux
781 915 1008 974 itineris
1033 930 1169 973 eum
1204 911 1476 980 deseruit,
1507 916 1564 967 et
1602 908 1854 967 tenebrae
1884 908 2068 967 noctis

357 1012 522 1064 erant
576 1004 774 1063 densae
800 1029 812 1062 :
843 1010 899 1062 et
950 1004 1059 1061 iter
1114 998 1454 1074 ignorabat;
1488 995 1668 1056 tristis
1721 1002 1773 1054 et
1834 1010 2065 1069 anceps,

359 1093 501 1169 quid
556 1100 750 1166 ageret
802 1092 1139 1167 ignorabat;
1177 1103 1280 1148 nec
1326 1085 1614 1162 progredi,
1676 1102 1783 1144 nec
1830 1091 2069 1145 retroce-

359 1187 516 1253 dere,
561 1187 610 1244 si
648 1186 838 1252 vellet,
889 1184 1044 1243 viam
1093 1190 1350 1244 noverat.
1400 1180 1587 1255 Igitur
1640 1195 1837 1254 rogare
1884 1180 2066 1239 Deum

358 1276 549 1350 erepit,
585 1291 656 1333 ne
688 1275 799 1334 sibi
827 1275 1083 1346 deesset;
1114 1287 1368 1347 cumque
1391 1270 1760 1346 progrediens
1788 1270 2067 1344 paulatim

357 1366 429 1424 ad
484 1362 710 1423 bivium
783 1364 1160 1437 pervenisset,
1221 1361 1568 1435 ambigebat,
1630 1374 1884 1434 quonam
1961 1359 2072 1418 iter

359 1469 532 1513 suum
585 1450 900 1525 dirigeret:
929 1451 1227 1523 ingressus
1275 1449 1513 1508 demum
1560 1463 1635 1506 ex
1677 1445 1907 1506 duabus
1961 1445 2071 1505 viis

358 1541 619 1613 alteram,
675 1555 810 1599 cum
860 1539 1161 1612 paululum
1200 1538 1585 1624 processisset,
1631 1536 1803 1611 ccepit
1832 1537 2071 1611 jumen-

360 1636 486 1689 tum
515 1629 670 1688 nolle
694 1628 982 1704 progredi,
1013 1644 1117 1686 nec
1155 1627 1412 1686 stimulis
1447 1625 1573 1699 cogi
1604 1630 1668 1684 ut
1700 1624 2072 1699 progredere-

2143 468 2631 532 declamationum
2679 474 3006 550 frequentia
3043 474 3106 533 in
3149 476 3306 534 viam
3344 475 3595 548 dirigere
3630 476 3875 548 salutis,

2142 564 2199 615 et
2228 558 2285 615 in
2322 575 2388 618 ea
2419 562 2749 622 continere:
2776 568 2831 622 et
2875 563 3025 622 miro
3056 554 3299 637 cupiens
3330 563 3618 624 desiderio
3646 580 3874 624 omnes

2144 646 2262 704 Deo
2305 647 2663 722 lucrifacere,
2703 650 2935 712 nullum
2964 651 3211 711 habebat
3240 666 3619 726 personarum
3649 653 3880 714 discri-

2145 752 2301 809 men,
2331 746 2387 797 et
2415 742 2639 799 cunctis
2666 741 2955 801 amabilis.
2988 741 3099 801 Sed
3127 742 3385 802 vicissim
3425 742 3574 801 mira
3610 744 3674 803 in
3721 762 3881 805 eum

2147 828 2343 902 populi
2385 832 2728 904 reverentia,
2769 830 2957 891 mirus
2992 847 3176 905 amor,
3216 841 3272 891 et
3308 832 3695 894 observantia.
3730 836 3881 896 Au—

2146 915 2412 975 diebatur
2452 925 2650 977 autem
2686 925 2844 979 tanta
2890 936 3026 980 cum
3073 920 3389 981 attentione
3425 937 3493 980 ac
3538 922 3877 998 voluptate,

2146 1020 2374 1064 necnon
2407 1005 2806 1091 admiratione,
2847 1014 2915 1068 ut
2950 1025 3109 1069 unus
3138 1009 3324 1069 videri
3352 1015 3541 1084 posset
3581 1011 3729 1072 coelo
3756 1013 3876 1072 de-

2149 1094 2362 1154 missus
2381 1096 2694 1170 apostolus.
2722 1096 2886 1168 Quod
2908 1098 3108 1157 mirari
3131 1099 3377 1158 minime
3404 1106 3645 1174 oportet.
3675 1101 3879 1164 Tanta

2148 1189 2269 1242 erat
2317 1185 2471 1243 enim
2527 1187 2639 1245 viri
2684 1194 2932 1262 spectata
2972 1187 3249 1247 omnibus
3295 1188 3433 1247 vitae
3471 1191 3765 1264 sanctitas,
3807 1200 3877 1251 et

2149 1287 2377 1332 morum
2409 1274 2725 1349 integritas,
2759 1282 2815 1335 et
2844 1277 2905 1335 in
2936 1277 3110 1336 dictis
3129 1277 3410 1352 factisque
3435 1280 3712 1340 omnibus
3736 1297 3879 1355 gra-

2150 1361 2316 1434 vitas,
2355 1368 2418 1422 ut
2450 1366 2781 1424 maximum
2829 1365 3058 1440 pondus
3098 1366 3314 1426 inesset
3347 1367 3565 1439 verbis,
3604 1375 3661 1428 et
3696 1371 3874 1430 omni

2152 1453 2328 1511 melle
2351 1451 2576 1513 dulcior
2602 1470 2677 1512 ex
2710 1454 2879 1514 illius
2903 1470 3001 1514 ore
3029 1461 3287 1514 manaret
3305 1457 3508 1516 oratio.
3537 1457 3662 1517 Hoc
3686 1459 3874 1518 etiam

2152 1540 2457 1614 luculenti,
2488 1542 2594 1617 qui
2618 1549 2870 1613 exstant,
2901 1559 3197 1604 sermones
3226 1550 3529 1606 testantur.
3562 1545 3753 1617 Quare
3778 1564 3875 1606 sa-

2154 1627 2509 1701 luberrimze,
2567 1646 2633 1689 ac
2689 1630 3127 1690 facundissimae
3182 1631 3346 1691 illius
3415 1633 3875 1695 declamationes

360 1729 474 1793 tur,
504 1726 722 1796 poterat
747 1740 763 1791 ;
796 1721 896 1779 tali
923 1720 1109 1778 victus
1140 1717 1475 1793 pertinacia,
1506 1715 1595 1774 illi
1621 1716 1877 1775 habenas
1904 1715 2073 1774 remi~
2094 1727 2457 1793 Bnunquam
2489 1720 2632 1779 adeo
2664 1719 2853 1792 longae
2894 1720 3327 1793 contingebant,
3363 1721 3507 1795 quin
3543 1722 3866 1782 advenien-

360 1810 455 1882 sit,
468 1817 521 1868 et
536 1825 653 1883 quo
672 1808 845 1868 vellet
860 1809 963 1880 ire,
978 1808 1259 1883 permisit.
1276 1807 1543 1879 Cumque
1554 1805 1676 1879 jam
1691 1804 2071 1877 illucesceret,

357 1916 423 1960 ac
451 1900 932 1973 circumspiceret,
965 1898 1111 1958 vidit
1138 1915 1200 1958 se
1227 1899 1297 1956 ad
1328 1898 1450 1956 loca
1478 1901 1809 1971 pervectum
1838 1901 1991 1966 nota,
2017 1900 2075 1954 et

362 1989 603 2048 miriﬁce
649 1990 877 2047 laeuitus
922 1994 1047 2058 est;
1101 1993 1158 2045 et
1201 1986 1338 2057 Deo,
1395 2001 1543 2060 quas
1598 1983 1809 2055 decuit,
1861 1983 2074 2056 gratias

358 2076 511 2150 egit:
539 2091 647 2135 nec
669 2075 977 2146 dubitavit,
1014 2091 1075 2135 se
1108 2074 1368 2151 magistri
1404 2073 1497 2133 sui
1546 2071 1784 2146 meritis,
1822 2087 1938 2149 quo
1968 2088 2072 2132 cu-

357 2166 553 2241 piebat
575 2182 700 2225 esse
714 2171 1069 2239 pervectum.
1671 2234 1686 2246 ο

431 2255 633 2314 Alium
671 2255 881 2314 deinde
926 2255 1200 2314 nuntium
1252 2256 1325 2314 ad
1376 2254 1691 2329 quemdam
1739 2254 2073 2325 episcopum

362 2344 643 2403 mittebat.
675 2344 731 2403 Is
758 2344 829 2402 ad
858 2344 1052 2403 rivum
1081 2344 1364 2418 pervenit,
1387 2342 1445 2400 in
1473 2358 1590 2417 quo
1613 2342 1807 2402 brevis
1835 2341 2070 2416 quidem

367 2442 489 2493 erat
527 2451 707 2509 aqua;
740 2434 839 2494 sed
873 2436 1023 2492 eirea
1056 2431 1389 2493 ulteriorem
1430 2432 1616 2506 ripam
1654 2431 1841 2489 altum
1889 2429 2075 2489 inerat

360 2540 616 2591 ccenum,
655 2529 714 2582 et
748 2523 891 2582 adeo
931 2529 1126 2592 tenax,
1166 2527 1231 2580 ut
1266 2521 1431 2579 nullo
1469 2526 1680 2579 conatu
1718 2520 1855 2578 inde
1886 2524 2074 2593 posset

362 2628 552 2686 equus
580 2610 754 2684 pedes
784 2610 1046 2670 educere.
1090 2610 1235 2668 Cum
1274 2606 1437 2668 nulla
1472 2608 1751 2667 evadendi
1785 2608 1898 2666 alia
1927 2607 2071 2666 ratio

362 2708 798 2773 monstraretur,
843 2708 1106 2776 precatus
1156 2706 1241 2758 est
1288 2699 1499 2768 Deum,
1542 2706 1610 2759 ut
1651 2698 1872 2758 meritis
1925 2696 2071 2770 ejus,

360 2810 396 2850 a
451 2806 566 2864 quo
612 2791 966 2859 mittebatur,
1022 2788 1134 2847 sibi
1189 2788 1417 2847 auxilio
1470 2794 1638 2860 esset,
1706 2794 1774 2847 ut
1819 2793 2073 2861 emptum

359 2884 468 2941 iter
519 2880 791 2954 prosequi
848 2886 1050 2954 posset.
1109 2877 1226 2936 Vix
1285 2879 1463 2936 tinem
1521 2877 1790 2951 precibus
1840 2878 2069 2949 fecerat,

359 2970 593 3046 quando
620 2984 808 3042 equus
835 2969 989 3028 saltu
1015 2968 1075 3025 in
1107 2968 1328 3026 siccum
1359 2965 1616 3025 exsiluit.

2154 1806 2310 1866 tibus
2363 1808 2723 1867 brevissimae
2778 1808 3131 1878 viderentur,
3190 1816 3247 1866 et
3313 1808 3464 1868 nihil
3518 1810 3749 1869 avidius
3811 1819 3876 1870 et

2153 1897 2431 1956 attentius
2469 1895 2660 1955 audiri
2692 1902 2901 1971 posset.
2945 1896 3157 1956 Nullus
3200 1896 3373 1955 illum
3412 1898 3732 1957 delassabat
3779 1900 3873 1959 la-

2152 1986 2277 2045 bor.
2310 1985 2633 2045 Habiturus
2661 1985 2733 2044 ad
2769 1985 3051 2060 populum
3079 2001 3425 2058 sermonem,
3460 1992 3685 2047 noctem
3715 2004 3872 2063 pene

2151 2074 2395 2133 ducebat
2424 2074 2752 2133 insomnem
2778 2094 2791 2132 :
2817 2090 2924 2134 nec
2952 2074 3060 2132 sibi
3089 2075 3384 2148 parcebat;
3419 2090 3557 2133 cum
3591 2090 3871 2149 saapenu-

2154 2179 2311 2222 mero
2350 2163 2509 2222 febre
2546 2162 2848 2235 laboraret,
2888 2164 3009 2223 imo
3046 2163 3336 2224 robustior
3369 2171 3508 2224 tunc
3536 2165 3870 2238 videbatur,

2151 2258 2326 2328 atque
2357 2251 2683 2311 facundior.

2224 2343 2391 2402 Diem
2427 2343 2747 2402 Dominicze
2778 2345 3062 2418 passionis
3106 2345 3497 2405 venerabilem
3544 2349 3872 2408 admodum

2151 2449 2218 2492 ac
2243 2434 2469 2508 jejunio
2496 2435 2805 2495 colendum
2833 2436 2894 2493 in
2929 2442 3041 2496 tota
3077 2438 3376 2511 provincia
3413 2439 3677 2499 reddidit.
3714 2439 3875 2499 Nec-

2154 2539 2272 2581 non
2305 2523 2601 2582 borarium
2633 2522 2699 2581 B.
2743 2522 3001 2599 Virginis
3036 2525 3315 2598 oﬁicium,
3348 2534 3404 2586 et
3443 2529 3750 2589 canonicos
3779 2530 3872 2588 ri-

2154 2621 2270 2688 tus,
2315 2631 2568 2689 quorum
2605 2615 2923 2675 desuetudo
2952 2618 3230 2691 paulatim
3266 2617 3590 2693 irrepserat,
3631 2620 3702 2678 ad
3741 2621 3873 2694 pri-

2153 2706 2364 2764 stinam
2417 2705 2847 2764 observantiam
2897 2708 3166 2768 restituit.
3218 2708 3306 2767 Ad
3354 2709 3670 2769 tollendam
3725 2727 3874 2772 vero

2152 2796 2527 2856 simoniacam
2580 2797 2790 2868 labem,
2827 2805 2882 2856 et
2931 2797 3344 2858 Nicolaitarum
3395 2800 3686 2871 haeresim,
3727 2817 3874 2876 quae

2151 2901 2270 2944 non
2302 2885 2415 2943 alia
2449 2886 2592 2957 loca,
2626 2883 2725 2945 sed
2750 2892 2807 2944 et
2834 2886 3018 2960 ipsam
3055 2886 3380 2947 Romanam
3416 2890 3622 2949 urbem
3657 2890 3740 2949 sic
3768 2889 3873 2948 in-

2154 2973 2380 3047 fecerat,
2411 2982 2479 3033 ut
2509 2976 2609 3034 vix
2640 2976 2742 3051 qui
2770 2977 3213 3050 reprehenderet
3237 2976 3398 3036 ullus
3427 2985 3699 3050 exstaret,
3729 2977 3872 3052 plu-

431 3059 651 3118 Verum
685 3074 819 3116 cum
853 3059 973 3133 jam
1016 3057 1158 3115 tanti
1204 3057 1316 3115 viri
1357 3057 1531 3127 fama,
1578 3062 1633 3114 et
1674 3056 2068 3146 prodigiorum
2093 3062 2370 3146 Grimum
2396 3062 2680 3121 laboravit
2706 3070 2877 3138 atque
2912 3065 3167 3138 profecit.
3209 3064 3294 3124 Ob
3322 3081 3419 3124 eas
3445 3074 3631 3139 pestes
3656 3082 3690 3124 a
3716 3081 3876 3138 pon-

362 3149 699 3223 magnitudo
743 3148 1186 3219 diﬁ‘underetur,
1226 3152 1281 3206 et
1321 3146 1638 3205 sanctitatis
1674 3145 1839 3205 illius
1873 3146 2072 3220 opinio

361 3236 622 3313 quotidie
660 3236 845 3309 magis
881 3242 1178 3306 cresceret,
1220 3233 1551 3307 Stephanus
1584 3249 1774 3294 nonus
1810 3235 2071 3309 pontifex

363 3327 661 3386 maximus
697 3326 767 3384 ad
807 3342 869 3384 se
906 3326 1076 3385 illum
1120 3325 1364 3398 vocavit,
1405 3332 1702 3399 ratusque,
1738 3324 1893 3401 quod
1927 3332 2069 3398 erat,

363 3416 529 3475 talem
573 3416 769 3475 virum
813 3416 873 3475 in
921 3416 1177 3474 Ecclesia
1215 3416 1318 3475 Dei
1362 3415 1530 3474 valde
1564 3414 1975 3484 necessarium,
2017 3424 2073 3474 et

362 3521 641 3577 magnum
674 3505 873 3565 lumen
906 3506 1190 3575 futurum,
1214 3503 1344 3564 aliis
1369 3504 1572 3563 multis
1602 3504 1884 3578 episcopis
1915 3504 2072 3564 idem

358 3597 764 3669 sientientibus,
817 3603 874 3655 et
926 3597 1312 3669 hortantibus,
1357 3611 1490 3656 eum
1539 3597 1874 3672 episcopum
1915 3598 2066 3668 fecit,

362 3687 737 3747 reluctantem
791 3704 857 3746 ac
916 3702 1149 3761 prorsus
1207 3693 1565 3746 renuentem.
1622 3686 1865 3746 Videbat
1912 3688 2072 3746 enim

360 3794 423 3836 se
452 3776 728 3836 solitariae
755 3777 989 3851 quietis,
1024 3778 1082 3834 in
1119 3793 1235 3852 qua
1270 3778 1436 3836 modo
1470 3776 1690 3835 divinas
1715 3777 2072 3850 contempla-

362 3864 524 3932 tioni,
592 3864 763 3923 modo
833 3881 1010 3923 sacrm
1083 3865 1313 3952 lectioni
1363 3873 1419 3925 et
1469 3865 1602 3924 aliis
1676 3865 2074 3939 spiritualibus

363 3954 656 4013 exercitiis
687 3953 905 4027 jugiter
944 3956 1197 4027 vacabat,
1242 3957 1525 4015 suavitate
1571 3956 1811 4029 privari,
1860 3962 1916 4013 et
1963 3957 2073 4015 ite-

363 4058 498 4101 rum
525 4041 596 4099 ad
625 4040 859 4100 civilem
887 4042 1190 4116 strepitum
1218 4043 1429 4102 vocari.
1464 4042 1573 4103 Sed
1604 4059 1737 4102 cum
1770 4060 1875 4103 nec
1902 4052 2074 4104 caete-

366 4146 567 4191 rorum
607 4130 924 4205 prmsulum
965 4133 1414 4204 adhortationes,
1459 4150 1561 4192 nec
1598 4135 2074 4194 excommunica-

367 4222 544 4282 tionis
572 4222 749 4280 minae
775 4223 1094 4297 quidquam
1129 4223 1485 4297 proﬁcerent,
1522 4223 1759 4281 demum
1790 4222 2073 4296 pontifex,

367 4313 470 4387 qui
513 4312 678 4372 nullo
723 4319 883 4386 pacto
924 4313 1230 4372 inventum
1275 4315 1613 4373 thesaurum
1665 4312 2073 4372 dimittendum

366 4400 619 4475 putabat,
660 4399 1003 4459 obedientire
1040 4400 1285 4474 imperio
1323 4401 1381 4458 in
1424 4415 1591 4458 suam
1629 4397 1799 4457 illum
1843 4406 2071 4457 senten—

369 4492 507 4550 tiam
539 4490 715 4549 traxit
744 4496 838 4547 :et
862 4496 1086 4563 arrepta
1117 4490 1276 4549 illius
1308 4505 1507 4560 manu,
1533 4489 1775 4560 annulo,
1807 4497 1863 4548 et
1889 4490 2073 4564 virga,

368 4599 503 4659 quze
553 4582 850 4657 dignitatis
900 4590 1089 4641 essent
1142 4581 1484 4657 episcopalis
1553 4580 1740 4639 veluti
1814 4582 2075 4656 pignora,

370 4673 694 4747 insignivit,
727 4683 780 4733 et
812 4672 1060 4733 Ostiensi
1094 4672 1367 4731 Ecclesiae
1397 4671 1668 4745 prtefecit.
1705 4672 1789 4731 Ita
1816 4672 2073 4746 quidem,

372 4770 437 4823 ut
478 4764 600 4837 ipse
637 4772 829 4837 postea
867 4763 1056 4823 dicere
1099 4764 1333 4831 solebat,
1380 4760 1755 4834 adimpletum
1796 4769 1880 4820 est
1921 4763 2076 4837 quod

373 4861 504 4911 ante
532 4853 852 4910 triennium
878 4854 934 4910 in
972 4855 1193 4911 somnis
1225 4851 1465 4910 viderat.
1499 4850 1743 4909 Putabat
1771 4851 1929 4910 enim
1957 4852 2076 4910 cla-

372 4940 660 5001 rissimam
704 4940 815 4998 sibi
858 4957 1123 5014 sponsam
1168 4940 1363 5011 locari,
1407 4954 1583 5014 quam
1635 4955 1741 4998 nec
1789 4939 2078 5000 dimittere

372 5031 483 5091 sibi
509 5029 851 5106 copulatam,
888 5045 991 5087 nec
1018 5028 1264 5086 libenter
1296 5034 1483 5101 posset
1504 5026 1774 5100 aspicere.
1813 5027 2076 5087 Humili-

372 5127 456 5178 ter
509 5118 686 5194 igitur
740 5115 903 5190 gravi
958 5117 1227 5186 nimium,
1283 5121 1349 5175 ut
1405 5114 1658 5189 putabat,
1724 5116 1865 5189 jugo
1931 5114 2078 5173 colla

373 5207 613 5281 subjecit
638 5227 651 5265 :
676 5212 731 5264 et
791 5219 1130 5280 quanquam
1196 5204 1479 5278 iacturam
1518 5219 1578 5260 se
1614 5210 1903 5260 consuetae
1937 5218 2078 5262 eon-

375 5296 764 5370 templationis
820 5312 1090 5371 magnam
1136 5295 1321 5353 facere
1374 5292 1781 5362 arbitrabatur,
1826 5301 2077 5356 attamen

376 5385 798 5458 praeteritorum
846 5384 1145 5459 dispendia
1199 5381 1377 5440 lucris
1417 5395 1641 5451 eorum,
1698 5396 1833 5455 quae
1885 5393 2080 5445 secuta

371 5480 553 5541 erant,
583 5471 1005 5547 compensabat.

445 5560 633 5637 Crepit
668 5578 803 5638 ergo
848 5579 1077 5624 summa
1107 5561 1411 5637 vigilantia
1447 5561 1509 5621 in
1553 5564 1930 5627 commissum
1967 5566 2079 5628 sibi

2160 3150 2311 3209 tlflce
2364 3152 2624 3210 maximo
2697 3153 2874 3211 etiam
2934 3152 3328 3212 Mediolanum
3368 3155 3602 3227 missus,
3642 3154 3746 3214 ubi
3783 3154 3875 3212 sic

2156 3241 2392 3314 quidem
2431 3241 2813 3315 inoleverant,
2855 3249 2919 3301 ut
2960 3258 3077 3301 non
3116 3242 3244 3300 sine
3286 3243 3507 3317 ingenti
3550 3243 3763 3310 labore,
3798 3259 3877 3302 ac

2159 3345 2370 3402 magno
2408 3329 2545 3388 vitae
2581 3330 2919 3389 discrimine
2952 3330 3149 3390 tollere
3184 3330 3315 3391 illas
3349 3331 3672 3391 tentaverit.
3705 3330 3874 3392 Adeo

2157 3418 2313 3476 enim
2357 3420 2419 3477 in
2459 3419 2787 3493 pontiﬁcem
2829 3419 3159 3479 Romanum
3196 3421 3353 3493 elati,
3393 3430 3449 3480 et
3497 3429 3876 3481 contumaces

2158 3508 2291 3566 facti
2312 3516 2477 3568 erant
2506 3508 2987 3579 Mediolanenses,
3021 3517 3086 3569 ut
3108 3519 3309 3570 exorta
3337 3510 3558 3584 ingenti
3585 3518 3876 3569 concerta-

2160 3597 2314 3658 tione
2358 3600 2557 3674 populi
2585 3606 2639 3658 et
2668 3599 2808 3658 cleri
2844 3599 3245 3671 clamantium,
3291 3600 3761 3675 indignissimam
3812 3609 3877 3660 et

2159 3690 2402 3748 minime
2431 3689 2787 3748 tolerandam
2807 3706 2926 3748 rem
2951 3690 3164 3764 afferri,
3192 3691 3639 3750 Ambrosianam
3667 3690 3873 3750 Eccle-

2157 3780 2299 3837 siam
2336 3795 2439 3838 nec
2470 3779 2649 3837 fuisse
2680 3785 2865 3847 antea,
2901 3794 3007 3837 nec
3042 3778 3251 3837 debere
3288 3779 3558 3854 deinceps
3592 3778 3870 3839 Ecclesiae

2156 3867 2436 3929 Romana)
2463 3867 2778 3942 subjectum
2809 3883 2933 3925 esse
2958 3885 2971 3923 :
2996 3874 3230 3925 sanctus
3262 3873 3454 3925 autem
3484 3867 3595 3939 vir,
3628 3866 3870 3928 collecto

2157 3957 2218 4015 in
2247 3955 2547 4016 ecclesiam
2580 3954 2815 4029 populo,
2858 3960 2913 4011 et
2954 3953 3172 4012 indicto
3201 3952 3450 4026 silentio,
3497 3956 3873 4015 evidentissi-

2158 4047 2270 4106 mis
2302 4045 2644 4116 rationibus,
2693 4053 2749 4104 et
2794 4060 2971 4104 sacra:
3004 4043 3321 4119 Scripturze
3347 4045 3874 4120 testiﬁcationibus,

2157 4143 2215 4194 et
2256 4135 2714 4204 auctoritatibus,
2765 4134 2984 4208 quibus
3029 4136 3156 4208 ejus
3202 4134 3471 4194 facundia
3517 4137 3639 4193 vim
3678 4136 3878 4195 adhuc

2161 4227 2436 4301 majorem
2481 4225 2742 4295 addebat,
2775 4224 3017 4298 planum
3055 4227 3333 4286 omnibus
3363 4227 3512 4298 fecit,
3545 4226 3875 4286 Romanam

2159 4314 2472 4372 Ecclesiam
2507 4314 2771 4370 omnium
2820 4312 3209 4373 Ecclesiarum
3239 4316 3562 4389 principem
3610 4321 3666 4373 et
3700 4323 3876 4388 caput

2160 4419 2303 4472 esse,
2353 4408 2408 4459 et
2461 4401 2789 4475 pontificem
2840 4402 3170 4462 Romanum
3211 4405 3347 4479 jure
3400 4404 3600 4465 divino
3649 4405 3876 4463 cunctis

2162 4504 2428 4563 praeesse.
2460 4486 2643 4557 Quam
2673 4503 2810 4547 sane
2840 4491 3279 4563 praerogativam
3326 4492 3514 4566 ipsius
3557 4491 3874 4552 Salvatoris

2162 4596 2262 4639 ore
2315 4578 2556 4651 adeptus
2612 4584 2716 4649 est,
2768 4595 2899 4638 cum
2957 4581 3144 4640 dixit:
3176 4587 3257 4639 Tu
3304 4600 3359 4639 es
3416 4587 3624 4649 Petrus,
3684 4588 3736 4639 et
3782 4600 3877 4639 su-

2158 4686 2258 4741 per
2301 4671 2438 4725 hanc
2483 4675 2695 4741 petram
2742 4672 3020 4741 aediﬁcabo
3067 4674 3368 4728 Ecclesiam
3417 4690 3635 4740 meam;
3676 4678 3728 4728 et
3765 4675 3872 4729 tibi

2163 4760 2303 4816 dabo
2358 4761 2535 4815 claves
2589 4764 2746 4830 regni
2808 4763 3057 4817 scelerum
3082 4780 3099 4815 :
3128 4768 3178 4817 et
3233 4762 3590 4833 quodcunque
3640 4763 3869 4819 solveris

2161 4865 2325 4920 super
2382 4854 2603 4913 terram,
2672 4852 2777 4905 erit
2835 4851 3073 4905 solutum
3134 4854 3184 4904 et
3237 4851 3297 4905 in
3356 4853 3522 4917 cretis,
3580 4858 3631 4907 et
3686 4851 3867 4922 quod-

2163 4952 2373 5006 cunque
2397 4938 2656 5005 ligaveris
2681 4953 2844 5009 super
2872 4942 3093 5002 terram,
3133 4940 3236 4992 erit
3269 4939 3503 5007 ligatum
3539 4944 3590 4995 et
3625 4941 3686 4994 in
3719 4940 3867 4995 cadis

2164 5030 2387 5095 (Matth.
2412 5031 2565 5096 XVI).

2234 5113 2375 5184 Quae
2423 5121 2638 5185 autem,
2688 5114 2901 5191 inquit,
2950 5115 3246 5189 provincia
3293 5131 3394 5190 per
3440 5114 3637 5173 omnia
3686 5121 3868 5173 terra-

2165 5218 2301 5262 rum
2348 5219 2526 5279 regna
2561 5202 2674 5261 diei
2724 5210 2900 5278 queat
2931 5204 3006 5262 ab
3059 5205 3163 5262 hac
3217 5202 3437 5261 ditione
3478 5218 3546 5262 ac
3592 5208 3871 5275 potestate

2165 5302 2462 5365 extranea,
2507 5289 2679 5361 cujus
2717 5293 2955 5353 arbitrio
2999 5294 3190 5367 ipsum
3222 5308 3453 5368 quoque
3483 5293 3701 5352 crelum
3730 5310 3869 5369 ape-

2165 5385 2312 5444 ritur
2353 5392 2410 5445 et
2451 5383 2789 5444 clauditur?
2833 5386 3077 5444 Uzeteras
3123 5385 3359 5462 quidem
3403 5384 3703 5455 Ecclesias,
3764 5402 3869 5445 cu-

2159 5476 2491 5553 juscunque
2535 5476 2834 5551 dignitatis
2888 5474 3237 5546 exstiterint,
3289 5473 3392 5534 ille
3445 5474 3548 5551 qui
3594 5474 3865 5548 instituit,

2165 5567 2340 5626 homo
2388 5565 2624 5641 quidem
2671 5580 2855 5642 purus
2906 5564 3058 5634 fuit;
3108 5562 3430 5625 Romanam
3477 5579 3614 5626 vero
3669 5563 3869 5626 Eccle-
