4140 6462
162 267 263 329 153

1044 277 1620 340 PROLEGOMENA.
1662 310 1731 322 —
1774 278 1833 338 S.
1874 276 2097 338 PETRI
2139 279 2459 340 DAMIANI
2501 281 2682 340 VITA
2726 280 2800 341 II.

3575 281 3678 348 154

159 396 308 454 siam
351 397 517 456 solus
564 399 666 458 ille
705 399 995 476 fundavit,
1027 410 1082 464 et
1132 421 1308 480 super
1340 411 1561 479 petram
1599 403 1957 467 nascentisA
2043 404 2167 464 Non
2199 407 2366 465 facile
2388 408 2581 466 verbis
2607 407 2882 481 consequi
2910 407 3201 481 quispiam
3239 413 3449 482 posset,
3481 424 3672 482 quan-

161 482 296 542 fidei
329 488 642 557 exstruxit,
676 491 778 564 qui
829 491 995 552 beato
1043 493 1332 567 clavigero
1371 493 1579 552 terreni
1618 492 1793 552 simul
1832 500 1887 551 et

160 570 414 631 ccelcstis
466 579 628 649 regni
662 579 796 651 jura
835 583 1146 642 commisit.
1190 584 1359 643 Illius
1401 599 1536 658 ergo
1581 582 1886 658 privilegio

163 659 465 721 Romanus
505 667 764 738 pontifex
804 669 1090 742 fungitur,
1129 670 1289 730 illius
1333 673 1666 731 auctoritate
1715 671 1885 730 fulci-

165 760 275 810 tur.
336 753 528 824 Quare
575 758 843 834 quisquis
908 761 1009 821 ille
1064 771 1166 833 est,
1229 765 1331 838 qui
1381 763 1554 822 audet
1611 763 1889 837 principis

167 839 440 902 Ecclesiae
482 845 582 920 jus
621 848 984 920 labefactare,
1027 852 1183 911 haud
1239 853 1488 912 dubium
1535 859 1620 911 est
1674 851 1889 925 injuste

164 927 338 990 illum
379 951 572 1007 agere,
613 955 678 995 ac
718 940 832 998 sibi
877 944 1028 1001 male
1081 945 1399 1002 consulere.
1436 944 1579 1000 Nam
1626 943 1728 1016 qui
1774 941 1887 1000 Ro-

178 1037 368 1080 mana}
393 1023 577 1097 ipsius
599 1027 970 1103 privilegium
996 1031 1068 1090 ab
1096 1033 1220 1105 ipso
1245 1047 1478 1092 summo
1501 1031 1887 1089 Ecclesiarum

175 1111 442 1170 omnium
493 1114 676 1188 capite
724 1132 1081 1190 concessum,
1142 1120 1460 1191 infringere
1525 1123 1787 1185 conatur,
1842 1115 1894 1174 is

176 1200 577 1273 proculdubio
619 1203 682 1260 in
721 1204 988 1264 haresim
1033 1208 1271 1279 labitur;
1318 1209 1489 1266 fidem
1527 1205 1740 1280 quippe
1775 1205 1893 1263 vio-

179 1290 266 1346 lat.
325 1288 440 1358 Qui
501 1306 636 1363 ergo
683 1292 961 1353 adversus
1015 1295 1176 1354 illam
1225 1297 1496 1370 insurgit,
1537 1310 1671 1368 quas
1712 1301 1894 1351 mater

176 1386 257 1437 est
305 1379 465 1452 ﬁdei,
517 1383 690 1442 etiam
741 1384 802 1442 in
843 1384 1014 1444 illum
1057 1393 1374 1446 contumax
1425 1383 1890 1459 deprehenditur,

176 1469 275 1540 qui
305 1485 437 1528 eam
472 1473 698 1532 cunctis
735 1473 1004 1533 Ecclesiis
1045 1491 1291 1548 praeesse
1344 1491 1411 1533 ac
1468 1475 1752 1549 imperare
1789 1489 1894 1532 vo-

176 1557 300 1616 luit.
332 1559 556 1619 Eﬂicax
595 1562 710 1621 fuit
752 1564 895 1622 tanti
934 1564 1050 1623 viri
1087 1565 1286 1635 oratio,
1315 1571 1370 1624 et
1397 1565 1456 1623 in
1497 1564 1664 1622 corda
1704 1562 1895 1621 homi-

176 1663 316 1707 num
383 1653 711 1724 penetravit
771 1677 782 1709 :

1968 499 2043 563 to,
2080 501 2136 552 et
2172 495 2407 570 quantis
2444 496 2558 554 Deo
2593 496 2770 569 gratis
2805 495 3076 570 Operibus
3109 497 3199 555 vir
3238 502 3472 556 sanctus
3500 495 3675 556 efful-

1967 585 2124 653 serit,
2175 591 2277 642 aut
2355 600 2676 658 pauperum
2758 584 3006 642 lavando
3069 586 3262 658 pedes,
3317 591 3420 644 aut
3488 586 3677 645 nudos

1970 672 2287 741 vestiendo,
2330 684 2430 731 aut
2478 672 2766 732 visitando
2807 680 3067 746 regretos,
3107 682 3161 732 et
3202 674 3440 732 afﬂictos
3480 691 3678 734 conso-

1968 759 2160 818 lando.
2197 761 2548 833 Frequentes
2581 769 2745 818 erant
2777 763 2849 820 ad
2880 761 3005 834 ejus
3047 763 3250 821 limina
3285 764 3487 835 egeni;
3525 779 3677 838 quo-

1968 861 2100 906 rum
2151 848 2297 906 alios
2354 847 2644 906 reﬁciebat
2713 849 2842 906 cibo
2873 895 2886 921 ,
2958 849 3104 908 alios
3171 849 3477 910 distributa
3531 851 3678 925 stipe

1969 935 2291 996 dimittebat
2317 937 2494 1008 laetos,
2526 936 2726 996 nullus
2759 953 3000 997 munere
3028 955 3250 998 vacuus
3283 939 3356 997 ab
3391 938 3551 997 illius
3583 939 3674 1013 ja-

1969 1043 2086 1086 nua
2121 1027 2436 1085 recedebat.
2480 1027 2758 1086 Constans
2797 1028 2883 1086 illi
2926 1046 3050 1089 mos
3088 1036 3227 1102 erat,
3270 1036 3334 1088 ut
3371 1029 3677 1089 duodecim

1970 1132 2290 1191 pauperum
2334 1117 2504 1190 pedes
2545 1118 2776 1174 lavaret.
2827 1117 2888 1176 Si
2929 1121 3032 1193 qui
3084 1127 3267 1190 erant,
3306 1119 3409 1192 qui
3447 1118 3506 1176 in
3548 1134 3680 1191 gra-

1974 1206 2120 1264 batis
2162 1206 2440 1279 jacerent,
2473 1205 2875 1278 particularem
2921 1222 3121 1265 eorum
3157 1221 3358 1264 curam
3397 1205 3632 1280 gerebat
3665 1223 3680 1264 :

1975 1313 2163 1356 unum
2201 1298 2361 1354 enim
2399 1297 2733 1370 quempiam
2760 1297 2832 1355 iis
2863 1297 3193 1370 deputabat,
3226 1297 3329 1370 qui
3366 1295 3588 1352 adesset
3615 1309 3684 1352 ac

1975 1385 2294 1445 necessaria
2349 1385 2836 1444 subministraret.
2881 1385 2966 1444 Ita
3013 1386 3163 1444 bona
3213 1383 3501 1454 Ecclesiae,
3543 1397 3681 1456 qua:

1973 1476 2125 1534 bona
2158 1483 2307 1534 sunt
2322 1492 2662 1551 pauperum,
2694 1477 2756 1534 in
2795 1491 2937 1535 usus
2969 1475 3096 1549 pios
3132 1472 3518 1548 dispensabat,
3551 1488 3682 1546 pro-

1976 1565 2118 1637 priis
2155 1581 2396 1638 parcens
2434 1566 2783 1640 sumptibus,
2819 1572 2874 1624 et
2911 1579 3101 1623 sacros
3137 1557 3687 1622 comnionefaciebat

844 1659 900 1712 et
962 1654 1167 1728 majori
1216 1671 1275 1713 se
1329 1653 1615 1728 potestati,
1675 1651 1897 1712 sublata
1979 1655 2297 1726 ministros,
2344 1654 2544 1714 dicens
2579 1675 2591 1713 :
2626 1653 2856 1725 Scitote,
2907 1653 3113 1711 fratres
3156 1651 3511 1721 charissimi,
3554 1665 3680 1708 om-

175 1739 542 1800 contentione
570 1789 586 1812 ,
643 1743 986 1802 submisere.
1050 1744 1161 1804 Sed
1234 1760 1368 1804 cum
1435 1744 1683 1819 diligens
1735 1743 2078 1824 ﬁeretBnia
2115 1743 2224 1802 ista
2271 1742 2544 1802 Ecclesite
2593 1743 2744 1801 bona
2795 1757 2953 1799 sacra
3004 1756 3149 1810 esse,
3205 1755 3270 1798 ac
3318 1744 3685 1814 peccatorum

177 1842 469 1886 sacrorum
545 1831 948 1890 ministrorum
1009 1832 1336 1906 inquisitio,
1407 1834 1510 1891 vix
1576 1832 1888 1906 quisquam

177 1924 436 1990 repertus
480 1927 568 1978 est
613 1921 715 1995 qui
763 1921 834 1980 ad
883 1935 1073 1980 sacros
1101 1922 1336 1980 ordines
1368 1921 1495 1980 sine
1536 1921 1718 1994 pretio
1755 1934 1888 1994 pro-

177 2011 366 2065 motus
410 2014 576 2065 esset.
620 2007 846 2082 Magnis
883 2011 957 2069 ob
995 2011 1102 2069 hoc
1140 2018 1374 2069 sanctus
1411 2012 1499 2068 vir
1528 2008 1684 2068 curis
1709 2024 1887 2082 ange-

176 2095 344 2154 batur
383 2097 660 2156 :videbat
696 2097 857 2157 enim
896 2104 1014 2158 tam
1045 2099 1219 2158 latam
1257 2099 1553 2158 dicecesim
1593 2114 1732 2158 cum
1772 2105 1884 2154 tam

178 2183 380 2254 nobili,
412 2191 469 2243 et
505 2186 698 2261 ampla
729 2187 894 2260 urbe,
935 2195 1132 2262 totque
1169 2188 1440 2247 ecclesias
1478 2187 1792 2261 profanari,
1824 2194 1890 2244 ut

175 2270 255 2328 sic
289 2271 528 2345 quidem
570 2273 909 2348 religionem
965 2276 1147 2336 everti
1203 2276 1592 2335 Christianam
1643 2281 1886 2349 putaret.

177 2360 285 2420 Sed
337 2370 460 2420 erat
514 2363 682 2422 valde
735 2363 1059 2438 litigiosum
1110 2366 1415 2439 indulgere
1474 2363 1693 2439 paucis,
1753 2379 1886 2423 cum

179 2449 290 2508 fere
339 2450 607 2510 omnium
649 2459 797 2512 esset
839 2454 1010 2528 culpa
1056 2455 1434 2526 communis;
1494 2469 1600 2512 nec
1651 2467 1890 2528 mquum

180 2538 480 2599 videbatur
516 2541 804 2602 diversam
839 2545 900 2602 in
941 2559 1039 2603 eos
1070 2545 1326 2618 proferre
1359 2543 1724 2614 sententiam,
1755 2558 1890 2601 cum

179 2637 321 2687 esset
369 2646 493 2690 una
531 2632 800 2691 omnium
849 2649 1040 2692 causa.
1091 2634 1158 2692 In
1209 2640 1362 2692 tanta
1411 2632 1589 2706 igitur
1645 2631 1892 2690 difficul-

181 2726 285 2777 tate
324 2721 570 2793 positus,
603 2722 743 2796 quia
781 2738 900 2782 non
935 2730 1152 2798 poterat
1190 2724 1319 2783 sine
1371 2722 1596 2797 ingenti
1633 2721 1890 2797 periculo

180 2807 330 2868 illius
390 2811 541 2868 mala
604 2812 894 2885 Ecclesiae,
950 2813 1111 2872 salva
1174 2829 1466 2873 canonum
1533 2813 1889 2881 auctoritate,

1975 1834 2192 1907 pretia;
2249 1848 2428 1906 quare
2473 1847 2842 1906 summopere
2892 1832 3221 1890 cavendum
3266 1837 3370 1903 est,
3417 1846 3493 1888 ne
3542 1829 3686 1903 quid

1968 1924 2200 1994 horum,
2227 1931 2327 1983 aut
2345 1923 2606 1982 avaritia}
2627 1922 2926 1993 instinctu,
2951 1929 3052 1982 aut
3073 1921 3282 1996 quavis
3309 1919 3682 1994 negligentiae

1970 2013 2236 2084 incuria,
2293 2013 2507 2071 Christi
2574 2013 2926 2086 pauperibus
2989 2011 3408 2080 subtrahatur,
3467 2007 3685 2081 quibus

1969 2102 2212 2161 debetur
2262 2101 2545 2176 quidquid
2598 2101 2766 2159 nobis
2812 2099 3112 2158 residuum
3159 2106 3263 2157 est.
3311 2096 3458 2156 Cum
3498 2096 3681 2169 igitur

1971 2191 2138 2249 nobis
2175 2197 2502 2265 suppetant,
2547 2190 2764 2265 quibus
2793 2189 2989 2264 juvari
3031 2187 3200 2261 egeni
3242 2195 3297 2246 et
3341 2185 3524 2245 foveri
3560 2200 3683 2259 pos-

1971 2281 2108 2352 sint,
2160 2279 2466 2353 diligenter
2515 2278 2830 2352 exquirite,
2881 2278 2929 2335 si
2988 2275 3090 2351 qui
3139 2276 3272 2344 sint,
3317 2274 3419 2350 qui
3470 2272 3682 2332 vicinis

1972 2370 2112 2429 locis
2150 2376 2448 2443 aegrotent,
2494 2369 2670 2444 quive
2714 2369 2884 2438 fame,
2929 2374 3030 2426 aut
3071 2367 3186 2425 alia
3231 2364 3442 2440 quavis
3488 2363 3684 2436 inopia

1973 2458 2253 2529 laborent,
2317 2459 2529 2532 quibus
2584 2457 2633 2516 si
2688 2456 3006 2515 necessaria
3065 2453 3497 2524 ministrabitis,
3553 2452 3679 2510 the-

1972 2562 2171 2605 sauros
2232 2546 2392 2606 vobis
2440 2547 2501 2603 in
2550 2545 2696 2604 cmlo
2730 2544 3024 2618 parabitis.
3067 2543 3292 2602 Sanctis
3337 2539 3679 2615 hujusmodi

1972 2635 2208 2694 monitis
2263 2635 2396 2708 pius
2451 2641 2610 2708 pater
2663 2649 2802 2692 suos
2851 2632 2921 2692 ad
2971 2632 3198 2706 pietatis
3248 2647 3420 2704 opera
3470 2627 3678 2701 impel-

1973 2725 2146 2793 lebat,
2205 2731 2261 2784 et
2307 2725 2565 2800 quotidie
2630 2725 2814 2797 magis
2886 2721 3248 2782 adhortando
3313 2719 3677 2780 accendebat.

1973 2815 2193 2874 Memor
2219 2823 2412 2876 autem
2443 2821 2717 2874 anteactae
2745 2815 2807 2872 in
2846 2827 3038 2872 eremo
3076 2812 3234 2882 vita},
3267 2811 3416 2869 miro
3457 2825 3684 2884 semper

180 2897 477 2971 corrigere,
537 2899 763 2959 studuit
847 2901 1050 2960 saltem
1131 2919 1418 2977 perversae
1483 2900 1890 2961 consuetudini

182 2985 350 3044 ﬁnem
399 2987 722 3062 imponere,
757 3007 823 3049 ac
869 2991 1194 3066 providere,
1225 3000 1293 3052 ut
1341 2993 1611 3066 deinceps
1644 2989 1891 3064 gratuita

182 3083 321 3134 esset
363 3077 437 3136 ad
484 3094 674 3137 sacros
710 3079 945 3139 ordines
982 3081 1281 3155 promotio.
1324 3082 1524 3155 Exigit
1557 3081 1736 3153 igitur
1775 3085 1888 3137 tam

1975 2910 2280 2968 tenebatur
2337 2909 2749 2967 sollicitudinis
2802 2908 2964 2965 illius
3004 2904 3290 2964 desiderio
3347 2927 3359 2960 :
3419 2902 3481 2960 in
3537 2917 3678 2975 qua,

1973 2999 2109 3073 quia
2152 3015 2268 3056 non
2320 3003 2539 3072 poterat
2581 2996 2834 3070 amplius
2869 3011 3013 3060 esse,
3045 2994 3270 3064 saltem,
3315 2991 3471 3066 quod
3514 2991 3686 3049 daba-

429 3079 440 3176 l
484 3094 674 3176 sacros
710 3079 1281 3181 ordines-promotio.
1324 3082 1524 3155 Exigit
1557 3081 1736 3181 igitur
1775 3085 1888 3177 tam}
1914 3095 2088 3181 Ctur,
2137 3087 2554 3157 austeritatem,
2594 3085 3042 3160 quibuscunque
3079 3089 3297 3157 poterat
3335 3079 3545 3181 modis,
3587 3093 3679 3137 re-

181 3164 246 3221 ab
282 3165 716 3240 archiepiscopo
769 3167 1206 3241 Mediolanensi,
1238 3185 1416 3244 quam
1447 3186 1479 3227 a
1517 3169 1757 3237 cmteris,
1785 3166 1888 3240 qui

1976 3176 2371 3250 prmsentabat.
2407 3175 2552 3233 Nam
2592 3173 2928 3249 quotidiano
2958 3186 3039 3242 se,
3073 3177 3280 3245 praeter
3323 3170 3448 3228 dies
3487 3171 3680 3240 festos,

180 3253 370 3328 aliquo
406 3256 560 3328 apud
599 3256 769 3316 illum
815 3258 1200 3332 fungerentur
1237 3259 1446 3330 ofﬁcio,
1487 3257 1887 3317 inviolabilem
1969 3265 2192 3340 jejunio
2235 3263 2579 3333 macerabat,
2631 3263 2808 3336 idque
2853 3261 3143 3334 jejunium
3193 3261 3368 3318 nimis
3413 3263 3535 3316 erat
3575 3257 3683 3316 du-

180 3344 569 3416 sponsionem:
600 3352 668 3404 ut
699 3347 969 3421 deinceps
996 3349 1188 3407 omnis
1227 3348 1330 3407 illa
1366 3347 1680 3407 simoniaca
1709 3347 1886 3418 labes,
1974 3369 2107 3412 rum
2134 3369 2200 3411 ac
2239 3352 2492 3425 rigidum
2530 3375 2542 3409 :
2576 3351 2862 3422 siquidem
2892 3365 3094 3422 aspero
3135 3349 3472 3408 vescebatur
3507 3359 3678 3419 pane,

182 3447 400 3490 necnon
462 3432 878 3494 Nicolaitarum
939 3437 1179 3496 haeresis
1257 3453 1491 3510 prorsus
1545 3436 1885 3495 aboleretur.
1973 3449 2029 3501 et
2051 3449 2352 3500 externam
2388 3441 2617 3500 bibebat
2647 3457 2882 3516 aquam,
2913 3439 3184 3513 quamvis
3210 3439 3372 3498 senio
3392 3439 3512 3512 jam
3537 3450 3678 3493 con-

181 3519 256 3578 lta
296 3521 682 3580 reconciliatis
724 3529 896 3597 atque
933 3526 1262 3599 compositis
1298 3525 1535 3596 animis,
1571 3526 1886 3594 decretum,
1976 3533 2174 3592 fectus.
2199 3532 2445 3606 Insuper
2474 3530 2675 3588 ferreis
2699 3545 2873 3602 super
2900 3529 3056 3588 nudo
3084 3529 3322 3599 catenis,
3340 3527 3540 3587 multis
3561 3545 3682 3588 ma-

181 3617 236 3666 ιιῖ
295 3625 434 3667 mox
489 3611 763 3670 omnibus
823 3615 1044 3686 9338i“).
1078 3614 1476 3673 restitueretur
1521 3613 1890 3672 ministmndi
1971 3630 2230 3681 ceratum
2275 3622 2462 3681 modis
2505 3619 2932 3692 constringebat
2977 3635 3204 3693 corpus,
3246 3624 3302 3676 et
3348 3618 3680 3691 frequenter

179 3697 464 3769 OfﬁCium;
518 3700 616 3758 sed
662 3699 736 3759 iis
779 3701 1081 3772 duntaxat.
1134 3703 1238 3776 (Illi
1287 3703 1510 3771 litteris:
1563 3710 1619 3760 et
1663 3717 1888 3760 morum
1974 3713 2143 3772 modo
2184 3713 2511 3787 palmarum
2553 3710 2912 3780 verberibus,
2947 3708 3118 3766 modo
3163 3707 3302 3766 loris
3337 3707 3674 3778 aﬂligebat:

182 3789 475 3859 gravitate,
530 3806 596 3848 ac
647 3790 940 3850 honestate
992 3792 1154 3865 digni
1213 3793 1598 3862 viderentur;
1667 3789 1890 3848 caeteris
1972 3813 2028 3864 ει
2080 3821 2213 3864 cum
2276 3812 2353 3863 ιοι
2412 3803 2575 3862 duris
2649 3801 2904 3864 confecta
2967 3799 3152 3857 modis
3206 3797 3411 3855 senilia
3467 3797 3675 3871 maga-

182 3884 372 3935 autem
411 3877 717 3948 sufﬁceret,
745 3881 897 3953 quod
936 3881 1206 3945 Ecclesia;
1239 3887 1450 3939 sanctae
1495 3897 1597 3953 per
1625 3880 1886 3939 divinam

1971 3903 2056 3954 ret
2083 3897 2361 3965 membra,
2395 3909 2511 3951 non
2543 3892 2790 3951 cubabat
2821 3891 2880 3948 in
2921 3889 3156 3964 plumis,
3187 3893 3286 3947 aut
3322 3887 3673 3959 stramentis,

185 3966 663 4057 gratiamfssent
705 3968 926 4057 inserti.
969 3986 1004 4028 ἃ
1049 3987 1167 4044 qua
1215 3971 1446 4029 fuerant
1493 3970 1712 4057 (Πγὶοω
1753 3984 1888 4057 Seni
1971 3985 2066 4043 sed
2123 3998 2295 4057 super
2345 3981 2500 4040 nuda
2551 3987 2703 4040 crate
2751 3995 3046 4049 somnum,
3081 3977 3186 4052 qui
3231 3982 3351 4035 erat
3400 3975 3492 4034 illi
3538 3991 3674 4049 par-

185 4054 374 4111 tentiae
418 4053 563 4112 falce
609 4056 856 4128 praecisi.
907 4057 1002 4116 Illi
1051 4060 1228 4116 etiam
1277 4057 1412 4132 ipsi,
1453 4056 1671 4130 quibus
1713 4055 1888 4114 mini-

1971 4053 2257 4145 cissimus,
2289 4072 2565 4146 capiebat.
2608 4069 2757 4140 Quid
2795 4068 2956 4129 illius
2987 4065 3294 4142 psallendi,
3334 4065 3560 4137 orandi,
3589 4066 3678 4126 le-

182 4144 396 4237 strandi
450 4144 692 4237 facultas
744 4146 1004 4237 restituta
1061 4156 1166 4237 est,
1225 4163 1344 4206 non
1397 4163 1472 4237 ex
1509 4146 1679 4237 male
1729 4152 1890 4219 parte
1969 4164 2165 4237 gendi,
2191 4179 2256 4222 ac
2283 4144 2536 4220 dictandi
2563 4158 2904 4218 admirabile
2932 4157 3191 4217 studium
3230 4156 3527 4214 referam?
3558 4155 3674 4216 Nec

186 4232 354 4323 Veteri
405 4232 785 4323 Pmmoﬁone»
840 4234 940 4293 8εά
998 4251 1070 4294 ex
1130 4236 1295 4295 beata
1337 4235 1616 4309 ΡΓῘΠοῘΡίε
1668 4239 1890 4308 εροεῒο·
1969 4232 2118 4311 illud
2163 4249 2657 4323 praztereundum,
2695 4249 2849 4321 quod
2898 4263 2972 4305 ex
3009 4245 3210 4305 eadem
3252 4244 3426 4318 pelvi,
3460 4243 3518 4301 in
3559 4259 3677 4317 qua

184 4319 365 4378 ίοτυιη
403 4321 766 4414 δυοιρτίῐθιθι
800 4324 1022 4414 quem
1173 4324 1567 4414 APOllinal‘em
1617 4339 1758 4414 "311$
1804 4340 1891 4382 Te‘
1970 4319 2297 4414 pauperum
2370 4337 2544 4411 pedes
2618 4319 2867 4405 lavabat,
2918 4336 3115 4394 cibum
3189 4334 3312 4407 ipse
3387 4332 3674 4392 sumebat.

183 4418 342 4482 Deme
368 4418 474 4504 e8},
522 4411 721 4470 dicens
751 4412 1022 4504 {Accipe
1061 4413 1342 4487 Spiritum
1376 4421 1662 4484 3300mm,
1703 4411 2201 4504 8i_‘Puanuoties
2249 4429 2647 4504 superioribus
2695 4427 3050 4501 temporibus
3091 4427 3162 4485 ad
3216 4426 3506 4499 synodum
3547 4438 3675 4481 mo-

183 4506 232 4592 e‘
254 4499 694 4592 Demiﬁcaium;
725 4501 797 4558 ad
837 4501 1230 4562 ministerium
1265 4504 1474 4577 recepti
1518 4505 1698 4563 fuere-
1739 4478 2316 4590 chDEJSnSFurL:
2536 4478 2844 4592 appellant
2857 4517 3163 4576 cmnobitaa
3201 4478 3676 4588 capitulum,ac-

184 4588 427 4646 breviter
453 4588 770 4663 attigimus,
803 4596 872 4649 ut
898 4604 972 4648 ex
1000 4592 1075 4650 iis
1100 4599 1307 4651 caetera
1335 4593 1497 4651 illius
1520 4600 1700 4667 gesta,
1732 4607 1882 4668 qua-

187 4676 256 4734 lia
293 4679 644 4751 exstiterint,
674 4680 1080 4756 unusquisque
1105 4683 1290 4740 facere
1325 4683 1711 4756 conjecturam
1749 4697 1881 4755 pos-

183 4769 280 4838 sit;
328 4785 467 4828 nam
513 4770 782 4843 persequi
823 4772 1021 4829 omnia
1065 4772 1362 4831 neminem
1402 4788 1566 4847 posse
1611 4771 1880 4841 arbitror,

1967 4608 2220 4678 cedebat,
2255 4625 2314 4667 se
2356 4608 2487 4667 sede
2529 4623 2634 4666 sua
2671 4606 2886 4665 solebat
2926 4621 3182 4678 surgere,
3212 4614 3267 4662 et
3312 4604 3372 4661 in
3412 4602 3674 4661 medium

1967 4696 2254 4770 progredi,
2299 4697 2498 4770 ibique
2536 4712 2644 4756 sua
2679 4696 2984 4755 humiliter
3015 4693 3262 4752 crimina
3297 4691 3578 4761 conﬁteri,
3621 4695 3678 4749 et

1972 4785 2212 4844 multam
2267 4801 2370 4860 pro
2421 4786 2495 4844 iis
2552 4801 2805 4859 poscere,
2857 4792 2910 4842 et
2967 4783 3179 4842 sanctis
3225 4780 3679 4840 allocutionibus

181 4857 280 4932 (Illi
311 4860 549 4931 quidem
587 4859 650 4918 in
688 4867 881 4919 88Ποῑᾶ
918 4861 1172 4920 Εοϐιθείδ
1209 4878 1512 4935 nunquam
1552 4862 1881 4934 deeietebat,
1969 4875 2090 4932 suis
2141 4857 2311 4933 modo
2365 4857 2572 4946 hunc;
2605 4873 2775 4932 modo
2823 4873 3014 4941 illum,
3072 4869 3243 4928 modo
3288 4869 3678 4928 communiter

182 4948 462 5022 quidquid
541 4965 813 5022 pravum,
867 4950 1156 5026 quidquid
1223 4952 1480 5010 insolens
1544 4957 1882 5024 emergeret,

1971 4976 2173 5019 omnes
2212 4961 2521 5021 instruere.
2558 4961 2647 5020 Ad
2683 4962 2945 5036 juniores
2989 4965 3182 5019 autem
3220 4973 3534 5018 conversus
3567 4957 3682 5015 aie-

183 5053 413 5110 prorsus
454 5039 654 5097 tollere
694 5055 760 5098 ac
799 5040 1148 5115 exstirpare;
1179 5041 1463 5116 quidquid
1492 5049 1684 5100 autem
1717 5042 1882 5114 pium
1970 5050 2064 5107 bat
2098 5069 2112 5107 :
2144 5049 2322 5121 Scire,
2355 5050 2715 5109 dilectissimi
2754 5049 2882 5120 ﬁlii,
2927 5049 3167 5122 debetis,
3198 5061 3680 5122 unumquemque

179 5141 246 5182 ac
292 5126 629 5200 religiosum
683 5127 1197 5200 animadvertebat,
1245 5131 1316 5188 ad
1372 5129 1585 5188 Christi
1637 5129 1884 5201 gloriam
1970 5146 2247 5209 vestrum,
2301 5146 2418 5197 tam
2479 5147 2732 5207 strenue,
2801 5145 3037 5211 tamque
3092 5139 3362 5198 ardenter
3411 5140 3674 5209 Oportere

180 5214 500 5274 instituere.
547 5215 614 5273 In
662 5215 879 5290 quibus
919 5217 1158 5292 quidem
1199 5219 1477 5278 omnibus
1525 5218 1764 5276 divinus
1793 5217 1884 5276 illi
1972 5227 2148 5300 hujus
2205 5227 2430 5285 militiae
2493 5227 2753 5286 tirocinia
2809 5227 3104 5299 inchoare,
3171 5235 3228 5285 et
3279 5231 3455 5293 tanto,
3493 5222 3684 5296 quoad

181 5312 364 5384 favor,
393 5319 452 5370 et
485 5312 818 5372 exuberans
859 5314 1056 5372 aderat
1097 5314 1318 5387 gratia;
1345 5330 1481 5374 cum
1530 5314 1717 5389 ipsius
1749 5330 1885 5373 cen-
1969 5329 2258 5386 corporete
2305 5320 2621 5389 suppetunt
2670 5315 2844 5386 vires,
2875 5315 3071 5374 labore
3120 5331 3180 5373 se
3230 5326 3520 5380 exercere,
3558 5326 3676 5387 quo

179 5417 314 5461 sura
359 5401 502 5476 quid
574 5402 998 5463 admittendum
1027 5448 1043 5477 ,
1103 5403 1320 5476 quidve
1401 5405 1728 5476 agendum,
1788 5413 1888 5465 aut
1971 5410 2086 5462 tota
2130 5404 2307 5463 series
2355 5411 2643 5464 secuturas
2681 5404 2819 5462 vitae
2866 5405 2938 5462 ad
2986 5404 3207 5463 fortiter
3240 5403 3534 5474 agendum
3569 5418 3674 5461 va-

179 5505 298 5551 non
353 5490 645 5566 agendum
710 5491 876 5564 foret,
926 5490 1223 5551 canonicis
1282 5491 1682 5553 sanctionibus
1744 5507 1884 5552 con-
1972 5491 2081 5551 leat
2126 5493 2452 5552 informari.
2485 5493 2874 5553 Provectiores
2911 5507 3047 5550 vero
3087 5491 3158 5548 ad
3207 5491 3543 5551 conﬂictum
3586 5491 3678 5551 vi-

182 5585 369 5639 staret.
1972 5582 2209 5652 tiorum,
2249 5583 2323 5641 ad
2359 5582 2770 5657 cogitationum
2820 5579 3246 5652 discretionem,
3284 5579 3680 5656 compunctio-
