4140 6496
1373 277 1432 337 S.
1476 277 1770 339 PETRUS
1807 277 2102 337 DAMIAN
2113 278 2200 338 US
2241 278 2304 338 S.
2344 278 2412 336 R.
2457 276 2523 334 Ε.
2564 274 3043 337 CARDINALIS.
3855 277 3960 338 156

459 397 573 472 nis,
605 404 662 458 et
687 400 1207 474 contemplationis,
1240 416 1347 460 nec
1370 417 1486 460 non
1514 403 1587 460 ad
1617 405 1924 477 puritatem
1947 401 2471 468 mentisAmelliti.
2522 403 2678 461 Inter
2717 402 2920 462 fratres
2950 408 3145 462 autem
3193 402 3453 477 undique
3494 403 3952 476 discumbentes,

457 490 592 551 totis
631 491 858 551 viribus
901 493 1373 562 conservandam,
1419 495 1580 566 gravi
1627 501 1682 551 et
1733 492 1983 551 facundo
2038 507 2159 550 ser-
2243 497 2366 548 erat
2415 491 2506 549 vir
2550 490 2881 564 praeclarus,
2931 498 2987 550 et
3039 492 3258 566 insigni
3310 493 3512 550 decore
3563 493 3957 567 conspicuus;

459 599 633 644 mone
669 585 1085 655 inﬂammabat,
1119 585 1478 660 addebatque
1514 585 1719 643 debere
1747 584 2069 658 quemlibet
2095 583 2159 642 in
2243 580 2344 655 qui
2373 580 2686 654 requisitus
2706 582 2862 641 unde
2891 582 3033 640 tales
3063 581 3433 640 advenissent
3463 597 3660 655 panes,
3701 598 3958 658 quorum

462 273 562 333 155

457 673 706 746 spiritali
735 673 1049 732 certamine
1080 690 1218 732 suas
1239 674 1392 732 vires
1427 688 1732 746 agnoscere
1759 697 1771 731 :
1806 673 2156 746 ignominio-

454 778 589 822 sum
635 764 848 838 quippe
883 766 1167 823 monacho
1206 781 1329 824 esse
1360 763 1635 838 spiritalis
1673 763 1898 822 militiae
1936 766 2153 838 profes-

457 853 681 912 sionem
709 854 945 926 habere,
973 862 1028 912 et
1056 871 1158 928 per
1186 854 1480 929 ignaviam
1509 854 1849 927 experiendi
1878 856 2021 929 quid
2050 871 2154 914 va-

455 941 586 1012 leat,
641 943 927 1015 ignorare.
975 945 1138 1002 Certe
1183 945 1304 1016 ipse
1354 945 1414 1001 in
1466 944 1695 1016 magnis
1741 943 2155 1004 certaminibus

450 1033 706 1106 experiri
737 1049 797 1091 se
820 1033 1022 1092 voluit.
1057 1035 1199 1092 Nam
1243 1033 1568 1091 fidelissimi
1599 1039 1766 1092 testes
1802 1034 2151 1105 asserebant,

450 1120 625 1180 illum
668 1137 770 1195 per
815 1129 956 1180 totos
1001 1123 1381 1197 quadraginta
1435 1123 1557 1181 dies
1597 1122 1761 1181 nullo
1807 1131 1964 1183 cocto
2001 1124 2148 1194 cibo,

447 1209 546 1266 sed
595 1211 993 1269 tantummodo
1038 1211 1246 1285 pomis,
1299 1219 1354 1271 et
1400 1214 1595 1271 crudis
1653 1213 1911 1271 oleribus
1975 1214 2148 1283 vesci,

450 1294 668 1369 absque
704 1296 828 1356 ullo
863 1303 1020 1371 potu,
1057 1300 1293 1358 solitum
1330 1319 1346 1358 :
1383 1303 1656 1375 quodque
1698 1303 1880 1374 magis
1920 1302 2148 1374 mirere,

447 1380 682 1441 totidem
733 1385 937 1445 diebus
986 1388 1152 1447 nullo
1189 1405 1427 1462 prorsus
1464 1406 1642 1448 usum
1677 1390 1824 1461 cibo,
1849 1407 2018 1464 parca
2058 1408 2150 1450 so-

445 1473 745 1534 lummodo
785 1475 1097 1550 leguminis
1144 1477 1438 1536 infusione
1489 1485 1851 1548 contentum.
1891 1482 2053 1552 Quod
2099 1484 2150 1540 si

444 1564 682 1637 quando
719 1565 783 1623 in
820 1567 1152 1625 austeritate
1194 1567 1352 1637 vitae,
1398 1583 1574 1642 quam
1611 1568 1828 1641 jugiter
1863 1571 2146 1646 servabat,

443 1651 672 1710 viribus
707 1669 768 1712 se
812 1654 979 1713 delici
1018 1655 1315 1727 sentiebat,
1348 1673 1468 1716 non
1507 1659 1764 1717 dandum
1802 1661 1944 1719 vitio
1981 1669 2148 1735 puta-

2243 670 2457 729 scilicet
2485 670 2707 730 similes
2735 678 2974 731 eatenus
2998 688 3118 730 non
3142 671 3421 730 vidissent
3445 691 3456 729 :
3482 671 3560 729 Hi
3584 678 3727 731 sunt
3752 690 3956 746 panes,

2240 757 2450 833 inquit,
2484 760 2700 833 quibus
2729 760 2838 818 ﬁlii
2863 761 3040 818 Israel
3069 776 3283 818 manna
3314 761 3692 833 percipientes
3721 779 3752 820 e
3779 763 3952 836 coelo,

2239 847 2364 904 aliti
2419 853 2557 906 sunt
2611 849 2672 906 in
2724 850 2945 908 deserto
2995 851 3192 923 (Exod.
3234 851 3385 920 XVI).
3429 849 3541 907 Hic
3586 866 3821 925 quoque
3861 853 3956 911 vir

2241 937 2377 994 tulit
2405 952 2667 996 mensam
2699 937 2942 1009 abbatis,
2973 953 3107 1012 quae
3145 937 3498 996 occidentem
3526 956 3732 998 versus
3761 942 3956 1000 fuerat

2239 1027 2560 1096 constituta,
2610 1035 2666 1084 et
2715 1027 2787 1084 ad
2835 1028 3173 1085 orientalem
3233 1027 3424 1100 posuit
3481 1029 3768 1087 refectorii
3823 1030 3952 1104 pla-

2237 1129 2368 1187 gam
2404 1133 2415 1170 ε
2452 1114 2553 1172 ubi
2587 1114 2853 1172 videlicet
2886 1115 3075 1188 imago
3106 1115 3374 1174 cruciﬁxi
3403 1117 3638 1175 Domini
3670 1118 3857 1176 fuerat
3887 1119 3954 1177 in

2235 1203 2449 1276 pariete
2493 1219 2592 1275 per
2636 1204 2918 1276 picturam
2967 1221 3258 1280 expressa.
3298 1204 3591 1280 Perpende
3638 1223 3773 1280 ergo
3813 1225 3949 1282 my-

2237 1293 2497 1364 sterium,
2530 1299 2587 1351 et
2617 1294 2877 1367 mysticm
2912 1295 3284 1354 revelationis
3321 1295 3584 1369 intellige
3612 1313 3948 1356 sacramen-

2241 1385 2381 1438 tum.
2419 1380 2571 1450 Quid
2616 1387 2699 1440 est
2738 1382 2916 1454 enim,
2947 1383 3101 1454 quod
3135 1382 3337 1441 laudes
3368 1383 3557 1440 crucis
3592 1385 3803 1443 chorus
3843 1384 3948 1442 ille

2234 1469 2607 1542 psallentium
2655 1471 2896 1529 melodis
2944 1471 3186 1530 vocibus
3223 1474 3617 1547 concrepabat,
3645 1475 3759 1532 nisi
3807 1475 3949 1550 quia

2233 1558 2498 1618 futurum
2545 1567 2686 1632 erat,
2719 1567 2783 1618 ut
2826 1561 2971 1619 dum
3020 1562 3082 1620 in
3135 1564 3415 1622 honorem
3456 1564 3645 1622 crucis
3685 1565 3950 1624 solemne

2227 1649 2519 1725 jejunium
2565 1651 2952 1721 instituerent,
2984 1652 3150 1726 quasi
3194 1652 3392 1711 dulces
3443 1653 3498 1711 ei
3540 1652 3778 1711 laudum
3817 1668 3946 1711 mo-

442 1740 559 1811 bat,
600 1756 675 1798 ex
725 1745 902 1834 tanto
925 1741 1111 1834 rigore
1143 1741 1367 1817 aliquid
1400 1744 1709 1816 remittere,
1741 1763 1856 1821 quo
1903 1749 2144 1810 validior

2230 1739 2402 1834 dulos
2430 1741 2846 1834 personarent?
2874 1742 3423 1834 Hymnumquippe
3448 1743 3510 1834 in
3539 1744 3719 1802 beatae
3757 1743 3948 1834 crucis

442 1837 632 1904 posset
694 1833 766 1890 ad
818 1833 1130 1908 pristinum
1187 1841 1475 1895 certamen
1525 1839 1733 1896 reverti
1779 1862 1792 1896 :
1835 1845 1890 1896 et
1942 1839 2149 1900 virtuti

441 1920 849 1979 ascribendum
894 1921 1082 1980 aiebat
1128 1925 1178 1981 si
1219 1925 1351 1997 quis
1382 1926 1532 1983 fessa
1572 1926 1756 1984 nimio
1791 1927 1986 1987 labore
2025 1930 2149 1988 bra-

438 2009 569 2067 chia
616 2008 830 2078 idcirco
876 2012 1185 2084 paululum
1231 2013 1505 2087 remittat,
1543 2021 1606 2073 ut
1652 2018 2021 2090 postmodum
2061 2035 2150 2079 ro-

441 2098 668 2158 bustior
711 2099 785 2158 ad
831 2101 1055 2160 fortiter
1101 2104 1392 2176 agendum
1437 2113 1763 2180 consurgat.
1817 2109 1956 2167 Erat
1999 2126 2146 2184 pra-

440 2195 595 2248 terea
632 2205 759 2249 mos
795 2190 906 2262 illi,
945 2194 1170 2266 quoties
1207 2194 1419 2254 diurno
1456 2212 1522 2254 ac
1557 2203 1840 2256 nocturno
1874 2200 2149 2260 intererat

439 2277 648 2349 olIicio,
678 2285 826 2337 stare
856 2285 912 2338 et
935 2280 1085 2339 nulli
1114 2282 1284 2356 podio
1311 2284 1624 2344 adhmrere.
1650 2288 1725 2344 At
1747 2286 1811 2344 in
1842 2289 2148 2362 utriusque

438 2365 906 2440 Quadragesimae
963 2371 1132 2429 initio
1183 2377 1366 2430 totum
1417 2374 1680 2434 triduum
1738 2375 2082 2435 abstinebat
2114 2397 2147 2438 a

439 2456 589 2529 cibo,
629 2458 702 2516 ad
756 2459 914 2534 quod
966 2459 1100 2518 licet
1149 2461 1272 2534 ipse
1317 2463 1611 2522 neminem
1664 2465 1926 2524 hortatus
1971 2467 2148 2527 fuerit

441 2561 726 2620 unquam,
763 2553 1016 2608 attamen
1053 2549 1292 2624 quidam
1327 2551 1400 2609 ad
1443 2553 1761 2626 spiritalem
1798 2563 2146 2627 proventum

441 2635 770 2694 uberiorem
823 2635 1174 2697 imitandum
1242 2647 1542 2714 putarunt.
1599 2640 1788 2711 Quare
1860 2647 2147 2706 nonnulla

437 2724 612 2782 etiam
673 2728 1021 2786 monasteria
1071 2728 1412 2800 bujusmodi
1461 2730 1807 2791 voluntariae
1870 2733 2140 2795 observa-

437 2813 613 2872 tionis
658 2830 944 2889 normam,
976 2819 1119 2876 tanti
1165 2819 1280 2878 viri
1315 2819 1601 2892 exemplo,
1644 2821 1917 2893 amplexa
1954 2833 2090 2883 sunt
2126 2847 2140 2886 :

438 2917 540 2975 per
569 2903 722 2976 quod
750 2905 989 2978 quidem
1011 2908 1308 2979 integrum
1337 2909 1597 2967 triduum
1623 2910 1774 2968 intra
1805 2918 2146 2976 monasterii

437 2997 596 3063 septa
650 2991 724 3050 ab
774 2994 1049 3054 omnibus
1100 2996 1400 3055 silentium
1452 3000 1912 3061 constantissime
1947 3020 2142 3065 serva-

438 3076 610 3137 batur
649 3101 663 3138 :
705 3096 812 3139 nec
859 3083 1192 3158 quisquam,
1252 3085 1367 3143 nisi
1421 3084 1776 3146 inevitabilis
1828 3094 2136 3156 necessitas

439 3166 742 3241 incideret,
798 3171 963 3244 prius
1027 3173 1140 3231 sibi
1191 3173 1577 3234 calceamenta
1620 3177 1918 3253 induebat,
1961 3201 2138 3258 quam

433 3261 622 3316 totum
677 3259 1018 3330 psalterium
1068 3262 1485 3336 complevisset.
1546 3264 1859 3340 Scoparum
1912 3287 2148 3348 quoque

433 3362 570 3405 cum
612 3348 677 3406 in
720 3349 864 3421 loco,
901 3351 1054 3425 quod
1108 3352 1429 3426 capitulum
1484 3363 1708 3429 vocant,
1764 3362 2142 3438 susciperent,

437 3452 613 3509 quam
644 3439 948 3498 coenobitae
977 3441 1342 3515 disciplinam
1371 3451 1599 3517 vocant,
1620 3449 1813 3507 cuncti
1847 3451 2144 3525 jejunium

437 3527 604 3600 panis
632 3535 689 3586 et
729 3545 898 3604 aquae
929 3531 1253 3590 servabant.
1290 3532 1399 3595 Sed
1437 3541 1493 3592 et
1537 3541 1762 3594 sextam
1802 3540 1963 3598 omni
1997 3548 2144 3600 tem-

439 3631 576 3689 pore
628 3617 856 3692 feriam,
911 3628 1120 3694 praeter
1171 3623 1487 3696 paschales,
1545 3631 1601 3684 et
1658 3626 1803 3687 alios
1856 3629 2144 3693 solemnes

441 3705 565 3766 dies
613 3708 834 3781 eadem,
868 3715 986 3768 tam
1026 3711 1353 3785 disciplina,
1395 3729 1571 3789 quam
1604 3715 1851 3789 jejunio,
1891 3719 1966 3777 ob
2004 3737 2144 3780 san-

435 3802 542 3856 ctae
575 3799 764 3857 crucis
799 3803 1202 3875 reverentiam,
1243 3805 1631 3863 venerandam
1671 3807 1958 3867 exhibuit.
2003 3811 2144 3870 Haec

434 3891 631 3945 autem
672 3894 825 3947 tanto
864 3891 1102 3965 quidem
1142 3893 1545 3967 religiosorum
1582 3896 1887 3956 hominum
1935 3914 2143 3973 appro-

432 3974 566 4031 bata
615 3983 750 4034 sunt
789 3993 1095 4049 consensu,
1129 3986 1194 4038 ut
1238 3981 1383 4040 illud
1439 3982 1613 4041 etiam
1659 3985 1885 4044 illustre
1931 3987 2144 4049 Montis

2230 1829 2509 1887 honorem
2550 1828 2832 1899 decantat,
2876 1831 2977 1904 qui
3028 1847 3094 1889 ea
3141 1830 3409 1890 videlicet
3450 1831 3564 1902 die,
3615 1846 3729 1905 qua
3773 1830 3945 1890 Chri-

2228 1925 2352 1977 stus
2397 1919 2459 1976 in
2499 1935 2667 1977 cruce
2714 1935 3031 1994 suspensus
3074 1925 3179 1992 est,
3211 1919 3508 1994 jejunium
3557 1919 3827 1978 celebrat.
3872 1920 3947 1979 Et

2228 2007 2370 2081 quid
2410 2014 2513 2079 est,
2544 2009 2697 2082 quod
2742 2009 2949 2067 melliti
2998 2009 3343 2067 videbantur
3384 2025 3562 2083 panes
3608 2011 3671 2068 in
3717 2026 3942 2083 mensa,

2227 2096 2342 2154 nisi
2381 2101 2445 2155 ut
2485 2096 2676 2155 dulcia
2724 2097 3004 2156 nimirum
3055 2097 3291 2170 spiritus
3340 2097 3618 2156 alimenta
3672 2098 3942 2158 comede-

2228 2193 2375 2256 rent,
2405 2186 2548 2245 dum
2575 2201 2676 2258 per
2723 2184 3172 2244 amaritudinem
3209 2187 3397 2246 crucis
3429 2187 3628 2246 dulces
3659 2188 3775 2247 Deo
3804 2189 3942 2247 lau-

2226 2274 2369 2333 dum
2433 2273 2687 2332 melodos
2752 2273 3130 2334 resonarent?
3181 2277 3364 2335 Tanto
3435 2278 3648 2352 quippe
3715 2276 3942 2336 dulcior

2225 2368 2430 2436 gustus
2466 2363 2728 2421 exoritur
2763 2363 2824 2420 in
2860 2365 3045 2437 palato
3073 2365 3281 2434 cordis,
3311 2373 3528 2439 quanto
3558 2365 3742 2438 major
3775 2383 3940 2426 ama-

2228 2451 2420 2510 ritudo
2462 2451 2839 2510 districtionis
2876 2453 3170 2527 perturbat
3197 2455 3496 2512 lasciviam
3535 2455 3743 2513 carnis.
3787 2455 3940 2525 Quid

2227 2545 2311 2598 est
2338 2537 2512 2598 etiam
2540 2540 2764 2598 abbatis
2803 2556 3064 2599 mensam
3113 2542 3222 2601 sub
3271 2541 3487 2600 Christi
3533 2543 3939 2617 Redemptoris

2226 2633 2472 2708 pedibus
2502 2648 2734 2706 ponere,
2765 2633 2880 2690 nisi
2919 2647 3020 2706 per
3042 2633 3334 2706 jejunium
3374 2639 3558 2692 sextae
3594 2634 3776 2703 feriae,
3808 2651 3943 2708 quae

2225 2723 2349 2781 dies
2393 2723 2578 2780 crucis
2632 2728 2735 2792 est,
2768 2728 2952 2781 totum
2999 2723 3364 2782 refectorium
3396 2724 3710 2783 salutiferae
3750 2726 3945 2784 crucis

2225 2811 2520 2883 signaculo
2572 2810 2885 2870 dedicare?
2928 2811 3000 2869 Et
3048 2812 3188 2886 quid
3243 2819 3328 2870 est
3365 2813 3474 2870 sub
3515 2813 3785 2872 cruciﬁxi
3824 2814 3941 2873 Do-

2223 2900 2371 2957 mini
2411 2900 2657 2973 pedibus
2712 2901 2982 2972 residere,
3034 2901 3150 2958 nisi
3191 2909 3315 2975 post
3356 2902 3484 2975 ejus
3528 2903 3769 2976 vestigia
3808 2907 3941 2962 ten-

2222 2990 2376 3060 dere,
2442 2997 2498 3048 et
2551 3006 2653 3064 per
2706 3007 2865 3064 eum,
2915 3007 3032 3066 quo
3106 3007 3211 3050 nos
3274 2992 3584 3065 praecessit,
3647 2993 3940 3051 tramitem

2220 3081 2519 3140 ambulare
2545 3080 2573 3138 ?
2605 3105 2627 3132 ιι

2299 3171 2439 3229 Haec
2480 3169 2592 3228 fuit
2641 3170 2756 3228 vita
2800 3171 2913 3229 viri
2961 3171 3326 3242 sanctissimi,
3355 3173 3482 3229 haec
3515 3177 3673 3245 gesta
3714 3187 3939 3231 memo-

2227 3267 2378 3332 ratu,
2409 3266 2465 3318 et
2499 3260 2662 3318 omni
2698 3259 3080 3318 admiratione
3115 3261 3490 3334 dignissima;
3532 3260 3623 3318 his
3658 3261 3941 3335 gradibus

2226 3348 2449 3407 aditum
2495 3348 2606 3406 sibi
2640 3349 2713 3405 ad
2755 3348 3247 3408 immortalitatem
3275 3349 3555 3420 nominis,
3587 3355 3642 3407 et
3671 3350 3743 3408 ad
3771 3355 3940 3408 aeter-

2230 3455 2364 3497 nam
2442 3439 2770 3497 felicitatem
2829 3441 3091 3513 patefecit
3151 3464 3164 3498 :
3219 3441 3388 3515 cujus
3437 3456 3571 3499 cum.
3635 3447 3940 3500 maturum

2229 3536 2453 3602 tempus
2507 3530 2854 3600 advenisset,
2915 3531 3071 3588 Deus
3143 3532 3510 3602 omnipotens
3560 3531 3938 3589 constitutam

2227 3634 2392 3676 servo
2432 3619 2751 3676 mercedem
2781 3619 3206 3692 persoluturus,
3239 3620 3372 3677 fecit
3415 3627 3480 3679 ut
3507 3620 3761 3678 vicarius
3791 3635 3941 3678 suus

2227 3709 2558 3767 Alexander
2576 3710 2838 3782 pontifex
2852 3710 3148 3770 maximus
3157 3711 3385 3783 juberet
3405 3712 3496 3770 illi
3512 3711 3939 3770 utBavennam

2226 3802 2700 3876 proficisceretur.
2739 3803 3005 3862 Mittendi
3038 3820 3176 3862 vero
3213 3820 3386 3863 causa
3424 3805 3552 3862 haec
3588 3805 3700 3862 fuit
3732 3829 3746 3862 :
3778 3804 3942 3864 diem

2226 3908 2398 3950 suum
2448 3892 2639 3965 ejusce
2686 3892 2848 3951 urbis
2889 3894 3357 3968 archiepiscopus
3390 3895 3629 3966 obierat,
3662 3895 3764 3970 qui
3790 3897 3942 3956 dum

2225 3983 2464 4052 viveret,
2534 3983 2812 4042 adversus
2903 3985 3236 4044 Romanum
3310 3986 3642 4059 pontiﬁcem
3719 4003 3946 4047 cornua

434 4064 630 4122 Casini
668 4070 1088 4128 monasterium
1124 4087 1191 4128 ea
1226 4073 1423 4131 omnia
1461 4075 1572 4134 sibi
1608 4080 1887 4137 servanda
1926 4087 2141 4141 statue-
2225 4083 2521 4145 erexerat;
2580 4075 2709 4135 ideo
2781 4077 3063 4135 Romanae
3137 4077 3348 4150 SYDOdi
3406 4077 3694 4136 sententia
3749 4078 3946 4137 fuerat

436 4153 532 4222 rit,
569 4159 627 4210 et
672 4157 824 4212 inter
871 4171 978 4214 sua
1031 4159 1322 4232 regularia
1371 4171 1654 4236 praecepta
1701 4168 1985 4226 conscribi
2035 4186 2141 4228 vo-
2224 4165 2572 4223 damnatus:
2606 4167 2746 4224 adeo
2780 4172 2968 4223 tamen
3005 4166 3347 4224 insolentem
3375 4167 3610 4240 gerebat
3644 4168 3941 4240 animum,

437 4241 630 4302 luerit.
665 4242 832 4304 Libet
879 4246 986 4305 hoc
1042 4249 1166 4308 loco
1212 4249 1498 4310 visionem
1543 4254 1777 4324 referre,
1815 4271 1932 4331 qua
1970 4259 2138 4317 miri-
2225 4260 2292 4309 ut
2328 4269 2444 4310 Ποῐ1
2485 4252 2696 4310 idCiI‘CO
2741 4253 3084 4327 θρίεοορθιίίι
3133 4255 3538 4313 ίηῐθΐῐηὶῐῐθΐθῒ
3577 4256 3802 4326 Πυλαίαν
3837 4259 3942 4314 sed

435 4332 542 4390 tice
591 4335 653 4390 in
708 4334 1106 4396 observatione
1158 4347 1340 4398 sextzc
1384 4341 1544 4399 feriae
1593 4359 1716 4401 mos
1763 4345 2140 4406 conﬁrmatus
2224 4360 2357 4402 cum
2406 4345 2661 4416 quodam
2701 4343 2982 4401 Romanae
3030 4345 3182 4403 sedis
3228 4352 3565 4420 contemptu
3615 4353 3940 4418 exerceret,

432 4430 554 4491 est;
606 4430 662 4483 et
709 4426 847 4498 quia
906 4426 1069 4485 illam
1124 4429 1366 4503 ipsemet
1417 4432 1733 4507 descripsit,
1782 4437 1908 4509 ejus
1962 4431 2620 4509 verbahhabueratque
2655 4430 3067 4505 obsequentem
3103 4434 3216 4492 sibi
3248 4435 3547 4509 populum.
3578 4434 3718 4492 Pius
3739 4441 3944 4493 autem

435 4494 772 4573 subnectain
807 4537 820 4571 ε
857 4539 884 4563 «
921 4515 989 4572 In,
1036 4494 1440 4590 aggrbtantium
1489 4494 1632 4579 cella
1677 4494 1856 4582 senex
1903 4525 2139 4600 quidam
2163 4494 2488 4595 Dpontifex
2534 4520 2806 4579 misertus
2851 4527 3024 4580 tanta-3
3074 4494 3407 4582 animarum
3441 4525 3705 4598 jacturze,
3733 4523 3941 4582 virum

433 4607 595 4675 pater
641 4610 782 4669 erat,
821 4603 938 4661 Leo
981 4607 1236 4679 nomine,
1281 4608 1383 4683 qui
1417 4609 1678 4684 jejuniis,
1713 4612 1972 4685 psalmis,
2018 4629 2141 4672 ora-

433 4690 693 4750 tionibus
730 4692 1034 4753 insistebat
1066 4697 1342 4758 attentius
1371 4718 1383 4756 :
1413 4707 1468 4757 et
1501 4700 1634 4758 licet
1670 4703 1957 4775 corporeis
1993 4711 2142 4762 esset

435 4778 660 4838 viribus
695 4780 923 4854 elfetus,
953 4783 1203 4856 juvenili
1251 4793 1441 4846 tamen
1489 4789 1696 4848 fervidi
1731 4792 1967 4864 spiritus
2019 4801 2141 4852 erat

432 4871 631 4945 vigore
665 4874 957 4933 robustus.
995 4875 1106 4935 Hic
1148 4880 1415 4951 proxima
1460 4889 1644 4954 nocte,
1678 4899 1792 4956 qua
1838 4885 2139 4943 statuenda

431 4967 555 5020 erat
602 4962 729 5021 haec
781 4979 1025 5023 censura
1059 4966 1296 5040 jejunii,
1338 4969 1483 5027 vidit
1536 4987 1634 5044 per
1689 4973 1982 5030 somnium
2021 4989 2139 5031 ma-

435 5067 622 5126 gnum
667 5052 732 5112 in
775 5052 1032 5112 Ecclesia
1084 5056 1327 5116 chorum
1369 5059 1810 5118 consistentium
1866 5062 2134 5135 fratrum,

430 5142 534 5216 qui
581 5157 790 5216 nempe
841 5142 1135 5215 praeclaris
1186 5146 1447 5204 candidis
1501 5147 1761 5206 vestibus
1811 5149 2138 5210 luculenter

428 5229 642 5302 induti,
673 5229 973 5289 dulcisona
1003 5235 1138 5294 satis
1162 5251 1228 5293 ac
1252 5234 1534 5294 melliﬂua
1566 5236 1798 5294 melodii
1826 5245 2136 5300 concentus

431 5319 714 5377 suavitate
758 5321 1063 5380 cantabant
1097 5323 1247 5382 illud
1285 5323 1503 5381 scilicet
1537 5324 1813 5397 Alleluia,
1854 5329 2008 5401 quod
2044 5331 2135 5389 di-

431 5407 604 5478 citur,
663 5411 830 5467 Dulce
893 5413 1122 5482 lignum,
1183 5413 1366 5467 dulces
1424 5413 1628 5478 clavos,
1683 5421 1789 5472 etc.
1849 5415 2136 5478 Videbant

434 5498 630 5566 etiam,
663 5499 815 5571 quod
841 5516 944 5574 per
971 5517 1175 5561 omnes
1204 5500 1488 5558 refectorii
1519 5516 1751 5562 mensas
1773 5522 1949 5579 panes
1973 5517 2138 5568 erant

433 5586 697 5665 appositi,
724 5597 779 5648 et
827 5590 1016 5664 specie
1060 5589 1252 5652 nitidi.
1291 5593 1347 5646 et
1393 5592 1643 5649 nectarei
1687 5601 1890 5666 gustus
1939 5613 2136 5675 sapore

2227 4610 2679 4683 sanctissimum,
2723 4615 2898 4688 cujus
2943 4614 3249 4671 auctoritas
3299 4620 3354 4671 et
3409 4614 3556 4670 fama
3604 4629 3706 4686 per
3756 4618 3943 4673 totam

2225 4700 2451 4758 Italiam
2498 4701 2871 4760 celeberrima
2943 4709 3082 4769 erat,
3139 4719 3207 4760 eo
3269 4703 3446 4775 jussit
3515 4700 3814 4775 proﬁcisci,
3868 4709 3984 4760 ut.

2225 4792 2347 4850 sedi
2382 4791 2711 4864 apostolicae
2755 4793 3029 4850 rebellem
3079 4791 3363 4866 pepulum
3412 4790 3824 4859 reconciliaret,
3875 4799 3941 4849 et

2220 4878 2294 4937 ab
2334 4879 2952 4937 excommunicationis
2991 4879 3311 4938 absolveret
3349 4877 3650 4936 sententia.
3684 4876 3931 4935 Nullum

2221 4969 2378 5026 enim
2429 4968 2612 5040 magis
2651 4967 2948 5039 idoneum,
2980 4975 3082 5026 aut
3108 4968 3481 5026 et‘ﬁcaciorem
3513 4966 3616 5024 illo
3663 4968 3934 5025 futurum

2219 5057 2442 5130 putavit
2466 5072 2733 5115 summus
2769 5064 2945 5132 pater.
2977 5056 3165 5126 Quam
3191 5056 3536 5130 legationem
3563 5055 3680 5125 ille,
3711 5061 3778 5112 ut
3803 5061 3938 5112 erat

2219 5148 2425 5206 salutis
2495 5148 2829 5206 animarum
2897 5147 3336 5206 ardentissimus
3410 5145 3640 5216 zelator,
3699 5145 3933 5203 tametsi

2212 5239 2332 5312 jam
2363 5240 2526 5298 senio
2555 5240 2867 5312 confectus,
2904 5239 3147 5298 libenter
3179 5236 3446 5308 suscepit,
3479 5236 3541 5292 in
3579 5250 3694 5307 qua
3722 5235 3932 5293 divina

2217 5329 2305 5388 illi
2349 5330 2532 5403 gratia
2574 5346 2693 5388 non
2734 5330 2921 5388 defuit
2961 5350 2974 5389 :
3017 5328 3302 5404 siquidem
3350 5326 3645 5385 civitatem
3692 5324 3931 5384 invenit

2216 5419 2472 5478 adventu
2521 5435 2626 5477 suo
2674 5419 2919 5478 mirifice
2969 5419 3240 5489 laetatam,
3278 5423 3334 5476 et
3370 5417 3462 5476 sui
3497 5414 3730 5476 veniam
3775 5431 3932 5475 com-

2215 5509 2380 5568 missi
2442 5517 2758 5584 rogantem.
2831 5509 2956 5580 Qua
3013 5509 3252 5581 quidem
3313 5507 3566 5582 benigne
3627 5521 3924 5580 concessa,

2220 5605 2412 5658 tantus
2461 5599 2573 5657 fuit
2627 5597 2824 5672 populi
2865 5597 3109 5672 plausus
3159 5602 3214 5655 et
3274 5596 3604 5668 exsultatio,
3642 5602 3927 5668 quantam
