4140 6492
141 282 229 339 157

989 281 1570 344 PBOLEGOMENA.
1615 315 1672 324 -
1721 283 1780 342 S.
1823 281 2047 342 PETRI
2085 282 2412 344 DAMIANI
2450 285 2632 345 VITA
2671 287 2774 345 IlI.

3529 283 3636 344 158

136 422 239 466 non
275 405 448 465 facile
484 406 763 480 consequi
807 405 1002 465 verbis
1045 406 1339 483 quispiam
1373 413 1563 485 queat.
1607 407 1838 467 Peracta
1859 408 2096 470 Amodo
2146 409 2386 484 pr0pius
2433 411 2778 484 accedebat,
2837 411 3009 470 modo
3063 408 3450 484 repellebatur
3501 409 3630 466 lon-

136 498 434 572 legatione,
485 497 732 558 Romam
779 498 1042 572 redibat;
1094 515 1347 574 cumque
1387 501 1725 559 Faventiam
1772 499 1844 557 ad

135 589 332 648 urbem
369 588 484 646 sibi
521 589 911 661 gratissimam
941 591 1317 663 pervenisset,
1353 598 1408 648 et
1436 592 1508 649 ad
1550 596 1840 649 monaste—

136 679 279 736 rium
325 677 436 736 Dei
479 676 807 747 Genitricis,
847 678 1002 752 quod
1050 684 1187 738 tunc
1233 685 1396 738 extra
1442 695 1641 739 muros
1681 678 1844 738 urbis

136 772 263 838 erat,
293 765 646 838 divertisset,
686 765 745 823 in
787 766 1214 840 aegritudinem,
1245 785 1378 844 quas
1417 768 1507 826 illi
1546 769 1682 826 vitae
1729 766 1843 825 fuit

136 855 280 925 linis,
339 854 551 912 incidit
605 873 618 911 :
675 871 790 928 qua
836 856 1096 928 quotidie
1150 857 1334 930 magis
1382 856 1838 930 ingravescente,

134 946 306 1004 octavi
363 946 484 1006 diei
548 953 734 1017 nocte,
803 963 980 1021 quam
1056 949 1299 1006 celebris
1353 949 1637 1007 cathedrae
1692 947 1840 1006 beati

137 1035 400 1110 principis
440 1035 829 1109 apostolorum
881 1037 1230 1111 sequebatur
1279 1037 1423 1106 dies,
1478 1037 1839 1110 intempestae

138 1125 308 1181 noctis
381 1123 618 1183 silentio
651 1173 666 1196 ,
731 1127 1170 1185 circumstantes
1245 1126 1457 1185 lectum
1529 1128 1843 1184 monachos

137 1213 362 1286 rogavit,
423 1219 488 1271 ut
537 1221 892 1274 nocturnum
945 1223 1159 1275 sanctas
1226 1217 1514 1276 cathedra—3
1585 1216 1841 1274 oﬂicium

136 1309 586 1377 exsequerentur
620 1323 632 1362 :
661 1320 775 1380 quo
812 1305 979 1364 finito
1020 1323 1212 1380 parvae
1263 1323 1444 1367 morm
1472 1306 1675 1380 spatio,
1706 1305 1838 1363 feli-

135 1407 244 1449 cem
269 1391 389 1450 Deo
417 1392 688 1465 spiritum
730 1394 980 1452 reddidit
1013 1415 1025 1454 :
1058 1400 1122 1454 ut
1170 1412 1284 1470 qua
1326 1396 1420 1454 die
1462 1395 1521 1453 in
1568 1392 1840 1468 pastorali

136 1481 390 1540 cathedra
471 1481 540 1540 B.
619 1481 853 1542 Petrum
928 1484 1182 1543 Ecclesia
1252 1484 1559 1556 locaverat,
1637 1484 1838 1542 eadem

136 1569 269 1627 Petri
310 1569 673 1644 discipulum
712 1572 774 1629 in
819 1572 1037 1631 ccelesti
1084 1573 1216 1631 sede
1266 1574 1496 1632 locaret.
1543 1571 1840 1631 Publicato

135 1658 268 1716 felici
319 1659 512 1730 obitu,
559 1676 785 1735 egressa
838 1666 925 1721 est
963 1663 1035 1722 ad
1087 1663 1421 1722 venerabile
1470 1677 1677 1737 corpus
1721 1661 1841 1718 fere

1927 495 2060 569 gius
2108 517 2122 555 :
2175 498 2278 557 ubi
2353 499 2581 558 felicem
2632 515 2695 558 se
2760 499 3014 572 putabat,
3071 497 3175 572 qui
3227 500 3419 570 posset
3473 495 3636 555 illius

1928 600 2155 654 manus,
2187 586 2279 644 vel
2333 587 2525 660 pedes,
2557 587 2646 644 vel
2695 587 3036 645 linteamina
3069 585 3341 644 osculari.
3374 584 3446 641 Et
3497 585 3636 660 quia

1926 673 1998 732 de
2023 675 2233 733 vicinis
2269 682 2548 733 venerant
2572 675 2732 745 locis,
2763 691 2900 748 quae
2928 675 3030 733 diu
3067 674 3191 746 ipse
3217 673 3357 731 olim
3399 672 3636 730 inhabi-

1928 768 2166 834 taverat,
2213 763 2504 835 monachi,
2544 761 2790 821 adhibiti
2838 768 2976 820 sunt
3021 778 3054 820 a
3093 761 3305 835 populo
3344 759 3631 830 custodes,

1924 867 1998 910 ne
2035 867 2264 910 sacrum
2303 851 2378 910 ab
2419 852 2492 910 iis
2535 852 2779 909 mdaver
2819 853 3182 920 auferretur;
3211 849 3365 923 quod
3394 849 3633 907 domum

1924 940 1982 998 in
2014 941 2276 1013 sepulcro
2305 955 2626 998 marmoreo
2648 939 2927 1011 locarunt,
2961 939 3064 999 ubi
3088 955 3278 1011 usque
3305 937 3368 996 in
3397 937 3632 995 hodier-

1922 1048 2067 1090 num
2098 1030 2252 1089 diem
2282 1029 2482 1088 multis
2513 1029 2788 1102 prodigiis
2813 1033 3079 1086 sanctum
3110 1027 3428 1085 antistitem
3458 1040 3632 1084 suum

1923 1123 2077 1182 Deus
2118 1122 2406 1180 illustrem
2450 1137 2517 1178 ac
2570 1119 2956 1178 venerabilem
2991 1120 3222 1193 p0pulis
3258 1118 3408 1176 facit.
3452 1116 3634 1190 Cujus

1923 1218 2168 1286 spectata
2218 1211 2448 1284 magnis
2490 1209 2851 1268 documentis
2895 1209 3043 1266 mira
3083 1207 3401 1276 sanctitate,
3458 1213 3633 1279 atque

1921 1301 2208 1372 facundia,
2242 1306 2528 1374 quantum
2569 1298 2732 1356 sidus
2778 1298 2840 1355 in
2881 1296 3135 1354 Ecclesia
3181 1295 3283 1354 Dei
3323 1294 3633 1367 exstiterit,

1921 1391 2024 1463 qui
2069 1405 2156 1460 ea,
2210 1403 2346 1462 quas
2398 1387 2469 1445 de
2527 1385 2628 1444 illo
2677 1385 3080 1459 compendiose
3141 1383 3547 1457 descripsimus
3608 1401 3624 1440 :

1921 1479 2140 1552 quique
2192 1476 2514 1537 luculentos
2567 1491 2633 1533 ac
2675 1474 3086 1534 saluberrimos
3132 1472 3295 1531 illius
3339 1487 3635 1531 sermones

1922 1569 2189 1643 legerint,
2223 1568 2439 1639 testari,
2477 1567 2540 1625 ni
2577 1566 2769 1637 fallor,
2823 1565 3056 1624 abunde
3092 1568 3379 1638 poterunt.
3421 1563 3631 1621 Beatus

1922 1666 2119 1718 autem
2153 1659 2356 1716 Petrus
2409 1658 2560 1715 circa
2610 1672 2834 1715 annum
2885 1655 3100 1713 Christi
3143 1653 3527 1711 millesimum
3573 1657 3630 1710 et

137 1755 231 1806 tota
267 1748 500 1819 civitas,
541 1757 608 1809 ut
641 1752 984 1812 conﬂuentis
1033 1753 1432 1813 multitudinis
1471 1769 1629 1812 sacra
1664 1747 2337 1832 aedes,Boctogesimum
2381 1746 2536 1803 diem
2580 1761 2756 1804 suum
2803 1744 2968 1815 obiit,
2999 1757 3247 1816 magnus
3290 1741 3632 1800 Faventiam

136 1841 184 1897 in
215 1855 328 1913 qua
355 1839 606 1914 jacebat,
639 1857 821 1914 capax
857 1857 977 1901 non
1007 1849 1156 1902 esset
1199 1863 1210 1902 :
1252 1848 1308 1902 et
1333 1858 1492 1902 more
1522 1843 1838 1911 undarum,

1923 1837 2086 1898 urbis
2113 1841 2394 1910 protector
2416 1840 2474 1893 et
2499 1841 2712 1894 custos.

1167 2153 1530 2268 BEATI
1613 2151 1978 2266 PETRI
2064 2146 2599 2263 DAMIANI

1632 2364 1840 2436 VITA
1893 2361 2130 2436 ALIA.

140 2513 222 2576 Ex
257 2514 621 2593 Augustino
673 2513 1005 2590 Fortunio,
1039 2516 1360 2579 monacho
1398 2515 1926 2595 congregationis
1973 2510 2530 2581 Camaldulensis,
2562 2511 2815 2572 ordinis
2859 2509 2930 2574 S.
2969 2510 3038 2571 P.
3077 2508 3424 2585 Benedicti,
3473 2509 3628 2571 libro

369 2617 601 2695 quinto
631 2615 1076 2688 Historiarum
1104 2614 1739 2690 Camaldulensium,
1773 2622 1836 2677 et
1853 2615 2067 2694 partis
2088 2612 2458 2693 posterioris
2485 2630 2530 2674 α
2561 2611 2776 2690 capite
2805 2611 2843 2672 6
2871 2626 3068 2688 usque
3097 2608 3188 2671 ad
3227 2611 3364 2672 144.

1679 2795 1760 2802 -ν-

1765 2791 2064 2802 ___——————

198 2921 396 2980 Petrus
471 2920 793 2980 Damianus
859 2920 1153 2980 Ravenna
1207 2926 1367 2981 ortus
1417 2928 1520 2991 est,
1586 2915 2053 2977 honestistuit
2095 2912 2476 2982 vestimentis,
2511 2920 2567 2971 et
2617 2912 2690 2968 ad
2747 2910 3002 2969 scholam
3041 2911 3201 2967 misit
3251 2909 3313 2966 in
3347 2924 3632 2979 gramma-

137 3011 482 3084 parentibus,
525 3012 626 3070 sed
678 3010 872 3085 parvis
915 3011 1122 3086 opibus
1166 3027 1232 3070 ac
1274 3009 1643 3069 facultatibus
1688 3023 1835 3082 prre-

135 3098 254 3157 ditis
280 3118 296 3171 ;
321 3115 506 3174 quem
554 3115 693 3159 cum
726 3105 909 3158 mater
944 3107 1299 3174 postremum
1347 3098 1659 3172 genuisset,
1687 3096 1838 3155 acci-

135 3187 205 3246 dit
227 3189 478 3264 quadam
518 3189 632 3259 die,
669 3196 735 3248 ut
765 3189 1212 3263 grandiusculus
1241 3188 1400 3246 ﬁlius
1442 3188 1839 3261 prae'pauper-

135 3283 232 3335 tate
297 3283 686 3351 quasreretur,
743 3285 799 3337 et
873 3278 1226 3336 exclamaret
1282 3297 1294 3336 :
1354 3277 1498 3335 Ecce
1565 3278 1686 3350 jam
1761 3281 1841 3333 tot

135 3381 346 3437 sumus,
376 3373 521 3441 quot
548 3368 758 3426 domus
799 3384 906 3427 nos
950 3368 1194 3426 minime
1223 3383 1424 3441 capere
1464 3373 1664 3442 potest.
1699 3365 1840 3437 Qui-

136 3454 234 3512 bus
267 3454 467 3513 verbis
514 3462 694 3515 mater
745 3472 804 3515 se
854 3456 1314 3516 infelicissimam
1360 3471 1658 3526 accusans,
1689 3455 1842 3530 quod

135 3545 374 3603 nimium
408 3545 616 3604 fertilis
647 3551 816 3617 esset,
847 3562 922 3605 ex
958 3561 1025 3605 ea
1062 3547 1205 3605 hora
1242 3546 1330 3604 lac
1359 3545 1650 3604 infantulo
1675 3547 1840 3606 Petro

138 3648 334 3706 negare
392 3635 566 3709 cmpit
615 3656 628 3694 :
671 3635 968 3710 nullisque
1015 3637 1144 3710 ejus
1185 3634 1502 3710 ploratibus
1543 3651 1610 3694 ac
1661 3635 1842 3709 ejula-

139 3721 278 3781 tibus
301 3731 614 3790 commota,
643 3724 813 3784 illum
858 3724 1090 3798 frigoris
1119 3724 1310 3797 algore
1360 3738 1427 3781 ac
1467 3725 1620 3782 fame
1658 3723 1844 3798 perire

140 3811 209 3868 nil
254 3819 443 3870 curat.
474 3813 543 3870 Id
574 3813 820 3874 audiens
851 3814 1118 3889 quzedam
1143 3814 1344 3894 _vicina
1373 3813 1586 3887 pellex,
1614 3813 1716 3872 illo
1743 3829 1842 3871 ac-

139 3902 320 3972 currit,
361 3909 420 3959 et
457 3902 660 3961 matris
706 3904 1100 3965 crudelitatem
1147 3908 1353 3966 acriter
1394 3922 1661 3981 arguens,
1704 3906 1842 3964 eﬂ‘e-

138 3999 310 4051 ratum
339 3991 610 4052 animum
647 4001 774 4067 post
819 3997 1064 4055 multam
1104 3996 1563 4056 adhortationem
1609 3997 1841 4054 tandem

138 4079 308 4153 leniit,
362 4097 541 4158 seque
593 4083 682 4141 illi
737 4085 948 4144 sociam
1001 4087 1186 4146 multa
1232 4089 1484 4163 jungens
1540 4087 1838 4163 charitate,

135 4169 324 4229 calidis
378 4171 571 4244 aquis,
611 4173 841 4246 pannis,
889 4173 1139 4247 aliisque
1184 4161 1525 4250 opportunis
1569 4161 1840 4236 remediis

1921 3003 2048 3062 ticis
2073 3001 2280 3062 studiis
2318 2997 2703 3060 erudiendum
2743 3019 2756 3059 :
2790 3015 2969 3073 quem
2999 3013 3134 3056 cum
3166 2997 3383 3070 optimo
3420 2996 3636 3071 praedi-

1922 3099 2044 3151 tum
2096 3093 2331 3166 ingenio
2368 3093 2751 3164 cognovisset,
2801 3096 2856 3148 et
2901 3089 2973 3147 ad
3025 3088 3444 3163 amplexandas
3490 3087 3637 3146 alias

1921 3185 2257 3259 disciplinas
2327 3184 2627 3255 idoneum,
2689 3181 3025 3241 Faventiam
3088 3180 3367 3254 primum,
3425 3177 3636 3238 deinde

1923 3275 2189 3333 Parmam
2226 3274 2405 3345 misit,
2435 3289 2500 3331 ac
2535 3272 2699 3340 fovit,
2728 3278 2793 3330 ut
2831 3270 3011 3329 doctis
3047 3269 3191 3328 viris
3226 3283 3459 3343 operam
3498 3267 3637 3326 dare

1921 3363 2387 3422 commodissime
2424 3368 2632 3435 posset.
2679 3361 2785 3419 Ubi
2824 3375 2958 3419 cum
3014 3358 3177 3417 brevi
3229 3358 3432 3416 Petrus
3478 3355 3637 3414 mul-

1925 3460 2049 3511 tum
2083 3451 2434 3526 profecisset,
2467 3465 2678 3509 nomen
2715 3448 2976 3507 Damiani
3011 3448 3084 3506 ab
3122 3447 3250 3520 ejus
3288 3446 3525 3504 nomine
3557 3443 3640 3502 sic

1923 3541 2248 3614 usurpavit,
2274 3545 2340 3598 ut
2374 3556 2434 3598 se
2471 3539 2709 3598 Petrum
2750 3537 3015 3595 Damiani
3055 3551 3281 3611 semper
3319 3533 3643 3593 subscribe-

1925 3636 2029 3687 ret.
2060 3628 2361 3703 Tantaque
2412 3627 2524 3686 fuit
2565 3627 2626 3686 in
2671 3623 3171 3700 apprehendendis
3206 3623 3492 3682 bonarum
3543 3638 3637 3680 ar-

1924 3720 2070 3777 tium
2122 3718 2446 3790 disciplinis
2482 3718 2608 3790 ejus
2645 3715 2914 3784 eruditio,
2968 3719 3189 3772 tantum
3248 3711 3524 3782 nominis,
3573 3726 3639 3768 ac

1925 3811 2098 3868 fama;
2147 3809 2387 3868 studiosi
2436 3806 2690 3880 juvenis,
2734 3821 2800 3863 ac
2853 3803 3052 3862 diserti
3095 3802 3207 3861 sibi
3258 3799 3633 3874 comparavit,

1922 3906 1989 3959 ut
2021 3897 2323 3956 rhetoricas
2369 3902 2427 3953 et
2453 3893 2802 3968 eloquentiae
2829 3889 3136 3951 volumina
3177 3890 3240 3948 in
3285 3904 3495 3962 magna
3530 3905 3638 3949 au-

1923 3988 2175 4046 ditorum
2261 3983 2603 4058 frequentia,
2661 3981 2951 4057 explicare
3000 3997 3034 4039 a
3088 3977 3503 4052 condiscipulis
3584 3983 3643 4038 et

1922 4077 2150 4152 magnis
2173 4077 2317 4135 viris
2349 4077 2422 4135 sit
2451 4080 2701 4134 coactus.

1993 4172 2139 4231 Cum
2190 4187 2328 4229 vero
2377 4173 2654 4229 cresceret
2689 4167 2754 4225 in
2793 4167 2918 4226 dies
2969 4165 3266 4224 favoribus
3315 4162 3636 4237 gratiaque,

135 4257 419 4328 adhibitis,
459 4260 809 4320 seminecem
854 4263 1159 4337 infantem,
1204 4265 1307 4336 qui
1355 4264 1463 4322 vix
1507 4261 2140 4342 palpitabat,Ddivitiis
2195 4275 2428 4336 quoque
2475 4263 2532 4317 et
2577 4256 2931 4326 auctoritate,
2979 4259 3212 4328 repente
3264 4252 3467 4311 divino
3519 4251 3639 4342 spif

138 4348 341 4406 nedum
369 4349 528 4407 vocis
555 4365 765 4408 sonum
787 4350 1091 4423 emitteret,
1115 4353 1424 4412 revocandi
1445 4353 1515 4411 ad
1538 4353 1717 4412 vitam
1740 4341 1887 4412 ex:
1926 4351 2042 4410 ritu
2098 4352 2346 4423 afﬂatus,
2407 4349 2664 4423 seipsum
2714 4349 2992 4420 increpat,
3046 4345 3245 4402 dicens
3296 4363 3309 4402 :
3361 4341 3640 4415 Nunquid

137 4439 266 4497 stitit
290 4439 543 4499 auctrix.
571 4438 801 4500 Exinde
827 4457 973 4516 puer
995 4442 1308 4503 ablactatus
1336 4448 1583 4518 utroque
1609 4444 1844 4504 orbatur

137 4536 378 4601 parente,
429 4545 702 4605 curaeque
756 4532 1103 4592 commissus
1146 4536 1341 4594 fratris
1374 4535 1607 4611 majoris
1655 4542 1838 4596 natu:

136 4620 227 4691 qui
265 4619 373 4679 ubi
410 4636 656 4681 uxorem
694 4621 886 4696 duxit,
922 4624 1157 4684 Petrum
1197 4627 1559 4700 superﬂuum
1603 4626 1840 4686 fratrem

136 4709 238 4767 acri
288 4709 573 4769 servitute
611 4727 869 4785 premere
913 4730 980 4773 ac
1027 4715 1367 4775 verberibus
1416 4716 1639 4776 aﬂicere
1681 4734 1838 4776 nun-

135 4812 301 4869 quam
352 4799 543 4870 desiit,
577 4801 757 4860 donec
794 4803 967 4862 illum
1019 4819 1327 4876 porcorum
1370 4821 1602 4880 quoque
1645 4813 1839 4866 custo-

132 4885 254 4944 dem
325 4887 481 4946 fecit.
547 4889 618 4948 In
667 4907 733 4951 eo
796 4892 900 4951 vili
952 4893 1283 4967 magisterio
1332 4895 1554 4968 positus
1613 4895 1836 4966 Petrus,

130 4983 347 5050 reperto
400 4979 649 5054 quadam
712 4980 806 5040 die
854 4998 1098 5041 nummo
1143 4991 1433 5058 argenteo,
1467 5001 1662 5044 secum
1710 5001 1844 5058 gra-

130 5065 487 5126 tulabundus
513 5069 796 5142 cogitabat
815 5071 956 5146 quid
978 5087 1053 5130 ex
1076 5088 1142 5131 eo
1170 5081 1417 5144 emeret;
1452 5075 1684 5132 tandem
1710 5090 1847 5133 vero

128 5155 404 5226 piissimae
461 5157 675 5216 mentis
709 5157 862 5217 intra
899 5175 960 5218 se
995 5160 1146 5219 dixit
1181 5186 1194 5221 :
1235 5161 1484 5236 Expedit
1520 5165 1630 5223 hoc
1661 5179 1848 5222 sacer-

127 5243 238 5302 doti
280 5246 524 5318 tradere,
566 5246 668 5323 qui
706 5262 829 5305 rem
886 5265 1107 5308 sacram
1142 5267 1246 5326 pro
1287 5252 1484 5310 anima
1518 5254 1697 5327 patris
1733 5255 1849 5312 mei

131 5335 308 5393 faciat.
361 5335 500 5393 Erat
542 5333 597 5394 ei
649 5335 800 5396 alius
847 5337 1022 5398 frater
1074 5339 1393 5401 Damianus
1439 5343 1698 5415 nomine,
1747 5344 1848 5417 qui

135 5420 346 5498 aliquot
379 5437 568 5481 annos
605 5439 640 5482 a
677 5426 861 5500 patria
898 5427 1178 5487 abfuerat.
1214 5427 1276 5487 'Is
1315 5429 1566 5503 rediens,
1603 5437 1658 5489 et
1697 5431 1848 5490 Petri

138 5510 319 5572 fratris
391 5513 704 5574 miseratus
775 5532 1090 5592 aerumnas,
1142 5520 1330 5596 patrio
1388 5527 1568 5580 tactus
1627 5537 1844 5594 amore,

138 5601 340 5662 exemit
371 5618 512 5664 mox
549 5602 722 5664 illum
759 5605 832 5665 de
865 5608 1179 5668 miserabili
1219 5607 1522 5681 servitute,
1550 5611 1719 5670 novis
1760 5611 1848 5669 in-

1925 4459 2030 4516 ego
2084 4442 2178 4499 bis
2236 4441 2468 4500 caducis
2523 4445 2579 4498 et
2635 4437 2960 4496 interituris
3017 4440 3296 4510 perpetuo
3355 4434 3643 4492 inhaerere

1925 4531 2155 4592 debeo?
2205 4533 2476 4590 Annon
2526 4528 2718 4604 potius
2762 4528 2855 4586 bis
2915 4527 3159 4601 rejectis,
3195 4522 3448 4582 cmlestia
3499 4537 3638 4580 con-

1922 4627 2121 4691 secter,
2161 4621 2302 4678 dum
2343 4625 2480 4677 tetas
2518 4617 2694 4690 viget,
2726 4615 2866 4674 dum
2899 4630 3172 4689 prospera
3215 4609 3526 4670 mulcent?
3550 4610 3643 4668 Ex

1921 4729 2036 4789 quo
2084 4712 2177 4771 die
2215 4709 2484 4784 quamvis
2525 4706 2831 4768 exterioris
2863 4705 3055 4764 cultus
3091 4702 3277 4777 specie
3314 4705 3504 4774 tegere
3546 4701 3644 4758 ni-

1922 4807 2154 4872 teretur,
2201 4798 2357 4872 quod
2409 4799 2605 4856 animo
2652 4800 3008 4869 conceperat,
3061 4789 3412 4866 pedetentim
3455 4794 3644 4847 tamen

1920 4908 1955 4950 a
1984 4888 2297 4950 mundanis
2329 4889 2536 4948 studiis
2571 4887 2645 4946 ad
2689 4901 2910 4945 sacram
2947 4897 3215 4942 revocare
3251 4879 3476 4939 studuit
3512 4879 3645 4953 phi-

1925 4983 2272 5058 1050phiam,
2325 4986 2557 5054 totoque
2603 4978 2816 5037 mentis
2863 4977 3073 5034 affectu
3121 4972 3452 5032 coelestibus
3493 4971 3645 5058 aspi-

1929 5057 2069 5132 rans
2111 5069 2300 5141 bonis,
2346 5069 2549 5128 subtus
2597 5067 2855 5126 cilicium
2908 5063 3121 5135 induit,
3173 5061 3438 5137 jejuniis,
3495 5057 3652 5127 vigi—

1929 5165 2146 5238 liisque
2179 5167 2236 5221 et
2273 5161 2635 5219 orationibus
2683 5155 2922 5214 sedulus
2969 5153 3278 5213 incumbit.
3306 5151 3459 5210 Dum
3507 5161 3646 5238 vero

1931 5237 2120 5312 carnis
2151 5250 2402 5310 stimulis
2427 5265 2532 5324 pro
2555 5245 2884 5321 juventutis
2908 5261 3085 5303 cursu
3113 5261 3173 5302 se
3201 5240 3406 5317 agitari
3438 5237 3647 5297 acriter

1932 5344 2128 5414 sentit,
2158 5341 2251 5400 vel
2291 5339 2498 5399 mediis
2525 5336 2792 5396 noctibus
2826 5327 3031 5410 surgit,
3065 5331 3403 5392 ﬂuvialibus
3431 5344 3492 5387 se
3529 5328 3643 5387 im-

1931 5433 2140 5507 mergit
2171 5430 2340 5505 aquis
2368 5453 2382 5488 :
2416 5426 2625 5486 deinde
2660 5439 2975 5500 regressus,
3006 5436 3124 5480 non
3162 5419 3376 5477 lectum
3424 5415 3652 5507 repetit,

1929 5519 2027 5580 sed
2064 5505 2291 5591 templa
2338 5513 2708 5584 circumiens,
2739 5507 3077 5585 psalterium
3121 5511 3253 5565 ante
3301 5505 3654 5575 matutinam

1929 5611 2128 5670 horam
2155 5606 2442 5682 complere
2467 5603 2682 5662 studet.
