4140 6456
513 271 613 333 159
1424 271 1483 332 S.
1529 272 1822 334 PETBUS
1861 271 2148 331 DAMIAN

2417 273 2465 332 ἰ.
2507 273 2574 331 Ε.
2617 273 3095 334 GARDINALIS.
3925 268 4052 328 160

581 400 892 461 Munificus
926 401 1065 459 item
1121 414 1255 472 erga
1284 415 1563 473 pauperes
1603 398 1814 456 Christi
1852 398 2052 468 factus,
2086 397 2553 473 illosAquatuor
2607 401 2730 458 dies
2780 399 2841 458 in
2896 399 3255 458 hebdomada
3309 398 3367 454 in
3422 410 3569 471 pane
3607 401 3664 455 et
3711 410 3865 469 aqua
3921 403 4050 454 tra-

511 491 842 563 frequenter
863 489 934 546 ad
957 488 1266 562 prandium
1288 494 1468 547 vocat.
1501 487 1664 546 Unde
1683 502 1815 544 cum
1843 489 2092 560 quadam
2119 488 2214 546 die
2297 495 2511 549 ducere
2562 513 2575 547 :
2640 489 2807 548 tertia
2858 497 2914 546 et
2963 489 3167 562 quinta
3222 487 3363 546 feria
3418 502 3626 560 parum
3701 487 4051 560 leguminis

509 596 640 639 cum
667 580 846 639 sodali
874 580 1196 654 pranderet,
1224 596 1329 637 nec
1353 579 1516 638 aliud
1541 579 1773 636 haberet
1801 594 1976 654 quam
2006 594 2215 652 panem
2299 579 2514 651 singuli
2538 579 2767 648 addere,
2791 577 3072 653 panisque
3093 592 3212 635 non
3238 581 3521 650 quantum
3547 575 3802 650 quisque
3827 575 4044 644 vellet,

512 673 751 730 unicum
789 687 862 729 ex
911 671 1242 745 similagine
1289 669 1482 739 tritici,
1531 670 1796 742 socioque
1839 669 2218 728 secundarius
2299 670 2397 727 sed
2425 676 2576 727 certa
2606 685 2879 728 mensura
2917 668 3126 727 diebus
3153 667 3362 741 jejunii
3399 666 3683 741 praeberi:
3719 666 3936 724 vinum
3971 667 4046 724 in

510 762 675 833 panis
756 760 1112 820 famulorum
1162 761 1363 820 fuisset
1417 760 1712 832 appositus
1746 780 1760 829 ;
1823 759 2023 819 Petrus
2077 776 2216 819 mox
2301 758 2580 816 sacrificio
2616 758 2810 816 missae
2850 765 3099 829 tantum,
3130 763 3305 831 atque
3341 755 3754 828 aegrotantibus
3789 762 4043 826 notum,

511 865 708 909 secum
734 849 894 923 loqui
924 851 1096 924 ccepit
1129 873 1142 906 :
1176 847 1438 906 Christus
1465 848 1535 906 ad
1569 863 1826 905 mensam
1853 863 2041 905 meam
2070 848 2216 906 mihi
2302 847 2451 905 nulli
2481 853 2794 920 praeterea:
2829 846 3199 920 nudipedalia
3235 845 3295 901 in
3331 843 3492 902 omni
3531 851 3788 917 tempore
3831 852 4046 918 gesta-

510 940 752 998 inferior
776 941 898 998 est?
925 939 995 996 Et
1021 938 1176 1012 quod
1204 935 1478 1010 injuriam
1508 936 1659 994 socio
1691 936 1912 993 fecisset
1951 936 2217 994 animad-
2302 951 2384 1007 re,
2437 936 2660 1008 rejectis
2717 935 2936 1009 caligis.
2970 935 3036 992 In
3089 951 3204 1008 quo
3259 950 3470 1008 genere
3523 933 3659 991 vitae
3705 934 3920 992 Petrus
3975 947 4046 990 se

512 1037 762 1099 vertens,
791 1028 1018 1102 spinam
1047 1026 1220 1100 piscis
1252 1025 1311 1082 in
1344 1033 1577 1097 gutture
1611 1024 1721 1083 sibi
1754 1025 2055 1083 inhaesisse
2086 1041 2216 1097 per-
2303 1026 2726 1084 studiosissime
2757 1042 3052 1090 exercens,
3083 1024 3228 1083 illud
3255 1024 3534 1082 addebat:
3568 1040 3704 1082 nam
3731 1039 3868 1082 cum
3891 1029 4042 1080 ante

516 1117 713 1187 sensit,
747 1131 862 1189 qua
886 1113 1340 1187 strangularetur
1371 1136 1383 1170 :
1425 1113 1579 1187 quod
1607 1119 1835 1186 propter
1872 1112 2218 1170 dissimilem
2302 1115 2648 1173 matutinam
2688 1113 2962 1188 synaxim
2995 1113 3215 1187 singuli
3245 1113 3316 1171 de
3355 1128 3513 1171 more
3547 1111 3894 1185 psalterium
3938 1126 4040 1168 re-

516 1207 710 1277 ipsum
755 1219 963 1276 panem
1003 1202 1156 1261 socio
1190 1201 1543 1274 assignatum
1589 1202 1698 1260 sibi
1752 1202 2025 1260 accidisse
2055 1201 2216 1275 judi-
2302 1203 2573 1272 citarent,
2610 1202 2775 1276 signo
2807 1202 3118 1276 temperius
3147 1209 3526 1274 personante,
3561 1200 3660 1258 ille
3689 1201 3842 1272 signi
3875 1208 4042 1260 tem-

511 1305 672 1362 cans,
705 1291 862 1350 illico
889 1307 1100 1364 panem
1128 1305 1263 1348 cum
1301 1289 1454 1348 socio
1493 1289 1888 1358 commutavit,
1916 1290 2219 1362 primoque
2304 1310 2412 1367 pus
2457 1293 2708 1351 nimium
2747 1292 3130 1366 praeveniens,
3162 1298 3387 1366 propter
3435 1291 3648 1348 nimias
3682 1290 3922 1364 vigilias
3968 1292 4038 1348 in

515 1381 642 1453 ejus
667 1381 802 1440 bolo
831 1397 891 1438 se
919 1380 1283 1438 convaluisse
1311 1379 1600 1452 cognovit,
1634 1378 2083 1451 laetissimusque
2113 1377 2221 1434 mi-
2304 1396 2439 1439 eum
2470 1379 2671 1438 incidit
2691 1380 2978 1446 morbum,
3004 1388 3069 1438 ut
3093 1379 3440 1438 beneﬁcium
3466 1379 3680 1448 somni,
3707 1377 3846 1436 laeso
3869 1394 4043 1437 cere-

517 1471 777 1530 raculum
805 1470 1031 1529 cunctis
1059 1470 1300 1542 aperuit.
2307 1471 2427 1541 bro,
2455 1470 2752 1541 amiserit;
2797 1471 2895 1529 sed
2938 1469 3212 1528 adhibitis
3259 1468 3712 1535 medicamentis,
3740 1468 3846 1526 Dei
3895 1484 4039 1540 gra-

589 1559 686 1618 Sic
712 1575 849 1632 ergo
878 1559 938 1616 in
970 1558 1126 1616 bivio
1157 1559 1496 1632 Pythagorae
1525 1559 1762 1631 positus,
1791 1558 2067 1615 dextrum
2101 1555 2220 1613 cal-
2309 1561 2404 1628 tia,
2433 1559 2746 1618 convaluit.
2790 1561 3053 1634 Cumque
3096 1574 3129 1616 a
3169 1559 3423 1617 docendo
3472 1564 3527 1615 et
3575 1557 3882 1615 scribendo
3925 1559 4043 1615 vix

518 1650 632 1708 lem
662 1650 1059 1724 arripiendum
1114 1655 1411 1719 statuens;
1460 1649 1602 1707 dum
1641 1651 1711 1706 de
1759 1645 2222 1706 abrenuntiando
2307 1649 2487 1708 ullam
2515 1651 2770 1724 quietem
2801 1651 3055 1721 accipere
3085 1654 3291 1721 posset,
3324 1653 3480 1705 tanta
3501 1647 3840 1705 divinarum
3866 1646 4040 1705 Scri-

517 1737 730 1795 saeculo
790 1752 986 1796 secum
1062 1736 1291 1810 cogitat,
1340 1742 1395 1793 et
1446 1735 1735 1809 quomodo
1795 1741 1960 1791 extra
2012 1732 2612 1820 patriosBpturarum
2643 1738 2882 1796 scicntia
2915 1738 3108 1796 clarus
3139 1735 3337 1794 haberi
3365 1735 3556 1808 coepit,
3591 1741 3811 1809 quanta
3863 1735 4045 1810 prius

517 1827 665 1884 fines
720 1825 782 1884 id
833 1831 1083 1899 praestet,
1113 1825 1319 1883 accidit
1365 1831 1430 1884 ut
1470 1824 1588 1882 duo
1645 1825 1846 1882 fratres
1894 1838 1967 1881 ex
2021 1821 2224 1880 solitu-
2313 1829 2704 1887 humanarum
2734 1827 3054 1900 polluisset.

516 1913 654 1971 dine
685 1914 884 1972 Fontis
920 1911 1753 1985 Avellanicmlitusinspirati,
1783 1913 1854 1970 ad
1882 1911 2052 1970 illum
2083 1912 2226 1968 forte
2384 1915 2579 1973 Edidit
2653 1922 2847 1973 autem
2913 1911 3126 1987 primis
3206 1915 3326 1973 fere
3405 1912 3758 1987 temporibus
3843 1911 4038 1970 vitam

519 2003 805 2071 venerint,
847 2017 994 2074 quos
1041 2017 1174 2059 cum
1224 2001 1628 2071 interrogasset
1670 2000 1820 2058 inter
1867 1999 2225 2073 loquendum
2315 2001 2373 2062 S.
2406 2002 2468 2060 P.
2501 2001 2831 2072 Romualdi,
2861 2003 3087 2061 circiter
3114 2018 3337 2061 annum
3370 2001 3602 2060 Domini
3638 2000 4040 2059 millesimum

516 2089 588 2148 de
629 2089 955 2163 aliquorum
999 2089 1391 2158 conversione,
1430 2087 1605 2146 simul
1657 2095 1852 2146 utrum
1906 2089 2029 2162 ipse
2075 2103 2224 2163 quo-
2311 2090 2840 2164 quadragesimum,
2881 2091 3031 2149 sicut
3075 2107 3148 2149 ex
3188 2107 3287 2149 ore
3332 2089 3564 2164 proprio
3603 2088 4041 2162 discipulorum

518 2193 635 2250 que
681 2175 744 2234 in
793 2177 1209 2235 monasterium
1251 2176 1322 2233 ab
1362 2175 1566 2233 abbate
1606 2177 1973 2248 reciperetur,
2006 2183 2062 2233 et
2114 2176 2224 2248 ipsi
2312 2176 2474 2235 illius
2498 2178 2733 2252 accepit,
2760 2177 2863 2254 qui
2891 2178 2952 2235 in
2974 2193 3166 2236 eremo
3195 2178 3388 2236 vicina
3421 2177 3615 2237 Sitriae
3642 2176 3988 2234 habitabant
4019 2196 4036 2235 :

519 2264 761 2324 omnino
802 2272 1169 2337 recepturum
1208 2263 1675 2337 respondissent;
1718 2270 1855 2323 tunc
1887 2263 2074 2322 voluit
2107 2263 2226 2322 illis
2313 2265 2460 2323 sicut
2497 2266 2670 2322 etiam
2699 2266 2769 2323 de
2801 2273 3072 2338 tempore,
3104 2267 3167 2324 in
3207 2265 3504 2325 Chronicis
3536 2265 3870 2340 majoribus,
3916 2264 4040 2323 Ve-

516 2355 654 2413 dare
704 2355 985 2427 scyphum
1035 2361 1390 2426 argenteum,
1452 2369 1630 2426 quem
1683 2355 1756 2412 ab
1807 2353 2070 2412 abbatem
2121 2353 2225 2412 de-
2313 2353 2484 2411 netiis
2529 2355 2588 2411 in
2645 2354 2815 2414 domo
2866 2355 3158 2412 Francisci
3204 2354 3541 2425 Justiniani,
3588 2353 3854 2426 legimus.
3901 2352 4041 2422 Qua

520 2446 757 2504 ferrent.
807 2444 968 2514 Quod
1021 2461 1153 2504 cum
1207 2445 1295 2502 illi
1350 2446 1534 2503 facere
1586 2445 2026 2515 recusavissent,
2073 2443 2226 2518 quod
2313 2447 2466 2503 fama
2519 2445 2806 2519 impulsus
2862 2441 3040 2502 Wido
3094 2442 3481 2504 Strambiatus
3539 2443 3713 2502 abbas
3771 2442 4038 2501 coenobii

520 2551 626 2593 nec
653 2533 830 2592 abbas
867 2533 930 2591 in
972 2539 1207 2607 argento
1248 2533 1485 2602 biberet,
1519 2548 1624 2590 nec
1667 2532 1977 2590 monachos
2017 2532 2102 2589 fas
2143 2537 2228 2590 est
2315 2536 2701 2609 Pomposiani,
2740 2537 2954 2609 legatos
3001 2535 3073 2593 ad
3118 2535 3384 2592 abbatem
3426 2534 3776 2592 Avellanum
3825 2533 4034 2605 mittit,

516 2639 728 2682 aurum
768 2622 859 2681 vel
896 2630 1203 2695 argentum
1242 2637 1438 2679 secum
1478 2620 1708 2690 habere,
1735 2621 1839 2694 qui
1878 2619 2229 2694 paupertatis
2314 2625 2625 2700 multisque
2654 2624 2920 2699 precibus
2947 2623 3181 2682 Petrum
3205 2623 3328 2681 dari
3355 2639 3480 2681 suae
3506 2619 3799 2692 juventuti
3825 2621 4038 2679 docto-

518 2718 720 2771 votum
746 2712 990 2785 professi
1021 2716 1194 2782 sunt;
1232 2711 1489 2770 laudavit
1523 2710 1725 2768 Petrus
1763 2726 1963 2769 eorum
1989 2724 2224 2782 respon-
2312 2731 2432 2773 rem
2463 2722 2680 2772 exorat.
2719 2714 2828 2772 Ubi
2860 2729 2992 2772 cum
3027 2713 3330 2772 biennium
3368 2713 3667 2784 exegisset,
3699 2711 3882 2771 multo
3908 2727 4039 2770 mo-

519 2816 672 2870 sum,
696 2807 753 2857 et
779 2808 1110 2874 conceptam
1135 2799 1205 2858 de
1234 2799 1343 2858 loci
1368 2800 1663 2858 sanctitate
1688 2799 2020 2874 Opinionem
2044 2798 2228 2872 magis
2314 2807 2634 2864 nachorum
2682 2805 2959 2878 profectu,
3000 2804 3273 2862 defuncto
3323 2817 3428 2862 suo
3468 2803 3692 2874 abbate,
3723 2808 3810 2860 est
3857 2817 4037 2860 revo-

521 2906 589 2949 ac
622 2890 806 2962 magis
837 2891 1143 2949 roboravit.
2311 2900 2473 2953 catus
2516 2895 2586 2952 ad
2631 2909 2797 2954 suam
2841 2893 3108 2952 dilectam
3156 2891 3550 2962 solitudinem,
3595 2889 3802 2964 illique
3848 2889 4037 2948 abbas

592 2979 678 3037 Ne
728 2985 919 3038 autem
964 2996 1084 3037 rem
1133 2986 1345 3039 tantam
1395 2981 1630 3054 aggredi
1682 2982 1807 3040 sine
1854 2980 2227 3039 fundamento
2313 2986 2678 3058 subregatus.

522 3068 815 3126 videretur
853 3074 916 3126 ut
960 3070 1304 3142 prudentem
1341 3085 1408 3128 ac
1449 3069 1760 3144 sapientem
1805 3069 1998 3128 virum
2043 3069 2224 3139 decet,
2248 3119 2290 3148 n
2384 3074 2571 3148 Igitur
2625 3072 2958 3145 insignibus
3011 3070 3326 3144 susceptis,
3383 3078 3440 3129 et
3485 3069 3988 3146 administratione
4017 3115 4037 3143 ,

520 3157 842 3230 periculum
873 3165 1005 3215 ante
1042 3159 1238 3216 omnia
1276 3160 1460 3216 facere
1499 3158 1702 3229 voluit,
1728 3165 1926 3217 utrum
1959 3157 2291 3216 monasti-”
2312 3162 2641 3222 coenobium
2680 3161 2742 3218 in
2776 3175 3011 3218 omnem
3045 3158 3335 3232 imprimis
3368 3159 3684 3218 sanctitatis
3728 3158 4040 3218 meliorem

517 3262 602 3304 cae
631 3245 768 3304 vitae
797 3245 1050 3304 laborem
1089 3255 1238 3306 esset
1275 3249 1529 3319 laturus,
1564 3249 1967 3323 profectusque
1999 3248 2071 3306 ad
2109 3263 2231 3305 cce-
2314 3255 2556 3311 formam
2610 3250 2917 3308 emendare
2967 3249 3207 3307 studuit.
3267 3246 3374 3306 Sed
3423 3263 3668 3308 numero
3717 3246 4041 3319 discipulo-

520 3337 764 3396 nobium
798 3336 857 3395 S.
890 3337 1087 3396 Mariae
1114 3340 1184 3398 ad
1229 3339 1390 3398 littus
1436 3341 1614 3398 maris
1659 3340 1921 3407 Adriani,
1954 3347 2018 3398 ut
2061 3339 2232 3397 edicit
2314 3360 2443 3401 rum
2496 3349 2799 3412 crescente,
2843 3348 3073 3399 coactus
3120 3349 3206 3398 est
3239 3341 3354 3400 alia
3399 3342 3521 3399 loca
3558 3340 3802 3398 subinde
3844 3339 4071 3412 inqui-'

523 3424 732 3482 Dantes
758 3427 1000 3496 (Parad.,
1036 3433 1186 3484 cant.
1224 3427 1336 3496 21),
1367 3427 1629 3486 exercuit
1665 3444 1725 3486 se
1755 3427 1836 3486 ibi
1875 3427 2231 3501 quadragin-
2311 3448 2456 3502 rere,
2496 3432 2596 3489 ubi
2645 3431 2776 3488 illos
2826 3430 3215 3488 constitueret.
3262 3429 3448 3502 Igitur
3489 3444 3828 3502 exsurgens,
3867 3443 4037 3485 com-

523 3520 578 3570 ta
627 3513 835 3572 diebus
868 3516 939 3573 ad
987 3516 1269 3573 eremitici
1311 3516 1516 3588 rigoris
1561 3515 2028 3586 similitudinem,
2056 3516 2232 3574 robo-
2313 3529 2471 3594 perto
2500 3522 2707 3579 idoneo
2733 3519 3019 3594 imprimis
3057 3519 3199 3591 loco,
3234 3519 3296 3577 in
3328 3519 3725 3578 Camerineusi
3770 3518 4035 3589 dioecesi,

522 3607 798 3677 ratusque
827 3604 1101 3670 multum,
1133 3604 1384 3662 subinde
1419 3604 1566 3662 clam
1603 3605 1939 3677 parentibus
1967 3611 2022 3662 et
2057 3603 2227 3674 notis,
2307 3613 2475 3684 juxta
2517 3612 2769 3667 vicinam
2814 3624 2980 3667 suam
3032 3625 3235 3682 rupem
3283 3616 3337 3667 et
3381 3609 3714 3667 emnobium
3757 3607 3841 3664 ibi
3887 3623 4034 3666 con-

518 3693 590 3752 ad
613 3709 874 3753 eremum
902 3694 1245 3753 Avellanam
1272 3695 1692 3768 commigravit.
1723 3695 1810 3753 Ibi
1837 3711 1972 3768 ergo
1997 3701 2230 3767 gratan-
2314 3699 2546 3769 struxit,
2579 3706 2634 3755 et
2663 3696 3082 3770 discipulorum
3110 3699 3303 3771 posuit
3330 3697 3635 3769 collegium
3669 3697 3778 3754 sub
3809 3697 4034 3770 priore;

520 3790 605 3840 ter
634 3790 952 3857 susceptus,
981 3791 1036 3842 et
1055 3785 1375 3843 monachus
1397 3783 1640 3844 humilis
1669 3791 1723 3844 et
1743 3786 1996 3859 abjectus
2023 3785 2226 3852 factus,
2313 3787 2522 3845 deinde
2576 3789 2634 3844 in
2697 3786 3036 3844 Perusinam
3083 3788 3392 3859 profectus,
3445 3786 3601 3844 aliud
3650 3785 3721 3842 ad
3772 3793 4038 3846 montem

521 3873 882 3945 magistrum,
942 3875 1194 3933 tironum
1251 3890 1430 3945 more,
1482 3875 1792 3934 discretum
1848 3874 2070 3942 habuit,
2125 3874 2229 3946 qui
2316 3877 2586 3951 Regium,
2632 3875 2703 3933 ad
2751 3875 2956 3932 cellam
3007 3890 3183 3946 quam
3231 3874 3290 3934 S.
3348 3875 3411 3933 P.
3459 3873 3819 3932 Romualdus
3861 3875 4038 3933 habi-

522 3961 648 4034 ejus
674 3962 874 4020 virtuti
906 3963 1156 4022 multum
1183 3981 1406 4038 semper
1437 3965 1653 4024 tribuit.
2316 3975 2462 4025 tasse
2508 3965 2804 4023 dicebatur
2834 3988 2846 4021 :
2875 3962 3086 4021 deinde
3117 3963 3275 4021 aliud
3313 3963 3372 4020 in
3410 3963 3748 4028 Faventino,
3798 3961 3860 4019 in
3906 3961 4040 4022 loco

593 4050 801 4108 Jussus
826 4058 1017 4109 autem
1049 4053 1297 4124 quadam
1337 4054 1431 4112 die
1465 4070 1659 4112 secum
1695 4055 1972 4128 equitare,
1999 4064 2055 4115 et
2100 4056 2227 4129 pul-
2313 4057 2413 4130 qui
2451 4055 2664 4114 dicitur
2708 4052 3102 4123 Ganuinium,
3134 4068 3293 4110 nunc
3333 4052 3553 4110 Gavina
3578 4069 3591 4120 ;
3618 4051 3828 4108 deinde
3869 4052 4040 4112 aliud

523 4139 807 4197 chriorem
836 4146 1051 4197 vestem
1092 4141 1367 4214 accipere,
1401 4145 1621 4215 rogavit
1657 4144 1827 4202 illum
1861 4145 2061 4204 Petrus
2091 4163 2230 4221 sup-
2314 4146 2399 4203 illi
2430 4145 2692 4202 vicinum
2723 4144 2872 4217 quod
2909 4146 3087 4201 Acere
3115 4149 3482 4214 nuncupatur
3518 4161 3529 4199 :
3563 4140 3769 4198 deinde
3798 4139 4043 4200 Marcia-

522 4224 767 4298 pliciter,
799 4241 871 4282 ne
895 4225 956 4282 id
980 4227 1332 4301 praeciperet,
1359 4231 1514 4303 quod
1546 4247 1660 4288 non
1691 4231 1948 4303 deceret;
1991 4233 2088 4291 sed
2130 4235 2228 4292 de-
2317 4248 2458 4289 num
2485 4233 2545 4288 in
2581 4231 2957 4290 Ariminensi.
2989 4232 3131 4300 Quae
3159 4231 3301 4288 dum
3339 4225 3696 4288 construeret
3727 4229 3869 4298 loca,
3903 4246 4039 4290 ino-

524 4312 704 4387 nique
730 4322 978 4385 coactus,
1017 4316 1205 4374 oblata
1237 4319 1577 4376 vestimenta
1603 4319 1840 4391 quidem
1865 4321 2095 4391 induit;
2131 4324 2230 4380 sed
2319 4321 2648 4393 nachosque
2678 4319 2895 4392 ubique
2937 4319 3008 4376 ad
3055 4319 3415 4377 sanctitatem
3458 4318 3530 4376 ad
3580 4333 3891 4392 veramque
3929 4319 4039 4381 Dei

521 4419 642 4478 prae
677 4403 893 4477 pudore
930 4404 1222 4464 neminem
1261 4407 1319 4464 in
1376 4414 1489 4465 toto
1524 4409 1731 4467 itinere
1766 4409 2020 4482 aspicere
2053 4428 2292 4482 ausus“
2315 4407 2651 4466 servitutem
2701 4406 2874 4478 probe
2912 4405 3205 4464 institutos
3245 4407 3512 4464 ordinare
3538 4406 3820 4477 studeret;
3873 4423 4039 4466 nun-

524 4472 627 4554 est.
672 4472 987 4553 Videbatur
1025 4496 1183 4554 enim
1237 4496 1368 4566 sibi,
1396 4497 1548 4570 quod
1597 4498 1670 4555 ab
1724 4472 1998 4558 omnibus
2052 4472 2491 4574 digitquuam
2545 4472 2734 4554 tamen
2782 4493 2975 4552 dilecti
3025 4495 3271 4554 caenobii
3321 4496 3590 4554 Avellani
3640 4472 3948 4567 familiam,
3983 4508 4043 4557 et

526 4588 943 4642 monstraretur
970 4584 1164 4656 sponsi
1193 4584 1450 4656 nomine,
1485 4601 1600 4642 non
1634 4587 1921 4645 monachi.
2320 4589 2510 4645 locum
2567 4583 2833 4642 oblivisci
2878 4583 3080 4656 potuit.
3131 4583 3354 4656 Quippe
3395 4585 3526 4641 illos
3579 4599 3730 4656 saepe
3780 4584 4044 4645 revisere

595 4671 662 4729 In
694 4673 883 4732 reditu
916 4688 1050 4731 vero
1073 4688 1208 4730 cum
1233 4673 1304 4730 ad
1333 4674 1666 4732 coenobium
1696 4675 1754 4732 S.
1787 4675 2075 4734 Vincentii
2099 4691 2231 4748 per-
2319 4674 2641 4743 festinabat,
2671 4680 2726 4729 et
2754 4671 3001 4730 caelestis
3043 4673 3327 4730 sermonis
3358 4673 3591 4745 pabulo,
3625 4679 3726 4731 aut
3770 4688 4044 4744 praesen-

525 4777 767 4827 ventum
818 4769 1038 4840 fuisset,
1079 4769 1286 4826 idoneo
1327 4769 1650 4842 excogitato
1688 4769 1876 4828 colore
1911 4769 1994 4828 ibi
2042 4785 2230 4827 remo-
2322 4761 2418 4830 tia,
2449 4769 2549 4820 aut
2581 4759 2804 4829 litteris,
2849 4758 3129 4830 singulari
3161 4759 3342 4831 patrio
3380 4768 3436 4817 et
3486 4760 3780 4818 charitatis
3821 4762 4044 4823 affectu

526 4857 714 4927 randi,
759 4858 1030 4929 magistro
1072 4857 1376 4915 accedente
1421 4863 1477 4914 et
1528 4858 1912 4930 permittente,
1967 4857 2234 4915 festinato
2317 4850 2626 4908 reﬁciebat.
2660 4848 2846 4917 Quare
2875 4846 2991 4904 Deo
3021 4847 3081 4905 in
3111 4846 3233 4904 dies
3264 4847 3474 4920 plenus
3499 4849 3703 4919 factus,
3731 4848 4047 4912 miraculis

523 4946 887 5021 pannosiora,
920 4947 1243 5024 vilioraque
1270 4947 1605 5006 vestimenta
1638 4948 1800 5021 petiit
1827 4949 2076 5006 stamine
2102 4965 2234 5008 con-
2318 4956 2550 5014 (μιοιμιθ
2577 4938 2788 4997 dario"
2816 4953 2941 4995 esse
2975 4938 3166 5012 οωρίῑο

519 5034 710 5092 colora
739 5051 752 5090 :
782 5049 966 5107 eaque
996 5050 1131 5094 mox
1160 5035 1371 5106 induit,
1402 5035 1675 5094 omnibus
1703 5037 2002 5093 monachis
2032 5052 2230 5094 exem-
2389 5030 2648 5099 Quadam
2687 5025 2782 5084 die
2818 5025 2958 5085 dum
2987 5027 3138 5099 apud
3179 5029 3537 5086 Ganuinium
3571 5029 3633 5085 in
3665 5028 3808 5086 cella
3839 5035 4046 5093 consi-

522 5122 687 5196 plum
727 5121 1081 5197 relinquens,
1125 5135 1189 5184 ut
1231 5125 1478 5200 quisque
1522 5123 1704 5197 magis
1751 5125 2008 5183 moribus
2057 5141 2229 5200 quam
2319 5127 2510 5189 steret,
2541 5133 2608 5176 ac
2640 5116 2844 5174 sitiens
2868 5131 3080 5188 aquam
3127 5116 3238 5174 sibi
3284 5132 3359 5174 ex
3409 5119 3564 5174 t'onte
3608 5118 3800 5176 atl'erri
3847 5118 4046 5194 impe-

529 5212 787 5270 vestibus
814 5215 1007 5272 ornari
1033 5215 1276 5274 studeat.
2319 5217 2518 5279 rasset,
2551 5209 2684 5267 fecit
2709 5207 2946 5283 quidem
2977 5207 3240 5265 minister
3265 5208 3541 5282 imperata
3570 5208 3816 5266 festinus
3864 5229 3877 5268 :
3931 5217 4045 5273 sed

595 5301 734 5359 Loci
765 5305 908 5362 sacri
943 5304 1401 5364 institutiotunc
1432 5305 1706 5379 temporis
1746 5305 1875 5364 talis
1905 5315 2027 5366 erat
2056 5323 2068 5357 ε
2098 5307 2230 5366 Bini

2410 5299 2593 5372 ,gistro
2646 5304 2932 5371 gustante,
2966 5297 3121 5371 quod
3181 5297 3386 5357 vinum
3435 5298 3720 5357 attulisset
3769 5314 4045 5374 comper-

524 5391 727 5450 fratres
776 5392 980 5452 divisis
1029 5395 1094 5452 in
1149 5393 1378 5451 cellulis
1433 5408 1817 5463 commanere,
1872 5393 2230 5468 psalmodiae,
2320 5401 2443 5452 tum
2477 5398 2590 5461 est;
2619 5389 2722 5466 qui
2749 5388 2951 5447 abillo
2985 5389 3331 5461 increpatus,
3364 5405 3499 5448 cum
3532 5405 3593 5448 se
3637 5405 3843 5463 aquam
3879 5391 4044 5453 hau-

525 5479 820 5552 orationis,
871 5481 1154 5549 lectionis,
1211 5480 1579 5538 abstinentiae
1621 5481 2084 5556 obedientiaeque
2137 5500 2233 5542 ar-
2319 5482 2462 5540 sisse
2487 5479 2820 5548 afﬁrmaret,
2836 5478 3116 5540 remissus
3139 5485 3223 5536 est
3242 5478 3394 5536 alius
3414 5478 3485 5536 ad
3508 5479 4042 5552 fontem;quicum

529 5565 639 5629 mis
687 5569 946 5638 accincti,
1001 5569 1279 5627 adversus
1323 5583 1518 5625 aereas
1567 5575 1865 5644 potestates
1916 5571 2228 5635 dimicare:
2322 5571 2526 5632 vinum
2577 5569 2776 5630 itidem
2829 5571 3194 5645 importasset
3220 5611 3234 5640 ,
3293 5568 3447 5641 quod
3501 5583 3704 5628 omnes
3757 5574 4040 5634 monachi
