4140 6498
115 377 200 434 161

974 375 1554 438 PROLEGOMENA.
1597 409 1664 420 —
1705 378 1764 438 S.
1809 375 2030 438 PETRI
2069 379 2395 439 DAMIANI
2440 382 2617 441 VITA
2657 382 2759 442 ΠΙ.

3519 389 3622 449 162

110 508 514 576 gustaverunt,
543 501 774 574 cognito
802 501 1105 574 miraculo,
1138 505 1444 578 imperavit
1474 506 1696 564 cunctis
1729 505 1882 568 virA
1980 504 2307 563 Novissimo
2351 506 2487 564 item
2543 513 2814 579 tempore,
2847 508 2905 566 in
2958 512 3365 573 reformatione
3416 531 3620 576 mona-

111 599 359 661 sanctus,
421 598 490 648 ut
535 607 660 649 rem
711 590 942 648 silentio
1004 597 1277 665 tegerent,
1335 594 1489 668 quod
1543 609 1725 668 usque
1761 595 1833 652 ad

111 682 225 755 ejus
252 679 492 738 obitum
522 678 740 737 factum
769 685 872 740 est.

173 769 309 827 Alio
327 784 487 842 quoq
496 783 568 826 ue
583 773 835 841 tempore
847 768 1095 826 habebat
1116 770 1205 827 vir
1216 777 1446 829 sanctus
1461 772 1686 830 dolium
1710 771 1833 828 vini

115 858 349 933 plenum
372 857 529 930 apud
548 857 864 930 quamdam
881 873 1050 914 suam
1061 858 1357 930 capellam.
1375 861 1600 919 Accidit
1613 869 1830 932 autem,

117 947 369 1004 militum
421 946 589 1004 turba
631 945 794 1003 illinc
836 946 1141 1004 transitum
1185 947 1451 1019 faciente,
1482 957 1546 1007 ut
1593 950 1833 1023 quidam

119 1036 399 1095 sacerdoti
427 1036 548 1093 vim
579 1035 903 1105 intulerint,
939 1043 1006 1096 ut
1033 1053 1108 1095 ex
1134 1037 1256 1111 ipso
1293 1038 1445 1097 delia
1484 1047 1682 1110 potum
1717 1041 1833 1098 illis

119 1127 468 1199 propinaret,
502 1126 606 1198 qui
656 1141 786 1184 cum
845 1134 1126 1186 astrueret
1167 1143 1228 1185 se
1270 1128 1424 1186 nolle
1472 1130 1680 1189 vinum
1719 1131 1833 1188 viri

123 1215 264 1273 beati
301 1215 658 1287 contingere,
700 1215 789 1273 illi
827 1215 1049 1275 dolium
1088 1217 1445 1289 invadentes,
1473 1219 1670 1277 omnia
1707 1219 1834 1292 ejus

124 1304 407 1362 foramina
443 1319 741 1377 aperuere,
773 1305 1083 1379 virgasque
1120 1307 1584 1378 intromittentes,
1624 1309 1830 1366 vinum

122 1409 422 1467 nunquam
463 1393 700 1452 haurire
754 1399 1082 1466 potuerunt.
1140 1394 1527 1464 Quamobrem
1581 1396 1831 1469 quodam

124 1481 377 1540 interiori
442 1487 688 1540 tremore
754 1482 1023 1556 perculsi,
1085 1483 1242 1541 illico
1291 1486 1361 1542 de
1416 1484 1540 1542 loco
1591 1500 1827 1543 cessere.

125 1570 293 1630 Paulo
337 1577 472 1645 post
521 1587 677 1639 vero,
721 1577 1054 1630 transeunte
1103 1572 1318 1630 exinde
1365 1575 1688 1647 peregrino,
1729 1575 1831 1646 qui

123 1659 399 1720 instanter
460 1659 658 1717 bibere
706 1660 1046 1732 postulabat,
1102 1667 1332 1733 propter
1396 1675 1652 1718 amorem
1705 1661 1826 1728 Dei,

123 1750 379 1808 sacerdos
417 1748 639 1807 dolium
694 1748 970 1818 revisens,
1011 1749 1207 1808 clausa
1239 1749 1525 1808 foramina
1560 1749 1736 1820 "videt,
1777 1757 1833 1808 et

1914 593 2072 650 sterii
2113 591 2170 650 S.
2198 592 2512 664 Benedicti,
2541 595 2814 667 detegens
2865 597 3198 660 Desiderius
3231 603 3430 675 abbas,
3461 603 3616 680 quod

1913 680 2096 753 aliqui
2145 681 2388 754 operarii
2436 682 2778 742 daemoniaci
2824 685 2905 744 ibi
2955 688 3239 761 adessent,
3290 707 3618 765 rogansque

1912 769 1977 826 B.
2011 770 2266 840 Petrum,
2303 778 2367 830 ut
2414 773 2544 831 illos
2581 789 2782 833 curare
2815 776 3168 848 dignaretur,
3200 796 3259 838 se
3300 781 3613 854 indignum

1913 862 2210 935 respondit
2260 862 2482 935 Petrus,
2515 867 2620 936 qui
2677 866 2740 924 in
2795 882 3040 926 messem
3098 870 3156 929 S.
3210 871 3271 928 P.
3321 871 3615 933 Benedicti

1915 966 2125 1008 manus
2173 952 2459 1024 mitteret;
2515 962 2918 1014 verumtamen
2973 957 3056 1016 ibi
3109 960 3331 1021 diutius
3392 979 3615 1022 moram

1915 1039 2198 1108 trahensr
2221 1039 2471 1098 obtinuit
2542 1050 2608 1099 ut
2682 1042 2836 1101 Deus
2911 1044 3059 1116 illos,
3129 1057 3358 1123 propter
3429 1051 3615 1124 ipsius

1914 1128 2137 1198 merita,
2166 1128 2516 1187 liberaverit.

1984 1216 2094 1275 Per
2119 1233 2216 1275 eos
2255 1218 2378 1276 dies
2408 1220 2724 1279 sanctitatis
2755 1221 2906 1280 Petri
2942 1225 3095 1283 fama
3129 1229 3345 1299 passim
3382 1228 3614 1305 lateque

1912 1315 2274 1379 personante,
2309 1307 2637 1382 Stephanus
2665 1313 2925 1385 pontifex
2956 1317 3250 1376 maximus
3280 1318 3472 1377 virum
3508 1320 3615 1379 bo-

1914 1409 2058 1453 num
2101 1397 2417 1456 sacerdotio
2463 1398 2706 1472 dignum
2750 1400 3018 1473 judicans
3053 1420 3191 1462 cum
3235 1407 3616 1467 sacratissimo

1914 1491 2367 1556 purpuratorum
2416 1489 2636 1556 ordine,
2669 1487 2842 1546 illum
2882 1490 2954 1547 ad
2997 1493 3379 1565 episcopalem
3427 1496 3614 1553 cathe-

1913 1570 2076 1628 dram
2105 1573 2537 1647 suscipiendum
2568 1575 2873 1636 invitavit:
2900 1579 3201 1652 quodcum
3225 1591 3511 1655 renueret,
3533 1598 3620 1640 ar-

1912 1656 2156 1717 bitratus
2181 1660 2442 1733 pontifex
2466 1661 2629 1720 illius
2657 1662 2933 1722 virtutem
2961 1666 3232 1726 Ecclesiae
3262 1669 3618 1743 corrigendae

1913 1761 2038 1805 esse
2079 1748 2340 1822 apprime
2396 1751 2798 1818 necessariam,
2845 1752 2905 1810 id
2943 1753 3032 1811 illi
3078 1756 3190 1814 sub
3235 1758 3619 1816 anathematis

125 1839 320 1896 vinum
385 1837 602 1908 hausit,
652 1838 1117 1911 miraculumque
1175 1845 1396 1904 notans,
1459 1838 1888 1922 peregrinumB
1916 1838 2214 1896 maledicto
2255 1839 2518 1912 imperat,
2563 1839 2924 1916 Romamque
2969 1843 3216 1903 accitum
3248 1853 3305 1904 et
3350 1846 3616 1906 dextram

124 1931 494 1999 esurientem,
519 1929 637 1988 Deo
672 1929 883 2004 gratias
912 1944 1112 2003 agens,
1141 1930 1359 1988 refecit.

177 2020 310 2078 Alio
384 2023 640 2091 tempore
701 2017 790 2075 vir
861 2016 1075 2076 nobilis
1140 2032 1386 2076 munera
1443 2018 1691 2091 piscium
1757 2019 1827 2076 ad

115 2109 169 2168 B.
201 2108 443 2168 Petrum
469 2109 694 2166 mittere
714 2107 1028 2180 aliquando
1052 2107 1278 2178 solitus,
1306 2106 1540 2166 miserat
1565 2107 1637 2164 ad
1658 2107 1827 2166 illum

111 2214 341 2257 servum
390 2212 568 2256 suum
607 2196 668 2252 in
710 2195 909 2269 vigilia
949 2196 1156 2254 natalis
1193 2195 1424 2255 Domini
1467 2215 1480 2254 :
1533 2199 1635 2270 qui
1673 2198 1828 2254 viam

114 2290 409 2360 ingressus
451 2286 698 2345 obscura
734 2293 917 2352 nocte,
953 2291 1009 2344 et
1039 2285 1280 2343 nivibus
1307 2285 1440 2344 altis
1466 2286 1828 2358 cadentibus,

115 2376 267 2449 lapso
330 2374 478 2449 pede
526 2374 588 2432 in
644 2389 920 2449 praeceps,
983 2373 1047 2431 in
1099 2373 1352 2447 quodam
1407 2380 1667 2432 extremo
1717 2375 1831 2432 viae

119 2464 230 2524 loco
267 2478 413 2522 casu
453 2463 572 2520 ruit
603 2485 616 2520 :
647 2462 772 2535 qui,
815 2478 948 2521 cum
989 2461 1236 2534 discerpi
1275 2460 1440 2520 facile
1477 2477 1595 2520 non
1629 2469 1830 2536 potue-

119 2554 202 2624 rit,
231 2551 461 2611 meritis
486 2551 599 2609 viri
628 2552 810 2609 sancti
844 2553 1026 2610 evasit
1052 2550 1378 2620 incolumis,
1424 2557 1831 2624 resumptoque

123 2643 438 2702 cervicibus
491 2658 690 2713 onere,
745 2659 878 2702 cum
928 2643 999 2701 ad
1055 2643 1222 2701 illum
1265 2643 1646 2715 pervenisset,
1677 2649 1733 2700 et
1777 2641 1831 2699 ci

125 2733 322 2804 gratias
360 2738 576 2805 ageret,
617 2731 912 2805 respondit
946 2731 1045 2789 ille
1080 2751 1092 2790 :
1123 2730 1273 2802 Noli,
1307 2731 1392 2788 fili
1433 2730 1534 2801 mi,
1565 2730 1681 2788 noli
1723 2731 1832 2788 hoc

125 2823 394 2894 peccatori
438 2821 1002 2895 homini-deputare,
1043 2822 1197 2896 quod
1253 2819 1402 2878 Deus
1437 2819 1711 2891 dignatus
1747 2824 1832 2877 est

123 2927 216 2970 sua
265 2911 642 2970 miseratione
693 2911 795 2968 tibi
845 2907 1083 2984 largiri;
1126 2910 1180 2977 ei
1231 2925 1304 2968 ex
1357 2909 1576 2968 collatae
1629 2909 1832 2967 salutis

125 3016 351 3062 munere
389 2999 605 3074 gratias
643 3015 764 3073 age,
799 2999 904 3074 qui
933 3013 1223 3072 nusquam
1262 2997 1371 3056 sibi
1411 2996 1831 3055 famulantibus

125 3089 285 3149 deest.

182 3182 312 3240 Alio
359 3187 617 3252 tempore
671 3177 887 3238 direxit
927 3177 1279 3251 discipulum
1305 3176 1375 3234 ad
1404 3191 1591 3234 unum
1622 3177 1693 3234 de
1723 3176 1825 3234 ab-

125 3268 363 3340 batibus,
398 3268 502 3343 qui
533 3283 670 3326 cum
701 3268 871 3327 illum
897 3269 959 3326 in
988 3267 1334 3327 monasterio
1355 3281 1471 3324 non
1501 3267 1823 3340 reperisset,

124 3363 172 3412 et
185 3364 414 3430 propter
435 3357 563 3430 ejus
585 3371 805 3415 moram
822 3355 892 3414 ad
909 3354 1252 3427 magistrum
1269 3353 1580 3426 remigrare
1602 3353 1824 3425 volens,

123 3443 313 3504 ducem
347 3444 466 3503 via:
497 3444 752 3518 accepit;
783 3445 879 3502 sed
912 3443 1014 3502 ubi
1046 3442 1320 3501 nonnihil
1358 3456 1689 3515 processum
1721 3450 1826 3515 est,

124 3530 231 3590 dux
261 3534 378 3592 viae
407 3549 484 3591 ex
511 3531 697 3591 oculis
725 3539 952 3605 propter
982 3531 1234 3589 nimium
1271 3532 1584 3589 obscurum
1613 3530 1828 3589 coelum

125 3622 352 3680 evanuit
381 3640 395 3690 ;
427 3621 550 3694 ipse
583 3637 720 3679 vero
746 3621 986 3695 ignarus
1014 3620 1146 3690 vim,
1179 3618 1250 3676 ad
1276 3620 1566 3692 quoddam
1599 3620 1827 3678 bivium

124 3711 480 3781 perveniens,
540 3715 731 3768 utram
807 3715 1021 3768 teneret
1087 3708 1409 3781 ambigens,
1465 3709 1715 3782 denique
1765 3709 1827 3767 in

125 3814 287 3871 quam
333 3798 524 3872 magis
573 3799 763 3856 tritam
805 3799 1050 3872 judicat,
1107 3799 1446 3872 jumentum
1499 3799 1716 3873 dirigit,
1774 3804 1830 3857 et

125 3902 296 3960 equus
337 3888 585 3952 alteram
641 3894 833 3948 tenere
883 3888 1107 3948 diutius
1157 3904 1385 3962 semper
1439 3887 1629 3947 voluit
1682 3888 1828 3946 resi-

123 3985 266 4039 stens
321 4006 334 4038 :
397 3981 494 4039 cui
544 3997 679 4039 cum
745 3983 970 4041 tandem
1020 3981 1208 4040 victus
1257 3980 1508 4039 laxasset
1552 3979 1824 4049 habenas,

126 4084 254 4127 mox
305 4070 636 4128 albescente
699 4069 844 4128 coelo
909 4071 1147 4129 brutum
1205 4069 1421 4127 animal
1476 4068 1676 4126 divino
1735 4069 1827 4125 in-

123 4162 324 4219 stinctu
378 4159 596 4219 bonam
653 4160 809 4218 viam
866 4160 1120 4218 tenuisse
1172 4159 1438 4232 cognovit
1495 4182 1507 4216 :
1567 4164 1624 4217 et
1678 4165 1829 4215 recta

124 4247 188 4304 ad
240 4249 586 4322 magistrum
643 4246 886 4319 delatus,
946 4248 1065 4308 Deo
1120 4255 1175 4307 et
1225 4247 1392 4306 beato
1443 4248 1568 4305 viro
1614 4246 1828 4320 gratias

122 4339 330 4408 agebat.

185 4426 312 4484 Alio
339 4425 516 4484 etiam
548 4431 803 4498 tempore
848 4424 1161 4484 destinavit
1208 4427 1486 4485 nuntium
1513 4425 1584 4484 ad
1616 4441 1828 4499 quem-

123 4513 242 4571 dam
287 4515 647 4588 episcopum,
699 4515 868 4588 cujus
906 4531 1092 4589 equus
1137 4515 1200 4573 in
1247 4514 1488 4573 transitu
1541 4513 1825 4584 ﬂuminis,

123 4607 321 4664 cumin
339 4607 484 4665 limo
503 4605 616 4664 alte
636 4605 858 4664 inlixus
871 4622 987 4665 non
1010 4607 1173 4666 exire
1193 4611 1414 4680 posset;
1437 4602 1537 4661 ille
1556 4610 1824 4662 sanctum
1841 4575 1890 4632 D

126 4693 306 4753 virum
345 4695 660 4765 invocavit,
693 4704 749 4755 et
793 4713 976 4771 equus
1025 4696 1182 4756 illico
1224 4713 1300 4755 ex
1334 4696 1456 4755 luto
1488 4711 1550 4754 se
1585 4695 1829 4753 extrica-

126 4783 215 4844 vit.
243 4783 604 4843 Perveniens
639 4800 775 4844 vero
800 4787 872 4844 ad
908 4786 1259 4860 episcopum,
1293 4785 1530 4844 absente
1558 4783 1823 4857 episcopo

120 4875 390 4944 patruelis
434 4875 688 4950 episcopi
740 4877 896 4934 hunc
945 4876 1198 4950 benigne
1247 4875 1484 4950 quidem
1540 4873 1821 4946 suscepit;

119 4963 209 5020 sed
240 4963 437 5022 solum
468 4965 530 5022 in
563 4965 770 5038 grandi
813 4965 1084 5024 cubiculo
1134 4965 1304 5024 illum
1353 4971 1532 5023 noctu
1568 4961 1822 5036 reliquit.

117 5049 378 5112 Timebat
425 5053 674 5112 nuntius
727 5069 761 5112 a
808 5053 1010 5114 timore
1059 5060 1364 5125 nocturno,
1398 5069 1505 5120 nec
1531 5057 1831 5127 prepterea

112 5156 382 5200 somnum
426 5157 687 5215 unquam
731 5157 934 5216 capere
977 5141 1181 5202 valuit.
1215 5140 1360 5200 Ecce
1396 5148 1588 5200 autem
1615 5139 1684 5198 B.
1718 5139 1828 5198 Pe-

115 5239 232 5293 trus
286 5233 360 5292 ad
417 5235 705 5307 hospitem
753 5249 1033 5308 apparens
1082 5233 1155 5291 de
1203 5233 1393 5292 media
1450 5239 1632 5304 nocte,
1690 5247 1827 5291 eum

115 5326 318 5383 acriter
359 5323 663 5395 increpat:
703 5322 805 5395 qui
845 5338 1015 5382 mane
1046 5322 1120 5381 ad
1167 5337 1303 5380 eum
1347 5322 1666 5396 ingressus,
1717 5320 1826 5379 sci-

115 5412 428 5471 scitabatur
469 5411 544 5469 ab
589 5411 690 5469 illo
729 5411 1011 5485 quidnam
1059 5408 1420 5482 negligenter
1458 5409 1827 5498 deliquisset,

120 5503 269 5576 quod
295 5503 364 5566 Β.
400 5503 608 5561 Petrus
632 5501 704 5559 ad
730 5517 868 5561 eum
895 5501 1314 5575 increpandam
1347 5507 1509 5560 nocte
1539 5500 1832 5560 venisset?

122 5595 596 5667 occasionemque
650 5591 926 5651 laudandi
985 5592 1171 5652 Deum
1230 5592 1524 5652 universae
1583 5592 1830 5652 familia:

123 5685 389 5758 przebuit.

1910 1927 2217 2000 accipiens,
2253 1945 2354 2001 per
2378 1930 2666 1988 annulum
2697 1947 2895 2004 suum,
2923 1940 2978 1990 et
3005 1934 3252 2008 virgam,
3293 1935 3615 1995 Ostiensem

1910 2013 1998 2072 illi
2053 2014 2343 2088 copulavit
2387 2017 2720 2083 Ecclesiam,
2770 2019 3034 2090 sacrique
3073 2021 3300 2094 collegii
3345 2025 3617 2082 cardina-

1910 2102 2060 2161 lium
2087 2103 2368 2162 decanum
2396 2105 2548 2176 fecit,
2579 2121 2734 2164 anno
2765 2107 3074 2165 millesimo
3130 2109 3614 2185 quinquagesimo

1910 2198 2128 2261 octavo,
2189 2192 2356 2250 initio
2403 2191 2893 2268 Quadragesimaa,
2952 2211 3148 2255 mense
3202 2197 3426 2270 Martio,
3485 2201 3616 2258 sab-

1910 2279 2043 2339 bato
2073 2287 2324 2355 quatuor
2375 2289 2717 2355 temporum.
2753 2284 2992 2343 Coactus
3021 2285 3200 2358 igitur
3226 2287 3618 2362 episcopatum

1913 2369 2118 2438 tenuit,
2152 2370 2464 2445 bonusque
2489 2378 2698 2445 pastor,
2721 2373 3007 2448 quidquid
3035 2383 3382 2446 proventum
3414 2393 3616 2453 super-

1911 2467 2053 2532 erat,
2082 2461 2145 2519 in
2183 2478 2504 2536 pauperum
2547 2465 2758 2523 Christi
2795 2465 3166 2524 commodum
3204 2467 3404 2526 cedere
3446 2469 3621 2541 potis-

1912 2549 2130 2607 simum
2184 2550 2449 2610 studebat
2482 2577 2494 2610 :
2526 2552 2830 2612 duodecim
2875 2553 3132 2627 quotidie
3159 2554 3332 2628 pedes
3360 2556 3616 2629 abluere,

1913 2637 2156 2711 epulum
2187 2645 2461 2711 praeterea
2485 2641 2747 2714 praebens
2772 2659 2787 2712 ;
2818 2641 3290 2716 pupillorumque
3311 2660 3377 2702 ac
3401 2645 3617 2704 vidua-

1912 2744 2042 2786 rum
2060 2729 2448 2800 patrocinium
2465 2730 2667 2789 sedulo
2679 2746 2958 2789 exercens
2975 2750 2987 2790 :
3003 2732 3250 2806 quicum
3268 2734 3618 2807 pauperibus

1913 2821 2284 2894 ministraret,
2314 2821 2374 2880 in
2402 2822 2709 2896 pelvicula,
2741 2838 2857 2896 qua
2896 2823 3069 2895 pedes
3097 2839 3298 2883 eorum
3325 2824 3616 2897 abluebat,

1914 2925 2067 2984 sazpe
2121 2925 2350 2969 summa
2395 2911 2666 2970 aviditate
2711 2911 3009 2970 comedere
3060 2914 3382 2985 consuevit,
3439 2928 3615 2987 super

1912 3007 2125 3059 cratem
2158 3001 2376 3059 nudam
2409 3002 2599 3059 somni
2614 3001 2870 3074 quietem
2895 3001 3149 3075 capiens.

1983 3088 2266 3147 Defuncto
2345 3089 2633 3163 Stephano
2709 3088 2977 3163 pontiﬁce
3050 3087 3378 3161 Florentiaa,
3435 3091 3616 3148 inter-

1916 3174 2024 3233 fuit
2072 3175 2276 3234 Petrus
2319 3177 2587 3236 electioni
2622 3176 2917 3234 Benedicti
2968 3176 3179 3235 decimi
3229 3177 3616 3237 successoris:

1912 3282 2086 3340 quem
2136 3282 2268 3325 cum
2320 3268 2512 3327 studio
2541 3274 2595 3326 et
2623 3284 2759 3326 cura
2797 3269 3076 3328 comitum
3127 3268 3617 3338 Tusculanorum,

1908 3355 2288 3428 pecuniarum
2371 3355 2696 3429 largitione,
2750 3362 2805 3414 et
2861 3372 2963 3430 per
3021 3357 3143 3416 vim
3208 3357 3421 3431 reliqui
3491 3372 3618 3414 car-

1909 3443 2130 3502 dinales
2216 3445 2452 3503 adorare
2523 3453 2900 3517 cogerentur,
2978 3446 3316 3504 reclamavit
3394 3447 3617 3506 fortiter

1908 3531 2132 3602 Petrus,
2163 3537 2228 3590 ut
2256 3535 2492 3591 comites
2521 3532 2674 3607 ipsos
2701 3533 2774 3591 ab
2805 3533 3061 3592 infandis
3087 3534 3331 3592 ausibus
3359 3550 3617 3594 remove-

1908 3626 2012 3690 ret,
2045 3621 2350 3694 effecitque
2398 3627 2463 3679 ut
2507 3622 2780 3681 Nicolaus
2829 3622 3118 3680 secundus
3158 3623 3331 3695 juxta
3382 3621 3616 3682 electio-

1908 3723 2065 3778 nem,
2097 3709 2272 3780 paulo
2326 3714 2474 3781 post,
2506 3708 2798 3782 Stephano
2841 3709 2916 3767 sit
2955 3709 3299 3781 subrogatus
3347 3721 3411 3768 III
3463 3709 3611 3784 Non.

1905 3799 2038 3858 Jan.
2070 3798 2225 3856 1059.

1978 3889 2110 3947 Jam
2161 3902 2300 3945 vero
2346 3887 2573 3958 videns,
2619 3886 2906 3961 quomodo
2958 3885 3122 3945 sedes
3171 3885 3324 3945 Petri
3369 3903 3405 3945 a
3453 3886 3617 3945 laicis

1907 3977 2240 4052 potentibus
2286 3977 2430 4035 viris
2470 3978 2553 4035 sic
2595 3978 3018 4051 opprimeretur
3048 3996 3060 4035 :
3089 3992 3164 4034 ex
3194 3976 3316 4034 alio
3351 3991 3488 4035 vero
3529 3976 3614 4034 la-

1909 4077 2047 4140 tere,
2075 4069 2367 4141 quomodo
2395 4068 2599 4126 sacrati
2629 4067 2740 4126 viri
2765 4069 3035 4126 omnium
3073 4067 3389 4126 libidinum
3415 4065 3622 4140 generi

1906 4157 2303 4229 indulgerent,
2354 4161 2410 4215 et
2461 4156 2748 4230 plurimos
2803 4171 3061 4215 uxorum
3114 4155 3241 4213 loco
3289 4153 3617 4212 meretrices

1908 4247 2208 4317 haberent,
2237 4263 2342 4305 nec
2390 4262 2632 4304 cernens
2673 4246 2961 4319 quomodo
3005 4260 3100 4302 eos
3137 4244 3449 4318 quisquam
3491 4257 3618 4301 cor-

1908 4335 2094 4408 rigere
2119 4341 2344 4408 posset;
2379 4341 2518 4392 tunc
2551 4349 2788 4407 perosus
2825 4333 3006 4392 curiae
3042 4347 3254 4404 mores,
3283 4330 3462 4390 satius
3499 4345 3622 4389 esse

1907 4424 2079 4484 duxit
2109 4425 2181 4482 ad
2204 4424 2472 4481 dilectam
2499 4423 2874 4482 solitudinem
2902 4422 3108 4492 redire,
3141 4421 3244 4480 ubi
3276 4421 3389 4480 sibi
3431 4418 3622 4478 liceret

1911 4514 2098 4573 solitm
2160 4513 2632 4587 contemplationi
2687 4513 2868 4572 libere
2920 4511 3232 4583 deservire,
3271 4518 3444 4586 atque
3499 4509 3616 4567 Ra-

1910 4605 2092 4663 chelis
2132 4606 2418 4663 venustati
2449 4604 2572 4662 Liaa
2599 4604 3011 4662 fecunditatem
3048 4616 3398 4675 comparare,
3438 4614 3616 4674 quam

1905 4695 1968 4754 in
2015 4693 2365 4754 tumultibus
2394 4692 2595 4752 saeculi
2623 4692 2868 4752 ulterius
2893 4708 3148 4764 manere,
3169 4698 3223 4749 et
3239 4689 3431 4764 galero
3459 4704 3618 4747 sacro

1907 4793 1963 4846 et
2003 4785 2334 4858 episcopatu
2385 4789 2586 4857 sponte
2626 4798 2687 4841 se
2727 4781 3034 4841 abdicavit.
3075 4781 3187 4838 Hic
3232 4782 3382 4852 patet
3438 4794 3616 4853 quam

1907 4882 2098 4950 aperte
2141 4874 2503 4948 decipiantur
2542 4873 2602 4932 hi
2639 4875 2743 4948 qui
2775 4874 2842 4932 B.
2882 4874 3117 4932 Petrum
3154 4871 3508 4932 Damianum
3545 4889 3621 4931 ex

1907 4961 2196 5022 cardinale
2247 4961 2548 5020 eremitam
2590 4961 2809 5021 factum
2843 4978 2968 5021 esse
3012 4960 3444 5034 existimarunt,
3483 4977 3616 5020 cum

1909 5052 2153 5126 ipsemet
2196 5066 2330 5110 cum
2385 5051 2508 5109 suis
2563 5049 2886 5124 discipulis,
2923 5056 2981 5108 et
3033 5049 3268 5123 Dantes,
3309 5057 3396 5110 ut.
3425 5066 3618 5124 supra,

1911 5143 2135 5214 (Parad.
2185 5147 2334 5198 cant.
2375 5141 2459 5212 21)
2500 5155 2734 5198 omnem
2791 5139 3214 5199 dubitationem
3263 5139 3619 5215 apertissime

1911 5233 1983 5292 de
2029 5233 2220 5291 medio
2264 5231 2484 5291 tollant.
2521 5231 2633 5291 Sed
2680 5231 2950 5292 Nicolaus
2987 5234 3247 5306 pontifex
3282 5235 3408 5307 ejus
3446 5247 3617 5305 repu-

1912 5323 2226 5382 diationem
2254 5323 2554 5381 admittere
2593 5323 2818 5396 nolens,
2851 5323 3021 5383 illum
3050 5325 3122 5383 ad
3151 5323 3445 5396 dignitatis
3471 5323 3620 5380 insi-

1911 5415 2050 5486 gnia
2097 5412 2505 5472 reassumenda
2549 5412 2691 5473 dum
2735 5419 2980 5488 cogeret,
3005 5428 3110 5472 nec
3168 5411 3335 5470 illum
3378 5426 3620 5471 exorare

1912 5519 2079 5580 posse
2127 5511 2403 5576 cerneret,
2427 5506 2674 5564 assensit
2731 5504 2963 5564 tandem
3009 5502 3193 5577 ipsius
3250 5517 3620 5576 perseveran-

1914 5592 2042 5664 tiaa;
2071 5593 2170 5651 sed
2189 5594 2581 5653 centenariam
2611 5609 2842 5668 poenam
2873 5592 2960 5650 illi
2990 5591 3316 5666 proposuit;
3336 5591 3619 5652 nimirum

1916 5687 1982 5742 ut
2007 5697 2108 5754 per
2130 5686 2363 5740 centum
2390 5697 2572 5740 annos
2596 5679 3475 5755 psalmum'quinquagesimum,
3500 5697 3621 5741 ver-
