4140 6492
508 367 612 436 163

1429 367 1487 426 8.
1529 359 1818 426 PETBUS
1859 363 2253 424 DAMIANUS
2292 363 2351 424 S.
2396 364 2464 423 R.
2509 365 2573 423 E.
2616 361 3096 423 CARDINALIS.

3918 364 4017 423 164

503 501 740 562 beribus
799 497 1110 571 adjunctis,
1172 495 1433 553 recitaret
1496 491 1771 567 quotidie.
1852 489 2017 559 Quod
2078 488 2480 561 fecitAlegato
2530 488 2734 547 fuerat.
2795 487 2962 546 Tunc
3014 485 3078 545 B.
3125 486 3328 545 Petrus
3371 487 3434 544 in
3484 487 4022 559 tanta‘fcalamitate

498 590 636 665 pius
686 603 953 647 summus
1011 591 1204 658 pastor
1257 590 1324 641 ut
1377 599 1438 640 re
1497 581 1772 650 maxima,
1803 587 1859 636 et
1889 579 2057 652 quasi
2098 578 2211 635 im-

499 677 766 753 possibili
801 672 1109 748 proposita,
1156 679 1211 730 et
1257 671 1460 728 Petrus
1505 667 1877 742 pertinaciam
1927 666 2214 740 relinque-

501 771 608 836 ret,
669 768 724 820 et
780 759 1090 834 pontificia
1155 756 1435 830 majestati
1501 753 1753 812 debitam
1823 753 2208 810 reverentiam

503 854 825 913 exhiberet.
880 849 993 908 Sed
1046 849 1252 906 Petrus
1311 846 1497 902 alacer
1563 843 1962 916 paenitentiam
2026 841 2212 901 susci—

501 944 686 1016 piens,
750 957 878 999 eam
935 937 1198 996 mirabile
1250 935 1426 1004 dictu,
1485 933 1626 990 anni
1687 933 1869 1005 spatio
1919 931 2208 1000 exhausit,

505 1033 885 1105 exaravitque
923 1028 994 1086 ad
1041 1027 1372 1100 pontificem
1417 1021 1877 1094 elegantissimas
1920 1020 2210 1093 epistolas,

503 1120 852 1180 humilitatis
909 1136 973 1176 ac
1034 1116 1350 1174 sanctitatis
1427 1114 1648 1188 plenas,
1726 1113 1941 1188 quibus
2001 1129 2062 1170 se
2125 1111 2213 1170 illi

502 1210 728 1283 egregie
798 1223 1044 1282 purgare
1108 1205 1347 1274 studuit,
1418 1204 1682 1262 virorum
1748 1211 2082 1260 sanctorum
2153 1200 2212 1257 id

502 1299 772 1372 exemplo
823 1298 1026 1356 fecisse
1081 1310 1563 1354 commemorans.
1614 1293 1775 1350 Inter
1829 1308 1895 1350 ea
1941 1293 2067 1349 hac
2108 1291 2212 1348 ha-

501 1387 719 1446 bentur
768 1387 942 1445 verba
999 1406 1012 1444 :
1083 1385 1400 1458 Postremo,
1453 1391 1519 1442 ut
1573 1382 1806 1442 omissis
1858 1382 2098 1453 cateris,
2141 1382 2213 1440 ad

500 1474 882 1534 domesticum
967 1489 1338 1532 recurramus
1415 1472 1799 1544 exemplum;
1871 1470 2214 1529 Lambertus

503 1563 852 1622 veneranda
898 1561 1215 1632 memoria,
1247 1561 1349 1636 qui
1395 1567 1528 1618 ante
1570 1575 1677 1618 nos
1728 1558 2041 1617 Florentia
2072 1573 2216 1631 pra-

501 1653 596 1712 sul
643 1653 914 1711 Ecclesia
959 1652 1166 1711 tertius
1212 1651 1346 1722 fuit,
1377 1655 1567 1724 spreto
1616 1640 1975 1723 principatus
2026 1647 2215 1706 ofﬁcio

503 1742 840 1801 monastica
877 1758 938 1800 se
975 1739 1298 1814 disciplina
1336 1739 1600 1814 subjecit.
1642 1738 1784 1808 Qua
1824 1738 2019 1808 verba,
2059 1738 2213 1814 quod

2292 577 2657 647 constitutus,
2693 576 2896 634 divino
2932 576 3114 634 fretus
3145 575 3391 648 auxilio,
3438 576 3725 650 populum
3763 578 3837 636 ad
3869 585 4020 638 tem-

2292 665 2453 738 plum
2505 670 2796 732 convocat,
2828 669 2883 721 et
2934 663 2996 720 in
3054 662 3347 736 pulpitum
3399 664 3813 738 conscendens,
3866 667 4019 724 facto

2292 755 2543 823 silentio,
2576 753 2915 826 hujusmodi
2940 753 3000 810 in
3036 753 3209 811 totius
3247 751 3499 812 civitatis
3536 763 3832 814 conventu
3880 756 4020 814 fecit

2291 847 2467 905 verba
2498 847 2846 905 brevissima
2883 869 2896 902 :

2364 936 2633 995 Nicolaus
2693 937 2954 1010 pontifex
3020 936 3338 1007 maximus,
3398 937 3601 996 fratres
3659 937 4013 1010 charissimi,

2291 1025 2449 1084 misit
2479 1043 2572 1084 me
2607 1027 2679 1084 ad
2718 1043 2842 1096 vos,
2876 1042 2995 1085 non
3047 1034 3112 1084 ut
3155 1026 3428 1084 Ecclesia
3478 1027 3759 1085 Romana
3801 1028 4015 1086 honori

2290 1125 2461 1189 atque
2515 1116 2893 1189 amplitudini
2947 1115 3246 1186 servirem,
3281 1114 3381 1173 sed
3439 1123 3505 1173 ut
3548 1123 3756 1174 vestra
3805 1116 4014 1189 gloria

2290 1212 2461 1280 atque
2500 1205 2674 1263 saluti
2711 1204 3097 1264 consulerem.
3136 1203 3291 1273 Quid
3324 1203 3483 1262 enim
3523 1204 3743 1263 honore
3779 1207 4012 1264 tenuis-

2291 1296 2424 1354 simi
2474 1296 2733 1354 hominis
2777 1296 3037 1354 Romana
3079 1304 3206 1367 eget
3252 1294 3530 1367 Ecclesia,
3576 1310 3712 1369 qua
3759 1295 4008 1354 laudum

2291 1386 2577 1458 praconia
2599 1400 2674 1442 ex
2700 1385 2885 1458 ipsius
2910 1401 3006 1443 ore
3037 1391 3122 1442 est
3152 1383 3468 1442 Salvatoris
3495 1383 3700 1457 adepta
3727 1385 3754 1442 ?
3783 1387 4008 1458 (Matth.

2293 1477 2446 1544 XVI.)
2475 1472 2616 1542 Qua
2659 1481 2853 1532 autem
2903 1473 3202 1548 provincia
3246 1473 3308 1531 in
3356 1473 3523 1532 terris
3565 1472 3750 1532 libera
3779 1474 3853 1532 ab
3883 1474 4016 1547 ejus

2292 1561 2510 1618 ditione
2563 1561 2870 1634 reperitur,
2923 1563 3093 1635 cujus
3151 1561 3462 1620 arbitrium
3519 1561 3713 1634 ipsum
3767 1575 4014 1634 quoque

2293 1652 2507 1709 calum
2556 1650 2813 1724 aperitur
2866 1656 2923 1709 et
2984 1650 3314 1710 clauditur?
3361 1651 3433 1709 Et
3479 1650 3741 1725 quidem,
3774 1651 3824 1709 si
3859 1657 4018 1709 recte

2292 1735 2671 1812 attenderi'tis,
2699 1739 2953 1813 reliquas
3000 1739 3285 1798 Ecclesiae
3333 1738 3406 1797 ab
3459 1737 3801 1798 hominibus
3842 1738 4016 1796 insti-

503 1830 708 1889 Petrus
758 1830 1077 1889 Damianus
1121 1829 1422 1903 episcopus
1462 1827 1835 1886 Florentinus
1876 1827 2070 1897 fuerit,
2099 1826 2450 1909 ali-Btutas
2499 1844 2623 1887 esse
2677 1828 3009 1902 reperietis;
3061 1828 3382 1887 Ecclesiam
3434 1844 3574 1888 vero
3611 1829 3938 1887 Romanam
3980 1843 4017 1886 a

503 1918 719 1994 quibus
747 1917 1049 1975 materiam
1077 1916 1365 1989 cogitandi
1397 1916 1769 1990 prabuerunt
1800 1933 1813 1972 :
1848 1930 1952 1972 seu
1983 1914 2211 1972 Faven-

503 2004 682 2075 tinus,
719 2003 1004 2077 corruptis
1041 2003 1245 2076 primis
1283 2003 1544 2076 syllabis.
1586 2001 1754 2070 Quod
1791 2007 1941 2058 certe
1976 2016 2095 2058 non
2133 2001 2211 2059 ita

501 2102 609 2155 est.
665 2094 813 2153 Cum
871 2093 1032 2150 enim
1101 2092 1445 2150 Lambertus
1513 2091 1791 2150 tenuisset
1881 2089 2210 2147 cathedram

504 2183 779 2243 Ecclesia
826 2181 1175 2240 Florentina
1231 2196 1385 2239 anno
1442 2179 1580 2240 1026
1625 2181 1698 2238 ad
1747 2179 1903 2249 1037,
1934 2179 2029 2237 cui
2079 2195 2211 2237 suc-

503 2270 675 2331 cessit
712 2272 866 2342 Atto,
906 2276 962 2327 et
993 2268 1045 2326 ei
1083 2269 1389 2338 Gerardus,
1431 2269 1534 2342 qui
1571 2273 1768 2342 postea
1803 2268 1878 2325 ad
1912 2267 2210 2339 pontifica-

501 2369 600 2420 tus
647 2362 869 2434 apicem
923 2365 1176 2428 evectus,
1225 2358 1348 2431 ipse
1401 2357 1675 2416 Nicolaus
1725 2357 2014 2416 secundus
2067 2373 2213 2431 papa

506 2449 754 2519 exstitit;
817 2447 1356 2506 manifestissimum
1408 2453 1493 2505 est
1559 2461 1814 2504 errorem
1883 2445 2083 2504 cadere
2148 2446 2212 2503 in

504 2540 705 2607 verbo,
732 2554 848 2604 nos,
903 2537 1058 2610 quod
1111 2553 1204 2592 vos
1256 2535 1493 2594 fortasse
1550 2534 1738 2592 dicere
1776 2533 1964 2593 debet.
2011 2533 2214 2592 Voluit

502 2629 716 2704 quippe
789 2627 994 2686 Petrus
1059 2640 1293 2684 causam
1357 2640 1524 2683 suam
1591 2623 1920 2694 defendere,
1984 2629 2213 2696 sumpto

503 2724 844 2793 argumento
896 2718 969 2777 ab
1013 2725 1367 2777 antecessore
1412 2719 1596 2792 ipsius
1661 2717 1968 2791 pontiﬁcis,
2019 2722 2213 2789 utpote

502 2809 955 2886 propinquiore:
992 2823 1101 2868 nec
1136 2814 1374 2878 constat,
1416 2808 1570 2884 quod
1618 2806 1912 2865 Florentia
1955 2805 2212 2878 aliquem

503 2913 570 2957 ea
623 2903 953 2970 tempestate
1001 2896 1236 2955 Petrum
1287 2899 1555 2956 habuerit
1608 2905 1740 2957 ante
1785 2913 2009 2956 annum
2052 2897 2212 2969 1064,

503 3001 620 3059 quo
659 2991 913 3057 tempore
949 2985 1072 3058 ipse
1105 2985 1379 3043 Nicolaus
1414 2986 1721 3045 defunctus
1766 2987 1891 3059 jam
1925 2986 2044 3044 vita
2083 2985 2210 3044 fue-

2297 1917 2415 1975 Deo
2461 1917 2587 1990 ipso
2635 1932 2758 1976 esse
2802 1917 3128 1989 fundatam,
3159 1925 3332 1991 atque
3371 1917 3446 1976 ab
3479 1933 3546 1975 ea
3591 1923 3713 1976 tum
3757 1917 4018 1990 reliquas

2296 2007 2461 2076 alias,
2514 2013 2640 2064 tum
2689 2006 2948 2065 maxime
3016 2006 3511 2066 Mediolanensem
3559 2009 3712 2065 hanc
3761 2014 4016 2066 vestram

2297 2100 2459 2151 ortus
2487 2094 2578 2151 sui
2609 2094 2948 2167 primordia,
2983 2101 3037 2152 et
3085 2095 3410 2170 disciplina
3461 2097 3791 2156 rudimenta
3844 2112 4020 2154 sum—

2296 2181 2496 2254 psisse.
2527 2180 2676 2250 Quid
2725 2183 2885 2240 enim
2910 2183 3112 2242 Petrus
3160 2191 3216 2241 et
3264 2183 3502 2256 Paulus,
3535 2185 3637 2260 qui
3687 2185 4018 2244 Romanam

2297 2267 2612 2327 Ecclesiam
2665 2286 2770 2329 suo
2823 2271 3107 2344 sanguine
3157 2281 3583 2345 consecrarunt,
3617 2290 3813 2333 nonne
3863 2276 4022 2334 hanc

2297 2370 2532 2428 quoque
2556 2371 2656 2428 per
2679 2356 2994 2431 discipulos
3021 2374 3158 2418 suos
3187 2359 3614 2420 instituerunt?
3641 2360 3787 2419 Nam
3830 2361 4020 2420 Naza-

2297 2443 2422 2501 rius
2451 2460 2485 2501 a
2511 2443 2660 2502 Lino
2703 2445 2858 2503 Petri
2897 2446 3183 2520 discipulo
3230 2463 3393 2506 sacro
3425 2450 3583 2507 fonte
3627 2449 3886 2521 ablutus,
3923 2466 4021 2508 sa-

2294 2548 2459 2591 crum
2517 2531 2581 2591 in
2640 2539 2747 2592 hac
2794 2535 2940 2594 urbe
2995 2537 3341 2610 martyrium
3395 2544 3480 2597 est
3534 2553 3843 2612 perpessus
3893 2561 3909 2598 :
3963 2546 4024 2597 et

2295 2621 2607 2680 Gervasius
2649 2639 2716 2680 ac
2765 2623 3077 2696 Protasius,
3103 2641 3356 2700 quorum
3396 2633 3593 2686 sancta
3632 2628 3695 2685 in
3731 2627 3840 2685 hac
3869 2627 4023 2685 urbe

2297 2726 2533 2785 corpora
2559 2712 2852 2785 coluntur,
2890 2729 3000 2773 non
3031 2714 3214 2775 alium
3263 2732 3440 2789 quam
3468 2717 3717 2776 Paulum
3754 2717 4022 2776 habuere

2296 2801 2660 2873 magistrum.
2694 2803 2878 2862 Divus
2922 2805 3192 2880 denique,
3244 2822 3363 2880 quo
3408 2824 3512 2867 vos
3553 2814 3847 2882 tantopere
3885 2808 4018 2882 glo-

2297 2889 2551 2962 riamini,
2610 2891 2979 2966 Ambrosius,
3034 2911 3172 2954 cum
3247 2894 3661 2955 Nicolaitarum
3737 2897 4020 2955 haeresim

2296 2979 2753 3052 persequendam
2801 2997 3062 3042 coercere
3115 2999 3232 3042 non
3281 2991 3492 3057 posset,
3523 3001 3559 3042 a
3582 2985 3846 3043 Romana
3897 2985 4014 3043 Ec-

506 3080 630 3143 rat;
664 3073 779 3131 nisi
820 3073 966 3132 forte
1011 3073 1068 3131 S.
1103 3072 1308 3131 Petrus
1351 3073 1673 3133 Damianus
1716 3082 1772 3133 et
1816 3074 2210 3132 Florentinam
2295 3066 2469 3126 clesia
2505 3069 2798 3129 auxilium
2841 3072 3192 3146 imploravit,
3242 3078 3416 3147 atque
3444 3081 3557 3132 tres
3588 3074 3698 3132 viri
3728 3073 3800 3132 ad
3831 3074 4027 3148 hujus

501 3171 559 3224 et
595 3163 916 3223 Ostiensem
953 3162 1285 3220 cathedram
1319 3162 1499 3221 simul
1535 3164 1806 3236 obtinuit,
1833 3163 1988 3237 quod
2029 3162 2213 3222 nullis
2233 3157 2507 3267 Cerroris
2553 3158 2942 3233 expiationem
2983 3178 3018 3220 a
3059 3161 3278 3222 Siriaco
3319 3171 3459 3223 tunc
3496 3163 3768 3237 pontiﬁce
3823 3164 4025 3236 missi,

503 3254 636 3313 aliis
667 3253 1009 3311 testimoniis
1041 3251 1474 3325 comprobatur.
1619 3260 1621 3263 '
2233 3249 2554 3320 “prasens
2604 3249 2828 3308 civitati
2877 3251 3172 3311 auxilium
3223 3253 3560 3312 attulerunt.
3614 3253 4020 3324 Quamobrem

575 3345 754 3404 Cessit
781 3345 921 3403 item
963 3344 1454 3404 administrationi
1493 3346 1748 3406 duorum
1799 3349 2051 3410 aliorum
2097 3365 2216 3409 coe-
2297 3343 2509 3394 cumet
2540 3338 2719 3410 primi
2747 3339 2953 3398 salutis
3005 3348 3213 3400 vestrae
3244 3350 3528 3414 auctam.
3562 3351 3620 3402 et
3651 3343 4023 3417 postlaben-

505 3434 815 3493 nobiorum
854 3433 966 3492 sibi
1004 3434 1561 3505 commendatorum,
1602 3436 1750 3494 sicut
1776 3453 1854 3495 ex
1881 3455 1948 3496 ea
1980 3438 2219 3512 epistola
2299 3426 2372 3484 ῐίε
2424 3427 2751 3501 diSCiPliIlaa
2803 3430 3220 3505 emendatores:
3277 3433 3386 3492 8111)
3439 3434 3695 3493 Εθειθείὶι
3744 3433 4031 3494 Romana

503 3524 598 3581 his
635 3522 827 3582 verbis
855 3523 1004 3581 circa
1040 3523 1390 3598 principium
1427 3525 1675 3582 habetur
1707 3549 1720 3583 :
1753 3525 2108 3601 Quapropter
2145 3529 2220 3587 ob
2297 3515 2635 3589 ΡῐὈάῘθΓῘηει
2665 3518 2808 3592 (ΙΠῙά
2855 3526 2939 3578 θεῖ
2985 3522 3141 3596 Ψιοᾱ
3171 3522 3296 3596 eius
3333 3523 3577 3582 decretis
3617 3523 4030 3597 Obtempel‘al‘(3

503 3614 908 3675 remissionem
972 3615 1241 3673 omnium
1305 3621 1669 3688 peccatorum
1736 3633 2023 3690 meorum,
2083 3636 2217 3694 qua;
2297 3604 2703 3680 intempestiva
2774 3625 2934 3668 nunc
2989 3613 3348 3671 contumacia
3399 3611 3730 3672 recusatis?
3781 3611 4032 3682 Quibus

506 3704 777 3778 nequiter
815 3703 1156 3778 perpetravi,
1199 3704 1336 3761 cedo
1375 3704 1509 3778 jure
1545 3704 1905 3780 episc0patus
1930 3723 2033 3781 per
2059 3708 2220 3767 hunc

2315 3695 2492 3754 verbis
2531 3713 2666 3755 cum
2701 3705 3038 3770 protervum
3082 3701 3387 3776 populum,
3417 3702 3619 3761 divina
3642 3708 3852 3775 agente
3880 3719 4029 3777 gra-

502 3793 815 3865 annulum,
857 3793 1080 3866 virgam
1111 3790 1269 3850 enim
1311 3791 1548 3862 tulistis,
1590 3792 1888 3866 desperata
1923 3796 2087 3854 omni
2125 3813 2215 3854 re-

2315 3785 2395 3854 .ia,
2445 3783 2787 3857 inﬂexisset,
2833 3803 2972 3846 mox
3015 3789 3354 3864 irrumpunt
3390 3791 3452 3848 in
3485 3797 3775 3849 conventu
3819 3806 4028 3864 voces,

501 3880 733 3953 petendi
787 3879 1045 3956 querela,
1073 3880 1382 3941 renuntio:
1409 3887 1730 3956 utrumque
1779 3884 1955 3944 etiam
2013 3900 2216 3944 mona-

2315 3878 2352 3930 at
2377 3887 2478 3945 per
2513 3876 2691 3930 totam
2716 3875 3011 3935 civitatem
3059 3877 3427 3951 ingeminant
3456 3879 3693 3952 ubique,
3728 3878 4031 3938 Mediola-

506 3967 748 4025 sierium
777 3967 974 4026 reddo,
2295 3975 2538 4019 nensem
2581 3964 2864 4036 populum
2909 3964 3238 4026 obnoxium
3280 3984 3405 4027 esse
3444 3967 3790 4026 obedientia
3840 3975 4031 4043 atque

577 4053 694 4114 Sed
727 4054 992 4127 pontifex
1030 4055 1337 4114 emendare
1371 4058 1576 4117 volens
1635 4059 1950 4119 Ecclesiam
1993 4059 2214 4119 Medio-

2315 4054 2560 4124 iotestati
2615 4061 2830 4115 sancta
2884 4056 3039 4114 sedis
3091 4058 3441 4130 apostolica,
3499 4065 3556 4117 et
3612 4065 3725 4116 tam
3772 4058 4036 4120 clericos

502 4144 827 4216 lanensem,
879 4160 913 4202 a
959 4144 1219 4204 Romana
1271 4145 1711 4222 discrepantem,
1761 4165 1988 4209 necnon
2039 4148 2216 4207 simo—
2295 4159 2472 4217 quam
2504 4143 2680 4204 laicos
2703 4147 2772 4204 ad
2800 4148 3216 4221 excipiendum
3267 4148 3536 4207 mandata
3581 4147 3753 4222 legati
3779 4156 4028 4222 aposto-

504 4233 670 4291 niaca
752 4231 902 4303 labe,
983 4239 1039 4290 et
1128 4233 1542 4294 Nicolaitarum
1618 4238 1829 4296 haeresi
1919 4237 2212 4308 infectam,
2295 4231 2392 4288 lici
2421 4247 2545 4290 esse
2573 4241 2815 4306 paratos.
2844 4234 3033 4309 Igitur
3071 4237 3392 4312 quastione
3428 4237 3774 4296 clericorum
3813 4252 4028 4297 coram

507 4323 746 4382 Petrum
798 4338 1001 4382 rursus
1053 4337 1128 4381 ex
1177 4339 1372 4386 eremo
1431 4327 1770 4402 abductum,
1818 4329 2215 4387 Mediolanum
2294 4316 2480 4391 legato
2509 4318 2788 4391 discussa.
2817 4321 2920 4378 Vix
2944 4322 3253 4396 QUiSqlmm
3286 4330 3441 4382 1111113
3472 4329 3736 4397 repertus
3763 4331 3872 4395 est,
3907 4327 4027 4399 (illi

504 4412 762 4488 legatum
818 4412 890 4469 de
937 4412 1113 4471 latere
1160 4415 1354 4486 misit;
1389 4424 1456 4474 ut
1500 4418 1562 4475 in
1605 4426 1817 4476 rectam
1870 4418 2216 4476 sententiam
2294 4406 2388 4465 Ἴθι
2424 4422 2542 4465 Ποη
2586 4408 2818 4467 ordines
2853 4425 3043 4470 SilCI‘OS
3088 4413 3341 4486 emisset,
3389 4420 3490 4472 διιε
3536 4412 3814 4472 ωυῖίθῒπί
3869 4431 4028 4474 ϐοη-

506 4500 590 4560 ibi
614 4515 852 4558 omnem
888 4499 1106 4558 clerum
1155 4517 1285 4561 cum
1324 4504 1536 4577 populo
1578 4511 1889 4564 revocaret.
1917 4503 2030 4574 Qui
2076 4498 2597 4578 obe-“suetudini
2649 4508 2894 4560 vacaret.
2947 4501 3060 4561 Sed
3106 4503 3331 4578 legatus
3369 4504 3827 4564 misericordiam
3881 4522 4032 4566 am-

505 4590 631 4648 dire
642 4597 888 4662 coactus,
906 4589 1048 4648 illuc
1067 4591 1340 4664 perrexit,
1365 4562 1643 4651 A‘nselmo
1662 4595 1924 4668 episcopo
1951 4562 2279 4653 LucenseD
2300 4587 2592 4662 plexatus,
2622 4591 2899 4651 omnibus
2923 4609 2985 4652 se
3010 4562 3288 4654 daturum
3318 4596 3550 4654 veniam
3578 4597 3878 4670 pollicitus
3907 4609 4029 4673 est,

508 4678 728 4753 collega
777 4685 1091 4754 assumpto.
1119 4679 1208 4738 Ibi
1261 4696 1397 4740 cum
1446 4697 1550 4755 pro
1596 4683 1877 4756 dignitate
1931 4689 2213 4756 receptus,
2301 4678 2351 4736 si
2379 4695 2440 4738 se
2461 4681 2839 4756 jurejurando
2879 4685 3303 4760 obstringerent
3341 4688 3414 4746 ab
3458 4688 3864 4763 hujuscemodi
3904 4691 4032 4749 fla-

505 4785 738 4830 causam
779 4770 1082 4845 iegationis
1125 4771 1506 4844 exposuisset,
1549 4786 1751 4829 rumor
1807 4769 1870 4827 in
1912 4770 2144 4829 civitate
2183 4786 2217 4829 a
2299 4768 2457 4841 gitiis
2494 4775 2923 4843 temperaturos.
2972 4771 3136 4844 Quod
3183 4789 3318 4834 cum
3357 4776 3584 4850 primus
3625 4775 4038 4850 archiepisco-

506 4859 751 4918 factione
822 4860 1164 4920 clericorum
1215 4861 1502 4919 excitatus
1551 4867 1637 4919 est
1696 4877 1711 4920 :
1768 4860 2216 4920 Ambrosianum
2299 4875 2410 4935 pus
2438 4861 2797 4922 solemnibus
2823 4864 3036 4938 verbis,
3067 4864 3276 4924 deinde
3311 4866 3507 4926 clerici
3533 4882 3736 4926 omnes
3764 4867 4041 4939 professi

503 4947 820 5007 Ecclesiam
862 4949 1122 5024 antiquis
1165 4950 1404 5009 Patrum
1449 4949 1735 5008 institutis
1783 4949 2029 5008 liberam
2067 4966 2214 5024 esse,

506 5056 700 5116 neque
744 5039 1075 5114 pontificem
1124 5041 1455 5100 Romanum
1486 5040 1587 5112 jus
1621 5039 1807 5098 ullum
1839 5041 1902 5098 in
1940 5057 2007 5099 ea
2057 5041 2215 5100 ordi-

508 5132 705 5190 nanda
735 5130 974 5204 habere;
1002 5146 1108 5189 nec
1146 5146 1326 5202 mora,
1359 5134 1730 5186 concurrente
1767 5127 1968 5202 populi
2005 5129 2217 5187 multi-

508 5220 712 5280 tudine
750 5220 824 5278 ad
865 5219 1204 5295 pratorium
1241 5216 1512 5291 episcopi,
1555 5231 1711 5275 mors
1745 5232 1957 5291 magno
1994 5217 2217 5292 impetu

513 5309 682 5369 Petro
733 5310 918 5385 legato
969 5307 1233 5382 undique
1289 5306 1628 5376 intentatur,
1675 5315 2028 5382 repenteque
2075 5309 2218 5368 urbs

511 5415 923 5475 campanarum
986 5401 1227 5474 strepitu
1299 5404 1356 5457 et
1421 5397 1722 5458 turbarum
1780 5400 2049 5474 clangore
2103 5405 2218 5458 tota

507 5490 850 5564 completur.
909 5490 999 5550 Ad
1063 5489 1193 5548 hac
1253 5485 1621 5560 ingeminant
1678 5502 1867 5560 voces,
1938 5489 2216 5563 injuriam

2300 4950 2567 5020 fuissent,
2608 4949 2873 5024 injuncta
2925 4951 3174 5027 singulis
3221 4953 3458 5013 salutari
3511 4953 3870 5028 panitcntia,
3921 4957 4045 5018 Pe-

2302 5048 2425 5102 trus
2463 5043 2686 5116 legatus
2717 5042 3042 5103 Mediolano
3072 5043 3347 5103 discessit.
3391 5045 3697 5115 (laterum,
3745 5060 3884 5103 cum
3925 5064 4046 5108 ar—

2299 5131 2700 5206 chiepiscopus
2733 5133 3098 5207 postmodum
3137 5135 3354 5193 aculeis
3391 5135 3734 5208 linguarum
3770 5151 3839 5193 ac
3871 5151 4047 5198 con-

2301 5219 2466 5279 viciis
2515 5221 2856 5281 clericorum
2906 5223 3196 5296 seductus,
3243 5225 3315 5283 ad
3362 5222 3647 5283 vomitum
3678 5239 3816 5282 cum
3860 5225 4049 5288 clero

2301 5309 2582 5381 rediisset,
2623 5311 2691 5370 B.
2732 5311 2936 5372 Petrus
2970 5319 3197 5388 postero
3232 5328 3406 5383 anno,
3448 5312 3520 5370 ad
3557 5313 3863 5386 quosdam,
3911 5320 4046 5390 qui

2299 5399 2360 5458 in
2405 5401 2688 5460 sententia
2733 5403 3134 5477 persistebant,
3183 5404 3335 5462 hanc
3374 5402 3602 5476 scripsit
3647 5402 3974 5477 epistolam
4027 5432 4043 5470 :

2300 5485 2526 5546 Gratias
2597 5487 2828 5563 agimus
2903 5490 3041 5564 Deo,
3125 5496 3260 5565 etc.,
3317 5496 3384 5549 ut
3460 5490 3704 5549 habetur
3772 5487 3878 5549 lib.
3966 5509 4043 5569 ν,

514 5577 786 5640 Widonis
843 5577 1257 5654 archiepiscopi
1298 5576 1707 5638 vindicandam
1745 5595 1892 5650 esse,
1931 5579 2036 5653 qui
2074 5595 2217 5638 con-
2254 5631 2257 5634 .
2297 5578 2464 5653 epist.
2491 5577 2582 5638 84.

507 5666 744 5730 stitutus
797 5668 982 5743 pridie
1029 5668 1112 5727 ad
1151 5666 1443 5726 sinistram
1490 5672 1545 5725 et
1588 5683 1702 5727 non
1747 5668 1820 5729 ad
1858 5668 2156 5727 dexteram
2183 5684 2216 5726 a
2371 5671 2544 5728 Auno
2581 5671 2654 5730 ab
2698 5671 3090 5731 incarnatione
3128 5670 3362 5731 Domini
3402 5672 3581 5732 nostri
3618 5671 3756 5732 Jesu
3795 5671 4046 5740 Christi
