4140 6484
188 389 288 448 165

1039 385 1619 447 PROLEGOMENA.
1663 417 1724 429 —
1768 384 1828 444 S.
1871 382 2094 443 PETRI
2133 384 2455 444 DAMIANl
2497 376 2675 444 VITA
2718 385 2820 444 III.

3576 383 3678 448 166

188 514 341 586 1068,
393 528 528 571 cum
573 517 820 587 gestaret
870 513 1249 585 tergeminam
1301 512 1482 570 sancti
1537 511 1687 570 Petri
1736 510 1951 570 thia-A
1975 525 2126 583 um,
2169 516 2225 568 et
2254 511 2542 585 quomodo
2567 512 2651 570 sic
2681 527 2816 570 eum
2845 511 3150 582 amisisset,
3192 514 3524 572 recordatus
3567 520 3675 582 est,

182 620 304 662 ram
349 602 686 661 Alexander
730 601 1040 672 secundus,
1093 600 1382 660 Henricus
1431 607 1675 674 quartus
1716 615 1895 658 cazsar

181 689 594 764 Moguntinum
648 688 983 762 episcopum
1039 690 1109 746 ad
1159 689 1535 747 indicendum
1577 687 1891 747 concilium

180 779 579 853 episcoporum
606 778 868 849 urgebat,
901 777 1055 852 quod
1089 777 1213 850 ipse
1265 794 1400 837 cum
1431 779 1600 837 Berta
1643 787 1893 853 augusta

181 870 425 944 conjuge
454 868 775 926 divortium
819 869 1005 926 facere
1058 869 1249 942 vellet,
1282 871 1724 943 libertatemque
1783 871 1893 926 Ec-

182 961 374 1019 clesiae
439 959 646 1017 acriter
712 960 1090 1032 opprimebat,
1151 961 1448 1019 monachis
1527 959 1893 1034 potissimum

183 1049 445 1107 infestus.
477 1049 699 1118 Quibus
738 1043 966 1106 damnis
1011 1048 1270 1121 pontifex
1323 1048 1624 1116 providere
1668 1048 1887 1116 volens,

183 1136 246 1195 B.
278 1137 516 1195 Petrum
556 1137 824 1195 Damiani
866 1136 1120 1210 legatum
1158 1138 1221 1195 in
1269 1137 1643 1196 Germaniam
1694 1137 1888 1209 mittit,

183 1244 298 1302 quo
352 1228 578 1286 delatus
629 1229 850 1301 Petrus,
913 1228 1166 1287 Henrico
1242 1228 1733 1298 Frankcofordize,
1788 1228 1890 1286 ubi

184 1324 510 1378 conventus
567 1317 894 1392 cogebatur,
960 1318 1230 1376 mandata
1291 1317 1581 1391 pontificis
1643 1318 1752 1375 sub
1800 1316 1892 1375 his

183 1405 468 1480 capitibus
491 1404 759 1478 exposuit
783 1404 1128 1478 intrepidus,
1161 1411 1225 1464 ut
1250 1405 1448 1463 scribit
1486 1403 1795 1478 Sigonius:

249 1497 398 1556 Rem
446 1497 779 1569 pessimam,
808 1503 862 1553 et
906 1511 940 1552 a
984 1495 1219 1553 nomine
1271 1494 1616 1568 Christiano,
1675 1496 1891 1555 nedum

181 1587 360 1659 regio,
394 1586 647 1644 alienam
694 1600 838 1655 esse,
878 1599 1054 1658 quam
1109 1584 1208 1642 ille
1263 1583 1603 1656 moliretur;
1637 1584 1792 1659 quod
1842 1584 1891 1642 si

181 1675 458 1734 humanis
485 1690 552 1732 ac
590 1673 806 1732 divinis
839 1673 1064 1746 legibus
1101 1689 1219 1731 non
1257 1679 1586 1745 terreretur,
1633 1679 1690 1731 at
1716 1674 1890 1731 fama)

182 1771 236 1822 et
301 1764 754 1823 existimationis
814 1779 938 1822 suae
993 1763 1277 1822 rationem
1329 1763 1588 1836 haberet,
1643 1779 1719 1821 ne
1773 1768 1888 1820 tam

1973 599 2111 674 quia
2167 599 2431 672 pridiano
2486 616 2720 674 vespere
2776 601 2960 658 lassus
3009 601 3080 658 de
3137 601 3247 672 via,
3307 601 3568 660 membra
3614 602 3678 659 in

1973 690 2183 759 lectum
2217 689 2544 762 projiciens,
2568 689 2812 762 jacendo
2850 691 3236 763 compleverat
3284 691 3454 750 horas
3499 707 3677 750 cano-

1973 778 2130 836 nicas
2179 784 2234 835 et
2285 776 2501 835 crimen
2555 777 2744 835 debita
2798 778 3137 851 paenitentia
3193 778 3384 838 delere
3432 779 3674 840 studuit.

1973 865 2280 939 Religiosis
2323 866 2550 924 cunctis
2575 872 2629 923 et
2659 867 2836 924 sacris
2864 867 3105 926 initiatis
3132 867 3468 941 exemplum
3494 867 3675 934 relin-

1972 973 2178 1032 quens,
2207 956 2811 1034 quomodo‘singulus
2865 958 3114 1034 quisque
3162 959 3336 1018 verba
3383 960 3678 1033 propheta:

1973 1062 2198 1119 semper
2223 1047 2296 1104 ob
2320 1045 2515 1103 oculos
2541 1046 2750 1105 habere
2774 1048 2942 1106 debet
2981 1067 2994 1104 :
3021 1052 3231 1121 Septies
3255 1052 3314 1104 in
3343 1050 3431 1104 die
3461 1050 3678 1105 laudem

1973 1137 2099 1191 disci
2156 1137 2258 1191 tibi
2316 1137 2478 1206 (Psal.
2533 1137 2780 1208 CXVIII);
2833 1141 2888 1194 et
2945 1146 3160 1209 quanta
3232 1138 3552 1196 reverentia
3614 1153 3680 1195 ac

1973 1226 2279 1285 devotione
2337 1226 2411 1284 sit
2468 1227 2860 1300 peragendum
2915 1227 3132 1301 ubique
3183 1227 3456 1286 divinum
3511 1244 3676 1302 opus,

1973 1323 2243 1374 monente
2270 1331 2376 1373 nos
2399 1315 2598 1372 eodem
2639 1315 2913 1388 propheta
2944 1339 2957 1373 :
3000 1319 3227 1373 Psallite
3272 1322 3397 1383 Deo,
3425 1319 3674 1390 psallite,

1964 1409 2193 1480 psallite
2221 1409 2495 1479 sapienter
2523 1407 2692 1475 (Psal.
2738 1410 2903 1477 XLVI)
2929 1423 2943 1475 ;
2981 1411 3037 1464 et
3062 1406 3202 1464 alibi
3237 1426 3251 1465 :
3301 1411 3365 1464 In
3393 1413 3676 1481 conspectu

1970 1499 2284 1565 angelorum
2304 1497 2547 1567 psallam
2571 1497 2674 1550 tibi
2709 1497 2878 1563 (Psal.
2908 1499 3210 1566 CXXXVII).

2042 1584 2331 1643 Reversus
2381 1583 2585 1643 Petrus
2625 1600 2659 1641 a
2712 1583 2995 1658 legatione
3051 1585 3397 1658 Germanias,
3439 1585 3513 1644 ad
3554 1600 3679 1644 ere-

1973 1691 2136 1734 mum
2192 1691 2369 1735 suam
2410 1675 2752 1734 Avellanam
2829 1678 3086 1737 concitus
3159 1678 3424 1748 redierat,
3475 1674 3678 1734 existi-

1973 1781 2139 1825 mans
2166 1770 2374 1837 optatze
2414 1764 2596 1838 quieti
2643 1780 2719 1822 ex
2754 1765 2938 1823 animi
2976 1766 3259 1825 sententia
3279 1767 3400 1840 jam
3447 1766 3681 1825 tandem

183 1861 324 1913 tetro
398 1870 624 1914 veneno
671 1871 705 1912 a
766 1869 900 1927 rege
955 1859 1266 1927 temperato
1344 1858 1525 1912 totum
1603 1853 1945 1927 populum];
1971 1869 2135 1929 posse
2179 1851 2554 1921 incumbere;
2591 1853 2688 1910 sed
2716 1861 3012 1912 revocatus
3046 1871 3080 1912 a
3118 1853 3391 1928 Gregorio
3437 1854 3681 1928 septimo

182 1945 579 2005 Christianum
605 1944 864 2003 inﬁceret
897 1963 908 2001 :
943 1948 998 2001 et
1025 1943 1128 2018 qui
1155 1943 1370 2016 ﬂagitia
1400 1943 1604 2003 ulcisci
1639 1945 1892 2015 deberet,

182 2035 252 2093 iis
319 2050 381 2093 se
433 2036 702 2109 princeps
751 2033 1150 2106 obstringeret.
1209 2030 1373 2101 Quod
1427 2033 1475 2091 si
1531 2049 1648 2091 non
1701 2032 1892 2092 ﬂecte-

184 2131 347 2182 retur
396 2124 676 2196 consiliis,
735 2137 839 2196 pro
897 2127 1048 2180 certo
1099 2121 1337 2180 haberet
1391 2123 1719 2196 pontiﬁcem
1773 2121 1892 2180 vim

179 2211 635 2271 ecclesiasticam
694 2213 1144 2284 adhibiturum;
1196 2229 1386 2289 neque
1443 2213 1566 2272 suis
1621 2214 1896 2273 manibus

179 2319 316 2362 eum
362 2302 682 2376 aliquando
725 2303 1128 2376 imperatorem
1181 2310 1560 2362 sacraturum.
1609 2303 1698 2360 Ad
1749 2303 1895 2362 hanc

179 2393 507 2452 orationem
532 2407 668 2450 cum
699 2392 1010 2467 principes,
1048 2393 1149 2467 qui
1179 2393 1438 2465 aderant,
1471 2392 1895 2452 exclamassent

179 2496 353 2555 aqua
418 2480 626 2554 jubere
705 2481 1036 2540 Romanum
1105 2482 1457 2555 pontiﬁcem,
1522 2482 1894 2557 dicerentque

180 2586 316 2631 eum
369 2571 674 2631 turbandae
724 2571 1057 2644 reipublicae
1123 2573 1479 2631 occasionem
1535 2588 1669 2631 cum
1717 2572 1894 2630 armis

179 2660 520 2735 parentibus
568 2659 785 2733 reginas
837 2676 953 2719 non
1005 2661 1263 2734 praebere
1310 2660 1517 2720 debere
1561 2661 1893 2734 imperator,

184 2749 362 2809 nullis
397 2749 532 2808 aliis
563 2748 882 2808 rationibus
924 2750 1116 2808 locum
1147 2750 1507 2825 relinquens,
1543 2767 1604 2808 se
1645 2750 1708 2808 in
1745 2765 1892 2823 pon-

183 2838 351 2897 titicis
380 2840 721 2898 auctoritate
750 2845 932 2897 totum
958 2838 1197 2897 remisit.

246 2927 318 2986 In
353 2943 421 2986 ea
462 2926 746 3001 legatione
776 2927 980 2987 Petrus
1025 2927 1087 2985 in
1130 2943 1308 3000 regno
1354 2925 1718 2999 Burgundiaa
1752 2942 1893 2984 con-

183 3015 462 3075 viatorem
511 3016 738 3086 habuit,
816 3016 965 3074 sicut
1036 3015 1158 3089 ipse
1227 3016 1293 3073 in
1347 3014 1646 3073 miraculis
1714 3019 1892 3088 notat,

182 3105 532 3177 Adraldum,
587 3105 940 3180 prudentem
1001 3111 1058 3163 et
1115 3104 1455 3179 religiosum
1512 3107 1730 3176 virum,
1793 3105 1896 3180 qui

1973 1960 2135 2018 papa,
2166 1942 2268 2018 qui
2295 1957 2450 2000 anno
2492 1940 2630 2000 1073
2654 1943 2987 2000 cathedram
3034 1943 3187 2001 Petri
3235 1943 3506 2014 obtinuit,
3537 1943 3681 2000 mis-

1975 2052 2074 2095 sus
2097 2040 2181 2093 est
2219 2034 2442 2107 legatus
2479 2033 2551 2090 de
2579 2032 2756 2091 latere
2796 2048 2898 2106 per
2945 2039 3120 2091 totam
3157 2033 3406 2105 Italiam,
3438 2039 3505 2091 ut
3558 2047 3683 2105 pro-

1976 2123 2262 2197 mulgaret
2285 2123 2505 2181 decreta
2535 2122 2605 2180 de
2638 2121 2881 2180 dicendo
2911 2121 3110 2180 Officio
3144 2120 3210 2179 B.
3256 2120 3454 2180 Maria;
3486 2119 3680 2193 Virgi—

1974 2215 2085 2286 nis,
2119 2213 2276 2288 quod
2325 2214 2545 2288 ubique
2599 2212 2889 2271 siluerat:
2932 2211 3109 2272 simul
3156 2212 3450 2287 jejunium
3502 2217 3684 2269 sextae

1974 2304 2133 2363 feria}
2187 2305 2250 2361 in
2305 2304 2586 2362 honorem
2658 2310 2871 2361 sanctas
2930 2303 3118 2362 crucis
3179 2303 3478 2375 indiceret,
3527 2303 3683 2377 quod

1973 2393 2364 2453 oblitteratum
2428 2408 2553 2451 esse
2608 2393 2931 2452 videbatur.
2985 2393 3147 2464 Quod
3217 2409 3433 2453 munus
3479 2392 3686 2452 Petrus

1970 2484 2376 2542 ardentissima
2405 2484 2682 2542 charitate
2711 2484 2912 2557 obivit,
2944 2485 3148 2544 multis
3176 2499 3242 2543 ac
3284 2483 3484 2543 multis
3529 2483 3682 2542 difﬁ-

1971 2573 2303 2645 cultatibus,
2335 2573 2452 2631 Deo
2476 2575 2739 2648 juvante,
2772 2573 3078 2646 superatis.

2043 2661 2219 2719 Porro
2267 2660 2337 2718 de
2377 2659 2602 2733 jejunio
2649 2660 2839 2718 crucis
2886 2676 3006 2718 non
3041 2664 3127 2717 est
3180 2658 3410 2718 silentio
3451 2663 3684 2733 praeter-

1973 2748 2253 2819 eundum,
2290 2763 2423 2821 quae
2473 2747 2544 2806 ad
2592 2764 2856 2808 eremum
2903 2747 3246 2807 Avellanam
3292 2747 3679 2822 contigerunt.

1973 2836 2306 2910 [Egrotabat
2333 2836 2416 2894 ibi
2458 2836 2566 2895 loci
2597 2837 2658 2894 in
2705 2836 2973 2896 cubiculo
3011 2852 3211 2909 senex,
3248 2837 3364 2896 Leo
3404 2836 3681 2906 nomine;

1973 2927 2070 2986 hic
2114 2925 2456 3000 precabatur
2490 2925 2723 2986 assidue
2757 2926 2940 2985 Deum
2977 2943 3080 3000 pro
3137 2926 3203 2985 B.
3259 2925 3444 2996 Petro,
3483 2931 3540 2984 et
3580 2942 3684 2999 pro

1975 3015 2437 3090 congregatione,
2467 3021 2522 3073 et
2547 3031 2652 3088 pro
2696 3014 2951 3074 Ecclesia
2980 3035 2994 3072 :
3024 3015 3181 3092 quod
3215 3030 3351 3074 cum
3387 3013 3688 3074 ardentius

1976 3106 2142 3166 solito
2191 3107 2422 3178 faceret,
2478 3114 2662 3179 nocte,
2705 3123 2842 3180 qum
2890 3107 3046 3165 diem
3095 3106 3410 3180 praecessit,
3453 3105 3687 3182 quando

180 3192 544 3254 Bremetensi
591 3196 1002 3269 praeminebat
1037 3197 1404 3267 monasterio,
1443 3197 1546 3270 qui
1595 3195 1657 3254 in
1687 3195 1955 3280 itinerec
1979 3197 2275 3257 decretum
2321 3199 2390 3256 de
2430 3199 2654 3272 jejunio
2693 3205 2874 3258 sextae
2923 3199 3086 3258 feriae
3122 3217 3156 3257 a
3206 3199 3373 3258 Petro
3423 3197 3684 3272 promul-

179 3282 292 3342 dno
333 3283 426 3342 illi
473 3283 672 3343 retulit
722 3284 1020 3356 miracula,
1057 3300 1189 3358 quae
1235 3283 1332 3342 hic
1387 3284 1594 3344 addere
1644 3285 1894 3344 otiosum
1978 3287 2239 3360 gandum
2265 3294 2403 3360 erat,
2439 3302 2570 3345 ecce
2608 3286 2754 3346 vidit
2779 3304 2919 3346 mox
2966 3288 3029 3346 in
3059 3289 3280 3347 somnis
3327 3288 3689 3362 frequentem

180 3387 292 3430 non
328 3373 462 3430 erit.

244 3466 512 3525 Clericus
567 3467 806 3542 quidam
865 3469 1120 3528 ﬂuvium
1186 3469 1475 3528 transiens
1536 3469 1604 3529 B.
1663 3467 1892 3528 Severi-

179 3567 319 3613 num
373 3556 713 3630 episcopum
757 3557 996 3616 obvium
1045 3557 1254 3616 habuit
1295 3577 1307 3616 :
1351 3559 1446 3616 cui
1488 3573 1621 3616 cum
1665 3563 1896 3631 rogatus

183 3645 250 3703 ab
280 3645 389 3705 illo
423 3662 672 3706 manum
703 3649 970 3723 dedisset,
1005 3665 1248 3724 eamque
1280 3650 1581 3724 episcopus
1621 3649 1894 3708 ﬂuctibus

179 3735 588 3809 impressisset,
629 3742 821 3796 tantus
881 3737 1158 3798 clericum
1208 3737 1378 3796 ardor
1415 3744 1651 3811 repente
1694 3738 1893 3795 absor-

178 3820 322 3893 buit,
377 3830 444 3882 ut
514 3824 776 3898 undique
831 3841 1032 3884 carnes
1081 3826 1257 3885 totius
1338 3842 1546 3884 manus
1597 3824 1895 3884 dissolutae

178 3911 532 3984 diﬂluerent,
568 3919 623 3971 et
669 3929 796 3972 ossa
839 3913 942 3973 vix
995 3915 1350 3974 haerentibus
1399 3915 1659 3974 articulis
1705 3931 1896 3973 rema-

181 4006 404 4059 nerent.
443 4000 610 4059 Tunc
644 4017 764 4075 pra:
805 4002 1006 4061 dolore
1046 4003 1395 4061 exclamanti
1441 4003 1689 4062 clerico:
1730 4003 1897 4062 Unde

181 4094 266 4160 tu,
333 4089 508 4164 cujus
563 4105 774 4149 nomen
822 4091 885 4150 in
938 4098 1094 4151 tanta
1139 4093 1542 4152 benedictione
1617 4099 1721 4166 est,
1773 4101 1896 4151 tam

183 4179 474 4250 pestilenti
525 4181 801 4254 voragine
844 4181 1254 4254 constringeris
1281 4182 1308 4241 ?
1338 4183 1631 4256 respondit
1678 4183 1896 4256 episco-

181 4284 332 4342 pus:
386 4269 516 4328 Hac
563 4286 667 4342 ego
720 4271 950 4329 residua
1008 4278 1234 4332 tantum
1288 4273 1510 4333 ultione
1567 4273 1782 4348 plector
1834 4273 1897 4330 in

181 4358 553 4432 purgatorio;
605 4359 742 4433 quia
775 4361 836 4418 in
868 4361 1004 4419 aula
1040 4361 1198 4435 regia
1235 4363 1482 4435 negotiis
1523 4361 1900 4421 saecularibus

182 4462 275 4506 me
325 4449 634 4523 implicare
689 4450 867 4522 volui,
914 4451 1302 4526 canonicaque
1372 4453 1559 4511 oﬂicia
1633 4469 1750 4512 non
1798 4469 1900 4526 per

182 4537 464 4598 horarum
521 4539 724 4611 spatia,
783 4539 881 4598 sed
960 4548 1289 4602 coacervata
1357 4543 1715 4616 negligenter
1767 4559 1900 4616 per-

178 4627 348 4685 solvi.
404 4626 497 4685 Tu
531 4642 666 4685 vero
712 4626 816 4685 Dei
869 4627 1235 4689 clementiam
1289 4631 1587 4690 humiliter
1629 4630 1897 4704 implora,

180 4722 245 4772 ut
292 4730 545 4774 manum
604 4721 763 4775 tuam
803 4716 1061 4790 pristinae
1118 4719 1350 4778 sanitati
1405 4718 1689 4778 restituat.
1736 4717 1899 4786 Quod

178 4804 283 4864 ubi
319 4807 547 4863 factum
574 4811 679 4877 est,
721 4808 942 4879 rogavit
988 4823 1126 4867 eum
1168 4815 1232 4867 ut
1272 4825 1466 4884 preces
1517 4808 1635 4866 Deo
1693 4807 1899 4866 funde-

172 4901 281 4967 ret,
357 4901 412 4952 et
467 4894 748 4953 sacriﬁcia
811 4897 1016 4957 offerre
1089 4914 1192 4972 pro
1250 4897 1351 4957 illo
1411 4897 1615 4957 fratres
1669 4898 1899 4971 faceret,

174 4983 698 5060 indigentibusque
735 4985 1060 5046 subsidium
1102 4987 1381 5059 conferre,
1430 4987 1645 5064 quibus
1695 4988 1902 5062 proxi-

173 5093 276 5136 me
310 5092 375 5134 se
401 5075 763 5149 expiandum
794 5078 916 5136 fore
945 5093 978 5134 a
1004 5076 1123 5135 Deo
1153 5077 1396 5150 gratiam
1427 5077 1791 5137 obtinuisset.

249 5167 463 5225 Frater
487 5165 628 5224 item
657 5168 852 5240 probae
889 5167 1100 5225 mentis
1131 5173 1188 5225 et
1234 5172 1404 5226 rectae
1447 5168 1904 5228 conversationis

171 5257 442 5318 ccenobii
497 5257 892 5316 Gluniacensis
947 5273 1047 5330 per
1118 5256 1332 5327 locum,
1389 5258 1499 5317 ubi
1577 5257 1689 5330 ipsi
1744 5262 1906 5316 erant

173 5344 666 5417 sermocinantes,
736 5343 847 5403 iter
900 5345 1136 5415 faciens,
1179 5344 1552 5418 peregrinum
1606 5344 1904 5416 crinitum,

174 5436 448 5511 palmam
494 5434 559 5492 in
613 5449 793 5492 manu
845 5435 1125 5492 ferentem
1175 5433 1416 5492 obvium
1466 5433 1768 5505 habuerat,
1803 5433 1908 5507 qui

174 5524 588 5602 pertransiens
637 5522 861 5582 dicebat
911 5543 924 5582 :
979 5521 1427 5596 Completorium
1483 5523 1542 5582 in
1601 5523 1747 5582 lecto
1802 5538 1909 5581 nec

176 5617 356 5676 salus
409 5618 516 5687 est,
551 5629 659 5672 nec
706 5614 1037 5688 profectus;
1077 5615 1386 5687 statimque
1429 5629 1506 5672 ex
1547 5614 1673 5687 ejus
1725 5613 1910 5674 oculis

177 5704 461 5767 evanuit.
517 5702 684 5764 Unde
727 5701 971 5763 miratus
1003 5703 1179 5762 frater
1219 5703 1604 5776 improvisum
1638 5719 1906 5776 congres-

1978 3377 2395 3435 monachorum
2425 3382 2781 3435 conventum
2809 3377 2872 3435 in
2898 3377 3131 3451 templo,
3165 3378 3269 3452 qui
3305 3377 3456 3436 albis
3493 3375 3689 3435 induti

1978 3465 2261 3538 vestibus,
2318 3463 2686 3524 suavissimis
2742 3467 2980 3526 vocibus
3032 3474 3088 3526 et
3151 3467 3311 3526 dulci
3373 3465 3689 3525 admodum

1977 3558 2279 3624 concentu,
2299 3552 2403 3612 illa
2432 3554 2640 3628 hymni
2663 3554 2850 3614 crucis
2877 3553 3055 3614 verba
3078 3555 3421 3614 cantabant:
3457 3579 3485 3605 «
3506 3553 3688 3612 Dulce

1979 3643 2226 3717 lignum,
2253 3643 2450 3702 dulces
2474 3644 2687 3718 clavos,
2717 3644 2910 3704 dulcia
2931 3646 3122 3705 ferens
3142 3645 3416 3719 pondera.
3440 3670 3467 3696 κ
3499 3644 3685 3703 Panes

1980 3734 2121 3790 item
2162 3732 2226 3790 in
2276 3733 2574 3791 refectorio
2622 3749 2746 3791 esse
2802 3735 3091 3807 appositos
3143 3734 3359 3792 mensis
3412 3733 3687 3792 nitidissi-

1979 3839 2124 3896 mos,
2157 3829 2498 3896 exstareque
2535 3822 2684 3880 inter
2713 3825 3025 3881 monachos
3061 3825 3257 3883 virum
3289 3822 3683 3883 venerabilem

1979 3911 2124 3969 albis
2164 3911 2459 3982 indutum,
2491 3911 2593 3983 qui
2634 3910 2888 3969 diceret:
2920 3911 2997 3970 Hi
3044 3919 3182 3971 sunt
3229 3928 3432 3986 panes,
3465 3911 3681 3986 quibus

1981 4001 2090 4060 filii
2115 4000 2293 4059 Israel
2334 4001 2399 4058 in
2446 4002 2666 4060 deserto
2695 4002 2821 4062 aliti
2863 4010 3001 4062 sunt
3045 4007 3240 4078 (Exod.
3269 4006 3416 4078 XVI).
3455 4004 3681 4076 Quibus

1981 4089 2214 4164 prolatis
2241 4089 2455 4162 verbis,
2489 4107 2771 4164 mensam,
2802 4108 2935 4166 quae
2963 4100 3084 4152 erat
3117 4095 3190 4153 ad
3220 4095 3570 4153 occidentem
3614 4093 3689 4152 ad

1982 4180 2263 4239 orientem
2316 4180 2625 4252 transtulit,
2679 4182 2781 4242 ubi
2839 4184 2903 4242 in
2944 4183 3161 4259 pariete
3217 4182 3430 4244 Christi
3491 4183 3683 4244 cruci-

1984 4269 2091 4327 ﬁxi
2119 4269 2309 4344 imago
2341 4269 2524 4343 posita
2545 4277 2687 4328 erat.

2055 4357 2229 4418 Alius
2279 4359 2418 4417 item
2465 4360 2802 4432 monachus,
2843 4358 3048 4418 Petrus
3083 4359 3342 4433 nomine,
3381 4360 3453 4419 ad
3493 4376 3689 4420 (ιωΠο-
3767 4356 3786 4379 ⁸

1985 4445 2149 4505 bium
2180 4447 2274 4504 die
2298 4447 2458 4506 Jovis
2481 4463 2795 4521 regressus,
2826 4447 3064 4521 ignarus
3093 4447 3474 4507 institutionis
3498 4464 3690 4523 novze,

1988 4551 2089 4609 per
2117 4535 2370 4611 quietem
2414 4551 2448 4593 a
2485 4535 2549 4594 Β.
2587 4535 2754 4594 Petro
2775 4534 2859 4609 ,ad
2887 4536 3200 4609 prandium
3244 4536 3522 4596 invitatus
3549 4553 3686 4597 cum

1986 4626 2206 4696 fuisset,
2247 4625 2520 4700 postridie
2566 4626 2854 4699 accipiens
2905 4627 3044 4686 novi
3097 4627 3243 4686 ritus
3293 4627 3690 4701 disciplinam,

1986 4716 2288 4775 monachis
2373 4717 2638 4790 patefecit
2712 4732 3010 4776 arcanum.
3064 4717 3286 4788 Quibus
3364 4717 3692 4778 visionibus

1985 4805 2254 4864 monachi
2301 4806 2595 4873 commoti,
2628 4823 2767 4866 mox
2795 4823 2996 4866 omnes
3032 4823 3066 4865 a
3116 4807 3179 4864 B.
3213 4807 3380 4866 Petro
3418 4807 3696 4882 supplici-

1987 4901 2074 4953 ter
2128 4895 2465 4970 deposcunt,
2518 4896 2686 4954 illum
2739 4897 2802 4954 in
2870 4895 3033 4953 omni
3107 4894 3335 4969 reliquo
3395 4895 3578 4971 victu,
3625 4913 3694 4956 ac

1987 4987 2222 5058 vestitu,
2254 5003 2320 5046 ea
2357 4987 2685 5058 decernere,
2724 5002 2790 5045 ea
2830 4985 2946 5044 illis
2995 4987 3297 5060 imperare,
3336 5003 3468 5061 quas
3506 4987 3692 5059 magis

1988 5078 2262 5151 expedire
2285 5095 2451 5152 posse
2481 5078 2785 5152 judicaret.
2824 5076 2916 5134 Ex
2948 5091 3065 5151 quo
3103 5075 3198 5135 die
3225 5076 3492 5135 instituto
3523 5075 3695 5149 juxta

1988 5165 2276 5226 visionem
2305 5167 2620 5238 refectorio,
2649 5173 3030 5241 susceptoque
3062 5165 3289 5242 jejunio
3327 5171 3506 5223 sextae
3533 5161 3694 5221 feriae

1987 5272 2091 5331 pro
2119 5254 2466 5326 inviolabili,
2496 5255 2828 5314 cmnobium
2863 5254 3216 5314 Avellanum
3254 5269 3466 5312 nomen
3496 5251 3698 5310 Crucis

1989 5351 2044 5403 et
2101 5343 2336 5403 titulum
2383 5342 2658 5414 obtinuit,
2716 5343 2868 5417 quod
2921 5342 2993 5400 ad
3048 5343 3198 5400 hanc
3242 5341 3397 5400 diem
3447 5341 3694 5413 retinet;

1989 5451 2122 5496 cum
2159 5441 2327 5494 antea
2357 5435 2547 5493 solum
2586 5432 2825 5493 titulum
2863 5433 3042 5493 eremi
3086 5433 3260 5492 fontis
3310 5431 3602 5505 Avellani,
3630 5438 3696 5490 ut

1989 5541 2066 5584 ex
2108 5524 2257 5584 Vitae
2305 5524 2498 5584 verbis
2538 5539 2572 5582 a
2617 5523 2904 5598 discipulo
2930 5522 3174 5595 [scriptas
3221 5520 3443 5596 liquet;
3477 5521 3590 5594 vel,
3634 5525 3700 5581 ut

1989 5615 2329 5689 interpretes
2367 5613 2571 5673 Dantis
2607 5613 2832 5686 volunt,
2878 5617 3329 5687 cognomentum
3377 5610 3695 5673 Columba).

1991 5719 2026 5761 a
2059 5702 2119 5762 Β.
2162 5700 2486 5776 Candulphi
2523 5702 2887 5762 institutione
2919 5699 3263 5762 admisisset.
3295 5701 3462 5762 Tunc
3499 5700 3699 5760 itidem
