4140 6450
439 343 547 405 167

1349 337 1408 398 S.
1451 333 1746 396 PETRUS
1786 331 2183 392 DAMIANUS
2222 329 2281 389 S.
2324 327 2394 388 Β.
2437 329 2502 387 Ε.
2544 326 3026 387 CAEDINALIS.

3843 331 3955 390 168

435 467 504 527 Β.
563 467 765 526 Petrus
834 463 1036 521 volens
1105 461 1473 534 praescribere
1526 460 1649 518 loco
1717 463 1929 516 certam
2010 451 2532 525 vitaeAindigeret.
2595 451 2676 508 Eo
2732 465 2864 508 cum
2910 465 2970 508 se
3025 448 3113 507 vir
3183 449 3388 507 beatus
3457 449 3828 522 contulisset,
3891 462 3953 511 et

436 555 712 629 degendae
738 554 1004 623 formam,
1037 549 1162 607 hmo
1194 549 1252 606 in
1291 555 1579 607 conventu
1626 545 1828 605 habuit
1868 544 2042 603 verba
2086 549 2142 601 et

439 643 620 702 edidit
643 643 890 700 decreta.
1749 646 1752 648 ’

508 733 654 790 Cum
695 732 978 788 fervorem
1018 734 1230 786 sanctae
1269 725 1724 784 conversationis
1762 730 1993 794 vestrae,
2027 722 2144 780 fra-

436 824 552 878 tres
597 817 944 886 charissimi,
1001 816 1309 888 diligenter
1355 814 1604 871 attendo.
1645 817 1717 869 Et
1753 829 1874 884 quae
1915 828 2146 882 sequun-

437 915 548 975 tur,
583 914 643 964 ut
673 909 836 962 habes
874 911 1001 962 tom.
1033 903 1139 975 III,
1172 922 1354 976 opusc.
1394 903 1474 961 14.

511 997 720 1054 Beatus
751 1009 887 1052 vero
930 993 1132 1051 Petrus
1167 991 1433 1064 exemplo
1479 990 1571 1048 sui
1617 989 1688 1047 ad
1719 988 2146 1047 observantiam

437 1101 678 1144 suorum
729 1089 1143 1157 praeceptorum
1198 1080 1509 1154 discipulos
1586 1094 1894 1153 provocare
1958 1077 2149 1134 adhuc

434 1174 622 1248 magis
650 1173 866 1239 volens,
901 1179 956 1228 et
990 1170 1061 1228 ad
1090 1185 1260 1228 omne
1289 1169 1501 1227 durum
1554 1175 1626 1226 et
1652 1181 1921 1240 asperum
1967 1164 2148 1237 perfe-

435 1261 708 1331 rendum,
737 1268 1019 1334 quantum
1057 1259 1318 1318 Christus
1350 1258 1595 1332 gratiam
1626 1262 1894 1331 praestare
1943 1255 2149 1327 digna-

437 1359 617 1420 retur,
645 1351 927 1421 animare,
955 1348 1108 1406 nulli
1147 1347 1329 1406 labori
1369 1363 1626 1420 parcens,
1658 1347 1880 1405 occulte
1917 1359 2150 1418 quoque

440 1439 620 1498 lorica
668 1439 852 1497 ferrea
889 1439 960 1496 ad
1011 1453 1210 1496 carnes
1251 1436 1620 1507 vestiebatur,
1672 1435 1901 1494 duobus
1950 1431 2151 1491 ferreis

444 1527 680 1585 circulis
740 1527 965 1585 cinctus
1031 1526 1096 1584 in
1149 1541 1400 1600 corpore,
1432 1531 1488 1583 et
1540 1525 1767 1583 duobus
1817 1539 1918 1598 per
1961 1537 2154 1580 armos

443 1614 815 1674 brachiorum
851 1634 862 1672 :
894 1630 997 1672 nec
1038 1613 1160 1672 ullo
1189 1629 1447 1688 unquam
1488 1621 1739 1685 tempore
1787 1627 1820 1668 a
1848 1609 2153 1683 colloquiis

441 1701 661 1760 divinis
716 1709 772 1760 et
821 1700 1181 1760 orationibus
1231 1699 1505 1758 cessabat.
1560 1697 1726 1756 Unde
1775 1695 2155 1771 prodiderunt

2224 544 2441 610 omnia,
2478 542 2673 600 habita
2698 541 2995 611 concione,
3030 539 3093 598 in
3130 539 3351 598 bonum
3391 546 3607 600 statum
3649 542 3950 615 pontiﬁcia

2225 630 2559 690 auctoritate
2607 631 2974 703 reposuisset,
3031 629 3244 687 exinde
3289 629 3570 688 Ravenna
3625 631 3949 708 digressus,

2225 721 2557 793 monachos,
2603 735 2747 793 quos
2805 718 3098 776 Faventize
3147 717 3498 789 instituerat,
3557 721 3794 780 visitare
3849 738 3952 782 vo-

2228 786 2550 866 luiIfErat'
2579 786 2714 866 tunc
2749 806 3078 866 coenobium
3111 812 3275 864 extra
3302 805 3465 865 urbis
3488 786 3750 881 portam,
3786 811 3950 884 quod

2225 913 2384 956 nunc
2438 897 2591 954 intra
2655 897 2860 956 urbem
2919 904 3210 970 receptum
3287 896 3567 955 cernitur.
3620 898 3732 956 Ubi
3784 901 3950 960 febre

2227 994 2539 1060 correptus,
2592 993 2648 1045 et
2703 986 2998 1045 laboribus
3074 992 3478 1056 consumptus,
3538 989 3953 1060 peregrinatio-

2230 1092 2364 1134 nem
2407 1076 2590 1148 hujus
2621 1075 2756 1132 vitae
2788 1075 3000 1148 pariter
3029 1089 3163 1132 cum
3209 1074 3493 1145 legatione
3530 1076 3780 1136 absolvit
3813 1078 3950 1136 feli-

2230 1163 2461 1222 cissimo
2499 1172 2554 1222 et
2597 1164 2858 1238 angelico
2898 1163 2969 1222 ad
3021 1162 3197 1221 cmlos
3234 1163 3502 1234 transitu,
3529 1164 3600 1222 ad
3651 1177 3755 1224 VIII
3813 1166 3950 1226 Kal.

2231 1251 2398 1310 Mart.
2434 1258 2596 1310 nocte
2622 1250 3019 1322 antecedente,
3054 1249 3211 1310 1080.

2303 1340 2601 1413 Comperta
2655 1341 2784 1414 ejus
2840 1345 3046 1410 morte,
3107 1338 3348 1400 confluit
3416 1340 3486 1398 ad
3543 1340 3669 1415 ejus
3738 1357 3952 1416 corpus

2232 1428 2632 1487 venerandum
2679 1434 2734 1486 et
2794 1427 3212 1486 tumulandum
3245 1427 3440 1487 omnis
3497 1429 3721 1500 civitas,
3785 1437 3948 1490 tanto

2233 1535 2518 1579 concursu
2568 1517 2986 1589 multitudinis,
3031 1524 3095 1576 ut
3138 1517 3240 1576 alii
3289 1517 3422 1576 aliis
3468 1517 3531 1576 in
3585 1534 3820 1579 accessu
3877 1520 3951 1578 ad

2234 1609 2510 1667 feretrum
2568 1607 2897 1667 incredibili
2957 1607 3242 1678 tumultu,
3301 1611 3358 1664 et
3410 1607 3703 1667 undarum
3765 1625 3950 1681 more,

2235 1705 2426 1756 essent
2451 1696 2864 1770 impedimento
2893 1715 2905 1754 :
2939 1704 3250 1769 paratoque
3272 1695 3538 1769 sepulcro
3558 1712 3633 1754 ex
3663 1712 3954 1756 marmore

441 1790 713 1867 discipuli
753 1806 903 1863 smpe
953 1788 1244 1860 accidisse,
1278 1787 1432 1862 quod
1465 1803 1596 1847 cum
1633 1793 1861 1861 propter
1897 1782 2212 1875 nimiumB
2236 1786 2666 1857 candidissimo,
2723 1785 2807 1843 ibi
2859 1801 3068 1858 corpus
3119 1799 3254 1844 cum
3309 1785 3549 1858 hymnis
3601 1792 3657 1843 et
3709 1786 3954 1844 canticis

443 1879 868 1940 sermocinandi
945 1878 1218 1947 laborem,
1275 1881 1437 1935 nocte
1509 1875 1715 1933 deinde
1784 1873 1930 1931 febri
2002 1873 2151 1931 labo-

443 1973 643 2038 rasset,
712 1965 1100 2024 nihilominus
1163 1980 1334 2022 mane
1411 1963 1725 2021 missarum
1797 1961 2158 2021 solemnibus

444 2055 710 2128 expletis,
766 2069 901 2112 eum
948 2067 1276 2111 sermonem
1323 2066 1509 2124 usque
1564 2050 1627 2108 in
1673 2051 1875 2108 horam
1934 2057 2156 2109 sextam

447 2159 655 2204 rursus
700 2142 909 2199 habere
948 2155 1253 2212 nunquam
1285 2139 1630 2213 neglexisse,
1659 2153 1937 2211 magnum
1975 2154 2159 2211 saepe-

447 2245 692 2290 numero
740 2229 810 2286 de
863 2245 924 2286 se
976 2228 1287 2302 praebendo
1336 2227 1704 2295 miraculum,
1743 2227 1886 2284 dum
1933 2243 2159 2300 semper

449 2318 619 2393 quasi
673 2323 984 2375 renovatus
1020 2315 1204 2374 oculis
1259 2315 1523 2374 omnium
1574 2321 1891 2388 appareret,
1930 2314 2161 2389 quando

448 2408 867 2482 propemodum
913 2405 1209 2478 periturus
1248 2422 1370 2464 esse
1419 2405 1764 2464 crederetur.
1821 2403 1931 2462 Sed
1969 2403 2162 2461 maxi-

449 2513 612 2558 mum
661 2497 805 2556 illud
840 2512 1044 2555 omnes
1091 2511 1211 2555 uno
1256 2510 1354 2553 ore
1391 2495 1800 2569 praedicabant,
1829 2494 1985 2578 quod
2031 2495 2164 2553 licet

452 2586 655 2660 longos
694 2602 919 2660 semper
953 2586 1191 2643 haberet
1237 2600 1548 2654 sermones,
1592 2584 1743 2643 nulli
1796 2589 1987 2643 tamen
2045 2600 2161 2643 un-

449 2693 626 2750 quam
679 2692 956 2736 onerosus
1009 2682 1094 2734 est
1143 2677 1361 2745 factus;
1397 2675 1540 2750 quin
1600 2676 1773 2733 etiam
1832 2681 1990 2734 tanta
2040 2676 2163 2732 sin-

449 2766 617 2840 gulos
643 2764 924 2824 alliciebat
951 2765 1346 2835 delectatione,
1381 2771 1447 2822 ut
1479 2765 1861 2823 brevissimus
1887 2765 2164 2823 omnibus

449 2854 768 2924 videretur,
822 2853 1137 2925 relegentes
1217 2852 1493 2924 scriptum
1568 2868 1692 2910 esse
1751 2871 1764 2909 :
1825 2857 1946 2912 Non
2021 2855 2163 2908 enim

452 2957 548 2997 vos
596 2944 725 2996 estis
780 2943 878 3010 qui
929 2942 1238 3009 loquimini,
1291 2939 1386 2993 sed
1432 2941 1677 3010 Spiritus
1734 2942 1920 2995 Patris
1973 2942 2160 3006 vestri,

455 3032 554 3102 qui
581 3031 824 3099 loquitur
851 3029 910 3082 in
951 3027 1102 3081 vobis
1131 3027 1354 3095 (Matth.
1395 3029 1484 3093 Χ).
1518 3024 1670 3083 Illud
1709 3041 1942 3100 quoque
1989 3026 2162 3085 adde-

2239 1875 2489 1933 locatum
2522 1882 2627 1934 est.

2309 1964 2376 2022 In
2427 1965 2690 2038 sequenti
2752 1978 2973 2022 mense
3013 1965 3264 2037 Augusti
3326 1963 3595 2038 apparuit
3645 1963 3707 2021 Β.
3746 1963 3956 2024 Petrus

2239 2051 2473 2111 Urbano
2523 2052 2716 2110 abbati
2771 2053 3024 2111 ccenobii
3083 2053 3144 2112 S.
3204 2052 3466 2125 Gregorii
3535 2053 3953 2125 Ariminensis,

2237 2139 2394 2197 infra
2420 2138 2861 2198 multitudinem
2887 2140 3292 2214 episcoporum
3316 2140 3778 2212 candidatorum,
3815 2157 3952 2200 cum

2239 2229 2429 2288 infula
2458 2230 2520 2287 in
2555 2230 2757 2302 capite,
2793 2236 2850 2287 et
2882 2229 3044 2304 virga
3091 2231 3360 2304 pastorali
3390 2231 3455 2288 in
3488 2246 3690 2298 manu,
3738 2248 3956 2308 eosque

2239 2325 2450 2384 docens
2477 2342 2609 2399 quae
2636 2326 2705 2383 ad
2754 2326 2939 2383 Deum
2972 2325 3277 2398 pertinent,
3304 2331 3361 2384 et
3404 2325 3710 2399 increpans
3752 2327 3955 2398 illum,

2241 2415 2394 2489 quod
2423 2430 2727 2488 nunquam
2755 2415 2826 2473 ad
2855 2414 3026 2474 illum
3067 2415 3344 2487 venisset,
3384 2431 3559 2489 quem
3585 2432 3717 2476 cum
3754 2416 3959 2476 multis

2241 2503 2374 2562 aliis
2415 2504 2793 2564 enutriverat.
2828 2505 2937 2574 Qui
2987 2503 3360 2578 respondens,
3400 2520 3460 2563 se
3507 2506 3728 2565 nescire
3763 2506 3960 2565 locum

2242 2593 2346 2650 ubi
2375 2598 2543 2663 esset,
2570 2593 2795 2652 audivit
2821 2592 2894 2650 ab
2932 2608 2999 2651 eo
3031 2616 3044 2650 :
3094 2592 3379 2666 Equidem
3429 2593 3491 2650 in
3520 2592 3692 2652 domo
3740 2593 3799 2652 S.
3833 2594 3959 2652 Ma-

2243 2680 2347 2738 riae
2388 2680 2603 2751 habito,
2635 2687 2690 2738 et
2736 2679 2862 2753 ejus
2915 2681 3299 2738 camerarium
3349 2697 3442 2738 me
3491 2696 3614 2739 esse
3665 2683 3956 2755 proliteor.

2243 2768 2462 2827 Deinde
2500 2769 2754 2826 secunda
2803 2769 2924 2827 vice
2955 2769 3144 2827 eidem
3189 2784 3493 2842 apparens,
3532 2768 3704 2828 illum
3753 2771 3962 2829 subtus

2243 2858 2564 2917 auriculam
2614 2856 2908 2915 sinistram
2968 2857 3126 2930 virga
3176 2856 3498 2930 percussit;
3532 2872 3648 2930 qua
3699 2857 3960 2916 intume-

2243 2953 2436 3006 scente
2471 2962 2601 3004 cum
2645 2961 2850 3016 magno
2887 2944 3104 3015 dolore,
3137 2951 3280 3004 tunc
3309 2945 3408 3004 ille
3440 2947 3510 3004 ad
3547 2947 3734 3005 Deum
3763 2963 3960 3020 orans,

2244 3037 2370 3095 haec
2429 3036 2629 3094 habuit
2681 3035 2859 3094 verba
2916 3058 2930 3092 :
2984 3034 3230 3094 Domine
3317 3036 3488 3106 Deus,
3546 3037 3652 3109 qui
3716 3035 3960 3106 cmlum,

453 3117 565 3226 batL
595 3115 739 3226 btml
783 3113 1062 3171 fratribus
1106 3111 1359 3226 exempli
1399 3111 1460 3169 in
1498 3111 1772 3213 ςαρίιιιιο,
1823 3113 1975 3226 quid
2017 3114 2166 3173 faeta
2192 3132 2305 3226 Cet
2338 3131 2570 3186 terram.
2604 3130 2661 3182 et
2698 3132 2922 3196 cuncta,
2955 3139 3087 3197 qua)
3133 3124 3192 3181 in
3225 3124 3309 3182 eis
3361 3130 3518 3196 sunt,
3548 3124 3882 3195 condidisti,
3912 3126 3962 3182 si

454 3205 858 3264 exhortatione
900 3219 1278 3276 consurgens,
1311 3203 1382 3261 de
1429 3203 1551 3262 suis
1590 3219 1652 3262 se
1691 3204 2024 3263 excessibus
2059 3221 2163 3278 pu-

452 3295 602 3354 blice
650 3293 976 3365 accusabat,
1014 3308 1331 3366 rursusque
1366 3293 1430 3350 in
1468 3292 1659 3352 locum
1689 3309 1864 3352 suum
1913 3293 2162 3365 rediens,

453 3383 945 3458 compendiosiore
995 3398 1259 3440 sermone
1323 3382 1582 3456 singulos
1641 3383 1712 3442 ad
1781 3384 2162 3443 imitationem

450 3471 871 3541 sanctimonize,
916 3468 1275 3538 obedientiae,
1339 3476 1394 3526 et
1441 3477 1653 3528 sanctae
1709 3471 2004 3528 charitatis
2060 3471 2166 3528 Pa-

450 3563 628 3630 trum,
659 3566 714 3617 et
755 3559 828 3616 ad
868 3557 1351 3617 considerandum
1387 3564 1599 3616 attente
1642 3558 1842 3616 divina
1894 3558 2167 3632 mysteria

451 3664 587 3708 cum
621 3649 944 3721 excitasset,
975 3647 1238 3722 protinus
1265 3647 1336 3704 ad
1363 3647 1732 3706 infirmorum
1770 3654 1942 3720 atque
1972 3649 2166 3708 senio-

455 3753 612 3811 rum,
653 3739 753 3812 qui
792 3753 909 3796 non
949 3737 1268 3811 potuissent
1305 3751 1441 3796 cum
1486 3736 1618 3795 aliis
1659 3738 1986 3808 convenire,
2034 3754 2166 3811 per-

454 3827 660 3899 gebat;
721 3826 1022 3897 nimirum,
1076 3831 1141 3884 ut
1205 3824 1360 3899 quod
1436 3823 1732 3884 monendo
1811 3825 2164 3900 loqueretur,

453 3913 678 3987 liquido
705 3913 990 3986 exemplis
1021 3915 1408 3972 conﬁrmaret.

527 4003 758 4062 Notavit
783 4004 1124 4077 discipulus,
1157 4006 1261 4078 qui
1293 4006 1518 4078 primus
1545 4020 1711 4064 suam
1743 4007 1921 4065 vitam
1950 4007 2165 4066 descri-

453 4093 590 4167 psit,
614 4092 788 4151 illum
814 4092 1284 4166 Quadragesimze
1318 4099 1570 4167 tempore
1603 4094 1753 4152 nihil
1777 4095 1912 4168 igne
1938 4103 2163 4154 coctum

455 4198 718 4257 unquam
763 4183 1060 4241 comedere
1106 4183 1378 4254 voluisse,
1433 4185 1620 4258 pomis
1659 4191 1882 4244 tantum
1948 4185 2168 4260 absque

455 4271 571 4331 alio
627 4279 764 4346 potu
818 4278 1172 4343 contentum,
1223 4282 1588 4347 coctumque,
1640 4282 1869 4348 propter
1923 4275 2167 4333 nimiam

455 4361 943 4432 imbecillitatem,
979 4361 1204 4435 aliquid
1244 4361 1431 4421 infusi
1474 4363 1577 4420 vix
1605 4363 1891 4436 accepisse
1916 4362 2168 4436 legumi-

455 4452 569 4524 nis,
623 4451 695 4509 ad
743 4449 1124 4508 imitationem
1164 4449 1224 4508 S.
1270 4449 1332 4508 Γ.
1363 4449 1694 4521 Romualdi,
1726 4467 1904 4525 quem
1942 4466 2168 4524 semper

2256 3213 2362 3271 tibi
2401 3213 2650 3272 servitus
2680 3213 2856 3286 patris
2892 3213 3008 3271 mei
3051 3212 3203 3272 Petri
3241 3212 3606 3286 complacuit,
3644 3213 3820 3272 libera
3869 3229 3964 3273 me

2253 3319 2354 3377 per
2397 3305 2524 3376 ejus
2560 3304 2764 3361 merita
2807 3303 2881 3361 ab
2933 3304 3190 3374 instanti,
3250 3319 3428 3377 quem
3482 3303 3687 3376 patior,
3743 3305 3960 3365 dolore.

2255 3391 2395 3450 Haec
2430 3399 2711 3467 precatus,
2765 3392 3022 3450 sentiens
3065 3392 3220 3451 illico
3258 3391 3517 3451 dolorem
3560 3407 3796 3451 omnem
3839 3395 3965 3454 abs-

2255 3485 2514 3556 cessisse,
2579 3484 2646 3541 ad
2706 3499 2937 3543 sacrum
3004 3483 3296 3542 tumulum
3366 3484 3625 3554 veniens,
3679 3483 3964 3558 humique

2256 3580 2572 3646 prostratus
2600 3573 2718 3632 Deo
2754 3573 2966 3646 gratias
3013 3587 3211 3644 agens,
3241 3573 3538 3631 monachis
3566 3579 3623 3630 et
3669 3572 3965 3632 universae

2253 3661 2474 3719 civitati
2522 3660 2878 3720 miraculum
2928 3661 3213 3734 patefecit.
3259 3664 3518 3734 Actaque
3562 3668 3697 3720 sunt
3730 3677 3966 3721 summa

2255 3748 2584 3808 celebritate
2641 3749 2952 3806 missarum
3005 3748 3309 3820 solemnia,
3366 3764 3595 3807 summa
3633 3749 3809 3808 totius
3861 3765 3964 3824 po-

2253 3837 2381 3913 puli
2411 3839 2736 3898 devotione.
2771 3836 2982 3896 Beatus
3028 3854 3164 3896 vero
3195 3838 3399 3898 Petrus
3436 3839 3650 3898 exinde
3685 3841 3760 3898 ab
3800 3843 3970 3902 omni

2255 3927 2511 3986 Ecclesia
2551 3943 2652 4002 pro
2690 3933 2886 3986 sancto
2931 3926 3163 3986 habitus
3201 3935 3258 3986 et
3286 3927 3438 3988 inter
3473 3928 3760 3988 caelicolas
3807 3945 3966 3988 rece-

2254 4023 2388 4092 ptus
2409 4025 2512 4076 est.

2327 4105 2586 4180 Reliquit
2657 4107 2842 4166 multa
2913 4104 3212 4165 volumina
3266 4121 3300 4164 a
3355 4121 3415 4164 se
3471 4107 3654 4176 edita,
3714 4121 3970 4181 quorum

2256 4194 2480 4252 notiora
2524 4194 2928 4252 inscribuntur
2970 4193 3305 4268 hujusmodi
3341 4213 3353 4252 ε
3396 4193 3571 4252 Liber
3615 4192 3973 4252 Semnonum

2255 4287 2310 4340 et
2336 4281 2746 4340 Homiliarum.
2794 4281 2968 4340 Liber
3001 4282 3417 4342 miraculorum
3459 4297 3701 4341 suorum
3742 4287 3975 4355 tempo-

2255 4383 2407 4427 rum.
2439 4368 2565 4427 Duo
2594 4368 2726 4427 libri
2749 4368 2821 4425 ad
2843 4369 3095 4426 Leonem
3117 4370 3437 4442 eremitam,
3469 4376 3669 4429 utrum
3700 4371 3763 4428 in
3789 4369 3976 4429 missa

2255 4456 2368 4515 dici
2400 4458 2625 4528 debeat,
2653 4457 2938 4516 Dominus
2967 4456 3289 4517 vobiscum.
3329 4459 3380 4518 3.
3415 4458 3490 4516 ΙΙ.
3522 4459 3972 4532 Apologiarum.

455 4523 561 4618 pro
606 4541 836 4602 viribus
878 4539 1094 4598 imitari
1145 4539 1389 4612 studuit,
1428 4540 1582 4614 quod
1627 4523 1760 4615 ejus
1805 4540 1982 4600 vitam
2033 4523 2166 4599 scri-
2191 4523 2296 4606 Dl.
2340 4546 2421 4604 De
2459 4523 2814 4605 continentia
2851 4546 3236 4605 sacerdotum.
3273 4545 3312 4605 l.
3346 4545 3428 4604 De
3457 4523 3659 4620 regula
3697 4523 3978 4606 solitaria:

456 4635 682 4708 psisset,
709 4641 765 4694 et
790 4633 1048 4692 maxime
1091 4648 1316 4707 semper
1349 4626 1550 4692 Stando
1599 4633 1660 4692 in
1689 4634 1909 4692 divinis
1939 4633 2165 4704 ofﬁciis,

457 4729 524 4780 ut
554 4724 728 4796 paulo
757 4730 882 4798 post
909 4722 1198 4782 robustior
1226 4723 1393 4797 quasi
1421 4722 1492 4780 ad
1525 4723 1927 4782 intermissum
1956 4722 2170 4781 rediret

457 4827 622 4886 opus.
644 4802 648 4805 ’
1490 4829 1494 4834 ·

529 4903 660 4962 Jam
716 4919 852 4963 vero
897 4904 957 4963 in
1013 4911 1364 4966 senectutem
1406 4919 1670 4977 vergens,
1701 4909 1758 4962 et
1800 4903 1984 4961 nimia
2033 4901 2168 4960 vita:

458 4995 790 5054 austeritate
825 4993 1192 5069 defatigatus,
1221 5012 1357 5056 cum
1395 4995 1465 5052 de
1496 4994 1822 5068 propinqua
1857 4991 2168 5050 rescisione

459 5083 818 5144 tabernaculi
874 5084 1126 5156 corporis
1177 5085 1270 5144 sui
1341 5083 1591 5158 cogitare
1649 5082 1912 5155 coepisset
1985 5085 2166 5138 atten-

462 5175 596 5246 tius,
633 5188 840 5232 rursus
878 5189 912 5230 a
949 5171 1222 5246 Gregorio
1248 5173 1521 5248 pontifice
1563 5171 1788 5245 legatus
1823 5169 2171 5243 apostolicus

459 5266 802 5325 Ravennam
854 5265 1136 5337 mittitur;
1177 5267 1333 5340 quod
1377 5266 1624 5340 populus
1664 5264 1747 5323 ibi
1786 5264 2165 5338 archiepisco-

461 5367 603 5427 pum
650 5357 1058 5427 damnavisset,
1092 5366 1148 5416 et
1190 5357 1544 5431 expiationis
1586 5354 1810 5428 piaculo
1866 5371 1998 5415 cum
2046 5355 2170 5430 ipso

2252 4637 2408 4694 vitae.
2444 4635 2480 4692 l.
2513 4635 2595 4693 De
2623 4635 2768 4694 bene
2796 4635 3032 4693 vivendi
3061 4635 3502 4695 monachorum.
3535 4636 3575 4693 l.
3614 4635 3696 4694 De
3727 4651 3968 4695 eorum-

2250 4727 2383 4784 dem
2410 4726 2690 4800 profectu.
2729 4727 2770 4784 l.
2802 4725 3013 4785 Contra
3049 4726 3304 4786 Judaios.
3338 4725 3378 4786 l.
3421 4726 3504 4785 De
3530 4726 3772 4785 avaritia
3808 4744 3970 4801 pra;-

2250 4815 2520 4873 latorum.
2551 4814 2590 4873 l.
2619 4815 2702 4873 De
2728 4821 2944 4873 terrore
2963 4814 3184 4874 mortis.
3215 4814 3253 4872 l.
3288 4815 3369 4873 De
3394 4815 3511 4873 vita
3537 4813 3595 4874 S.
3624 4815 3972 4875 Romualdi.

2248 4902 2291 4961 l.
2325 4902 2406 4961 De
2444 4902 2563 4959 vita
2601 4900 2864 4961 Odilonis
2897 4902 3121 4960 abbatis
3148 4902 3365 4961 Clunii.
3400 4902 3441 4960 l.
3477 4903 3558 4962 De
3602 4903 3660 4961 S.
3694 4903 3980 4964 Cassiano

2253 5000 2524 5067 martyre.
2571 4989 2610 5049 l.
2671 4990 3016 5050 Sanctarum
3055 4990 3239 5050 Florae
3277 4999 3332 5050 et
3371 4991 3633 5050 Lucillre.
3671 4991 3710 5048 l.
3761 4992 3981 5053 Contra

2253 5081 2546 5156 episcopos
2599 5078 2962 5140 simoniacos.
3023 5081 3064 5138 1.
3133 5081 3342 5140 Contra
3393 5079 3578 5139 alium
3637 5080 3977 5155 episcopum

2253 5171 2379 5229 sine
2434 5169 2691 5227 nomine.
2733 5168 2772 5227 l.
2815 5168 2895 5228 De
2936 5171 3246 5229 insolentia
3294 5186 3627 5244 pravorum.
3683 5170 3722 5228 l.
3768 5169 3980 5228 Excla-

2253 5259 2575 5318 mationum
2642 5259 3082 5319 rhetoricarum.
3125 5260 3166 5321 l.
3205 5259 3285 5319 De
3330 5265 3536 5318 natura
3581 5259 3977 5332 quorumdam

2252 5345 2619 5418 animalium,
2652 5362 2785 5406 cum
2817 5348 3016 5407 multis
3042 5347 3194 5408 aliis.
