4140 6504
243 299 342 358 169
1105 301 1682 363 PROLEGOMENA.
1725 331 1791 342 —
1834 298 1892 358 S.
1936 297 2159 358 PETRI
2198 299 2520 360 DAMIANI
2561 301 2741 363 VITA
2779 304 2876 364 IV.
3641 313 3746 374 170

1273 632 1402 744 Β.
1503 631 1943 747 PETRI
2064 627 2717 747 DAMIANI

1757 881 1966 955 VITA
2019 880 2228 960 ALIA

901 1087 1000 1151 Ea:
1035 1087 1196 1154 libro
1224 1090 1450 1171 quinto
1481 1089 1925 1154 Historiarum
1953 1087 2270 1152 Ravenna
2281 1097 2422 1152 tum
2452 1091 2841 1171 Hieronymi
2871 1095 3089 1160 Rubei.

307 1434 441 1494 Post
483 1434 629 1494 duos
671 1451 876 1509 annos,
913 1435 1140 1495 Victore
1171 1437 1422 1496 secundo
1458 1436 1728 1510 pontiﬁce
1756 1429 2270 1495 maxi-Aminum
2327 1429 2680 1503 virtutibus,
2748 1430 2848 1491 sed
2905 1433 3165 1498 mercede
3232 1436 3431 1511 ducti,
3487 1440 3748 1503 conferre

240 1538 328 1580 mo
358 1529 607 1595 mortuo,
644 1522 977 1597 Stephanus
1018 1541 1210 1585 nonus
1257 1526 1598 1599 subrogatus
1627 1530 1753 1584 est:
1788 1524 1955 1598 cujus
2039 1520 2430 1580 instituerant.
2474 1519 2680 1579 Clerici
2717 1523 2820 1596 qui
2865 1522 3152 1597 ecclesias,
3195 1525 3540 1604 ordinesque
3587 1539 3752 1591 erant

237 1618 396 1672 atate
433 1658 452 1684 ,
511 1629 647 1671 cum
696 1613 992 1673 sanctitate
1045 1615 1274 1674 ﬂoreret
1332 1631 1397 1673 ac
1445 1615 1702 1674 doctrina
1753 1615 1956 1674 Petrus
2036 1609 2293 1679 mercati,
2340 1624 2474 1667 cum
2515 1609 2696 1668 semel
2742 1612 3108 1672 verecundia
3153 1613 3300 1673 ﬁnes
3340 1617 3746 1694 "timuissent.

239 1699 502 1759 Damiani
554 1701 881 1772 Bavennas,
933 1703 1035 1777 qui
1084 1703 1264 1762 vitam
1310 1705 1686 1762 monasticam
1735 1705 1954 1778 profes-
2037 1698 2253 1756 senSilll
2313 1697 2546 1770 longius
2602 1697 2777 1757 etiam
2832 1700 2906 1758 ad
2963 1699 3077 1758 alia
3137 1717 3198 1760 SB
3253 1703 3478 1777 prolabi
3532 1706 3750 1780 ﬂagitia

239 1806 354 1859 sus,
386 1789 453 1848 in
480 1806 674 1850 eremo
706 1791 779 1849 ad
819 1792 1038 1850 fontem
1078 1791 1434 1851 Avellanum
1470 1792 1684 1852 montis
1723 1791 1951 1866 Catria,
2035 1789 2190 1864 passi
2228 1795 2390 1846 erant
2426 1805 2614 1864 usque
2651 1790 2814 1864 adeo,
2853 1797 2920 1850 ut
2958 1791 3148 1866 palam
3185 1810 3400 1856 uxores
3437 1812 3504 1855 ac
3542 1813 3750 1860 concu-

237 1879 294 1938 in
350 1878 611 1949 Umbria,
663 1880 866 1954 agebat
914 1903 926 1938 :
989 1896 1323 1956 quanquam
1377 1883 1441 1940 in
1496 1888 1652 1940 tanta
1704 1881 1954 1940 durioris
2035 1876 2205 1936 binas
2243 1878 2521 1937 haberent
2551 1903 2564 1936 :
2599 1884 2772 1955 atque
2811 1888 3132 1956 utrumque
3168 1885 3465 1958 probrum,
3510 1887 3749 1949 honesta

238 1965 368 2024 vita
410 1967 714 2025 severitate
760 1968 1163 2028 obtrectatores
1205 1968 1295 2026 illi
1338 1966 1492 2041 apud
1537 1969 1791 2027 Leonem
1844 1984 1954 2028 no-
2036 1966 2205 2040 quasi
2257 1967 2677 2026 consuetudine
2718 1970 3090 2043 permissum,
3137 1973 3418 2046 pertinaci
3465 1977 3614 2034 tueri
3654 1993 3747 2036 ra-

237 2072 380 2114 num
422 2056 778 2129 pontiﬁcem,
823 2065 879 2117 et
906 2060 1202 2118 acerrima
1231 2057 1547 2132 impiorum
1576 2059 1812 2135 injuria
1836 2075 1954 2118 non
2037 2054 2194 2113 tione
2223 2071 2343 2114 non
2372 2056 2724 2117 dubitarent.
2764 2059 2920 2118 Hinc
2956 2060 3124 2119 facile
3161 2062 3226 2120 in
3260 2063 3377 2123 duo
3415 2064 3750 2127 incidebant

239 2144 552 2202 defuissent
589 2165 602 2203 :
641 2145 854 2220 quibus
903 2163 977 2205 ne
1037 2147 1232 2206 faciles
1285 2148 1566 2222 praberct
1610 2162 1798 2220 aures,
1855 2148 1954 2208 sed
2034 2145 2234 2219 gravia
2281 2145 2566 2205 hareseos
2621 2148 2866 2208 crimina
2895 2174 2908 2208 :
2937 2149 3186 2211 alterum
3238 2168 3464 2228 eorum,
3511 2156 3616 2229 qui
3664 2157 3746 2217 si-

239 2249 468 2292 causam
526 2244 788 2296 accurate
845 2245 1231 2312 cognosceret,
1301 2255 1402 2312 per
1464 2239 1682 2299 litteras
1741 2241 1864 2315 ipse
1920 2259 1952 2301 a
2036 2234 2285 2296 moniaci
2337 2235 2474 2293 dicti
2531 2242 2689 2308 sunt,
2746 2237 3163 2299 Nicolaitarum
3214 2241 3481 2301 alterum.
3543 2243 3749 2306 Petrus

237 2323 504 2396 pontiﬁce
570 2326 944 2386 vehementer
1002 2327 1175 2387 etiam
1230 2335 1404 2404 atque
1465 2331 1639 2388 etiam
1695 2331 1951 2404 petierat,
2042 2323 2326 2394 Damiani,
2356 2324 2634 2384 ADSBlmO
2659 2325 2924 2402 episcopo
2957 2327 3211 2388 Lucensi
3247 2331 3465 2407 collega
3503 2333 3614 2392 sibi
3652 2352 3748 2395 ac-

238 2421 428 2472 tamen
484 2415 796 2476 celebriore
847 2418 910 2476 in
959 2418 1082 2477 dies
1135 2420 1469 2478 auctoritate
1522 2422 1791 2494 famaque
1845 2439 1873 2480 c

2113 2418 2221 2485 pto,
2252 2411 2474 2486 legatus
2515 2413 2912 2474 Mediolanum
2948 2415 3109 2474 abiit.
3151 2416 3240 2476 Ibi
3277 2435 3313 2477 a
3346 2420 3576 2481 civibus
3613 2440 3748 2486 cum

236 2520 354 2576 rus,
393 2520 529 2562 cum
567 2505 693 2578 ejus
731 2523 962 2580 operam
1002 2507 1272 2567 Ecclesia
1307 2511 1723 2570 constituenda
1761 2528 1871 2571 ma:

2117 2501 2310 2574 gnitate
2349 2507 2640 2575 exceptus,
2681 2518 2817 2561 cum
2855 2503 3129 2576 postridie
3161 2521 3398 2565 causam
3445 2507 3752 2584 legationis

238 2610 326 2651 me
383 2595 656 2653 idoneam
708 2596 1086 2654 arbitraretur
1138 2596 1465 2670 Stephanus
1514 2600 1796 2673 pontifex,
1843 2601 1954 2660 hoc
2033 2592 2098 2650 in
2143 2593 2420 2650 CODCiODe
2460 2592 2843 2667 EXPOSuiSSBL
2884 2611 3121 2667 gravem
3172 2601 3286 2654 ιοῐᾶ
3337 2598 3483 2657 urbe
3525 2603 3749 2661 “1111111-

236 2697 387 2740 anno
434 2682 746 2742 millesimo
790 2683 1278 2759 quinquagesimo
1319 2693 1539 2758 octavo,
1587 2686 1754 2746 initio
1797 2687 1950 2758 Qua-
2034 2685 2161 2739 tum
2207 2681 2386 2739 SGDSit
2429 2681 2692 2752 eXCital‘i,
2747 2683 2830 2740 Sic
2877 2689 2941 2741 ιιι
2989 2682 3134 2742 sacri
3171 2683 3306 2742 ‘BPiS
3352 2689 3619 2758 campani
3663 2707 3751 2749 SO-

237 2770 578 2845 dragesima
606 2771 778 2832 illum
806 2773 1158 2832 cardinalem
1191 2774 1362 2846 fecit;
1407 2791 1545 2834 cum
1579 2775 1653 2833 ad
1690 2777 1872 2849 galert

2114 2775 2183 2840 tu,
2231 2771 2397 2845 signo
2440 2771 2592 2841 dato,
2649 2771 2722 2828 ad
2773 2786 2935 2829 arma
2980 2772 3232 2846 populus
3274 2773 3617 2838 clericorum
3659 2781 3749 2840 fa-

238 2879 352 2922 non
404 2871 731 2934 vocaretur,
791 2867 910 2938 sed,
969 2874 1033 2926 ut
1086 2867 1186 2925 ille
1239 2869 1362 2941 ipse
1414 2868 1633 2942 scribit,
1697 2858 2008 2928 trahere:
2035 2860 2224 2918 ϐῐίοῐὶθ
2295 2858 2594 2931 imitatus»,
2665 2860 3016 2931 θεουπθτὶῑὶ
3078 2862 3440 2935 Ρτὸθῐοΐὶιιω,
3509 2866 3574 2924 ill
3632 2882 3750 2942 duo

241 2957 331 3010 ιω»
388 2972 402 3009 ε
457 2969 648 3026 neque
710 2954 820 3012 hoc
892 2955 1028 3013 satis
1109 2955 1438 3030 Stephanus
1518 2970 1621 3028 pro
1695 2957 1953 3017 hominis
2037 2949 2240 3008 Petrus
2289 2953 2426 3020 erat,
2487 2948 2668 3007 iratus
2719 2949 2946 3022 adierit,
3000 2955 3243 3011 mortem
3285 2953 3454 3013 Petro
3503 2954 3752 3018 intentato

236 3044 519 3115 probitate
543 3059 610 3102 ac
631 3044 888 3104 doctrina
908 3061 1032 3104 esse
1061 3053 1292 3120 putans,
1318 3047 1710 3120 episcopatum
1735 3045 1952 3106 Ostien—
2035 3039 2110 3098 rit
2133 3059 2148 3110 ;
2193 3045 2585 3114 assere“!th
2631 3040 3079 3100 AmbPOSianam
3126 3042 3466 3117 ECCIESiam,
3493 3047 3752 3122 antiquis

235 3147 354 3190 sem
402 3132 644 3204 addidit,
701 3135 961 3208 sacrique
1017 3134 1404 3194 cardinalium
1455 3134 1684 3209 collegii
1734 3135 1948 3208 princi-
2033 3125 2270 3186 Patrum
2321 3127 2620 3200 institutis,
2666 3143 2792 3186 esse
2839 3128 3081 3188 liberam
3115 3149 3126 3188 ἒ
3158 3146 3348 3208 neque
3402 3133 3594 3194 ullum
3640 3135 3754 3197 Βο-

233 3236 385 3293 pem,
449 3219 736 3280 decanum
787 3222 1116 3296 appellavit,
1178 3223 1410 3282 creavit.
1477 3224 1703 3283 Mortuo
1751 3231 1952 3290 autem
2033 3231 2208 3274 111800
2247 3217 2509 3289 ΡοΠίῘῙῙοί
2551 3215 2612 3275 in
2652 3233 2718 3275 ea
2755 3219 3169 3278 CODfOPmanda
3200 3222 3301 3296 jus
3339 3239 3482 3282 0859-
3523 3223 3753 3302 Ρθιΐιιε.

232 3310 406 3383 paulo
464 3316 590 3384 post
648 3309 957 3387 Stephano,
1012 3329 1147 3374 cum
1201 3314 1518 3375 Tusculani
1567 3315 1824 3388 comites,
1888 3322 1953 3376 ut
2034 3310 2343 3364 (3011νο0³ῐο
2387 3304 2449 3362 in
2504 3305 2787 3378 templum
2835 3307 3066 3381 P0131110:
3123 3308 3203 3368 ita
3240 3311 3553 3384 Dl‘lldemel‘
3600 3314 3753 3374 leni-

233 3405 672 3472 consuevemm,
745 3400 1032 3461 Joannem
1100 3420 1304 3463 eorum
1375 3404 1790 3478 propinquum,
1855 3421 1952 3464 ar-
2036 3396 2236 3466 terque
2280 3407 2482 3451 eorum
2535 3392 2762 3451 animos
2805 3394 3085 3467 tractavit,
3140 3402 3203 3455 ut
3241 3398 3475 3458 tandem
3519 3401 3585 3460 in
3627 3403 3754 3478 ejus

233 3487 402 3546 matis
473 3490 686 3565 stipati,
761 3510 836 3552 ex
905 3493 1168 3569 episcopo
1233 3493 1528 3552 Veliterno
1593 3495 1949 3569 pontiﬁcem,
2037 3497 2240 3541 omnes
2284 3482 2628 3540 sententiam
2683 3482 3072 3556 discesserint,
3125 3488 3574 3564 apostolicaque
3629 3493 3754 3553 sedi

233 3580 630 3642 cardinalibus
711 3585 1213 3658 repugnantibus,
1309 3592 1636 3658 creassent,
1719 3586 1956 3646 Petrum
2037 3588 2237 3647 Parere
2291 3589 2664 3648 nequaquam
2717 3575 3048 3634 abmlerint-
3105 3575 3180 3636 Se
3235 3579 3483 3642 missum
3531 3582 3756 3643 dicebat

233 3670 507 3730 Damiani
558 3674 990 3748 reclamantem,
1034 3682 1207 3749 atque
1254 3691 1454 3734 omnes
1495 3675 1638 3734 diris
1680 3678 1868 3751 gravii

2119 3663 2342 3722 Nicolao
2379 3664 2669 3738 pontiﬁce,
2710 3673 2775 3724 ut
2819 3682 3024 3726 eorum
3073 3669 3395 3728 consuleret
3441 3672 3644 3744 gloria
3689 3690 3754 3733 ac

235 3760 645 3835 devovente“),
716 3765 776 3823 vi
843 3765 916 3824 ad
974 3782 1110 3824 eum
1174 3764 1488 3824 colendum
1546 3765 1954 3839 compellunt;
2040 3755 2234 3827 saluti,
2277 3771 2395 3815 non
2437 3763 2501 3816 ut
2539 3757 2904 3817 multitudini
2944 3761 3271 3831 inserviret,
3321 3767 3422 3820 aut
3469 3763 3752 3837 amplitu-

234 3848 447 3910 deindc
484 3851 794 3926 populum,
834 3853 1022 3913 divisa
1057 3870 1159 3928 per
1201 3853 1359 3912 vicos
1400 3853 1667 3926 pecunia,
1707 3855 1781 3913 ad
1815 3856 1954 3915 ado-
2037 3845 2236 3904 dinem
2286 3846 2739 3920 dignitatemque
2793 3847 3172 3919 ampliﬁcaret
3223 3848 3506 3910 Romanae
3556 3853 3753 3913 Eccle-

235 3939 486 3998 randum
526 3939 797 4000 invitant.
850 3942 907 4001 Is
956 3942 1300 4002 Benedictus
1348 3942 1610 4002 decimus
1657 3952 1742 4002 est
1786 3961 1954 4004 voca-
2036 3934 2160 4007 δίελθ’
2203 3951 2333 4009 qua?
2382 3951 2514 3994 cum
2558 3943 2730 4008 esset,
2769 3936 2955 4010 iPSius
2994 3955 3130 3998 νοοθ
3175 3937 3510 4015 salvatoris.
3552 3942 3757 4004 Ῑὸιιάθε

237 4033 353 4086 ωε,
2036 4030 2094 4081 et
2139 4023 2404 4082 omnium
2457 4023 2846 4083 Ecclesiarum
2896 4025 3284 4100 principatum
3335 4029 3558 4105 adepta,
3609 4032 3755 4094 adeo

304 4115 469 4174 Inter
518 4118 646 4176 hac
691 4134 827 4178 cum
879 4127 1104 4195 postero
1153 4139 1306 4182 anno
1349 4122 1782 4182 Hildebrandus
1829 4112 2231 4195 nio-“tenuis
2279 4112 2558 4184 hOminiS,
2615 4113 2805 4188 qualis
2878 4115 3000 4190 ipse
3064 4124 3203 4190 erat:
3275 4121 3565 4192 DNBCODiO
3637 4139 3758 4183 Ποῐι

236 4203 464 4260 nachus
514 4203 945 4277 Benedictinus,
985 4208 1076 4267 vir
1117 4209 1290 4284 plane
1331 4209 1667 4284 singularis,
1711 4203 2261 4278 Romamuegebat.
2320 4203 2545 4262 Primos
2598 4220 2801 4264 eorum
2850 4205 3052 4264 salutis
3097 4215 3374 4280 auctores,
3415 4216 3471 4268 et
3508 4210 3760 4272 labentis

236 4306 364 4350 cum
421 4291 772 4353 Gothofredo
817 4295 964 4355 duce
1013 4301 1290 4370 venisset,
1329 4298 1496 4358 Petro
1543 4299 1813 4358 Damiani
1861 4316 1960 4374 po—
2041 4294 2367 4368 disciplina
2405 4294 2856 4364 conﬁrmatores,
2895 4295 2968 4352 ab
3013 4294 3268 4356 Ecclesia
3316 4299 3578 4359 Romana
3621 4318 3759 4376 pro-

236 4380 536 4440 tissimum
584 4383 865 4455 hortante,
915 4386 1205 4446 Gerardus
1252 4387 1615 4463 Burgundio,
1659 4389 1960 4464 episcopus

236 4467 653 4544 Florentinus,
711 4473 979 4548 pontifex
1048 4477 1382 4550 maximus,
1445 4478 1668 4537 Nicolai
1721 4479 1958 4538 secundi

233 4569 532 4636 assumpto
591 4563 849 4636 nomine,
910 4568 1281 4626 renuntiatus
1337 4574 1442 4641 est,
1500 4577 1556 4628 et
1609 4567 1957 4628 Benedictus

231 4649 524 4710 abdicavit
598 4668 659 4710 se
740 4655 1097 4728 pontiﬁcatu.
1183 4658 1454 4717 Nicolaus
1531 4658 1955 4733 rempublicam

235 4745 707 4818 compositurus,
767 4763 899 4821 qua
946 4749 1225 4809 maximis
1277 4751 1607 4824 perturbata
1660 4751 1959 4810 calamita—

234 4829 390 4889 tibus
469 4830 795 4904 plurimum
875 4836 1283 4909 quatiebatur,
1370 4838 1604 4896 Petrum
1691 4837 1958 4896 Damiani

226 4916 628 4978 Mediolanum
667 4921 849 4994 misit,
892 4929 958 4982 ut
996 4939 1123 4982 eam
1159 4925 1476 4984 Ecclesiam
1514 4926 1665 4984 male
1700 4925 1956 4984 sentien-

227 5011 368 5077 tem,
418 5014 476 5064 et
523 5025 558 5066 a
601 5009 866 5069 Romana
921 5013 1230 5073 abductam
1275 5023 1331 5074 et
1383 5017 1827 5092 discrepantem,
1883 5016 1956 5075 si-

224 5095 612 5172 moniacaque
664 5099 812 5172 labe,
855 5108 911 5159 et
954 5101 1370 5165 Nicolaitarum
1411 5106 1620 5166 haresi
1655 5106 1951 5179 infectam,

218 5199 359 5242 cum
413 5185 676 5245 Romana
730 5189 1085 5264 conciliaret,
1134 5201 1189 5252 et
1231 5195 1294 5252 in
1343 5203 1557 5254 rectam
1606 5195 1954 5254 sententiam

219 5275 554 5334 deduceret.
611 5277 1082 5341 Conniventibus
1125 5284 1283 5342 enim
1330 5285 1404 5344 ob
1452 5287 1748 5345 tumultus
1783 5286 1953 5344 belli-

217 5379 342 5436 cos,
407 5372 464 5424 et
521 5367 932 5429 seditiosorum
1012 5375 1327 5447 potentiam
1391 5376 1792 5450 pontiﬁcibus,
1847 5392 1955 5434 nec

2043 4384 2221 4442 diisse
2277 4407 2290 4441 :
2344 4383 2522 4457 idque
2588 4383 2658 4441 D.
2733 4383 3077 4455 Nazarium,
3145 4401 3321 4459 quem
3385 4389 3454 4446 D.
3529 4389 3756 4463 Linus,

2045 4473 2111 4531 D.
2157 4471 2310 4530 Petri
2348 4470 2690 4544 discipulus,
2741 4487 2897 4529 sacra
2935 4471 3293 4546 baptismatis
3331 4476 3490 4534 unda
3527 4475 3752 4548 abluit;

2041 4569 2098 4620 et
2145 4561 2310 4620 divos
2357 4559 2701 4618 Gervasium
2749 4561 3191 4637 Protasiumque
3239 4565 3343 4638 qui
3393 4565 3459 4624 D.
3502 4565 3754 4624 Paulum

2036 4651 2359 4727 apostolum
2409 4650 2744 4723 magistrum
2778 4652 3129 4725 habuerunt,
3159 4653 3453 4713 edocuisse
3483 4674 3496 4713 :
3530 4654 3754 4730 ipsum-

2042 4758 2156 4815 que
2212 4755 2328 4815 quo
2382 4744 2698 4814 tantopere,
2764 4747 2820 4798 et
2871 4741 3109 4815 quidem
3170 4741 3757 4817 merito'gloriaban-

2045 4837 2158 4903 tur,
2208 4830 2274 4888 D.
2328 4831 2707 4890 Ambrosium
2765 4831 3183 4891 Nicolaitarum
3236 4833 3508 4894 haeresim
3550 4851 3653 4911 per
3693 4853 3756 4896 se

2037 4920 2362 4979 convellere
2404 4937 2537 4980 cum
2586 4922 2870 4996 nequiret,
2919 4937 2953 4978 a
2998 4921 3258 4980 Romana
3308 4923 3564 4983 Ecclesia
3603 4940 3755 4998 pra-

2037 5011 2251 5071 sidium
2289 5012 2645 5086 implorasse.
2687 5013 2794 5070 His
2832 5019 3002 5086 atque
3043 5012 3174 5072 aliis
3210 5014 3275 5073 in
3323 5016 3472 5074 hanc
3519 5022 3752 5074 senten-

2036 5103 2178 5162 tiam
2227 5120 2262 5162 a
2306 5103 2473 5162 Petro
2518 5104 2590 5162 ad
2633 5104 2916 5177 populum
2959 5103 3150 5164 verbis
3199 5106 3380 5178 factis,
3427 5105 3753 5181 sedatisque

2036 5194 2110 5253 ob
2147 5193 2206 5252 id
2245 5209 2450 5252 eorum
2490 5193 2658 5268 quasi
2696 5193 2989 5265 ﬂuctibus,
3029 5210 3203 5255 causa
3254 5213 3393 5255 mox
3439 5200 3620 5267 coepta
3666 5200 3755 5255 est

2036 5284 2260 5359 agitari.
2325 5281 2437 5340 Vix
2500 5290 2691 5342 autem
2753 5283 3067 5359 quisquam
3123 5302 3280 5345 unus
3333 5290 3594 5358 repertus
3644 5292 3748 5360 est,

2036 5376 2138 5448 qui
2191 5390 2309 5432 non
2354 5379 2456 5431 aut
2499 5371 2732 5431 ordines
2782 5374 3034 5447 emisset,
3073 5381 3173 5434 aut
3210 5373 3361 5432 foeda
3399 5373 3751 5434 feminarum

217 5453 306 5543 ob,
351 5455 414 5513 id
471 5457 612 5516 satis
659 5468 849 5533 aperte
906 5463 1215 5535 prohibere
1269 5465 1624 5538 valentibus,
1686 5463 2454 5543 pleriqueDconsuetudine
2510 5471 2656 5522 esset
2706 5479 2865 5524 usus.
2924 5463 2992 5521 In
3047 5471 3202 5522 tanta
3255 5477 3317 5521 re
3374 5465 3749 5538 temperatius

215 5541 537 5619 principes,
578 5555 854 5623 usurpato
886 5549 1041 5624 jure,
1081 5559 1137 5612 et
1176 5552 1377 5612 divina
1417 5571 1624 5628 parum
1668 5541 1948 5631 religione
2027 5554 2318 5630 agendum
2373 5554 2576 5613 Petrus
2619 5571 2722 5629 pro
2770 5559 3093 5627 temporum
3139 5551 3488 5624 conditione,
3527 5543 3585 5612 et
3631 5553 3748 5614 cri-

217 5631 390 5706 moti,
438 5633 725 5696 Ecclesias
767 5639 1040 5715 episcopi,
1081 5644 1337 5706 minores
1380 5643 1632 5719 ordines,
1673 5659 1792 5706 non
1841 5646 1948 5708 ho-
2028 5645 2393 5705 minosorum
2443 5643 2820 5706 multitudine
2871 5649 3048 5716 ratus,
3109 5642 3338 5703 veniam
3377 5646 3463 5705 eis
3509 5644 3777 5732 pollice-‘

545 5751 800 5817 PATROL.
837 5756 1083 5818 CXLIV.

3428 5758 3464 5818 6
