4140 6442
435 310 534 384 i7l

1342 312 1401 375 S.
1444 306 1735 372 PETRUS
1774 292 2168 367 DAMIANUS
2209 296 2271 362 S.
2313 299 2384 360 Β.
2424 299 2492 359 Ε.
2533 286 3013 359 GARDINALIS.

3838 291 3944 359 172

430 453 561 516 tur,
633 444 683 503 si
746 444 1102 502 sacramento
1150 438 1536 508 conﬁrment,
1594 436 1659 494 in
1715 438 2009 508 posterum
2063 422 2492 500 abAgionihus
2544 422 2753 516 tradit,
2801 425 2885 516 ut
2937 436 3058 481 non
3106 417 3217 479 viri
3272 419 3479 516 modo,
3549 420 3648 479 sed
3707 421 3943 516 nobiles

426 510 764 609 hujusmodi
795 528 1027 604 ﬂagitiis
1056 534 1488 603 temperaturos.
1519 527 1749 586 Primus
1779 521 2137 609 solemnibus
2217 531 2451 609 quoque
2487 514 2774 609 mulieres
2796 513 2857 573 id
2896 527 3082 587 poenae
3125 527 3309 587 genus
3344 510 3591 609 libenter
3624 512 3936 609 subirent;

427 608 621 680 verbis
671 618 851 679 Wido
907 616 1374 691 archiepiscopus
1428 610 1486 674 id
1543 612 1834 689 professus
1891 614 1993 683 est,
2056 608 2134 667 si-

426 711 864 784 moniacamque
946 715 999 766 et
1089 706 1504 766 Nicolaitarum
1591 702 1865 761 haeresim
1941 715 2134 759 coram

426 801 703 861 omnibus
756 799 1089 869 detestatus,
1139 798 1277 856 inde
1322 794 1513 855 clerici
1560 809 1781 854 omnes.
1829 791 2131 865 Archiepi-

294 962 301 967 Α
424 905 630 963 scopus
690 889 754 948 in
807 894 1016 947 terram
1068 885 1352 963 projectus
1393 885 1694 960 piaculum
1742 872 1974 959 injungt
2021 877 2133 939 sibi

420 978 775 1055 postulavit;
822 984 1057 1038 centum
1109 992 1397 1038 annorum
1448 977 1653 1036 Petrus
1706 974 2001 1050 imposuit,
2043 973 2132 1032 id-

420 1089 535 1147 que
585 1071 793 1131 redimi
834 1087 999 1146 posse
1040 1076 1191 1129 certa
1240 1070 1488 1145 pecunia
1528 1070 1593 1129 in
1638 1067 1901 1143 singulos
1947 1076 2132 1125 annos

420 1160 609 1221 soluta
645 1160 867 1233 voluit;
905 1159 1099 1219 clerici
1135 1158 1382 1217 diversis
1418 1157 1481 1216 in
1531 1158 1649 1217 vita
1691 1157 1933 1232 jejuniis
1980 1155 2130 1214 obli-

417 1250 557 1326 gati.
595 1249 869 1308 Ascendit
908 1249 1117 1308 deinde
1154 1248 1217 1307 in
1255 1246 1591 1307 concionem
1641 1245 2128 1320 archiepiscopus,

416 1345 475 1399 et
521 1340 675 1400 clero
730 1338 1058 1413 populoque
1112 1336 1497 1411 praesentibus
1519 1380 1533 1409 ,
1591 1337 1788 1413 jurare
1858 1335 2130 1395 clericum

416 1434 592 1487 suum
632 1420 826 1501 jussit,
873 1432 935 1485 se
978 1426 1085 1485 has
1120 1416 1265 1485 duas
1314 1416 1563 1484 haereses
1605 1432 1707 1498 pro
1755 1416 1979 1484 viribus
2023 1432 2128 1482 ex-

412 1516 796 1590 stirpaturum
828 1534 843 1572 :
876 1526 993 1588 quo
1059 1510 1262 1574 eodem
1333 1518 1687 1573 sacramento
1756 1524 1817 1572 se
1882 1512 2131 1588 populus

412 1600 698 1665 devinxit.
740 1598 977 1663 Clericis
1013 1602 1156 1663 hinc
1191 1602 1434 1678 pristina
1470 1604 1831 1676 ornamenta,
1864 1596 2128 1662 litteratis

414 1694 611 1773 etiam,
658 1703 714 1759 et
750 1692 918 1757 castis
952 1694 1207 1759 oiiicium
1244 1698 1556 1773 redditam,
1601 1692 1816 1774 reliqui
1857 1694 2126 1758 Ecclesiae

2217 604 2454 680 ipsaque
2509 604 2778 663 Gecbaldi
2843 611 2995 664 uxor
3064 618 3274 677 magna
3334 602 3548 662 mulier
3610 601 3893 677 dignitate
3919 649 3934 673 ,

2217 694 2423 757 marito
2484 697 2732 766 'mortuo,
2798 693 3187 753 centenariam
3249 691 3399 750 hanc
3457 690 3724 765 absolvit,
3789 692 3936 755 dum

2216 788 2323 846 tria
2380 788 2690 848 verberum
2746 786 2953 859 millia,
3023 782 3380 858 disciplinas,
3447 782 3762 859 appellant,
3828 801 3937 860 pro

2212 882 2372 937 anno
2418 892 2537 936 uno
2574 880 2922 937 numeraret.
2964 873 3165 949 Itaque
3202 871 3429 946 Petrus,
3457 878 3764 949 postquam
3800 889 3931 949 pte-

2214 984 2351 1028 nam
2389 968 2522 1039 luit,
2552 968 2841 1042 eleganter
2878 966 2950 1025 ad
2988 965 3291 1026 Nicolaum
3327 964 3679 1040 pontiﬁcem,
3717 965 3929 1028 oﬂicii-

2216 1075 2330 1135 que
2378 1076 2446 1119 ac
2498 1060 2727 1133 pietatis
2778 1058 2981 1133 plenas
3029 1056 3249 1117 litteras
3312 1056 3469 1117 dedit
3525 1077 3539 1116 :
3597 1057 3812 1132 quibus
3870 1063 3930 1118 et

2214 1149 2483 1224 purgavit
2534 1165 2595 1207 se
2647 1149 2972 1223 diligenter,
3040 1154 3096 1206 et
3154 1164 3273 1207 non
3324 1146 3523 1206 minus
3576 1146 3925 1221 rationibus,

2213 1256 2393 1317 quam
2431 1248 2761 1302 sanctorum
2798 1241 3061 1302 virorum
3090 1238 3380 1315 exemplo,
3409 1238 3471 1298 id
3509 1238 3709 1300 fecisse
3748 1245 3927 1300 testa-

2214 1338 2306 1395 tllS
2331 1338 2434 1393 est.

2282 1421 2568 1482 Caeterum
2632 1432 2708 1480 an
2771 1416 2861 1481 illi
2929 1417 3201 1481 Nicotaus
3261 1418 3521 1494 pontifex
3592 1420 3925 1495 assenserit,

2211 1520 2546 1589 quanquam
2575 1510 2837 1587 plerique
2866 1518 3068 1571 omnes
3101 1509 3410 1581 aﬂirmant,
3440 1514 3632 1570 tamen
3659 1510 3924 1584 aliquam

2212 1600 2399 1661 facere
2465 1594 2894 1660 dubitationem
2968 1599 3201 1661 videtur
3276 1598 3525 1674 diploma
3602 1598 3929 1660 Alexandri

2210 1688 2486 1761 secundi,
2540 1689 2637 1750 cui
2689 1686 3005 1750 subscribit
3059 1689 3263 1750 Petrus
3317 1690 3577 1765 peccator
3642 1686 3927 1749 Ostiensis

412 1792 640 1848 tantum
704 1788 987 1848 associati.
1039 1778 1129 1847 Ad
1190 1787 1318 1847 haec
1384 1787 1851 1865 archiepiscOpus
1916 1776 2530 1865 recepitBeplscopus,
2602 1782 2669 1841 ut
2728 1782 2813 1842 est
2871 1779 2933 1840 in
3003 1774 3290 1840 Uhronico
3364 1774 3684 1865 Cestriensi.
3746 1776 3928 1865 Joan-

410 1884 528 1950 eps,
587 1890 645 1938 se
720 1872 1017 1954 religionis
1078 1890 1249 1940 causa
1316 1878 1594 1953 Romam,
1658 1886 1761 1942 aut
1826 1872 2130 1941 Turonum

411 1970 735 2031 missurum
773 1990 786 2030 :
822 1984 882 2031 se
920 1984 1055 2031 vero
1107 1971 1178 2030 ad
1229 1964 1296 2033 D.
1339 1964 1620 2034 Jacobum
1672 1973 1737 2034 in
1784 1966 2128 2050 Hispaniam

410 2050 805 2121 iturum.‘Sed
845 2068 1184 2137 quanquam
1222 2063 1346 2121 haec
1382 2064 1524 2122 adeo
1571 2060 1798 2139 prolixe
1836 2060 2129 2139 pollicittis

408 2150 532 2222 est,
601 2155 797 2209 tamen
862 2149 1019 2210 haud
1078 2148 1158 2209 ita
1216 2151 1320 2211 diu
1379 2154 1545 2226 post,
1608 2150 1857 2213 abeunte
1920 2144 2126 2227 Petro,

410 2238 588 2299 sacris
635 2234 1000 2297 initiatorum
1048 2235 1300 2298 assiduis
1346 2238 1676 2300 ‘stimulatus
1723 2238 2125 2316 Querimoniis,

409 2340 474 2387 ac
531 2338 678 2402 pene
731 2326 1032 2399 conviciis,
1086 2327 1148 2386 ili
1201 2322 1513 2402 pristinum
1568 2326 1760 2390 rediit.
1816 2330 2018 2405 Itaque
2064 2331 2128 2390 in

408 2412 675 2490 sequenti
706 2426 860 2476 anno
892 2414 1096 2476 Petrus
1125 2414 1376 2490 graviter
1412 2425 1753 2495 commotus,
1794 2412 2123 2496 Rodulpho,

405 2498 625 2579 Vilali,
693 2500 973 2581 Arialdo,
1035 2512 1091 2567 et
1138 2502 1505 2568 Erlemhaldo
1562 2506 1739 2569 Cottae
1787 2508 1894 2569 hac
1949 2504 2019 2569 de
2066 2526 2127 2570 re

2209 1884 2314 1934 nes
2354 1878 2585 1950 qquue
2629 1866 2992 1933 Trithemius
3044 1868 3191 1931 dum
3234 1870 3299 1930 in
3339 1862 3745 1945 Hirsaugiensi
3784 1860 3927 1930 item

2210 1957 2512 2036 Chronico,
2557 1958 2709 2024 Petri
2753 1960 3023 2022 Damiani
3059 1956 3407 2037 legationem
3442 1958 3505 2021 in
3549 1956 3929 2022 Germaniam

2208 2048 2407 2113 scribit
2453 2050 2525 2113 ad
2570 2046 2889 2113 Henricum
2942 2062 3136 2127 regem
3182 2058 3337 2111 anno
3382 2046 3692 2111 millesimo
3743 2060 3922 2123 nono,

2207 2152 2346 2202 eum
2399 2141 2648 2217 appellat
2702 2146 3077 2203 sacrosanctae
3133 2141 3415 2202 Romanas
3468 2134 3746 2201 Ecclesiae
3796 2138 3927 2216 epla

2208 2242 2445 2309 scopum
2511 2230 2885 2295 cardinalem.
2944 2228 3147 2309 Neque
3196 2238 3417 2304 tamen
3471 2240 3608 2293 cum
3662 2230 3736 2292 iis
3788 2240 3927 2293 sent-

2206 2323 2403 2398 serim,
2449 2323 2553 2400 qui
2590 2322 2702 2384 fuit
2734 2339 2768 2383 a
2804 2328 2974 2399 partu
3011 2316 3273 2399 Virginis
3319 2332 3493 2398 supra
3542 2320 3929 2382 millesimum

2208 2413 2665 2487 Septuagesimus
2709 2413 2969 2485 octavus,
3016 2418 3074 2471 et
3120 2412 3511 2486 epismpatum
3562 2406 3923 2486 deposuisse,

2206 2502 2261 2560 et
2305 2500 2523 2561 litteras
2559 2496 2630 2561 de
2667 2496 2769 2560 illo
2808 2500 3168 2576 deponendo,
3198 2512 3341 2576 quas
3368 2496 3652 2574 diximus,
3679 2495 3754 2560 ad
3782 2501 3926 2561 Great

2203 2590 2434 2666 gorium
2472 2597 2595 2651 tum
2628 2586 2981 2666 pontiﬁcem,
3010 2586 3278 2663 dedisse;
3318 2602 3454 2653 cum
3491 2584 3591 2651 ille
3627 2588 3691 2650 in
3725 2586 3922 2650 omnis

2204 2679 2337 2754 bus,
2370 2690 2516 2755 quos
2552 2676 2810 2758 legerim,
2855 2677 3169 2755 codicibus,
3211 2676 3447 2742 Nicolao
3484 2674 3921 2753 inscribautur;

2201 2772 2261 2828 et
2309 2768 2790 2844 gravissimorum
2834 2776 3139 2833 auctorum
3180 2769 3512 2832 testimonio
3555 2774 3796 2843 constet,
3847 2769 3924 2831 ab

2203 2854 2539 2919 Alexandro
2587 2850 2853 2919 Secundo
2890 2858 3180 2934 pontiﬁce,
3225 2860 3549 2921 Gerardnm
3594 2858 3923 2921 Ostiensem

404 2592 682 2669 scribens,
733 2596 838 2672 qui
882 2604 1319 2672 permanserant
1367 2596 1431 2657 in
1486 2599 1791 2672 sententia,
1849 2594 1951 2660 ubi
2000 2591 2123 2659 lau-

402 2680 563 2746 davit
610 2682 764 2759 11108,
815 2685 887 2746 de
939 2687 1161 2746 caeteris
1211 2700 1538 2746 sermonem
1593 2686 1915 2763 ingressus,
1969 2680 2123 2764 quod

402 2773 618 2851 tamen,
674 2772 890 2851 inquit,
957 2770 1023 2836 in
1078 2772 1500 2849 Mediolanensi
1554 2770 1808 2837 Ecclesia
1867 2792 1985 2837 non
2041 2778 2125 2837 est

401 2868 646 2940 libitum,
687 2875 820 2940 quae
856 2876 1086 2941 semper
1122 2864 1339 2925 diversi
1376 2864 1662 2940 dogmatis
1700 2860 1969 2927 homines
2016 2866 2121 2926 ha—

399 2949 570 3028 buit,
628 2948 800 3015 initio
862 2954 934 3015 ab
998 2954 1297 3016 Au‘xentio
1327 3000 1341 3029 ,
1404 2962 1577 3031 atque
1647 2954 1956 3015 Ambrosio
2026 2956 2120 3014 in-
2202 2944 2537 3027 episcopum
2562 2944 2982 3011 i‘actum.lilud
3005 2952 3179 3011 etiam
3201 2964 3321 3012 non
3340 2946 3727 3014 omittendum
3747 2948 3919 3026 duxi,

399 3040 623 3105 chonto.
2202 3039 2460 3115 Petrum,
2501 3050 2561 3100 se
2598 3046 2875 3116 perpetuo
2911 3038 3266 3103 monachum
3304 3036 3426 3103 suis
3471 3037 3677 3102 litteris
3719 3041 3922 3116 appete

470 3134 665 3237 Atque
708 3126 838 3195 haac
880 3132 1038 3237 itaﬁa
1090 3150 1149 3237 se
1195 3126 1504 3237 Mediolani
1552 3139 1673 3194 acta
1724 3128 1928 3237 Petrus
1975 3134 2118 3197 scri-
2138 3130 2377 3237 classe,
2402 3138 2458 3190 et
2495 3142 2557 3191 se
2592 3124 2880 3193 abdidisse
2910 3128 2976 3191 in
2998 3128 3326 3195 Catrianam
3350 3128 3725 3193 solitudinem
3755 3136 3921 3207 opta-

398 3222 531 3285 bit:
567 3225 671 3298 qui
721 3228 786 3284 ‘ut
843 3242 902 3283 se
960 3222 1077 3283 Deo
1134 3227 1316 3284 lotum
1376 3223 1641 3297 traderet,
1699 3231 1755 3286 et
1805 3226 1868 3287 in
1920 3216 2507 3291 rerumutissimam.

397 3308 737 3393 divinarum
814 3310 1189 3374 meditatioae
1267 3308 1392 3374 dies
1458 3319 1772 3391 noctesque
1843 3324 2114 3393 poneret,
2276 3304 2681 3373 Alexandrum
2734 3308 3066 3388 pontiﬁcem
3112 3310 3306 3389 gravis
3358 3314 3577 3377 interea
3643 3310 3923 3390 fatigabat

393 3414 555 3463 sacro
610 3390 825 3478 galero,
884 3408 941 3462 et
993 3402 1345 3478 episcopatu,
1405 3390 1775 3481 duorumque
1840 3390 2117 3482 praeterea
2203 3402 2483 3465 dissensio
2522 3398 2756 3465 Cadaloi
2794 3405 3143 3480 Parmensis,
3188 3420 3364 3484 quem
3418 3405 3693 3469 Germani
3740 3412 3922 3483 pseu-

390 3484 793 3554 coenobiorum
846 3490 963 3553 sibi
1020 3490 1556 3557 commendatorum
1614 3490 2115 3561 administratione
2201 3492 2611 3571 dopontiticem
2653 3508 2788 3556 cum
2838 3491 3105 3558 fecissent
3147 3510 3182 3556 a
3229 3490 3509 3557 Romanis
3557 3496 3729 3558 etiam
3780 3515 3920 3574 pro-

391 3602 452 3645 se
498 3580 807 3644 abdicavit.
861 3582 1124 3660 U'umque
1174 3602 1209 3645 a
1256 3578 1491 3645 Nicolao
1534 3585 1808 3661 pontiﬁce
1851 3582 2113 3652 maximc
2200 3582 2429 3645 ceribu's
2466 3578 2646 3661 recipi
2680 3582 3002 3646 studebant.
3046 3583 3103 3645 Is
3140 3596 3278 3646 vero
3316 3594 3656 3662 quanquam
3684 3584 3747 3645 in
3784 3602 3921 3649 con-

391 3677 494 3754 qui
531 3670 656 3754 ejus
693 3668 1185 3738 Mediolanensem
1222 3674 1569 3751 legationem
1607 3663 1866 3740 maxime
1902 3680 2111 3756 proba-
2199 3672 2335 3756 cilio
2380 3666 2633 3736 Mantum
2689 3690 2843 3736 anno
2897 3672 3031 3737 1064
3082 3674 3301 3751 habito,
3342 3693 3458 3753 quo
3492 3684 3547 3737 et
3583 3677 3920 3740 Alexander

390 3772 570 3847 verat,
626 3766 699 3828 ad
745 3786 841 3830 eas
880 3766 1103 3829 iterum
1155 3760 1483 3844 dignitates,
1532 3773 1589 3829 et
1633 3754 1930 3833 honorum
1973 3770 2114 3832 insi-
2167 3754 2321 3841 ‘ipse
2359 3772 2613 3837 venerat,
2655 3768 2923 3842 rejectus,
2966 3768 3160 3827 tamen
3196 3767 3451 3842 insignia
3486 3762 3786 3844 pontiﬁcis
3823 3787 3917 3829 re-

385 3858 523 3936 gnia
572 3864 905 3936 cogeretur;
965 3862 1206 3937 ipseque
1263 3867 1592 3924 constanter
1616 3904 1632 3936 ,
1697 3870 1753 3923 et
1815 3860 2111 3941 aliquanto
2199 3850 2397 3916 tinuit.
2453 3850 2842 3928 Quamobrem
2891 3852 3095 3917 Petrus
3140 3850 3428 3930 Damiani,
3486 3852 3758 3918 Ecclesiae
3807 3856 3918 3920 Dei

384 3950 644 4025 fortasse,
685 3968 862 4029 quam
913 3970 1006 4014 res
1053 3953 1197 4028 ipsa,
1248 3961 1304 4013 et
1350 3954 1642 4030 pontiﬁcis
1684 3956 1953 4033 majestas
2002 3957 2112 4016 fer.
2199 3944 2418 4008 tantam
2474 3942 2967 4023 perturbationem
3031 3958 3381 4024 magnopere
3454 3949 3779 4021 miseratus,
3839 3949 3916 4010 ad

386 4048 492 4114 ret,
531 4038 885 4115 pertinacius
929 4048 1232 4115 renueret;
1287 4045 1533 4104 assensit
1570 4044 1807 4119 quidem
1840 4045 2109 4122 pontifex
2194 4039 2500 4099 hominem
2527 4038 2769 4100 scribit:
2807 4039 2998 4101 tribus
3027 4039 3201 4099 illum
3222 4038 3344 4113 jam
3376 4039 3761 4099 conventibus
3788 4055 3917 4099 esse

386 4126 515 4206 ejus
544 4131 1006 4205 perseverantiae,
1039 4131 1139 4190 sed
1167 4144 1401 4206 poenam
1437 4133 1501 4193 in
1540 4149 1681 4194 eum
1714 4137 2109 4197 centenariam
2164 4122 2557 4203 damnatum,
2607 4132 2662 4190 et
2712 4132 2815 4197 ter,
2873 4128 2923 4188 si
2972 4142 3090 4189 non
3136 4126 3358 4203 judicio
3411 4126 3793 4201 sacerdotum,
3856 4136 3917 4190 at

385 4218 681 4281 constituit
716 4238 730 4281 :
765 4235 882 4297 qua
916 4237 1087 4295 poena
1128 4221 1430 4282 tenebatur
1479 4223 1553 4283 ad
1599 4225 1961 4286 recitandum
2008 4242 2109 4301 per
2195 4216 2397 4280 saltem
2423 4218 2623 4296 legum
2650 4221 2985 4281 auctoritate
3012 4216 3362 4281 abdicatum.
3398 4216 3469 4281 Et
3500 4222 3777 4298 quoniam
3814 4218 3913 4281 in-

385 4314 622 4375 centum
660 4325 862 4384 annos,
905 4310 1184 4388 quotidie,
1223 4312 1565 4375 verberibus
1603 4315 1916 4391 adjunctis,
1949 4317 2105 4393 psal-
2194 4316 2302 4371 stet
2339 4308 2680 4371 Osboriense
2717 4310 3051 4385 concilium,
3094 4329 3153 4373 se
3191 4329 3322 4389 quae
3364 4306 3477 4374 dici
3514 4331 3617 4390 pro
3664 4319 3916 4389 utroque

383 4418 549 4464 mum
586 4400 1160 4477 quinquagesimum,
1201 4418 1316 4477 quo
1368 4419 1511 4465 usus
1562 4412 1652 4466 est
1707 4404 1912 4479 David,
1971 4422 2107 4467 cum
2192 4401 2433 4478 possint,
2475 4417 2786 4477 exponere,
2825 4401 2993 4480 quasi
3038 4400 3346 4479 cujusdam
3392 4400 3660 4480 praeludii
3713 4419 3908 4477 causa,

384 4501 653 4571 stuprum
712 4490 1033 4566 Bersabeae,
1090 4495 1146 4551 et
1196 4492 1402 4554 marito
1458 4495 1584 4571 ejus
1638 4501 1882 4556 mortem
1934 4495 2168 4571 obtu-n
2193 4492 2344 4554 velle
2376 4518 2387 4553 :
2425 4499 2596 4570 atque
2622 4511 2726 4570 per
2752 4494 2913 4555 hunc
2938 4491 3181 4555 modum
3209 4493 3447 4569 juribus
3476 4502 3742 4556 accurate
3771 4511 3912 4571 per-

384 4552 589 4659 est;
631 4584 920 4663 illumque
964 4552 1197 4646 Nam
1241 4552 2407 4662 vehemensassistebant,
2436 4552 2439 4553 ί
2467 4552 3023 4646 adsiduam;
3072 4552 3911 4660 aetiis“e“sge';"asasaae

386 4676 751 4736 minaretur:
793 4673 980 4736 Deum
1037 4680 1156 4734 tam
1210 4678 1412 4751 gravia
1465 4679 1682 4739 scelera
1732 4694 2105 4755 nequaquam
2189 4675 2460 4736 ostendit.

384 4761 696 4837 impunita,
773 4768 948 4838 atque
1010 4762 1202 4824 inulta
1260 4766 1605 4830 relicturum
1664 4770 1736 4843 (II
1781 4771 1915 4841 Reg.
1976 4769 2103 4844 xu).
2261 4758 2478 4827 Eodem
2527 4782 2683 4828 anno
2737 4764 2936 4841 (1069),
2990 4762 3195 4829 Petrus
3240 4760 3527 4839 Damiani,
3573 4781 3748 4842 quem
3794 4764 3913 4829 hoc

387 4844 635 4941 Subivit
675 4850 828 4941 hanc
854 4868 1113 4941 poenam
1170 4855 1420 4917 libenter
1492 4858 1720 4933 Petrus,
1798 4864 2108 4937 tantusque
2189 4851 2336 4930 loco,
2369 4856 2455 4917 uti
2499 4872 2672 4933 supra
2709 4854 3038 4931 docuimus,
3082 4850 3334 4917 Joannes
3380 4852 3735 4916 Trithemius
3780 4856 3912 4941 epi-

386 4942 452 5003 in
498 4956 566 5003 eo
612 4939 723 5001 fuit
773 4940 943 5002 ardor
978 4944 1317 5018 paenitendi,
1365 4952 1431 5008 ut
1478 4963 1679 5009 annuo
1722 4946 1885 5009 illam
1922 4951 2107 5025 spatio
2191 4964 2431 5022 scopum
2492 4945 2846 5007 cardinalem
2910 4944 3206 5021 appellat,
3276 4948 3342 5006 in
3402 4945 3772 5008 Germaniam
3835 4940 3916 5005 ab

387 5030 766 5095 exhauserit:
802 5039 858 5092 et
895 5038 961 5092 ut
998 5049 1075 5093 ex
1108 5033 1441 5098 Helinando
1483 5043 1720 5099 testatur
1752 5037 1816 5097 in
1862 5038 2109 5113 Speculo
2190 5037 2523 5100 Alexandro
2551 5036 2821 5114 pontilice
2838 5036 3059 5112 legatus
3083 5046 3168 5099 est
3194 5037 3412 5099 missus
3431 5037 3504 5098 ob
3525 5053 3652 5097 eam
3675 5051 3915 5096 causam

387 5137 493 5211 suo
547 5118 913 5196 Vincentius,
958 5122 1247 5186 Dominici
1298 5126 1637 5203 exemplum
1686 5126 1953 5202 habetur,
2003 5131 2108 5205 qui
2192 5129 2347 5206 quod
2383 5127 2674 5188 Henricus
2714 5128 2903 5188 Caesar
2946 5126 3184 5211 nullum
3210 5128 3499 5187 omitteret
3528 5125 3789 5187 avaritia:
3816 5142 3910 5203 ge-

387 5208 568 5271 lorica
625 5210 810 5274 ferrea
863 5212 936 5273 ad
988 5229 1224 5277 carnem
1282 5217 1545 5291 indutus,
1609 5217 1846 5278 circulis
1904 5219 2108 5281 ferreis
2192 5237 2307 5281 nus
2345 5219 2409 5278 in
2443 5219 2630 5279 Deum
2673 5218 3093 5293 hominesque;
3139 5208 3295 5293 plebi
3338 5218 3591 5279 studeret
3628 5216 3915 5276 adversus

388 5302 617 5363 duobus
653 5303 895 5379 cinctus,
936 5302 1287 5383 totidemque
1329 5324 1431 5382 per
1480 5320 1671 5368 armos
1711 5308 2104 5385 brachiorum,
2192 5310 2555 5372 nobilitatem
2582 5324 2650 5369 ac
2677 5309 3002 5384 principes;
3035 5307 3232 5367 omnia
3262 5307 3322 5368 vi
3361 5307 3547 5383 magis
3574 5321 3750 5383 quam
3776 5306 3916 5380 jure

390 5396 611 5451 armata
678 5392 865 5467 scopis
935 5398 1180 5469 utraque
1253 5409 1472 5467 manu,
1540 5395 1772 5468 nudus,
1836 5395 2106 5471 psalteria
2192 5407 2417 5477 ageret;
2489 5401 2847 5477 episcopatus
2918 5405 2973 5458 et
3042 5394 3297 5459 abbatias
3348 5398 3538 5471 palam
3592 5393 3909 5471 venderet;

392 5477 722 5553 duodecim,
771 5487 947 5543 totam
992 5490 1220 5543 noctem
1268 5482 1415 5541 nihil
1463 5482 1779 5557 dormiens,
1833 5485 2108 5561 postridie
2192 5490 2387 5568 opima
2432 5490 2849 5551 monachorum
2890 5488 3108 5564 przedia
3152 5488 3533 5549 sectatoribus
3580 5484 3702 5547 suis
3750 5482 3915 5559 turpi

391 5568 705 5646 persolvit,
763 5577 819 5630 et
870 5573 942 5632 de
1005 5576 1171 5635 tertio
1224 5570 1449 5633 decimo
1502 5573 1578 5634 ad
1635 5578 1794 5633 Beati
1851 5595 2103 5650 quorum.
2192 5578 2499 5655 largitione
2552 5580 2848 5643 tribueret.
2898 5578 2990 5638 Ad
3036 5577 3166 5638 haec
3217 5591 3354 5640 cum
3399 5576 3647 5653 conjuge
3687 5572 3913 5634 Bertha

372 5658 588 5737 Hujus
623 5662 889 5736 exemplo
935 5662 1045 5726 viri
1098 5678 1319 5727 morem
1370 5661 1683 5729 inolevisse
1733 5667 1798 5733 in
1844 5669 1967 5737 suis
2008 5686 2106 5733 re-
2195 5670 2439 5737 Othonis
2463 5670 2820 5739 marchionis
2844 5664 2987 5743 illia,
3008 5668 3179 5743 cujus
3208 5666 3366 5733 haud
3393 5668 3473 5731 ita
3499 5665 3604 5734 diu
3632 5668 3766 5727 ante
3790 5661 3910 5727 sibi
