4140 6472
213 285 306 346 l73
395 290 400 294 ’

1074 285 1650 353 l'ROLEGOMENA.
1692 324 1758 338 -—
1800 291 1860 355 S.
1902 289 2128 358 PETRI
2163 295 2492 364 DAMIANI
2532 303 2713 368 VITA
2751 300 2851 369 IV.

3607 317 3710 383 174

209 413 509 512 desponsae
533 410 864 512 jamﬂillum
890 415 1122 512 satietas
1149 426 1376 512 ceperat
1399 427 1464 512 ut
1489 421 1701 512 faceret
1725 423 2146 512 divor-Aq’uze
2195 432 2349 494 diem
2405 439 2672 498 octavum
2727 435 2856 499 Kal.
2920 433 3086 504 Mart.
3146 445 3449 508 antecessit
3507 447 3708 512 eodem

208 498 375 574 tium,
416 495 832 574 Mogunttnum
869 497 1186 566 antistitem
1221 507 1294 568 ad
1342 505 1721 573 indicendum
1753 511 1824 574 de
1856 528 1922 576 ea

208 605 264 652 re
309 591 635 668 Moguntite
679 599 1033 657 conventum
1083 593 1414 673 impulerat.
1469 602 1671 680 Itaque
1711 619 1921 682 oppor-

209 686 344 769 tune
371 683 580 769 Petrus
607 699 742 745 cum
771 684 835 745 in
859 764 863 769 _
883 686 1255 750 Germaniam
1297 696 1670 769 pervenisset,
1722 697 1920 757 confe-

206 767 338 828 stim
367 768 805 846 Moguntinum,
850 764 1132 838 intentato
1179 764 1416 842 acrioris
1459 764 1920 847 animadversio-

206 855 296 918 nis
340 858 626 935 periculo,
681 853 754 923 ab
803 861 1070 926 habendo
1122 869 1368 930 concilio
1422 874 1728 935 revocavit.
1784 875 1921 937 Mox

206 950 440 1012 accessit
470 948 962 1032 Francoi‘ordiam,
999 958 1104 1020 ubi
1140 965 1266 1023 tum
1299 956 1589 1028 Henricus
1615 983 1920 1044 procerum

207 1051 444 1134 suorum
499 1049 853 1134 conventum
901 1046 1140 1124 agebat;
1193 1047 1258 1111 in
1303 1059 1773 1134 conventumque
1817 1053 1920 1117 ad-

207 1131 439 1206 missus,
484 1133 774 1208 pontiﬁcis
824 1136 1126 1214 explicatis
1171 1141 1478 1219 mandatis,
1518 1151 1573 1205 et
1606 1131 1917 1224 principes,

208 1225 304 1316 qui
333 1226 670 1316 frequentes
698 1227 956 1305 aderant,
1007 1239 1062 1292 et
1091 1229 1417 1298 Henricum
1446 1237 1644 1314 ipsum
1670 1239 1920 1316 graviter

208 1312 526 1392 increpavit
567 1329 746 1396 quam
776 1317 875 1381 ille
907 1318 1210 1386 moliretur
1251 1344 1374 1388 rem
1419 1312 1753 1404 pessimam,
1787 1337 1843 1390 et
1887 1348 1921 1391 a

213 1406 445 1466 nomine
473 1407 801 1470 Christiano
830 1411 1047 1474 nedum
1089 1417 1249 1492 regio
1286 1418 1458 1492 plane
1488 1416 1742 1480 alienam
1774 1433 1915 1481 esse.

214 1494 272 1556 Si
320 1497 523 1558 minus
560 1503 870 1563 terreretur
907 1500 1183 1566 humanis
1235 1507 1525 1570 divinisve
1561 1507 1809 1586 legibus,
1864 1513 1922 1571 at

212 1587 413 1648 saltem
441 1587 615 1650 fama;
659 1603 782 1653 suae
820 1595 1107 1656 rationem
1140 1596 1709 1678 existimationisque
1739 1599 1920 1661 habe-

2002 538 2168 620 anno
2197 526 2270 620 ab
2317 533 2445 620 ortu
2493 523 2705 591 Christi
2763 529 2916 594 1080.
2962 533 3106 611 Ejus
3153 540 3335 599 moi-te
3365 537 3437 602 ab
3482 533 3555 603 iis
3604 546 3708 620 qui

2003 611 2365 676 excubabant
2414 618 2584 692 juxta
2639 621 2991 699 coenobium,
3044 643 3116 687 ne
3164 629 3427 692 sanctum
3466 611 3710 695 cadaver

2001 710 2189 778 posset
2217 722 2251 764 a
2283 706 2404 767 suis
2433 711 2752 785 monachis,
2785 715 2891 790 qui
2917 733 2948 776 e
2977 715 3319 796 propinquis
3363 721 3504 784 locis
3531 715 3706 785 adve-

2002 801 2224 870 nerant,
2293 798 2497 858 furtim
2547 801 2859 879 exportari,
2921 810 3207 886 nuntiata,
3259 821 3491 888 repente
3553 815 3708 877 cives

2000 901 2202 946 omnes
2244 889 2315 948 ad
2353 888 2477 964 ejus
2521 895 2838 980 parentalia
2871 905 3206 974 accurrunt,
3247 889 3527 980 brevique
3559 913 3708 967 tem-

1999 976 2164 1052 plum
2193 981 2346 1039 tanta
2374 979 2571 1056 populi
2602 979 2976 1049 multitudine
3005 991 3282 1054 refertum
3314 976 3487 1056 estut
3519 991 3706 1059 unda-

2002 1083 2132 1128 rum
2155 1086 2288 1161 Asese
2319 1070 2488 1132 modo
2513 1073 2764 1136 invicem
2790 1075 3159 1154 impellerent
3185 1077 3473 1161 planeque
3502 1081 3708 1149 beatus

1999 1157 2098 1217 ille
2139 1153 2424 1222 diceretur
2462 1166 2556 1225 cui
2588 1165 2830 1229 dabatur
2868 1153 2976 1231 viri
3007 1153 3206 1234 sancti
3226 1153 3492 1237 loculum
3529 1180 3705 1239 attin-

1998 1267 2154 1325 gere,
2197 1269 2446 1345 munera
2493 1251 2582 1317 illi
2627 1260 2906 1334 praebere,
2955 1263 3128 1338 pedes
3180 1267 3451 1328 osculari.
3497 1269 3706 1345 Sepul-

2001 1359 2164 1404 crum
2197 1339 2416 1406 interea
2448 1365 2522 1408 ex
2554 1347 2964 1414 candidissimo
3002 1371 3308 1432 marmore,
3351 1339 3591 1419 summa
3619 1360 3705 1420 fa-

2001 1433 2234 1522 cilitate,
2266 1434 2406 1512 ipsis
2437 1433 2538 1512 qui
2575 1440 2937 1502 adducebant
2979 1445 3424 1522 admirantibus,
3475 1465 3550 1508 ex
3591 1451 3706 1510 alio

2000 1521 2137 1582 satis
2175 1521 2423 1586 distante
2459 1523 2721 1610 coenobio
2759 1530 3066 1592 devehitur
3108 1540 3280 1611 atque
3323 1535 3385 1594 in
3415 1521 3495 1595 eo
3535 1553 3569 1596 e
3615 1554 3710 1598 re-

1999 1611 2172 1690 gione
2227 1615 2387 1676 chori
2430 1617 2603 1691 juxta
2666 1621 2884 1694 gradus
2953 1623 3167 1700 quibus
3237 1627 3566 1690 ascenditur
3633 1630 3707 1689 ad

213 1682 324 1791 ff}:
351 1683 937 1791 ἓεξ-Ρῇῖέξὲῐξξῳξξιξη
978 1687 1389 1791 εβλῐτςξῖγθξὶθηρ
1439 1705 1493 1791 ἓν
1520 1705 1654 1791 Γςὲρ
1695 1695 1920 1791 W111)?-
1999 1682 2174 1791 aram»
2216 1682 2450 1780 locato;
2481 1682 2753 1772 omnibus
2803 1682 3053 1787 hymnos
3097 1731 3164 1774 ac
3212 1716 3464 1791 psalmos
3513 1720 3708 1780 conci-

210 1763 936 1875 rateinnﬂcintlhristianum
977 1774 1279 1875 pepulum,
1315 1781 1370 1837 et
1395 1779 1498 1854 qui
1541 1763 1773 1875 deberet
1813 1763 1973 1875 1—1173
1999 1763 2299 1867 nantibus,
2313 1763 2676 1875 “lieuqu;

208 1851 342 1916 cisci
393 1854 612 1933 ﬂagitia
673 1857 746 1921 iis
804 1877 868 1922 se
921 1862 1192 1942 princeps
1263 1851 1456 1927 tantus
1513 1865 1912 1942 obstringeret.

209 1945 368 2017 Quod
394 1949 445 2008 si
473 1963 591 2009 non
634 1950 960 2015 ﬂecteretur
1011 1954 1290 2030 consiliis,
1336 1957 1574 2017 haberet
1616 1969 1719 2033 pro
1762 1961 1914 2017 certo

207 2037 538 2116 pontiﬁcem
591 2043 714 2105 vim
762 2043 1210 2108 ecclesiasticam
1251 2046 1676 2122 adhibituram,
1726 2063 1916 2125 neque

206 2131 324 2191 fore
353 2137 419 2191 ut
453 2129 618 2193 illius
649 2150 912 2211 unquam
957 2138 1228 2200 manibus
1261 2147 1709 2203 consecraretur.
1752 2137 1916 2200 Hanc

206 2221 546 2291 orationem,
590 2219 869 2301 maxima,
921 2231 985 2290 ut
1027 2227 1222 2306 inquit
1252 2228 1632 2305 Trithemius,
1665 2229 1914 2294 auctori-

207 2315 313 2398 tate
358 2327 424 2371 ac
469 2313 751 2389 sapientia
801 2309 1062 2379 habitam
1109 2329 1320 2382 secutae
1352 2327 1492 2384 sunt
1521 2340 1727 2397 graves
1755 2323 1915 2398 prin-

205 2397 399 2476 cipum
446 2400 552 2478 qui
595 2401 832 2468 aderant
865 2425 1066 2471 voces:
1093 2429 1262 2488 aequa
1304 2411 1637 2476 Romanum
1679 2397 1918 2490 pontiﬁ-

206 2507 328 2551 cem
371 2493 617 2570 jubere;
667 2493 922 2559 nominis
970 2501 1117 2576 regii
1163 2502 1518 2580 majestatem
1569 2514 1684 2567 tam
1732 2507 1920 2582 turpis

208 2581 337 2642 facti
379 2583 511 2643 labe
548 2601 624 2644 ne
667 2590 1130 2666 commacularet,
1175 2610 1292 2654 neu
1336 2593 1668 2669 parentibus
1699 2581 1920 2671 reginae

211 2688 439 2734 causam
494 2671 832 2736 defectionis
887 2677 1187 2756 praeberet,
1249 2689 1304 2741 et
1347 2683 1566 2758 justam
1621 2685 1921 2745 turbandae

209 2761 546 2838 reipublicae
593 2767 991 2845 occasionem;
1029 2773 1150 2846 qui,
1194 2773 1243 2832 si
1284 2775 1397 2835 viri
1427 2784 1615 2836 essent
1645 2778 1745 2852 qui
1786 2778 1918 2852 plu-

210 2854 422 2916 rimum
453 2865 707 2944 possent,
734 2865 790 2920 et
817 2861 1004 2922 milite
1026 2870 1082 2923 et
1102 2865 1283 2926 armis
1309 2873 1426 2926 tam
1454 2869 1746 2944 insignem
1781 2872 1920 2930 tiliae

210 2943 618 3036 contumeliam
664 2951 938 3036 praeclaro
985 2953 1180 3029 aliquo
1218 2955 1472 3018 facinore
1503 2943 1681 3018 dubio
1720 2959 1921 3036 procul

211 3033 520 3110 expiaturi,
561 3042 618 3096 et
649 3033 929 3100 acerrime
966 3058 1070 3116 pro
1101 3044 1308 3119 opibus
1355 3033 1735 3108 vindicaturi'
1761 3049 1920 3109 vide-
1947 3122 1954 3127 1

3108 1804 3222 1866 viri
3272 1809 3456 1868 sancti
3499 1824 3711 1884 corpus

2001 1885 2322 1960 reponitur.
3767 1949 3791 1968 ,

2073 1973 2358 2034 Cmterum
2401 1973 2679 2050 quoniam
2717 1978 3068 2053 amplissimi
3110 1980 3289 2058 hujus
3325 1986 3600 2048 antistitis
3645 2005 3712 2049 ac

2003 2064 2272 2123 monachi
2345 2081 2517 2140 supra
2591 2065 2862 2142 frequens
2933 2069 3131 2129 habita
3207 2074 3425 2134 mentio
3493 2094 3527 2135 a
3600 2093 3711 2138 no-

2002 2155 2092 2214 bis
2126 2161 2228 2227 est,
2269 2160 2325 2213 et
2359 2155 2422 2214 in
2465 2157 2624 2217 hunc
2673 2175 2894 2219 annum
2945 2161 3069 2236 ejus
3115 2161 3365 2223 incurrit
3418 2165 3712 2244 interitus,

2004 2259 2373 2321 nequaquam
2421 2245 2739 2323 ingratum,
2781 2257 2847 2309 ut
2890 2257 3049 2325 puto,
3093 2251 3268 2313 fuerit
3318 2271 3425 2314 nec
3475 2258 3716 2318 omnino

2005 2355 2039 2397 a
2084 2344 2279 2399 nostro
2323 2339 2588 2403 instituto
2633 2345 2893 2404 alienum
2940 2347 3012 2404 de
3056 2347 3158 2406 illo
3215 2345 3488 2421 quaedam
3542 2349 3715 2423 paulo

2005 2429 2335 2489 accuratius
2366 2427 2636 2491 scribere.
2668 2433 2801 2508 Hic,
2835 2440 2900 2495 ut
2929 2436 3228 2497 memoriae
3253 2437 3445 2511 prodit
3467 2438 3718 2499 Joannes

2005 2521 2346 2592 monachus,
2389 2521 2492 2594 qui
2545 2520 2670 2594 ejus
2719 2522 3033 2596 aliquando
3067 2540 3260 2584 comes
3297 2525 3409 2585 fuit
3443 2532 3500 2584 et
3536 2527 3716 2587 vitam

2008 2606 2328 2682 descripsit,
2391 2609 2690 2669 Ravennae
2745 2611 2988 2672 obscuro
3042 2619 3274 2688 propter
3323 2620 3718 2690 paupertatem

2008 2698 2153 2770 loco,
2190 2699 2290 2758 sed
2327 2697 2584 2773 ingenuo
2623 2707 2796 2762 natus
2815 2725 2830 2773 ;
2873 2709 3011 2762 sunt
3047 2709 3239 2764 tamen
3271 2705 3375 2782 qui
3409 2721 3485 2765 ex
3533 2706 3719 2767 nobili

2008 2786 2401 2847 Honestorum
2429 2787 2650 2848 familia
2676 2797 2871 2852 ortum
2900 2798 3142 2869 putant;
3172 2810 3377 2856 verum
3407 2795 3716 2870 falluntur,

2009 2893 2146 2937 cum
2188 2879 2249 2937 id
2283 2878 2449 2938 Petro
2487 2881 2768 2954 peccatori
2806 2883 3150 2956 conveniat;
3188 2885 3493 2961 diligenter
3526 2887 3720 2947 omni-

2008 2967 2122 3028 bus
2151 2968 2448 3028 charitatis
2485 2969 2688 3031 ofﬁciis
2727 2988 2762 3030 a
2794 2973 3078 3035 Damiano
3116 2975 3292 3036 fratre
3325 2981 3469 3037 natu
3504 2977 3722 3052 majore

2010 3059 2092 3117 sic
2138 3060 2394 3120 nutritus
2426 3075 2494 3120 ac
2529 3060 2699 3121 bonis
2725 3061 2930 3123 litteris
2969 3064 3235 3127 imbutus
3277 3071 3382 3140 est,
3435 3071 3501 3126 ut
3539 3066 3612 3128 ab
3653 3083 3724 3128 eo

210 3131 429 3238 rentur.
461 3125 571 3186 His
598 3129 813 3230 fractus
847 3131 1175 3238 rationibus
1201 3137 1409 3238 potius
1452 3153 1633 3238 quam
1660 3125 1984 3238 inﬂexﬂusc
2009 3147 2121 3208 sibi
2162 3155 2616 3224 cognomentum
2652 3153 2981 3228 ascripserit
3022 3155 3338 3234 vocarique
3365 3125 3622 3218 voluerit
3666 3165 3726 3218 et

212 3211 518 3290 Henricus,
556 3235 616 3278 se
646 3219 710 3279 in
755 3223 1048 3296 pontiﬁcis
1082 3225 1420 3285 auctoritate
1464 3227 1731 3288 futurum
1775 3229 1925 3288 afﬁr-

211 3306 411 3379 mavit,
456 3314 627 3384 atque
663 3311 821 3371 hunc
865 3313 1340 3376 habuit‘exitum
1397 3315 1736 3378 Germanica
1773 3318 1926 3378 Petri

214 3395 488 3458 Damiani
514 3399 743 3473 legatio.

277 3487 366 3547 Eo
393 3504 532 3570 vero
560 3505 716 3549 anno
745 3487 933 3562 (1080)
965 3492 1070 3568 qui
1097 3493 1398 3558 insecutus
1419 3503 1525 3572 est,
1549 3513 1687 3558 cum
1719 3498 1926 3575 Grego-

213 3578 336 3640 rius
388 3575 496 3640 VII
541 3596 686 3656 papa
730 3579 1071 3644 Wibertum
1117 3587 1614 3664 archiepiscopum
1647 3589 1927 3650 Ravenna

216 3670 535 3745 profectum
555 3671 831 3747 audisset,
863 3674 1100 3736 Petrum
1128 3674 1417 3753 Damiani,
1448 3681 1580 3741 licet
1605 3686 1770 3741 astate
1795 3696 1929 3740 con-

217 3761 450 3834 fectum,
492 3761 832 3824 Ravennam
867 3765 1123 3839 legatum
1159 3763 1339 3829 misit.
1370 3769 1666 3832 Profectus
1683 3779 1777 3831 est
1802 3789 1925 3832 ma-

215 3865 326 3924 gna
356 3849 656 3910 voluntate
679 3850 904 3928 Petrus,
933 3859 1056 3914 tum
1080 3856 1281 3930 patrias
1301 3858 1578 3919 charitate
1607 3860 1923 3934 impulsus,

217 3945 341 4001 tum
370 3939 672 4014 religionis
701 3942 914 4016 studio,
945 3960 1062 4019 quo
1090 3961 1315 4020 semper
1339 3949 1680 4022 ﬂagraverat
1707 3951 1925 4010 mirum

217 4028 278 4088 in
309 4030 556 4090 modum
583 4031 882 4094 incensus.
914 4035 1299 4096 Accedentem
1328 4038 1484 4098 cives
1509 4040 1846 4100 humaniter
1871 4047 1928 4101 et

217 4134 449 4180 summa
474 4119 744 4183 comitate
771 4133 1123 4200 exceperunt
1146 4127 1540 4203 omnibusque
1566 4128 1768 4191 ciliciis
1797 4133 1926 4192 cul-

219 4215 338 4270 tum
378 4209 636 4287 benigne
669 4213 982 4276 audierunt
1022 4217 1094 4276 de
1129 4215 1385 4278 Wiberti
1414 4217 1706 4294 impietate
1743 4222 1925 4284 disse‘

219 4307 461 4380 rentem,
493 4304 600 4378 qui
639 4321 906 4378 perverso
935 4306 1175 4382 judicio,
1221 4307 1597 4385 neglectaque
1626 4311 1922 4387 religione,

221 4391 460 4453 Henrici
517 4399 710 4468 partes
779 4405 1011 4458 secutus
1071 4398 1387 4461 videretur.
1447 4400 1652 4475 Itaque
1709 4404 1926 4463 hortari

217 4497 311 4542 eos
365 4498 736 4558 magnopere,
797 4493 862 4546 ut
900 4488 994 4563 pie
1048 4489 1193 4548 inita
1235 4491 1585 4561 sanctissimi
1634 4493 1925 4566 pontiﬁcis

2007 3238 2181 3298 scribi
2223 3238 2429 3300 Petrus
2472 3239 2764 3315 Damiani,
2805 3245 2965 3318 quod
3012 3245 3320 3321 contigisse
3363 3246 3428 3306 in
3473 3245 3725 3307 Eusebio

2009 3329 2350 3390 Caesariensi
2395 3329 2666 3405 legimus,
2713 3332 2817 3406 qui
2868 3351 2902 3393 a
2947 3333 3252 3412 Pamphilo
3305 3336 3490 3397 amico
3545 3335 3722 3399 Euse—

2007 3421 2142 3480 bius
2198 3420 2490 3494 Pamphili
2535 3428 2591 3480 et
2642 3423 2833 3482 vocari
2891 3429 2947 3483 et
3003 3441 3130 3485 esse
3179 3433 3460 3501 perpetuo
3513 3427 3722 3499 voluit,

2007 3525 2345 3587 quanquam
2402 3511 2462 3570 id
2515 3511 2810 3572 observari
2865 3513 2930 3572 in
2977 3513 3146 3575 Petro
3202 3517 3470 3576 Damiani
3539 3521 3728 3593 potest

2007 3603 2160 3676 quod
2208 3603 2331 3676 ipse
2381 3619 2442 3661 se
2483 3607 2708 3663 tantum
2758 3605 2996 3665 Petrum
3044 3607 3313 3682 appellat,
3359 3607 3572 3685 reliqui
3611 3607 3727 3668 Da-

2009 3691 2191 3751 miant
2267 3691 2616 3767 adjungunt.
2669 3694 3002 3770 Antequam
3080 3697 3376 3756 cucullum
3449 3703 3725 3769 sumeret,

2011 3780 2189 3840 bonas
2232 3788 2383 3841 artes
2433 3782 2716 3855 plurimos
2761 3782 2990 3856 publice
3047 3784 3245 3844 docuit
3291 3784 3462 3861 stylo,
3513 3791 3578 3846 ut
3621 3787 3726 3846 illa

2011 3871 2268 3931 ferebant
2321 3870 2608 3930 barbarici
2663 3871 3006 3946 plenissima
3066 3876 3342 3949 tempore,
3413 3875 3552 3935 satis
3608 3878 3726 3935 ele-
3822 3883 3828 3889 '

2007 3959 2384 4034 genti:un
2441 3967 2496 4018 et
2539 3976 2616 4020 ex
2651 3961 2818 4022 illius
2857 3961 3136 4036 epistolis,
3198 3975 3345 4039 quas
3390 3964 3463 4024 ad
3513 3964 3734 4026 multos

2009 4049 2186 4122 misit,
2217 4058 2273 4108 et
2314 4065 2392 4109 ex
2431 4048 2598 4110 libris
2644 4067 2792 4127 quos
2839 4051 3088 4127 scripsit,
3139 4059 3195 4112 et
3237 4069 3312 4114 ex
3355 4053 3429 4114 iis
3470 4067 3618 4130 quas
3657 4054 3732 4115 ad

2007 4141 2289 4214 populum
2340 4141 2544 4200 habuit
2597 4141 2997 4216 concionibus,
3053 4158 3395 4218 cognoscere
3445 4145 3727 4205 difﬁculi.

2008 4243 2171 4289 mum
2219 4245 2338 4290 non
2393 4235 2498 4290 est.
2562 4231 2653 4290 Ab
2710 4232 2950 4292 ineunte
2999 4239 3169 4293 astate
3215 4234 3420 4308 agitari
3467 4235 3730 4295 adversis

2007 4319 2196 4392 ccepit.
2247 4319 2419 4379 Cum
2444 4320 2602 4379 enim
2641 4327 2823 4381 mater
2865 4327 2993 4396 post
3042 4322 3326 4396 plurimos
3370 4323 3524 4384 ﬁlios
3571 4325 3728 4383 hunc

2007 4409 2301 4484 genuisset
2350 4417 2732 4486 postremum,
2780 4413 3151 4491 quadamque
3195 4414 3290 4474 die
3336 4423 3478 4474 natu
3519 4414 3728 4488 major,

2012 4507 2172 4575 patre
2198 4502 2524 4574 demortuo,
2559 4503 2806 4562 fratrum
2843 4503 3283 4565 multitudinem
3321 4510 3377 4563 et
3419 4503 3728 4564 haeredita-

216 4549 974 4652 consiliaususciperent,‘et
1002 4579 1180 4654 justas
1216 4557 1409 4644 cauete
1449 4549 1657 4641 favere‘
1685 4581 1922 4659 vellent,
1944 4549 1995 4612 Β
2017 4549 2129 4650 tem
2169 4605 2406 4664 parvam
2442 4549 2919 4667 cohquereretur,
2955 4593 3100 4653 adeo
3130 4600 3331 4664 mater,
3363 4607 3540 4668 quam
3574 4591 3728 4667 jam-

216 4665 573 4742 salutarique
617 4667 842 4729 decreto
876 4669 948 4729 ab
987 4667 1241 4738 Wiberti
1286 4671 1592 4748 disciplina
1640 4674 1764 4748 pios
1805 4678 1926 4736 for-

217 4761 416 4832 tesque
458 4756 685 4818 animos
717 4765 1038 4820 avocarent.
1083 4760 1194 4821 His
1238 4760 1428 4836 dictis,
1466 4779 1603 4823 cum
1653 4781 1923 4842 magnam

213 4847 484 4907 omnium
524 4847 939 4913 demissionem
969 4849 1319 4927 intueretur,
1352 4855 1634 4932 populum
1664 4857 1925 4918 damnati

211 4934 631 5013 archiepiscopi
657 4942 998 5018 contagione
1022 4951 1356 5020 corruptum
1376 4945 1439 5006 in
1458 4946 1703 5021 gratiam
1724 4946 1922 5008 Eccle-

209 5025 314 5113 sise
342 5028 578 5104 recepit,
606 5045 673 5089 ac
695 5037 983 5095 contracto
1005 5034 1233 5109 piaculo
1257 5035 1598 5097 auctoritate
1627 5036 1923 5113 pontiﬁcis

206 5112 499 5175 liberavit.

282 5200 567 5266 Ravenna
597 5203 826 5269 tandem
850 5207 1152 5274 discedens
1179 5210 1251 5274 ad
1277 5213 1608 5289 pontiﬁcem
1634 5215 1921 5290 aditurus,

212 5307 288 5386 ne
318 5297 428 5357 iter
469 5304 622 5359 esset
657 5301 900 5364 omnino
925 5304 1124 5380 inane,
1158 5309 1471 5370 monachos
1508 5310 1729 5384 invisit,
1777 5327 1924 5386 quos

214 5384 516 5449 Faventite
567 5393 939 5456 constituerat
988 5403 1156 5458 extra
1207 5399 1376 5459 urbis
1421 5404 1650 5474 portam
1693 5401 1756 5460 in
1796 5384 1926 5462 atde

215 5478 376 5539 divae
429 5480 655 5558 Marias,
701 5499 880 5560 quam
935 5504 1098 5550 nunc
1157 5489 1310 5548 intra
1363 5491 1565 5551 urbem
1614 5491 1924 5554 adductam

215 5575 634 5650 conspicimus.
683 5579 773 5639 lbi
806 5580 967 5641 febre
1010 5587 1325 5657 correptus,
1370 5588 1574 5645 octavo
1621 5590 1925 5660 postquam

218 5671 502 5740 aegrotare
527 5674 779 5746 coeperat
806 5670 901 5734 die
929 5686 1005 5735 ex
1032 5671 1142 5735 hac
1173 5671 1293 5738 vita
1327 5671 1602 5747 migravit
1637 5690 1702 5739 ea
1734 5682 1920 5752 nocte,

2011 4680 2112 4740 diu
2143 4681 2410 4756 egestatis
2441 4680 2605 4742 dolor
2639 4683 2949 4755 cruciabat,
2991 4685 3075 4743 est
3109 4683 3406 4757 indignata
3433 4698 3503 4741 ac
3527 4680 3741 4742 dolore

2010 4771 2224 4845 percita
2259 4777 2324 4831 ut
2370 4786 2433 4831 se
2469 4772 2744 4832 miseram
2783 4772 3116 4832 exclamans
3157 4779 3330 4848 atque
3363 4773 3615 4849 amplius
3661 4782 3726 4833 ut

2013 4862 2232 4922 viveret
2268 4860 2592 4937 indignam,
2643 4862 2810 4922 Petro
2848 4864 2950 4922 vix
2981 4862 3122 4922 dum
3150 4865 3284 4920 nato
3311 4861 3398 4923 lac
3422 4863 3722 4939 negaverit

2011 4960 2068 5013 et
2105 4954 2257 5014 nihil
2302 4954 2538 5014 assiduo
2569 4955 2812 5013 infantis
2853 4953 3080 5028 ploratu
3121 4960 3410 5014 commota
3451 4960 3723 5029 expetere.

2010 5042 2139 5119 ejus
2178 5057 2378 5103 necem
2423 5042 2736 5112 videretur,
2775 5059 2906 5117 quas
2949 5041 3121 5116 plane
3171 5049 3294 5103 erat
3337 5048 3720 5105 consecutura

2010 5147 2382 5210 nequaquam
2430 5147 2578 5202 sero,
2635 5131 2748 5190 nisi
2803 5132 2978 5206 fame,
3031 5132 3212 5194 simul
3263 5139 3318 5193 et
3368 5134 3428 5193 vi
3485 5131 3720 5205 frigoris

2010 5222 2428 5299 nigrescentem
2482 5228 2538 5280 et
2593 5238 2731 5282 voce
2799 5223 2917 5282 fere
2986 5224 3350 5294 destitutum,
3407 5221 3718 5282 sacerdotis

2011 5311 2320 5387 cujusdam
2364 5310 2560 5386 pellex
2597 5311 2916 5372 adveniens
2949 5313 3214 5389 juvisset.
3252 5311 3392 5371 Haec
3420 5310 3712 5386 siquidem

2010 5402 2409 5464 crudelitatem
2470 5402 2672 5463 matris
2726 5404 2932 5464 acriter
2993 5418 3262 5478 arguens,
3307 5407 3372 5461 .et
3427 5401 3714 5479 lacrymas

2011 5493 2254 5554 infantis
2349 5493 2854 5570 calamitatemque
2950 5494 3274 5568 deplorans,
3351 5492 3716 5554 immanitate

2011 5599 2244 5647 summa
2290 5585 2592 5647 efferatum
2631 5586 2899 5646 animum
2939 5583 3119 5656 leniit,
3162 5587 3220 5644 et
3250 5585 3465 5646 sociam
3498 5599 3560 5646 se
3588 5601 3715 5645 nia-

2017 5675 2090 5740 tri
2138 5676 2394 5754 iungens
2446 5676 2686 5746 calentis
2737 5692 2910 5754 aquae
2968 5674 3253 5743 beneficio
3315 5677 3561 5753 aliisque
3615 5692 3710 5738 re-
