4140 6496
455 306 556 365 175

1358 295 1415 354 S.
1461 292 1753 353 PETRUS
1794 291 2189 353 DAMIANUS
2229 290 2290 350 S.
2332 290 2402 359 B.
2444 290 2509 349 E.
2554 286 3029 348 CARDINALIS.

3856 287 3961 346 176

450 429 659 490 mediis
714 425 1067 484 semivivum
1135 421 1416 480 infantem
1474 419 1767 477 revocavit
1828 418 1901 475 ad
1967 413 2496 479 vitam.Aminime
2549 412 2828 470 tributum
2874 409 3146 468 accidisse
3196 408 3558 480 existimans,
3606 416 3965 469 commutato

522 517 692 576 Haud
723 516 802 574 ita
836 516 937 574 diu
981 518 1107 588 post
1139 518 1320 572 mater
1356 511 1507 569 diem
1549 526 1726 568 suum
1763 510 1927 580 obiit,
1964 516 2017 567 et
2050 508 2163 565 fra-

447 616 534 666 ter
592 613 731 664 natu
792 606 975 681 major
1016 604 1187 662 duxit
1247 618 1512 660 uxorem.
1569 601 1646 660 lli
1697 604 1969 677 conjuges
2031 614 2162 656 cum

449 712 649 770 gerere
677 697 840 771 pueri
875 710 1073 753 curam
1099 693 1243 751 velle
1270 692 1638 763 simularent,
1677 698 1789 751 tam
1820 691 1963 748 dura
1991 689 2159 745 illum

450 787 689 861 acrique
729 786 1058 859 premebant
1096 783 1395 853 servitute,
1444 792 1509 843 ut
1562 784 1610 841 is
1656 798 1770 839 non
1812 777 1975 837 modo
2016 791 2161 850 pane

453 876 737 951 cibisque,
778 890 843 931 ac
876 873 1013 932 vino
1051 872 1275 931 vitiosis
1319 879 1375 931 et
1420 872 1700 946 corruptis
1740 869 2003 937 aleretur,
2060 867 2161 924 sed

450 971 727 1039 perpetuo
792 960 1027 1019 nudatis
1090 961 1339 1036 pedibus
1397 974 1687 1037 pannosus
1744 956 2047 1026 incederet,
2104 962 2161 1013 et

451 1053 653 1111 multis
702 1049 1047 1109 verberibus
1089 1052 1404 1127 vapularet,
1445 1053 1726 1126 pauloque
1762 1042 2031 1119 grandior
2067 1044 2158 1103 fa-

448 1148 578 1199 ctus
605 1139 830 1198 alendis
855 1140 1062 1200 suibus
1084 1143 1490 1216 praeficeretur.
1518 1140 1584 1196 In
1615 1150 1726 1209 quo
1747 1134 1851 1191 vili
1875 1132 2157 1193 famulatu

452 1248 589 1292 cum
624 1232 716 1290 die
745 1232 999 1306 quadam
1037 1242 1370 1307 argenteum
1410 1240 1713 1286 nummum
1748 1224 2067 1298 reperisset,
2104 1233 2159 1284 et

452 1321 697 1395 perinde
734 1336 799 1378 ac
831 1321 995 1379 dives
1034 1328 1262 1393 repente
1298 1319 1477 1376 factus
1513 1313 1978 1389 gratulabundus
2014 1315 2157 1389 quid

453 1424 523 1467 eo
571 1415 759 1481 posset
810 1407 1004 1478 aptius
1058 1405 1299 1465 mercari
1346 1403 1504 1462 dulci
1555 1401 1808 1476 appetitu
1868 1402 2155 1478 puerilem

450 1498 714 1554 animum
788 1497 1064 1553 suavium
1138 1510 1329 1555 rerum
1394 1493 1658 1553 omnium
1709 1501 2003 1569 expertem
2056 1511 2157 1568 per

450 1582 648 1641 mollia
706 1581 988 1653 trahente,
1043 1583 1267 1642 diutius
1311 1582 1604 1655 cogitaret,
1654 1583 1883 1641 tandem
1928 1583 2156 1643 caelitus

447 1672 693 1743 amatus,
741 1670 881 1742 quid
928 1672 1073 1741 haec,
1119 1669 1326 1744 inquit,
1379 1676 1570 1729 mente
1614 1670 1895 1730 revolvo?
1945 1675 2151 1734 horum

2246 522 2410 578 pane,
2446 504 2632 577 primo
2674 503 2798 576 ejus
2834 501 2966 560 bolo
3012 499 3344 569 convaluit;
3400 500 3806 573 quamobrem,
3858 518 3966 560 su-

2244 611 2345 670 pra
2374 610 2547 669 quam
2581 591 2695 650 dici
2729 597 2908 665 potest
2946 590 3138 661 laetus,
3178 589 3406 664 aperuit
3441 588 3666 648 cunctis
3712 590 3967 651 miracu-

2245 686 2389 744 lum.
3751 736 3760 745 .

2314 774 2420 832 His
2461 780 2634 848 atque
2667 770 2796 832 aliis
2831 772 2904 832 ad
2951 769 3055 830 Dei
3098 768 3446 830 famulatum
3496 769 3560 828 in
3601 768 3725 829 dies
3772 770 3964 845 magis

2243 880 2532 929 accensus,
2584 880 2719 923 cum
2754 863 2998 922 omnino
3033 862 3106 921 ab
3141 859 3235 920 his
3267 860 3499 920 caducis
3532 861 3708 921 rebus
3743 862 3961 922 abduci

2243 954 2681 1026 monachusque
2718 950 2845 1010 fieri
2883 950 3250 1023 decrevisset,
3290 950 3350 1009 id
3398 956 3592 1008 tamen
3640 949 3703 1007 in
3752 952 3963 1024 patriis

2242 1045 2461 1103 ﬁnibus
2485 1045 2558 1104 ob
2587 1044 2789 1103 affines
2815 1043 3150 1118 aliquotque
3178 1042 3293 1101 alia
3313 1041 3729 1116 impedimenta
3756 1042 3962 1101 minus

2247 1142 2430 1194 tutum
2455 1136 2848 1207 arbitraretur,
2871 1136 2993 1194 haec
3018 1134 3363 1210 cogitantem
3385 1133 3754 1209 assiduisque
3772 1136 3961 1208 preci-

2241 1224 2353 1283 bus
2384 1226 2824 1284 contendentem
2850 1242 2884 1284 a
2906 1224 3045 1297 Deo,
3079 1231 3145 1283 ut
3167 1223 3239 1282 ad
3267 1222 3514 1281 salutem
3537 1222 3956 1297 sempiternam

2241 1314 2465 1374 aditum
2515 1322 2740 1388 pararet
2780 1331 2815 1373 a
2864 1313 3179 1373 solitudine
3234 1320 3446 1373 sanctas
3500 1311 3698 1373 Crucis
3753 1314 3959 1373 Fontis

2241 1407 2564 1478 Avellanee,
2605 1422 2739 1481 quae
2790 1412 2877 1465 est
2918 1406 2981 1464 in
3024 1405 3338 1479 Eugubina
3387 1404 3641 1476 dioecesi,
3679 1405 3957 1464 monachi

2241 1496 2376 1567 duo,
2420 1496 2489 1553 de
2520 1495 2734 1569 quibus
2757 1496 2878 1570 jam
2912 1494 3095 1553 multa
3130 1494 3405 1569 praeclara
3435 1500 3751 1570 acceperat,
3789 1494 3954 1554 divi-

2241 1587 2400 1645 nitus
2426 1586 2683 1661 impulsi,
2718 1586 3089 1645 conveniunt.
3122 1585 3229 1645 His
3268 1586 3493 1656 Petrus,
3532 1591 3843 1660 postquam
3883 1587 3956 1645 de

2242 1675 2358 1734 Deo
2400 1676 2583 1733 multa
2620 1676 2851 1735 locutus
2887 1691 3018 1734 cum
3067 1674 3186 1734 illis
3223 1670 3356 1746 fuit,
3396 1674 3579 1750 aperit
3625 1674 3810 1733 animi
3859 1674 3953 1733 sui

445 1769 595 1820 certe
622 1761 885 1834 voluptas
915 1777 1283 1836 nequaquam
1315 1759 1491 1818 fuerit
1520 1762 1819 1820 diuturna.
1855 1762 2153 1825 Praestabit
2177 1780 2497 1844 Bsensum,
2539 1765 2796 1840 petitque
2835 1781 2983 1824 num
3021 1764 3094 1822 ab
3127 1779 3329 1823 eorum
3373 1763 3597 1832 abbate,
3640 1764 3690 1822 si
3740 1778 3951 1821 mona-

445 1853 668 1911 tradere
713 1853 820 1910 hoc
867 1852 1167 1922 sacerdoti,
1208 1852 1309 1925 qui
1354 1866 1513 1909 sacra
1564 1851 1680 1911 Deo
1729 1854 1916 1912 faciat.
1965 1855 2159 1918 Rediit
2239 1853 2381 1912 chus
2427 1851 2600 1911 vellet
2651 1853 2796 1923 fieri,
2854 1852 3240 1926 reciperetur?
3301 1852 3450 1926 Ipsis
3501 1850 3948 1922 afﬁrmantibus,

354 1966 379 1986 ο
441 1942 593 2001 alius
620 1941 838 2000 interea
870 1943 999 2017 ejus
1030 1942 1222 2010 frater,
1260 1940 1356 1998 cui
1397 1946 1520 1998 erat
1551 1956 1764 2000 nomen
1812 1944 2153 2021 Damianus,

440 2033 842 2109 Ravennaque
909 2032 1129 2107 aliquot
1199 2044 1382 2087 annos
1456 2029 1742 2090 abfuerat.
1819 2033 1877 2091 Is
1964 2035 2157 2096 fratris

440 2138 737 2182 aerumnas
766 2121 1092 2189 miseratus,
1124 2131 1259 2175 eum
1288 2116 1347 2174 in
1377 2116 1552 2177 ﬁdem
1575 2128 1632 2177 et
1654 2118 1983 2179 clientelam
2012 2125 2155 2182 acci-

438 2215 605 2289 piens
642 2220 901 2270 amanter
933 2226 996 2267 ac
1030 2214 1264 2282 paterne
1294 2208 1457 2279 fovit,
1499 2208 1819 2284 litterisque
1854 2211 2151 2272 instruen-

441 2302 583 2361 dum
613 2300 858 2359 curavit.
893 2298 1056 2368 Quod
1084 2311 1221 2355 cum
1259 2297 1556 2356 Ravennae
1593 2298 1942 2373 aliquandiu
1980 2302 2148 2360 fecis-

438 2397 545 2461 set,
593 2389 808 2462 optima
846 2386 1073 2460 cognita
1107 2386 1273 2460 pueri
1319 2387 1532 2458 indole,
1584 2388 1919 2449 Faventiam
1962 2390 2149 2464 primo

434 2478 613 2549 misit,
645 2492 785 2535 mox
809 2476 1097 2547 Parmam,
1122 2481 1186 2533 ut
1207 2475 1400 2535 doctos
1424 2476 1508 2535 ibi
1533 2476 1687 2536 viros
1708 2479 1955 2541 audiret.
1981 2480 2146 2550 Quod

434 2568 640 2627 Petrus
670 2566 794 2627 suis
818 2565 1024 2624 litteris
1058 2570 1315 2625 testatur.

507 2656 681 2717 Brevi
717 2660 912 2713 autem
956 2652 1225 2713 liberales
1279 2659 1429 2712 artes
1471 2669 1675 2713 omnes
1719 2655 1974 2727 edoctus,
2013 2660 2143 2712 tan-

434 2756 561 2810 tum
599 2745 857 2806 nominis
894 2760 961 2802 ac
1000 2745 1171 2803 famae
1209 2746 1362 2819 apud
1399 2761 1601 2805 omnes
1637 2747 1880 2820 adeptus
1928 2755 2015 2805 est
2056 2754 2141 2819 ut,

430 2853 664 2899 summa
724 2834 973 2893 utilitate
1030 2840 1204 2908 atque
1261 2834 1594 2894 auditorum
1651 2836 1980 2909 frequentia
2047 2853 2143 2894 eas

428 2926 651 2985 caeteris
696 2921 904 2980 deinde
948 2921 1269 2994 explicans,
1317 2922 1485 2980 facile
1536 2922 1762 2995 primus
1811 2930 1925 2981 tota
1976 2922 2142 2982 Italia

425 3015 749 3073 haberetur.
789 3012 1054 3084 Cumque
1091 3011 1154 3069 in
1191 3012 1315 3070 dies
1350 3011 1662 3083 favoribus,
1694 3012 1878 3085 gratia
1917 3012 2138 3086 princi-

424 3119 588 3178 pum,
644 3100 865 3159 divitiis
909 3108 966 3159 et
1011 3101 1349 3160 auctoritate
1398 3106 1694 3173 cresceret,
1736 3101 1991 3175 seipsum
2045 3103 2134 3162 in-

422 3207 684 3266 crepans,
717 3190 1008 3262 nunquid,
1039 3190 1283 3261 dicebat,
1324 3190 1417 3248 his
1451 3196 1727 3264 perpetuo
1769 3190 2024 3261 caducis,
2056 3200 2136 3250 at-

420 3299 532 3360 que
560 3279 880 3339 interituris
918 3279 1088 3338 bonis
1123 3278 1511 3338 inhzeserim?
1548 3295 1623 3338 an
1661 3297 1780 3340 non
1811 3280 2002 3354 potius
2040 3281 2134 3341 his

418 3369 768 3441 valedicens,
815 3367 1069 3426 caelestia
1105 3368 1439 3426 consecter?
1488 3367 1631 3437 Quae
1674 3384 1807 3427 cum
1853 3374 2135 3442 repeteret

420 3458 656 3532 szepius,
716 3455 951 3514 tandem
1005 3455 1288 3529 paulatim
1327 3455 1498 3530 erepit
1549 3457 1769 3516 divinis
1817 3458 2028 3517 studiis
2078 3465 2136 3517 et

418 3544 711 3619 obsequiis
754 3560 971 3602 navare
1008 3559 1262 3618 operam.
1305 3543 1506 3620 Itaque
1542 3545 1651 3604 sub
1688 3546 1937 3620 pretiosa
1972 3554 2132 3607 veste

418 3634 612 3693 induit
662 3632 943 3704 cilicium,
1004 3632 1354 3709 inediaaque,
1405 3642 1461 3693 et
1520 3634 1740 3708 vigiliis
1795 3652 1861 3693 ac
1912 3636 2131 3696 divinis

416 3722 656 3797 hymnis
687 3723 961 3797 frequens
989 3721 1253 3781 studium
1281 3722 1540 3793 exhibet,
1573 3739 1827 3798 cumque
1864 3724 2129 3785 libidinis

417 3818 564 3871 testu
609 3830 713 3889 pro
762 3813 948 3873 aetatis
987 3819 1196 3873 natura
1237 3813 1569 3887 jactaretur,
1621 3815 1829 3874 mediis
1864 3816 2129 3875 noctibus

416 3920 448 3961 e
473 3902 657 3962 cubili
685 3921 930 3978 surgens
958 3905 1125 3979 aquis
1157 3920 1218 3963 se
1254 3906 1618 3979 immergere,
1653 3907 1795 3966 dum
1834 3912 1988 3965 totus
2022 3906 2127 3963 iri-

414 4002 689 4068 gesceret,
745 3996 999 4069 indeque
1048 4010 1312 4069 egressus
1361 3996 1426 4054 in
1478 3995 1690 4055 lectum
1743 3997 1985 4055 minime
2035 4012 2126 4055 re-

414 4086 599 4159 gredi,
653 4086 752 4145 sed
807 4084 1049 4160 psalmis
1095 4092 1268 4159 atque
1325 4086 1564 4161 hymnis
1616 4087 1806 4146 Deum
1862 4086 2126 4147 venerari

417 4178 815 4233 consueverat.

487 4261 702 4321 Mirum
734 4260 912 4320 fuerit
946 4260 1104 4320 dictu
1138 4275 1314 4333 quam
1354 4261 1686 4334 praestiterit
1717 4261 2022 4334 egentibus
2051 4261 2124 4320 1i-

418 4351 776 4410 beralitatem
816 4356 872 4409 et
910 4350 1395 4423 munificentiam,
1444 4365 1737 4424 quamque
1784 4351 2034 4425 benigne
2070 4358 2126 4411 et

415 4441 512 4516 pie
554 4441 798 4516 prandio
843 4441 977 4500 illos
1016 4442 1323 4514 exciperet.
1375 4441 1500 4510 Quo
1543 4441 1665 4499 loco
1707 4440 1857 4501 illud
1903 4459 2124 4519 nequa-

417 4546 595 4606 quam
634 4531 864 4589 silentio
902 4530 1133 4590 videtur
1166 4531 1662 4604 praetereundum,
1701 4546 1835 4589 cum
1871 4533 2122 4606 quadam

417 4620 511 4677 die
564 4633 684 4676 una
736 4634 869 4677 cum
916 4618 1095 4677 sodali
1153 4635 1281 4686 suo,
1351 4619 1522 4692 cujus
1587 4634 1759 4693 opera
1830 4621 2119 4696 utebatur,

415 4709 745 4784 pranderet,
774 4726 966 4786 neque
1008 4717 1173 4769 extra
1210 4709 1451 4768 unicum
1483 4724 1559 4767 ex
1588 4710 1919 4782 similagine
1946 4711 2122 4770 tritici

414 4812 623 4872 panem
660 4798 844 4857 alium
886 4798 1122 4858 haberet
1151 4797 1469 4873 sodalique,
1510 4795 1612 4872 qui
1650 4798 1849 4857 eodem
1878 4800 2004 4858 cibo
2035 4800 2122 4859 uti

414 4894 812 4960 consueverat,
866 4888 1119 4948 cibarius
1183 4896 1240 4947 et
1292 4887 1672 4947 secundarius
1739 4889 1904 4963 panis
1977 4897 2123 4949 esset

413 4979 729 5055 appositus,
763 4995 961 5038 secum
999 4981 1163 5057 loqui
1199 4979 1439 5054 coepisse
1466 4997 1480 5038 :
1505 4978 1770 5041 Christus
1794 4982 1869 5041 ad
1896 4998 2120 5043 ccenam

412 5085 603 5128 meam
655 5070 896 5128 inferior
956 5069 1105 5129 mihi
1164 5076 1269 5142 est,
1326 5070 1566 5152 jamque
1621 5070 1716 5132 his
1766 5080 1939 5148 atque
1988 5075 2122 5134 aliis

411 5159 610 5218 animo
655 5159 929 5234 repetitis,
976 5175 1114 5219 cum
1168 5175 1379 5235 panem
1430 5176 1567 5221 cum
1612 5162 1715 5222 illo
1765 5171 2121 5224 commutare

410 5249 776 5323 decrevisset,
836 5248 1055 5323 pudore
1133 5256 1328 5309 tamen
1401 5258 1678 5312 retractus
1748 5260 1854 5314 est.
1916 5254 2119 5331 Itaque

409 5342 809 5401 comedentem
838 5357 1016 5416 pavor
1046 5342 1264 5400 sensim
1292 5342 1512 5416 arripit,
1545 5352 1600 5403 et
1624 5345 1829 5403 horror
1864 5347 2120 5405 concutit

407 5430 723 5503 viscerum,
753 5430 1102 5504 tandemque
1133 5430 1326 5505 piscis,
1357 5448 1487 5506 quae
1515 5441 1840 5492 transversa
1882 5434 1946 5492 in
1985 5443 2119 5509 gut-

407 5526 536 5579 ture
567 5519 898 5593 inhaeserat,
941 5518 1110 5593 spina
1149 5519 1332 5581 nullis
1371 5522 1580 5580 cedens
1618 5521 1890 5595 remediis
1930 5529 2119 5583 stran-

403 5610 660 5685 gulabat,
689 5626 847 5685 cum,
875 5609 937 5669 id
966 5609 1076 5670 sibi
1112 5610 1187 5671 ob
1223 5628 1433 5689 panem
1471 5628 1546 5672 ex
1575 5610 1908 5685 similagine
1934 5614 2119 5675 sodali

2236 1942 2405 2002 laetus
2439 1944 2680 2017 spondet
2722 1960 2784 2002 se
2833 1943 2975 2002 illuc
3008 1958 3183 2016 quam
3222 1942 3480 2016 primum
3517 1943 3945 2015 profecturum.

2237 2033 2422 2091 Donat
2455 2032 2675 2092 interea
2715 2033 3003 2107 scyphum
3039 2036 3375 2106 argenteum
3414 2030 3789 2090 abeuntibus.
3834 2031 3947 2090 Ve-

2234 2136 2366 2180 rum
2399 2136 2535 2179 cum
2568 2120 2848 2179 instanter
2877 2120 3047 2192 illud,
3076 2119 3243 2179 nullo
3270 2118 3539 2194 precibus
3568 2118 3692 2177 loco
3720 2118 3944 2191 relicto,

2232 2210 2563 2268 renuissent
2594 2217 2769 2284 atque
2794 2209 2869 2268 ob
2899 2210 2957 2267 id
2987 2215 3323 2283 conceptam
3354 2209 3413 2266 in
3443 2207 3641 2268 animo
3668 2208 3824 2268 Petri
3853 2225 3948 2268 re-

2231 2296 2505 2371 ligionem
2546 2303 2602 2355 et
2642 2297 2975 2370 opinionem
3006 2313 3209 2357 eorum
3236 2297 3553 2356 sanctitatis
3588 2298 3776 2371 magis
3804 2314 3946 2357 con-

2230 2386 2574 2458 ﬁrmassent,
2607 2387 2872 2446 fecerunt
2899 2389 2987 2447 uti
3017 2391 3205 2464 majus
3233 2388 3426 2448 adhuc
3451 2387 3806 2447 caducarum
3833 2390 3945 2448 ha-

2229 2492 2358 2534 rum
2382 2493 2577 2535 rerum
2600 2477 2898 2537 fastidium
2920 2478 3464 2550 Petrusincurrerit,
3490 2494 3594 2537 nec
3612 2478 3943 2553 quidquam

2227 2565 2385 2625 aliud
2418 2567 2533 2625 nisi
2565 2569 2820 2626 caalestia
2847 2569 3137 2642 cogitaret.

2300 2654 2429 2714 Post
2475 2659 2895 2716 monachorum
2955 2657 3295 2728 discessum,
3353 2662 3419 2715 ut
3476 2672 3590 2716 usu
3645 2658 3944 2717 tractando

2224 2753 2588 2818 cognosceret
2637 2753 2838 2804 utrum
2878 2746 3004 2819 ejus
3048 2753 3197 2805 esset
3241 2744 3496 2804 laborem
3540 2745 3944 2818 asperitatem-

2223 2847 2338 2906 que
2374 2834 2510 2893 vitae
2551 2833 2795 2906 laturus,
2849 2834 3091 2908 conjecit
3134 2823 3195 2892 se
3229 2834 3294 2892 in
3335 2833 3607 2892 cellulam
3653 2834 3794 2893 satis
3847 2852 3939 2893 ar-

2221 2928 2392 2993 ctam,
2434 2923 2535 2982 ubi
2588 2940 2688 2997 per
2745 2923 3125 2997 quadraginta
3170 2922 3294 2981 dies
3337 2923 3517 2981 vitam
3553 2922 3727 2997 juxta
3781 2922 3943 2996 leges

2220 3011 2593 3070 eremitarum
2630 3017 2846 3070 sanctas
2878 3010 3081 3070 Crucis
3118 3010 3397 3070 traduxit.
3435 3011 3559 3081 Quo
3596 3026 3813 3084 genere
3854 3011 3945 3070 vi-

2220 3099 2394 3158 vendi
2430 3099 2754 3173 plurimum
2793 3099 3111 3168 roboratus,
3148 3098 3302 3157 nihil
3325 3100 3446 3172 jam
3483 3098 3852 3158 difﬁcultates
3884 3104 3944 3158 et

2222 3190 2433 3249 durum
2480 3190 2615 3249 vitae
2674 3190 2838 3249 illius
2894 3188 3135 3248 modum
3191 3188 3421 3261 timens,
3483 3188 3604 3248 suis
3660 3189 3942 3249 omnibus

2220 3278 2439 3351 insciis,
2478 3279 2629 3337 clam
2659 3279 2731 3337 ad
2757 3294 2884 3337 eam
2913 3279 3130 3337 montis
3158 3277 3368 3336 Catriaa
3404 3276 3780 3336 solitudinem
3811 3294 3941 3352 pro-

2220 3370 2402 3428 fectus
2435 3377 2538 3429 est.
2587 3370 2816 3444 Excipit
2855 3385 2991 3428 eum
3038 3370 3287 3428 libenter
3329 3367 3529 3436 abbas,
3588 3368 3943 3443 cuculloque

2219 3458 2492 3517 indutum
2530 3458 2636 3518 uni
2678 3474 2753 3516 ex
2799 3457 3102 3517 monachis
3148 3458 3213 3516 in
3254 3454 3624 3530 disciplinam
3674 3456 3940 3516 tironum

2217 3561 2379 3606 more
2435 3546 2622 3605 tradit.
2678 3545 2978 3616 Quantum
3030 3553 3225 3606 autem
3264 3545 3587 3620 profecerit,
3634 3563 3937 3622 quamque

2217 3634 2605 3694 obedientiam
2638 3636 2912 3708 magistro
2941 3633 3445 3709 reverentiamque
3468 3634 3822 3710 praestiterit,
3855 3653 3935 3694 ex

2216 3739 2285 3783 eo
2333 3725 2502 3784 facile
2534 3725 2805 3800 cognosci
2842 3730 3044 3799 potest,
3082 3724 3237 3798 quod
3266 3724 3376 3783 iter
3404 3739 3539 3782 cum
3578 3730 3935 3797 praeceptore

2216 3829 2392 3888 eques
2445 3816 2838 3890 ingressurus,
2888 3814 3205 3888 jussusque
3269 3814 3343 3873 ab
3401 3829 3488 3885 eo,
3540 3819 3604 3872 ut
3657 3812 3933 3873 indueret

2214 3906 2540 3965 molliorem
2584 3912 2804 3965 vestem
2847 3919 2915 3963 ac
2958 3904 3372 3979 pulchriorem,
3413 3905 3757 3979 magistrum
3785 3919 3929 3978 sup-

2213 3993 2350 4068 plex
2391 3994 2711 4053 obsecravit
2747 4008 2823 4051 ne
2862 3993 3016 4067 quod
3054 3992 3254 4052 minus
3291 3993 3490 4052 decere
3526 3993 3649 4067 ipse
3687 3991 3932 4052 arbitra-

2212 4085 2382 4146 batur
2420 4088 2776 4161 przeciperet.
2822 4086 3108 4145 Craterum
3164 4087 3455 4161 magister,
3503 4085 3607 4162 qui
3653 4102 3792 4145 eum
3849 4085 3929 4145 ob

2209 4184 2533 4253 perspectas
2576 4178 2821 4236 virtutes
2857 4176 3033 4235 unice
3072 4175 3367 4249 diligebat,
3407 4182 3822 4251 proptereaque
3848 4192 3927 4234 ne

2210 4267 2273 4325 in
2310 4267 2612 4342 publicum
2648 4265 2902 4340 prodiret
2940 4262 3083 4323 adeo
3120 4265 3398 4336 incultus,
3440 4265 3670 4340 optabat
3696 4281 3929 4341 nequa-

2211 4373 2388 4430 quam
2429 4356 2680 4417 assiduis
2714 4355 3087 4430 repetitisque
3122 4356 3253 4429 ejus
3307 4356 3574 4431 precibus
3626 4357 3920 4418 assentiri.

2212 4446 2398 4520 Igitur
2418 4445 2639 4520 Petrus,
2656 4460 2730 4504 ne
2756 4445 2934 4504 nimis
2948 4445 3265 4519 praefractas
3283 4445 3549 4520 pertinax
3571 4446 3925 4505 obedientiaa

2212 4542 2576 4612 repugnaret,
2627 4552 2963 4613 quanquam
3013 4537 3276 4597 maximo
3324 4537 3548 4612 pudore
3599 4554 3665 4597 ac
3708 4537 3927 4597 rubore

2207 4627 2485 4697 suffusus,
2556 4626 2711 4702 quod
2761 4643 2897 4701 quas
2941 4628 3215 4702 rejecerat
3250 4634 3593 4687 ornamenta
3637 4632 3929 4703 recepisse

2206 4718 2517 4790 videretur,
2548 4719 2846 4779 neminem
2880 4718 3097 4779 intueri
3135 4733 3257 4794 praa
3294 4718 3516 4792 pudore
3558 4736 3755 4791 ausus,
3786 4721 3927 4792 pul-

2207 4810 2435 4870 chriore
2470 4811 2715 4871 indutus
2742 4811 2996 4884 cucullo,
3038 4809 3314 4887 magistro
3352 4824 3544 4869 comes
3584 4809 3763 4881 abiit;
3802 4825 3932 4868 cer-

2207 4916 2347 4961 nere
2382 4909 2593 4977 autem,
2632 4903 3130 4978 quemadmodum
3163 4902 3410 4976 ipsemet
3447 4899 3664 4971 retulit,
3714 4915 3931 4958 omnes

2206 5006 2344 5050 eum
2385 4990 2567 5066 digito
2610 4996 3147 5062 commonstrantes,
3183 4996 3241 5049 et
3279 4990 3475 5065 sponsi
3504 4988 3763 5058 nomine,
3797 5004 3929 5048 non

2205 5080 2479 5139 monachi
2552 5081 2955 5156 appellitantes
3013 5073 3361 5156 quacunque
3439 5076 3747 5146 incederet,
3805 5076 3930 5137 sibi

2206 5169 2532 5229 videbatur.

2275 5258 2369 5317 Ad
2413 5256 2747 5317 ccenobium
2781 5272 3051 5318 reversus
3087 5256 3293 5331 majori
3319 5254 3381 5313 in
3410 5254 3533 5313 dies
3566 5253 3931 5314 abstinentia

2204 5359 2273 5402 ac
2317 5344 2538 5419 vigiliis
2573 5346 2647 5404 ad
2684 5347 3045 5406 sanctitatem
3088 5359 3507 5419 summumque
3549 5342 3772 5401 bonum
3823 5341 3929 5400 in—

2205 5436 2498 5496 cumbere.
2529 5436 2639 5494 Per
2665 5436 2726 5495 id
2753 5438 3025 5513 temporis
3059 5435 3332 5495 monachi
3370 5432 3481 5505 illi,
3518 5440 3766 5508 quatuor
3789 5432 3927 5489 die-

2203 5529 2315 5587 bus
2364 5528 2741 5588 hebdomadaa
2784 5545 2934 5603 pane
2984 5536 3041 5588 et
3093 5544 3243 5603 aqua
3295 5527 3591 5600 traductis,
3652 5525 3814 5585 tertia
3863 5534 3929 5587 et

2205 5617 2408 5693 quinta
2441 5618 2623 5689 feriis,
2667 5634 2875 5693 parum
2913 5615 3231 5691 leguminis
3260 5631 3295 5675 a
3322 5616 3571 5692 singulis
3599 5614 3722 5675 suis
3762 5628 3927 5675 seor-
