4140 6442
214 314 311 374 177

1068 311 1651 372 PBOLEGOMENA:
1688 341 1752 354 -ι
1795 312 1871 369 8.-
1900 310 2122 370 PETRI
2163 310 2486 373 DAMIANI
2530 315 2707 374 VITA
2747 317 2844 379 IV.

3601 318 3704 378 178

204 453 339 498 sum
407 438 695 498 cubiculis
763 434 904 497 cocti
967 437 1305 507 sumebant;
1360 434 1680 510 diebusque
1742 418 2450 497 sacrmAsolemnioribus
2498 438 2661 497 Petro
2705 440 2889 514 pisces
2925 441 3080 500 dono
3114 442 3340 502 mittere
3387 422 3705 504 consueve-

204 528 440 600 inedize,
468 528 655 603 panis,
686 544 802 588 non
831 534 1117 603 quantum
1146 527 1392 603 quisque
1423 526 1612 595 vellet,
1643 525 1743 583 sed
1769 531 1920 584 certa

205 618 460 693 quadam
498 633 773 676 mensura
819 617 1105 690 modoque
1140 615 1526 690 praebebatur.
1569 614 1787 671 Vinum
1838 614 1920 671 rei

206 713 433 765 tantum
470 705 691 764 divinae
740 705 1016 764 faciendae
1064 710 1119 764 et
1167 705 1397 779 aegrotis
1436 710 1660 773 notum,
1698 702 1921 760 nemini

206 803 505 870 praeterea.
538 792 684 853 Cum
713 810 849 853 vero
886 794 937 853 is
975 794 1210 853 essetin
1242 793 1459 868 vigiliis
1488 808 1632 863 mos,
1666 797 1733 851 ut
1755 792 1920 865 signo

208 884 358 953 dato,
399 882 704 941 matutinis
753 883 998 957 expletis
1049 883 1337 958 precibus,
1396 897 1599 940 omnes
1668 881 1921 952 hymnos

209 968 444 1028 Davidis
469 970 794 1042 recitarent,
820 971 1184 1043 praeveniens
1209 985 1518 1029 commune
1547 971 1655 1028 hoc
1683 970 1915 1043 signum

209 1058 432 1129 Petrus,
459 1058 745 1133 quidquid
779 1066 901 1117 erat
936 1059 1118 1118 noctis
1144 1060 1458 1135 reliquum,
1489 1058 1920 1119 continentibus

209 1147 477 1207 excubiis
504 1147 767 1220 ducebat,
802 1147 958 1207 unde
1000 1147 1062 1206 in
1103 1163 1238 1207 eum
1280 1148 1487 1206 incidit
1531 1148 1824 1221 morbum,
1857 1153 1922 1208 ut

211 1238 331 1296 dies
386 1244 697 1312 noctesque
757 1239 1057 1298 insomnes
1114 1245 1342 1313 ageret;
1401 1240 1500 1298 sed
1557 1240 1921 1313 temperatior

2002 528 2108 594 rat,
2137 531 2319 594 nocte,
2352 542 2485 598 qua)
2527 527 2680 586 diem
2736 528 2983 588 natalem
3023 530 3234 590 Christi
3281 530 3385 589 Dei
3438 532 3708 607 proxime

2001 614 2320 686 antecessit,
2362 616 2514 689 quod
2568 618 2780 677 habere
2831 626 2998 677 antea
3045 621 3232 693 pisces
3284 637 3403 681 non
3463 628 3705 696 poterat,

1999 717 2236 762 servum
2304 719 2438 763 cum
2488 707 2642 780 pisce
2701 708 2908 780 grandi
2965 709 3138 769 misit.
3180 710 3316 768 Erat
3367 711 3592 770 foedum
3640 728 3707 770 ea

2001 800 2167 852 nocte
2203 795 2436 866 caelum,
2472 797 2651 856 nullis
2686 804 2789 857 aut
2826 799 2985 857 luam
3024 805 3127 857 aut
3165 799 3410 858 aliorum
3444 801 3707 860 siderum

2000 882 2176 940 radiis
2217 883 2481 957 illustre;
2526 892 2580 944 et
2628 886 2698 944 ad
2750 894 3085 962 perpetuam
3139 888 3252 946 vim
3303 889 3706 948 difﬁcultatem

2003 974 2167 1032 nives
2211 975 2343 1034 altas
2387 978 2748 1037 accedebant.
2780 978 2980 1054 Itaque
3006 978 3146 1036 dum
3179 995 3381 1038 servus
3411 981 3480 1037 ad
3509 981 3707 1039 excel-

2001 1078 2125 1122 sam
2167 1065 2353 1138 r-ipam
2392 1068 2764 1140 pervenisset,
2795 1069 2919 1142 ejus
2949 1075 3206 1128 extrema
3234 1070 3484 1129 nimium
3512 1087 3706 1145 perse—

1999 1168 2206 1226 quens,
2237 1155 2396 1228 lapso
2437 1156 2868 1231 pede-praeceps
2905 1158 3151 1218 inferius
3194 1159 3426 1231 agitur;
3473 1166 3529 1218 et
3573 1176 3708 1220 cum

2001 1240 2052 1298 is
2106 1241 2283 1301 fuerit
2329 1260 2494 1303 casus
2545 1252 2610 1302 ut
2663 1251 2813 1304 totus
2864 1245 3109 1318 discerpi
3147 1246 3313 1304 facile
3357 1246 3708 1321 aﬂringique

214 1330 395 1387 factus
438 1327 750 1387 convaluit.
784 1329 1048 1402 Cumque
1089 1329 1248 1387 brevi
1287 1329 1347 1387 in
1379 1345 1666 1388 summam
1707 1330 1919 1388 sancti-

215 1418 342 1476 tatis
399 1416 612 1475 famam
670 1418 973 1490 crevisset,
1024 1419 1270 1477 summis
1322 1417 1557 1476 tandem
1616 1418 1917 1493 precibus,

1999 1332 2299 1404 potuisset,
2328 1335 2550 1393 meritis
2596 1344 2786 1393 tamen
2825 1334 2933 1392 viri
2966 1335 3167 1404 sancti,
3202 1336 3258 1392 vi
3290 1335 3511 1406 divina,
3545 1337 3707 1395 inco-

2003 1419 2180 1477 lumis
2229 1438 2296 1479 ac
2325 1421 2542 1481 illmsus
2571 1424 2771 1495 evasit,
2802 1422 3145 1495 validusque
3183 1430 3239 1480 et
3274 1424 3461 1483 alacer
3499 1441 3709 1484 excus-

211 1504 476 1563 Guidone
513 1503 858 1564 Strambiato
901 1506 1256 1576 Ravennate,
1286 1505 1490 1564 abbate
1520 1506 1918 1580 Pomposiano,
2002 1522 2134 1567 sum
2177 1524 2326 1568 onus
2380 1513 2599 1570 cervice
2650 1513 2979 1585 resumpsit.
3023 1512 3291 1588 Cumque
3333 1514 3583 1573 venisset
3638 1517 3712 1575 ad

211 1593 265 1652 id
311 1593 387 1652 ab
436 1600 653 1652 sanctae
700 1594 897 1654 Crucis
948 1597 1216 1668 praefecto
1265 1597 1628 1670 impetraute,
1676 1596 1920 1670 Pompo-
2004 1600 2261 1673 Petrum,
2291 1609 2347 1660 et
2380 1603 2600 1660 domini
2641 1618 2858 1663 munus
2895 1604 3214 1676 obtulisset,
3249 1604 3401 1677 quod
3435 1606 3560 1679 ejus
3586 1619 3709 1663 me-

210 1682 353 1741 siam
404 1683 673 1757 mittitur,
704 1690 767 1743 ut
807 1686 1118 1744 monachos
1168 1684 1301 1744 illos
1348 1687 1649 1760 praeceptis
1704 1685 1922 1744 divinis
2002 1690 2129 1748 ritis
2187 1692 2460 1751 evasisset
2518 1700 2757 1752 mortem
2819 1695 3082 1766 ingentes
3139 1693 3351 1765 gratias
3409 1694 3541 1766 egit.
3603 1694 3713 1752 Cui

210 1773 507 1849 sacrisque
539 1773 747 1832 litteris
787 1773 1099 1832 instrueret
1127 1793 1141 1843 ;
1178 1774 1259 1832 ibi
1291 1776 1564 1846 transegit
1592 1774 1915 1833 biennium.
1942 1791 1991 1852 Β
2016 1777 2214 1837 Petrus
2242 1803 2254 1836 :
2286 1779 2389 1849 Ne,
2421 1781 2632 1855 inquit,
2668 1783 2752 1839 fili
2789 1781 2890 1851 mi,
2924 1781 3139 1839 erranti
3166 1780 3391 1838 homini
3419 1797 3485 1837 ac
3511 1780 3711 1838 crimi-

209 1859 331 1929 Quo
357 1862 572 1935 elapso,
601 1861 675 1920 ab
704 1866 917 1921 sanctas
947 1862 1145 1922 Crucis
1168 1865 1459 1937 praefecto,
1484 1864 1586 1938 qui
1614 1863 1758 1923 illuc
1784 1879 1923 1922 eum

209 1952 466 2024 miserat,
502 1953 741 2027 suisque
788 1955 1089 2013 monachis
1136 1955 1718 2015 revocatur..Ibidem
1775 1972 1920 2030 prm-

209 2040 355 2098 fecto
387 2040 560 2114 paulo
588 2046 716 2113 post
749 2048 996 2111 mortuo,
1027 2058 1284 2102 renuens
1320 2060 1387 2103 ac
1416 2042 1726 2119 diligenter
1754 2060 1922 2104 recu-

208 2144 362 2200 sans,
396 2129 628 2187 tandem
676 2130 937 2190 coenobio
984 2132 1319 2205 praeficitur.
1347 2132 1515 2202 Quod
1560 2149 1698 2193 cum
1752 2134 1922 2192 insti-

208 2218 430 2289 tuisset,
488 2218 551 2278 in
607 2218 966 2278 Camertibus
1014 2219 1293 2294 primum,
1342 2236 1481 2281 mox
1534 2222 1609 2280 ad
1664 2228 1921 2282 montem

204 2306 482 2382 Regium,
535 2309 636 2384 qui
693 2313 779 2367 est
835 2307 895 2366 in
955 2308 1253 2381 Perusino,
1296 2311 1398 2369 ubi
1454 2310 1660 2368 cellam
1712 2311 1924 2385 reperit

136 2415 151 2429 ·
205 2412 384 2472 quam
407 2398 616 2457 divum
639 2398 1030 2457 Romualdum
1051 2399 1364 2460 incoluisse
1392 2399 1688 2471 ferebant;
1714 2400 1923 2459 deinde

205 2488 261 2547 in
287 2488 634 2559 Faventino,
673 2494 800 2547 tum
828 2489 900 2547 ad
925 2490 1243 2559 Aceretem,
1277 2495 1403 2549 tum
1431 2489 1504 2548 ad
1534 2489 1920 2562 Gaviunium,

205 2592 363 2636 nunc
412 2576 694 2636 Cavinam
740 2578 1017 2652 appellari
1061 2585 1295 2654 putant;
1345 2585 1538 2653 postea
1581 2579 1646 2637 in
1700 2579 1919 2637 Arimi-

207 2666 374 2724 nensi
402 2664 476 2723 ad
508 2665 878 2725 Murcianum
906 2667 1166 2726 ccenobia
1196 2668 1487 2727 excitavit.

274 2755 426 2816 Cum
468 2772 608 2816 vero
644 2763 795 2816 esset
829 2757 893 2816 in
932 2757 1300 2817 Gaviuniano
1328 2757 1608 2826 coenobio,
1634 2757 1800 2831 jubet
1826 2756 1919 2815 die

2008 1882 2154 1925 num
2201 1867 2328 1925 labe
2368 1884 2694 1941 consperso,
2724 1869 2870 1927 velis
2897 1869 3179 1926 ascribere
3205 1869 3359 1942 quod
3388 1874 3713 1943 praepotens

2008 1957 2161 2017 Deus
2188 1974 2306 2016 una
2334 1975 2439 2017 sua
2470 1959 2867 2018 misericordia
2894 1959 2996 2017 tibi
3027 1958 3257 2031 elargiri
3286 1974 3403 2016 non
3435 1964 3519 2014 est
3548 1958 3711 2015 dedi-

2006 2050 2249 2117 gnatus;
2273 2046 2477 2119 gratiae
2504 2046 2594 2104 illi
2620 2047 2721 2104 abs
2747 2053 2799 2104 te
2826 2052 3075 2119 agantur
3100 2044 3205 2117 qui
3231 2059 3524 2117 nusquam
3551 2044 3713 2102 deest

2007 2132 2079 2189 iis
2107 2135 2210 2206 qui
2248 2133 2311 2191 in
2344 2134 2770 2194 calamitatibus
2798 2133 3185 2208 periculisque
3213 2134 3342 2207 ejus
3371 2148 3540 2206 opem
3570 2147 3712 2205 sup-

2005 2222 2232 2295 pliciter
2260 2223 2590 2297 implorant.
2639 2238 2642 2243 '

2077 2310 2220 2371 Cum
2252 2313 2390 2371 item
2420 2313 2577 2371 haud
2602 2312 2682 2371 ita
2713 2312 2929 2370 multos
2957 2316 3084 2385 post
3110 2310 3233 2369 dies
3263 2327 3454 2370 unum
3483 2327 3557 2370 ex
3589 2312 3712 2369 suis

2004 2403 2305 2462 monachis
2347 2404 2419 2462 ad
2461 2404 2724 2462 abbatem
2762 2402 3071 2477 quemdam
3111 2401 3380 2473 misisset,
3427 2402 3711 2460 monacho

2003 2499 2198 2551 autem
2252 2493 2475 2552 diutius
2524 2493 2809 2563 abbatem,
2861 2493 2963 2564 qui
3018 2491 3232 2560 aberat,
3276 2496 3611 2564 exspectare
3657 2499 3712 2550 et

2005 2583 2238 2639 tandem
2281 2597 2348 2640 eo
2396 2597 2510 2656 quo
2547 2582 2741 2639 aberat
2777 2580 3049 2639 adhibere
3095 2579 3298 2636 fuisset
3337 2594 3501 2651 opus,
3534 2578 3709 2636 intel-

2003 2670 2210 2744 ligens,
2242 2670 2357 2728 nisi
2395 2671 2504 2729 iter
2538 2677 2712 2728 noctu
2752 2671 2978 2739 faceret,
3009 2667 3081 2726 ad
3117 2666 3501 2741 prmstitutam
3534 2665 3647 2725 sibi
3675 2683 3710 2725 a

2002 2760 2168 2820 Petro
2211 2761 2364 2819 diem
2403 2777 2519 2819 non
2570 2776 2695 2819 esse
2742 2773 3137 2830 reversurum,
3179 2757 3324 2816 duce
3362 2757 3476 2814 viae
3520 2762 3705 2830 capto,

2001 2850 2111 2908 iter
2139 2851 2363 2924 vesperi
2396 2849 2754 2923 ingreditur;
2803 2864 2909 2906 nec
2945 2848 3048 2905 diu
3088 2860 3417 2919 processum
3445 2850 3550 2916 est,
3572 2859 3709 2904 cum

2001 2954 2124 2997 sese
2153 2938 2257 2997 diu
2279 2954 2355 2997 ex
2383 2939 2567 2997 oculis
2599 2938 2803 2997 furtim
2828 2935 3132 2996 subduxit.
3157 2934 3357 3008 Itaque
3387 2933 3709 2993 monachus

208 2846 460 2920 quadam
519 2848 895 2918 monachum,
926 2847 1029 2922 qui
1072 2848 1402 2908 ministrare
1446 2849 1555 2907 sibi
1597 2862 1919 2906 consueve-

210 2945 307 3008 rat,
340 2944 546 3012 potum
592 2937 797 2995 afferre
838 2936 951 2995 sibi
981 2952 1056 2995 ex
1084 2936 1264 2996 fonte.
1296 2938 1454 2997 Fecit
1495 2939 1774 3011 imperata
1803 2937 1920 2995 mi-

208 3026 402 3097 nister,
439 3025 542 3084 sed
596 3040 749 3098 aqua
788 3026 851 3084 in
894 3027 1105 3086 viuum
1150 3030 1393 3097 mutata,
1421 3026 1572 3085 alius
1611 3025 1803 3084 denuo
1846 3026 1919 3084 ab
2000 3028 2242 3101 ignarus
2290 3028 2402 3086 viae
2460 3029 2833 3087 vehementer
2884 3024 3120 3096 anxius,
3179 3031 3234 3081 et
3286 3022 3543 3082 incertus
3593 3030 3709 3098 quo

206 3114 594 3210 assidentibus
636 3116 936 3174 monachis
982 3114 1250 3186 mittitur,
1283 3115 1386 3190 qui
1431 3131 1642 3210 aquam
1694 3115 1912 3173 afferat.
1936 3148 1983 3210 ο
2008 3116 2281 3188 tenderet,
2315 3124 2508 3190 petere
2538 3133 2572 3175 a
2598 3116 2715 3175 Deo
2743 3123 2810 3174 ut
2838 3114 3070 3189 praairet
3096 3111 3324 3210 itineris
3351 3111 3495 3183 dux,
3530 3110 3710 3170 meri-

206 3201 326 3271 Qua
352 3202 559 3262 itidem
586 3203 649 3262 in
689 3203 895 3262 vinum
946 3219 1242 3276 conversa,
1275 3203 1574 3262 mandavit
1611 3204 1814 3263 Petrus
1857 3204 1917 3263 id
1942 3201 2074 3266 “tis
2114 3207 2258 3281 ejus,
2302 3207 2399 3265 cui
2442 3207 2679 3266 obedire
2709 3205 3036 3279 satagebat;
3065 3219 3173 3263 nec
3202 3203 3306 3261 diu
3339 3207 3467 3276 post
3501 3215 3707 3275 perve-

206 3306 277 3349 ne
340 3291 619 3364 cuiquam
652 3293 1077 3366 patefacerent;
1109 3291 1263 3367 quod
1307 3299 1363 3350 et
1412 3292 1630 3352 factum
1663 3318 1676 3352 :
1711 3308 1818 3352 nec
1856 3293 1917 3352 id
1998 3297 2105 3368 nit,
2137 3311 2254 3370 quo
2287 3312 2349 3355 se
2388 3297 2482 3355 via
2526 3295 2822 3355 scindebat
2864 3294 3008 3352 duas
3059 3292 3124 3351 in
3173 3296 3383 3365 partes,
3413 3290 3519 3349 ubi
3544 3290 3709 3349 dum

206 3383 518 3457 quisquam
561 3382 677 3442 nisi
702 3384 776 3442 ab
799 3384 924 3458 ejus
953 3383 1193 3443 interitu
1223 3399 1488 3457 unquam
1519 3384 1770 3443 rescivit.
1997 3385 2260 3444 haesisset
2304 3385 2635 3458 paululum,
2664 3399 2839 3460 quam
2896 3387 3124 3456 caperet
3178 3379 3499 3452 ambigens,
3535 3377 3710 3452 elegit

270 3471 431 3532 Illud
461 3472 636 3531 etiam
680 3473 794 3533 fuit
835 3473 973 3532 satis
1003 3472 1228 3532 celebre
1265 3472 1418 3547 quod
1455 3487 1586 3532 cum
1623 3473 1795 3546 juxta
1823 3488 1916 3530 sa-
1997 3475 2230 3534 tandem
2278 3490 2456 3549 quam
2498 3474 2683 3547 magis
2731 3473 2922 3533 tritam
2950 3471 3116 3541 vidit,
3144 3469 3546 3542 aptioremque
3575 3468 3709 3527 exi-

204 3559 417 3621 cellum
446 3576 621 3620 suum
652 3563 894 3635 plenum
921 3561 1048 3622 vini
1077 3561 1302 3623 dolium
1330 3560 1583 3632 haberet,
1610 3565 1916 3621 transeuu-
1997 3563 2272 3623 stimavit.
2305 3562 2595 3623 Caeterum
2639 3563 2783 3623 dum
2824 3567 3062 3621 conatur
3105 3560 3166 3619 in
3204 3574 3333 3617 eam
3370 3560 3707 3635 jumentum

205 3651 358 3710 tibus
400 3648 830 3710 illacmilitibus
878 3656 932 3709 et
1003 3666 1037 3709 a
1088 3649 1378 3709 sacerdote
1430 3649 1627 3709 sacelli
1682 3649 1916 3709 custode
1996 3653 2265 3727 dirigere,
2293 3654 2445 3713 illud
2473 3669 2589 3712 non
2616 3652 2787 3712 modo
2825 3650 3041 3720 renuit,
3080 3649 3182 3707 sed
3208 3648 3383 3707 aliam
3409 3646 3702 3719 ingredie-

205 3751 401 3817 potum
433 3751 774 3819 arroganter
806 3744 1152 3818 petentibus,
1186 3760 1323 3804 cum
1355 3745 1617 3805 sacerdos
1657 3749 1916 3817 vegetam
1994 3743 2188 3802 batur.
2219 3743 2451 3803 Veritus
2504 3749 2700 3801 autem
2752 3739 3074 3799 monachus
3128 3751 3203 3794 ne
3252 3736 3589 3809 jumentum
3641 3733 3704 3793 id

206 3832 535 3906 indicasset,
568 3838 623 3892 et
649 3833 847 3892 omnia
886 3833 1012 3907 ejus
1050 3834 1336 3893 foramina
1380 3833 1493 3908 ipsi
1532 3832 1912 3906 aperuissent,
1994 3832 2233 3903 faceret,
2290 3830 2427 3906 quia
2471 3829 2615 3887 alias
2666 3843 2796 3887 eam
2846 3825 3073 3899 ingredi
3124 3823 3281 3883 viam
3333 3826 3701 3893 consuesset,

206 3920 408 3980 vinum
448 3921 901 3998 haudquaquam
942 3922 1172 3996 prodiit.
1223 3922 1507 3997 Suspicati
1545 3930 1684 3982 sunt
1727 3921 1915 3995 primo
1993 3920 2249 3978 calcibus
2296 3935 2363 3977 ac
2409 3917 2746 3977 verberibus
2777 3917 2841 3974 in
2878 3914 3054 3973 aliam
3093 3913 3407 3982 nitebatur,
3434 3912 3704 3986 jumento

205 4024 263 4067 se
315 4026 349 4068 a
399 4011 689 4069 sacerdote
742 4011 1025 4086 deceptos.
1095 4012 1298 4087 Itaque
1358 4012 1641 4086 superiori
1706 4016 1912 4068 retecto
1993 4007 2391 4082 nequidquam
2436 4006 2819 4075 assentiente;
2864 4002 2937 4060 ad
2978 4007 3310 4061 extremum
3357 4000 3494 4060 cum
3536 3998 3702 4058 irrito

205 4096 487 4156 foramine
519 4142 534 4170 ,
594 4105 841 4158 cernunt
891 4115 1097 4174 parum
1163 4100 1360 4158 deesse
1417 4098 1579 4158 vini:
1635 4105 1912 4157 caeterum
1991 4099 2127 4157 nisu
2166 4098 2270 4157 diu
2297 4098 2659 4166 decertasset,
2685 4096 2807 4169 jam
2841 4093 3081 4153 demum
3122 4092 3422 4166 suspicans
3449 4106 3526 4149 ne
3556 4092 3702 4150 forte

204 4200 542 4261 quanquam
575 4188 914 4263 injiciebant
952 4191 1146 4265 virgas
1186 4190 1248 4248 in
1292 4189 1597 4263 foramina,
1627 4189 1779 4249 nihil
1823 4196 1908 4249 ta-
1991 4188 2231 4249 brutum
2266 4187 2413 4248 illud
2445 4186 2663 4246 animal
2700 4184 2811 4244 sibi
2850 4190 3046 4243 contra
3096 4198 3337 4253 morem,
3363 4180 3564 4240 divino
3603 4180 3698 4238 in-

206 4287 333 4332 men
365 4277 490 4334 vini
517 4292 768 4350 usquam
796 4278 959 4349 exiit,
992 4294 1126 4338 cum
1150 4279 1370 4353 alioqui
1393 4278 1573 4353 virgae
1601 4277 1743 4352 ipsae
1773 4279 1911 4338 vino
1991 4279 2224 4348 stinctu,
2260 4276 2569 4344 resisteret,
2606 4274 2825 4333 laxavit
2863 4272 3134 4342 habenas,
3165 4280 3221 4330 et
3264 4270 3502 4344 quidem
3549 4284 3701 4328 vano

206 4365 520 4425 maderent.
572 4367 736 4437 Quod
776 4368 1128 4428 miraculum
1165 4384 1232 4428 eo
1271 4368 1443 4427 etiam
1478 4368 1666 4443 majus
1703 4376 1789 4427 eSt
1820 4369 1909 4427 vi-
1991 4366 2388 4442 nequidquam
2432 4371 2663 4423 eventu.
2701 4361 3095 4421 Inalbescente
3133 4360 3292 4418 enim
3342 4359 3508 4428 coelo,
3548 4362 3701 4415 recta

206 4471 333 4516 sum
384 4457 545 4532 quod
582 4458 884 4532 peregrino
911 4458 1110 4532 paucis
1144 4464 1270 4530 post
1302 4458 1461 4517 horis
1508 4457 1705 4516 eadem
1747 4465 1970 4532 trem-ﬁ
1992 4471 2053 4513 se
2075 4456 2400 4527 ingressum
2426 4452 2683 4525 agnovit,
2713 4449 3003 4523 pauloque
3032 4454 3156 4522 post
3183 4463 3319 4507 cum
3342 4443 3700 4521 pervenisset

206 4511 422 4604 scunt;
460 4560 529 4604 ac
579 4511 689 4604 sibi
717 4511 859 4605 UDei
913 4511 1086 4605 causa
1134 4511 1309 4619 atque
1367 4546 1605 4605 nomine
1659 4511 2063 4620 prmberiDad
2103 4543 2456 4611 cmuobium,
2490 4556 2622 4614 qum
2655 4538 3027 4611 contigissent
3054 4537 3251 4596 omnia
3277 4537 3443 4595 Petro
3481 4537 3697 4602 narrat,

205 4641 403 4706 potum
465 4634 793 4708 postulante
826 4679 840 4708 ,
897 4651 1032 4695 cum
1093 4651 1360 4696 sermone
1416 4635 1723 4695 sacerdotis
1779 4651 1911 4710 quae

206 4722 489 4781 militibus
537 4722 878 4783 accidissent
923 4724 1213 4783 narrantis
1260 4724 1380 4798 ipse
1429 4725 1754 4795 deterritus,
1784 4740 1911 4783 ma-

204 4827 385 4881 gnum
421 4827 650 4886 sperare
687 4827 750 4870 se
794 4812 1143 4872 beneﬁcium
1182 4813 1509 4882 affirmaret,
1547 4828 1620 4872 ex
1659 4829 1725 4872 eo
1755 4814 1909 4888 quod

200 4898 273 4955 ab
292 4898 674 4958 insolentium
705 4899 906 4973 rapina
933 4900 1229 4960 incolume
1258 4907 1429 4977 atque
1460 4900 1754 4974 integrum
1784 4918 1908 4959 ser-

202 4994 401 5047 vatum
443 4988 650 5060 fuerat,
677 4989 1001 5063 praesertim
1037 4989 1192 5064 quod
1220 4996 1391 5049 notus
1420 4989 1533 5049 sibi
1557 4990 1907 5062 jamdudum

202 5076 406 5137 Petrus
436 5078 659 5149 fuisset,
688 5086 745 5138 et
771 5096 948 5139 suum
975 5080 1308 5155 frequenter
1333 5081 1697 5141 exhibuisset
1729 5097 1911 5140 sacer-

199 5168 319 5240 dos,
347 5184 690 5244 quanquam
734 5170 966 5243 timens,
996 5176 1054 5229 et
1092 5171 1244 5229 nihil
1283 5186 1344 5229 se
1389 5170 1513 5229 vini
1556 5172 1907 5232 hausturum

197 5258 560 5330 existimans,
594 5260 846 5319 assiduis
885 5267 1077 5318 tamen
1106 5260 1349 5334 hospitis
1386 5262 1605 5335 egentis
1640 5262 1908 5336 precibus

196 5348 489 5419 incitatus,
515 5346 764 5408 contulit
793 5364 855 5407 se
882 5348 954 5407 ad
983 5346 1208 5406 dolium
1248 5348 1645 5425 foramineque
1682 5350 1907 5410 recluso

200 5436 405 5497 vinum
436 5437 654 5496 hausit.

263 5526 380 5585 Nec
408 5525 627 5584 minori
656 5524 768 5584 fuit
789 5523 1179 5596 admirationi,
1209 5538 1343 5583 cum
1371 5525 1464 5583 vir
1491 5527 1742 5600 insignis
1771 5528 1905 5602 qui-

201 5616 351 5689 dam,
376 5616 711 5693 opibusque
746 5632 812 5676 ac
847 5616 1030 5693 copiis
1071 5615 1337 5689 affluens,
1377 5616 1480 5693 qui
1511 5616 1718 5677 diebus
1747 5618 1908 5678 festis

1992 4633 2227 4707 Deoque
2252 4639 2425 4707 atque
2444 4629 2534 4688 illi
2562 4628 2772 4703 gratias
2802 4626 2918 4701 egit
2939 4625 3310 4684 immortales.

2046 4721 2193 4792 Pari
2244 4720 2584 4779 meritorum
2636 4716 2874 4788 virtute,
2905 4716 3078 4773 dante
3130 4713 3266 4784 Deo,
3293 4711 3697 4770 adolescentu-

1990 4811 2134 4877 lum,
2168 4825 2344 4885 quem
2400 4809 2472 4868 ad
2521 4808 2859 4882 episcopum
2914 4801 3225 4876 quemdam
3280 4799 3345 4858 in
3397 4799 3699 4874 negotium

1990 4900 2271 4972 mittebat,
2315 4898 2546 4972 trajecto
2598 4895 2859 4965 ﬂumine,
2894 4893 2957 4950 in
3000 4891 3142 4949 limo
3191 4890 3307 4948 alte
3355 4891 3694 4956 haerentem,

1989 5005 2122 5049 cum
2152 4988 2323 5048 illum
2352 4986 2686 5045 adolescens
2714 4985 3054 5052 invocasset,
3086 4979 3442 5039 incolumem
3470 4976 3694 5036 eduxit.

1988 5081 2250 5156 Cumque
2269 5079 2604 5139 adolescens
2635 5075 2771 5133 inde
2800 5071 3031 5145 longius
3059 5072 3133 5130 ad
3162 5071 3368 5129 urbem
3394 5072 3699 5143 provectus

1987 5187 2105 5229 non
2159 5169 2462 5244 reperisset
2504 5164 2856 5239 episcopum,
2900 5160 2971 5219 ab
3015 5160 3232 5235 juvene
3289 5156 3536 5233 episcopi
3594 5170 3699 5244 pa-

1987 5257 2171 5317 truele
2209 5242 2486 5328 exceptus
2515 5260 2618 5311 est.
2651 5252 2719 5310 In
2760 5252 2868 5310 hoc
2908 5256 3099 5310 tamen
3138 5247 3390 5306 defuisse
3420 5242 3698 5319 patruelis

1985 5345 2236 5422 episcopi
2278 5349 2365 5403 est
2408 5343 2592 5413 visus,
2648 5340 2800 5416 quod
2844 5338 3067 5397 cunctis
3124 5333 3471 5422 abeuntibus
3508 5332 3702 5422 adole-

1988 5420 2319 5495 scentulum
2349 5434 2411 5491 in
2442 5430 2715 5490 cubiculo
2743 5426 2950 5504 grandi
2981 5425 3168 5483 solum
3200 5421 3456 5496 reliquit.
3492 5420 3702 5492 Quam-

1987 5527 2185 5585 obrem
2236 5524 2286 5581 is
2336 5538 2547 5597 magno
2599 5525 2890 5593 correptus
2950 5516 3189 5584 timore,
3248 5519 3473 5573 noctem
3534 5513 3699 5571 illam

1990 5624 2164 5677 totam
2196 5615 2522 5675 insomnem
2559 5611 2746 5670 duxit.
2779 5608 2976 5684 Itaque
3004 5604 3254 5680 patrueli
3285 5606 3534 5681 episcopi
3562 5605 3698 5663 dor-
