4140 6446
434 306 541 374 179

1355 304 1418 365 8.
1460 304 1751 370 PETRUS
1792 304 2184 372 DAMIANUS
2226 304 2285 368 S.
2326 307 2397 370 Β.
2441 308 2512 374 E.‘
2550 305 3032 373 CARDINALIS.

3834 311 3950 376 180

434 431 643 501 mienti
689 430 893 498 Petrus
933 427 1202 498 Damiani
1251 427 1450 500 adesse
1505 430 1669 492 visus
1719 434 1822 506 est,
1871 430 1972 506 qui
2025 430 2203 499 acriA
2222 429 2596 505 occidentem,
2627 431 2920 496 transtulit
2954 433 3029 494 ad
3063 431 3344 500 orientem
3383 430 3584 502 solem,
3611 429 3714 498 ubi
3740 430 3804 490 in
3831 447 3947 508 pa-

435 523 610 596 vultu
638 523 936 594 minitans,
967 525 1023 580 et
1051 519 1382 596 objurgans,
1415 520 1569 593 quod
1605 519 1814 593 agresti
1849 520 2146 596 negligem-

439 616 519 684 tia
567 615 849 684 nuntium
899 624 1071 682 suum
1127 610 1268 670 adeo
1319 609 1472 670 male
1522 609 1792 679 ali‘eccrit,
1845 610 2147 683 perterruit.

435 721 573 770 eum
602 718 779 780 quam
806 700 1083 767 maxime.
1119 700 1333 766 Somno
1354 701 1536 774 igitur
1559 699 1787 766 solutus
1815 705 2146 775 exspectare

437 793 581 858 dum
619 792 873 864 illuceat,
906 796 970 856 ut
1003 790 1216 856 invisat
1253 789 1536 864 hospitem
1575 795 1907 866 quaeratque
1937 805 2004 848 ea
2033 789 2143 855 sibi

437 884 581 960 quid
609 882 862 954 vellent;
891 882 1045 958 quod
1074 897 1209 942 cum
1247 885 1394 940 esset
1442 881 1679 958 factum,
1708 887 1763 948 et
1789 897 1956 950 suam
1985 887 2144 946 uter--

439 987 556 1048 que
610 972 935 1034 molestiam
988 976 1352 1044 enarrasset,
1404 970 1517 1030 viri
1586 973 1768 1034 sancti
1830 973 2144 1048 potentiam

436 1060 724 1133 admirati,
755 1061 1029 1121 extollere
1067 1061 1170 1124 Dei
1201 1059 1468 1136 gloriam,
1499 1061 1602 1136 qui
1631 1060 1703 1126 sit
1730 1062 1793 1126 in
1820 1061 1895 1122 iis
1918 1063 2021 1138 qui
2053 1063 2144 1130 illi

438 1165 516 1216 ex
564 1152 761 1209 animo
817 1149 1079 1214 serviunt
1124 1149 1430 1215 mirabilis.
1477 1149 1635 1210 Adeo
1679 1155 1872 1216 autem
1930 1151 2038 1218 bac
2085 1169 2148 1214 re

433 1240 786 1315 adolescens,
817 1257 992 1317 quem
1051 1241 1256 1302 Petrus
1296 1243 1550 1316 miserat,
1579 1249 1665 1302 est
1702 1249 2041 1316 commotus,
2083 1251 2146 1305 ut

430 1344 704 1396 reversus
749 1333 822 1392 ad
861 1333 1096 1400 Petrum
1126 1331 1216 1392 illi
1243 1349 1304 1392 se
1334 1337 1517 1393 totum
1544 1335 1915 1408 commiserit,
1950 1336 2145 1403 brevi-.-

433 1437 548 1497 que
576 1428 704 1498 post
723 1424 939 1488 ibidem
968 1424 1267 1492 cucullum
1297 1426 1576 1486 induerit.

503 1513 780 1587 Gregorio
827 1514 1036 1581 deinde
1091 1516 1334 1590 septimo
1390 1515 1690 1586 hortante,
1759 1530 1791 1573 e
1860 1515 2144 1591 legatione

434 1603 776 1670 Ger-manica
839 1620 1130 1674 reversus,
1178 1621 1281 1680 per
1331 1619 1565 1664 omnem
1628 1603 1873 1676 Italiam,
1925 1620 2144 1668 sacram

429 1691 686 1761 inediam
731 1697 787 1752 et
833 1695 1096 1754 ciborum
1137 1693 1522 1770 jejunitatem,
1551 1693 1645 1752 die
1677 1694 1917 1756 Veneris
1945 1694 2008 1754 in
2039 1697 2144 1760 tio-.-

2228 521 2364 588 riete
2393 521 2605 588 Christi
2634 523 2792 582 cruci
2825 521 3055 588 subﬁxa
3092 524 3281 598 imago
3317 523 3468 598 picta
3504 522 3718 587 aderat.
3751 521 3948 590 Paulo

2226 614 2397 672 etiam
2443 620 2587 688 post,
2627 613 2778 673 alius
2821 616 3162 688 monachus,
3193 615 3289 676 cui
3327 615 3494 674 Petro
3536 621 3657 674 erat
3695 629 3943 683 nomen,

2225 702 2296 766 ad
2350 702 2680 768 cmnobium
2751 705 2896 767 feria
2943 705 3150 780 quinta
3200 719 3533 779 regressus,
3592 719 3726 770 cum
3781 703 3944 764 nihil

2227 791 2416 856 adhuc
2448 797 2640 858 nosset
2671 792 2742 856 de
2792 793 2900 852 hac
2923 794 3142 866 inedia,
3175 799 3341 854 nocte
3384 809 3485 867 per
3529 791 3784 868 quietem
3826 791 3944 858 Pe.

2225 885 2378 947 trum
2409 881 2673 948 Damiani
2702 882 2869 952 vidit,
2904 882 3078 948 illum
3105 883 3176 948 ad
3205 882 3517 958 prandium
3562 881 3940 954 invitantem,

2225 988 2536 1050 secumque
2583 973 3036 1039 accumbentem.
3075 973 3279 1048 Itaque
3319 972 3597 1048 postridie
3644 973 3945 1047 accipiens

2224 1065 2362 1126 novi
2414 1064 2560 1126 ritus
2611 1065 3002 1140 disciplinam,
3065 1065 3260 1140 lmtus,
3320 1070 3494 1139 atque
3549 1063 3781 1128 alacer:
3823 1063 3942 1138 En,

2230 1156 2443 1232 inquit,
2469 1156 2670 1219 divina
2707 1157 2910 1231 gratia,
2940 1157 3276 1233 prandium,
3305 1158 3377 1220 ad
3404 1155 3559 1232 quod
3589 1171 3684 1221 me
3730 1154 3940 1220 Petrus

2228 1245 2496 1312 Damiani
2524 1252 2838 1310 vocaverat.

2298 1333 2405 1398 His
2453 1338 2646 1400 autem
2699 1335 2873 1408 visis,
2927 1336 3199 1402 monachi
3247 1336 3340 1400 sui
3388 1349 3590 1401 omnes
3637 1334 3939 1406 commoti,

2227 1422 2328 1499 qui
2369 1423 2442 1488 ob
2477 1422 2536 1482 id
2587 1438 2820 1489 cernere
2861 1424 3046 1490 oculis
3091 1424 3263 1500 plane
3295 1424 3568 1490 divinum.
3598 1424 3939 1489 institutum

2223 1515 2369 1576 illud
2393 1532 2520 1580 esse
2548 1516 2911 1588 videbantur,
2939 1516 3012 1578 ab
3039 1531 3108 1576 eo
3133 1515 3412 1590 ﬂagitant,
3447 1519 3514 1577 ut
3542 1514 3592 1574 si
3620 1513 3763 1588 quid
3792 1528 3945 1588 prte-

2226 1611 2375 1667 terea
2423 1607 2483 1666 in
2542 1607 2768 1682 relique
2829 1606 3009 1676 victu,
3048 1621 3114 1668 ac
3169 1605 3388 1668 vestitu
3432 1603 3940 1676 commutandum,

2225 1695 2648 1770 corrigendum,
2707 1694 3130 1757 detrahendum
3197 1700 3405 1771 putet;
3461 1693 3742 1766 detrahat,
3807 1708 3940 1755 cor-

429 1797 636 1846 norem
675 1783 862 1846 crucis
897 1784 1183 1854 instituit,
1218 1798 1285 1842 ac
1315 1783 1509 1857 potius
1549 1783 1874 1858 antiquitus
1911 1783 2200 1868 institu-n
2227 1785 2389 1858 rigat,
2419 1791 2754 1845 commutet.
2787 1783 3177 1855 Quamobrem
3231 1784 3418 1859 magis
3468 1783 3662 1846 adhuc
3707 1783 3817 1848 vili
3871 1799 3939 1846 ac

429 1880 570 1948 tam,
602 1879 659 1934 et
703 1876 824 1948 jam
850 1875 968 1936 fere
996 1875 1400 1946 oblitteratam,
1433 1874 1758 1944 revocavit;
1795 1873 1951 1947 quod
1989 1878 2041 1934 et
2071 1874 2142 1934 de

430 1965 678 2024 horariis
707 1964 997 2039 precibus,
1031 1964 1249 2038 quibus
1293 1963 1551 2037 quotidie
1599 1963 1753 2028 diva:
1789 1963 1987 2024 Mariae
2019 1963 2139 2026 vir-

427 2053 554 2125 gini
597 2052 970 2129 Cbristiparm
1027 2053 1257 2112 debitus
1305 2053 1498 2112 cultus
1549 2052 1880 2122 exhibetur,
1922 2053 2139 2116 factum

427 2147 547 2213 est;
575 2143 866 2218 jussitque
890 2141 1152 2218 pontifex
1183 2142 1256 2201 ab
1287 2143 1580 2213 omnibus,
1612 2143 1712 2215 qui
1743 2141 1920 2202 sacris
1951 2149 2140 2203 essent

424 2233 662 2307 initiati,
703 2236 796 2308 pie
833 2250 899 2293 ac
937 2241 1128 2292 sancte
1159 2233 1417 2308 quotidie
1455 2233 1790 2298 recitandae.
1831 2233 1998 2305 Quod
2035 2251 2140 2294 au-

427 2329 546 2384 tem
576 2326 647 2385 ad
680 2342 903 2385 sacram
932 2326 1049 2384 diei
1096 2325 1330 2384 Veneris
1352 2325 1413 2384 in
1440 2327 1720 2385 honorem
1753 2327 1948 2385 crucis
1971 2327 2140 2386 insti-

429 2421 613 2475 tutam
644 2432 710 2474 ac
734 2417 926 2492 potius
953 2419 1276 2474 revocatam
1314 2414 1570 2474 inediam
1597 2422 1833 2489 spectat,
1870 2418 2140 2493 quaedam

429 2503 501 2562 de
549 2505 692 2577 ipsa,
724 2519 857 2577 qum
888 2505 1276 2576 contigerunt,
1315 2503 1560 2563 minime
1604 2505 1920 2566 omittenda
1967 2508 2141 2566 duxi-

432 2607 583 2652 mu.
613 2593 683 2652 In
727 2593 999 2653 cubiculo
1047 2593 1279 2667 aegrotis
1323 2593 1530 2665 dicato,
1561 2610 1741 2654 senex
1777 2602 1899 2655 erat
1936 2611 2143 2656 mena.-

429 2685 596 2755 cbus,
630 2683 746 2742 Leo
774 2682 1034 2752 nomine,
1067 2681 1168 2757 qui
1201 2682 1633 2742 continentibus
1666 2685 1953 2758 precibus,
1991 2687 2140 2760 vigi.

429 2775 548 2848 liis,
575 2780 746 2850 atque
793 2774 1138 2834 abstinentia
1175 2789 1209 2833 a
1253 2776 1402 2846 cibo,
1426 2774 1681 2848 juvenili
1741 2791 1890 2850 pene
1938 2776 2141 2836 ardore

429 2864 712 2933 intentus,
741 2868 926 2934 nocte,
961 2879 1094 2939 quae
1123 2863 1280 2923 diem
1305 2865 1618 2938 praecessit,
1651 2881 1767 2940 quo
1798 2866 1894 2925 die
1922 2867 2048 2925 haec
2077 2867 2138 2925 in

429 2953 716 3044 honorem
764 2954 955 3044 crucis
999 2969 1156 3012 sacra
1209 2954 1400 3013 inedia
1452 2955 1812 3044 instituenda
1863 2963 2002 3044 erat,
2037 2973 2140 3032 per-

433 3040 689 3116 quietem
736 3041 882 3101 vidit
933 3043 1292 3118 frequentem
1337 3043 1755 3102 monachorum
1783 3040 2139 3106 conventum

394 3151 412 3173 ο
431 3130 496 3190 in
524 3130 758 3234 temple,
780 3132 884 3234 qui
919 3131 1050 3192 alba
1077 3131 1271 3192 induti
1299 3139 1475 3234 veste,
1505 3132 1870 3197 suavissimis
1900 3134 2194 3234 vocibusﬂ

431 3226 489 3280 et
521 3221 804 3296 pmdulei
834 3229 1126 3289 conventu
1172 3222 1477 3286 cantabant
1509 3241 1521 3282 ι
1551 3225 1717 3280 Dulce
1745 3225 1975 3294 lignum,
2009 3227 2135 3281 dui-

432 3328 516 3369 eos
549 3314 748 3386 clavos,
775 3319 832 3373 et
876 3329 1012 3389 quae
1040 3313 1252 3372 deinde
1279 3318 1624 3388 sequuntur.
1657 3313 1782 3384 Quo
1809 3314 1982 3382 etiam
2015 3314 2137 3375 loco

431 3415 567 3460 cum
614 3402 913 3464 comedere
953 3407 1350 3474 consuessent,
1377 3402 1627 3476 panibus
1663 3408 1984 3464 exstructas
2013 3420 2138 3464 esse

431 3506 662 3551 mensas
691 3492 1080 3564 nitidissimis,
1098 3492 1454 3551 dulcissimis
1478 3498 1534 3550 et
1553 3493 1952 3568 sapidissimis,
1965 3500 2137 3571 atque

431 3581 584 3640 interl
611 3580 926 3645 monachos
953 3581 1218 3654 undique
1245 3581 1690 3655 discumbentes,
1723 3584 1915 3643 virum
1946 3587 2140 3644 maxi-

430 3687 527 3730 me
577 3669 899 3744 speciosum
953 3685 1020 3729 ac
1066 3671 1480 3745 venerabilem,
1512 3674 1615 3748 qui
1647 3674 1942 3734 undenam
1985 3678 2140 3751 ejus-

434 3757 592 3818 modi
619 3771 816 3833 panes,
847 3775 1138 3836 nusquam
1167 3762 1243 3821 ad
1279 3761 1433 3822 diem
1465 3762 1598 3834 visi,
1636 3764 1930 3824 venissent
1960 3764 2142 3824 inter—-

433 3853 708 3922 rogatus:
741 3848 817 3906 Hi
875 3857 1028 3924 sunt,
1068 3852 1282 3928 inquit,
1315 3868 1514 3927 panes,
1544 3853 1760 3928 quibus
1806 3853 1914 3914 ﬂlii
1961 3855 2141 3914 Israel

430 3953 646 3996 manna
692 3941 1071 4014 pereipientes
1102 3944 1324 4018 ecmlo,
1359 3945 1483 4004 aliti
1535 3952 1675 4006 sunt
1725 3946 1788 4006 in
1831 3946 2144 4006 solitudine

433 4027 634 4096 (Emod.
670 4032 822 4098 xw).
850 4026 952 4088 Vir
986 4029 1141 4088 idem
1184 4048 1445 4093 mensam
1475 4033 1714 4107 abbatis,
1745 4050 1877 4114 quae
1917 4043 2037 4096 erat
2072 4035 2144 4096 ad

2223 1873 2473 1935 demisso
2522 1875 2698 1940 vestis
2734 1881 2906 1948 atque
2954 1874 3190 1935 habitus
3235 1888 3446 1948 genere
3500 1871 3785 1946 instituto,
3819 1887 3938 1936 non

2221 1964 2418 2025 minus
2467 1964 2836 2028 sermonibu
2893 1963 3160 2037 assiduis,
3209 1978 3386 2039 quam
3439 1963 3577 2025 vita)
3623 1963 3935 2039 exemplis,

2221 2071 2319 2115 eos
2345 2054 2415 2114 ad
2442 2055 2690 2116 coelestis
2727 2055 2864 2116 vitae
2892 2056 3130 2131 praemia
3164 2055 3459 2116 evehebat.

2294 2146 2418 2215 Quo
2473 2161 2609 2205 vero
2669 2151 2924 2221 tempore
2965 2146 3280 2206 cardinalis
3334 2145 3465 2218 fuit,
3497 2151 3552 2204 et
3610 2144 3934 2206 Ostiensem

2224 2234 2617 2308 episcopatum
2661 2234 2868 2308 tenuit,
2901 2233 3190 2310 quidquid
3243 2238 3555 2310 supererat,
3588 2233 3652 2294 in
3700 2237 3935 2306 egentes

2224 2322 2524 2388 aiiluenter
2566 2323 2886 2398 eli‘undere,
2917 2341 2992 2384 ex
3021 2324 3139 2384 illis
3167 2324 3473 2384 duodecim
3513 2323 3687 2400 pedes
3732 2339 3937 2400 perpe.

2225 2420 2323 2475 tuo
2359 2415 2616 2485 abluere,
2641 2416 2997 2492 epulumque
3048 2416 3332 2491 praebere,
3357 2421 3414 2475 et
3459 2420 3575 2475 tota
3633 2415 3775 2475 urbe
3825 2430 3934 2489 pus
4009 2437 4020 2444 ·

2225 2504 2396 2579 pillos
2434 2521 2500 2564 ac
2553 2505 2762 2564 viduas
2803 2506 3138 2581 perquirere
3185 2512 3240 2564 et
3290 2508 3516 2582 juvene.
3559 2504 3626 2564 In
3674 2505 3939 2564 cmnobio

2224 2609 2325 2668 per
2390 2592 2770 2668 quadraginta
2833 2593 3179 2670 quandoque
3227 2593 3350 2652 dies
3399 2592 3735 2653 comedebat
3784 2591 3938 2652 nihil

2225 2684 2379 2758 quod
2429 2690 2576 2742 esset
2617 2684 2739 2758 igni
2783 2690 3028 2757 coctum,
3086 2685 3185 2744 sed
3237 2690 3461 2744 tantum
3509 2685 3697 2759 pomis
3739 2685 3940 2744 crudis

2223 2772 2439 2848 absque
2488 2773 2610 2842 ullo
2653 2780 2793 2848 potu
2839 2773 3193 2834 vescebatur.
3245 2771 3430 2848 Cujus
3477 2774 3561 2832 rei
3617 2773 3938 2849 discipulus

2222 2861 2368 2936 ejus,
2394 2861 2446 2920 is
2492 2862 2597 2936 qui
2651 2863 2987 2936 conscripsit
3017 2863 3168 2922 hanc
3203 2863 3405 2936 vitam,
3447 2864 3607 2922 testis
3635 2868 3742 2924 est.
3781 2860 3934 2922 Cons

2222 2957 2486 3012 sueverat
2555 2951 2730 3012 etiam
2787 2953 3018 3012 diurni
3089 2953 3334 3012 horariis
3399 2953 3666 3027 precibu
3694 2999 3710 3024 ,
3760 2957 3936 3028 atque

2221 3041 2458 3117 hymnis
2508 3041 2836 3114 recitandis,
2868 3041 3018 3100 nulli
3060 3043 3250 3117 podio,
3283 3041 3636 3102 subselliove
3689 3042 3935 3114 haerere,

2220 3138 2274 3192 et
2321 3132 2491 3191 initio
2531 3134 2842 3209 utriusque
2886 3133 3372 3207 Quadragesimaa,
3404 3147 3507 3206 per
3547 3131 3804 3192 triduum
3835 3147 3938 3206 pe-

2218 3223 2378 3282 nitus
2417 3222 2707 3282 abstinere
2749 3223 2896 3282 cibo.
2925 3223 3014 3282 Ad
3057 3223 3213 3297 quod
3257 3222 3610 3293 institutum,
3642 3221 3775 3281 licet
3815 3221 3939 3297 ipse

2218 3313 2515 3370 neminem
2552 3311 2744 3370 verbis
2779 3310 3070 3382 allexerit,
3099 3309 3453 3383 quibusdam
3502 3315 3695 3378 tamen
3735 3324 3938 3369 emno-

2219 3402 2349 3472 biis,
2380 3401 2438 3460 id
2463 3403 2588 3477 ejus
2613 3400 2879 3476 exemplo
2909 3400 3122 3458 deinde
3147 3401 3532 3472 servantibus,
3562 3400 3938 3460 vehementer

2221 3491 2497 3566 laudavit,
2528 3507 2642 3566 quo
2678 3490 3017 3566 diligentius
3046 3496 3162 3550 toto
3190 3506 3258 3550 eo
3290 3491 3480 3550 triduo
3509 3492 3661 3551 intra
3686 3490 3937 3550 claustra

2221 3584 2472 3643 cmnobii
2502 3583 2802 3642 silentium
2834 3588 3161 3642 servaretur
3191 3606 3204 3641 ι
3241 3583 3557 3642 instituens
3582 3588 3648 3642 ut
3674 3597 3749 3639 ne
3779 3581 3935 3655 quis,

2223 3680 2386 3732 extra
2431 3689 2721 3733 summam
2775 3673 3192 3746 necessitatem,
3222 3672 3608 3732 calceamenta
3644 3671 3935 3742 indueret,

2223 3770 2535 3839 antequam
2588 3764 2837 3839 singulis
2887 3764 3093 3824 diebus
3144 3763 3380 3826 Davidis
3434 3779 3639 3826 omnes
3689 3763 3944 3838 psalmos

2225 3855 2611 3914 communiter
2682 3855 3083 3916 absolvissent.
3147 3853 3257 3922 Sed
3314 3853 3387 3914 de
3437 3853 3601 3913 Petro
3674 3850 3943 3912 Damiani

2227 3943 2506 4003 hactenus
2533 3943 2697 4003 satis.

432 4249 3920 4279 NW

1890 4437 2478 4546 QUIEDAM

541 4657 688 4729 Qum
715 4661 806 4734 ad
833 4661 1038 4725 vitam
1071 4661 1455 4766 laudemque
1484 4665 1553 4728 Β.
1590 4666 1763 4728 Petri
1797 4664 2504 4747 Damiani'pert-inent,
2537 4681 2614 4727 ex
2641 4663 2948 4744 gravibus
2972 4663 3393 4747 scriptoribus
3417 4663 3824 4750 deprompta.

1252 5032 1296 5090 Ι.
2149 5015 2162 5073 1

2230 5032 2438 5090 mentis
2491 5028 2863 5104 pervenisse,
2919 5031 3159 5092 libellus
3210 5046 3388 5106 quem
3442 5033 3638 5090 contra
3693 5029 3939 5104 quadri-

425 5147 484 5212 S.
514 5147 638 5231 £89.
660 5145 736 5231 [ζ
774 5144 1081 5231 pqpq‘f’tm.
1120 5142 1275 5231 i019)
1316 5160 1382 5200 cJ:
1420 5142 1678 5231 monacho
1713 5144 1844 5231 19rd.
1877 5145 1935 5211 Ξ.
1968 5145 2135 5231 Bene-

501 5222 656 5286 dicti,
692 5222 752 5270 in
785 5222 793 5228 ‘
873 5222 1035 5278 istem
1067 5222 1140 5271 ad
1170 5233 1287 5286 eum
1333 5222 1442 5282 seri
1471 5222 1540 5279 ,ια
1603 5232 1648 5268 lli

501 5277 742 5353 tomI'HI
769 5232 1002 5359 0312mm
1031 5289 1271 5359 ejusdem
1301 5291 1361 5344 S.
1393 5232 1648 5343 ngctergs.

501 5397 626 5472 μῦς)
677 5398 996 5480 episcopus
1033 5414 1233 5472 servus
1282 5409 1582 5469 servorum
1642 5393 1768 5480 Dei.
1825 5394 2034 5469 dilecto
2080 5395 2141 5455 in

427 5484 655 5560 thisto
709 5485 828 5564 {ilio
877 5477 1077 5566 'Psrno
1147 5483 1425 5558 eremitaa,
1481 5488 1714 5541 aeternae
1756 5477 2142 5560 beatitudinis

425 5575 728 5663 saueius}:
761 5579 850 5656 Ad
881 5577 1250 5674 splendidum.
1290 5573 1526 5674 nitentis
1554 5571 1852 5675 pudicitiae
1883 5576 2136 5663 “lorum,

428 5667 512 5724 fili
569 5667 952 5739 charissime',
1011 5668 1105 5740 pio
1173 5667 1532 5735 certamine,
1587 5667 1965 5724 intentionem
2025 5671 2137 5724 tuas

2221 5123 2452 5182 modam
2501 5122 2749 5181 carnalis
2798 5122 3119 5197 contaginis
3169 5124 3492 5198 pollutione
3530 5123 3774 5181 honesto
3810 5122 3946 5197 qui-

873 5205 1035 5278 iétq'lc
1067 5217 1140 5294 ad
1170 5205 1287 5294 em}:
1312 5205 1685 5294 __scr_iptttquw
1708 5205 1832 5288 Ιξάδζ
1866 5205 2048 5294 opusc.
2081 5217 2133 5294 7,
2217 5213 2347 5272 dem
2383 5213 2551 5287 stylo,
2590 5212 2686 5270 sed
2719 5205 3033 5284 honestiori
3070 5213 3290 5273 ratione
3327 5213 3578 5284 edidisti,
3612 5213 3944 5271 manifestis

2222 5299 2584 5372 documentis
2650 5303 3032 5360 commendat.
3093 5301 3392 5382 Subegisti
3450 5301 3687 5382 quidem
3747 5303 3946 5361 carnis

2223 5392 2570 5464 barbariem,
2607 5391 2708 5466 qui
2754 5391 2837 5450 sic
2885 5392 3120 5450 erexisti
3173 5381 3483 5452 brachium
3539 5391 3775 5466 spiritus
3827 5391 3944 5460 ad-

2224 5497 2429 5541 versus
2459 5481 2772 5553 libidinum
2801 5480 3256 5550 obsccenitatem.
3287 5481 3357 5539 Et
3386 5487 3511 5554 post
3551 5479 3753 5538 multa.
3798 5477 3939 5552 Sed,

2223 5573 2309 5642 iiii
2343 5573 2703 5650 charissime,
2737 5561 3200 5646 inenarrabiliter
3227 5561 3471 5644 gaudeo,
3501 5569 3636 5643 quia
3664 5568 3941 5642 exemplo

2221 5651 2966 5723 conversationis'instruis
3013 5649 3302 5732 quidquid
3361 5651 3607 5718 oratoria
3663 5657 3940 5716 facultate
