  <div class='ocr_page' id='page_1' title='image "/cluster/home/n/w/nwhite01/storage/ocr_20150623/144/umn.31951002477437p/117.png"; bbox 0 0 4140 6442; ppageno 0'>
   <div class='ocr_carea' id='block_1_1' title="bbox 341 280 444 340">
    <p class='ocr_par' dir='ltr' id='par_1_1' title="bbox 341 280 444 340">
     <span class='ocr_line' id='line_1_1' title="bbox 341 280 444 340; baseline -0.019 0"><span class='ocrx_word' id='word_1_1' title='bbox 341 280 444 340; x_wconf 85' lang='grc'><strong>183</strong></span> 
     </span>
    </p>
   </div>
   <div class='ocr_carea' id='block_1_2' title="bbox 1253 261 2922 328">
    <p class='ocr_par' dir='ltr' id='par_1_2' title="bbox 1253 261 2922 328">
     <span class='ocr_line' id='line_1_2' title="bbox 1253 261 2922 328; baseline -0.001 0"><span class='ocrx_word' id='word_1_2' title='bbox 1253 269 1314 328; x_wconf 92' lang='lat' dir='ltr'><strong>S.</strong></span> <span class='ocrx_word' id='word_1_3' title='bbox 1355 265 1648 326; x_wconf 75' lang='lat' dir='ltr'><strong>PETRUS</strong></span> <span class='ocrx_word' id='word_1_4' title='bbox 1689 261 2077 322; x_wconf 83' lang='lat' dir='ltr'><strong>DAMIANUS</strong></span> <span class='ocrx_word' id='word_1_5' title='bbox 2121 262 2181 322; x_wconf 93' lang='lat' dir='ltr'><strong>S.</strong></span> <span class='ocrx_word' id='word_1_6' title='bbox 2223 264 2290 323; x_wconf 83' lang='lat' dir='ltr'><strong>R.</strong></span> <span class='ocrx_word' id='word_1_7' title='bbox 2336 267 2401 324; x_wconf 87' lang='lat' dir='ltr'><strong>E.</strong></span> <span class='ocrx_word' id='word_1_8' title='bbox 2445 267 2922 327; x_wconf 74' lang='lat' dir='ltr'><strong>CARDINALIS.</strong></span> 
     </span>
    </p>
   </div>
   <div class='ocr_carea' id='block_1_3' title="bbox 3749 266 3860 325">
    <p class='ocr_par' dir='ltr' id='par_1_3' title="bbox 3749 266 3860 325">
     <span class='ocr_line' id='line_1_3' title="bbox 3749 266 3860 325; baseline 0.018 -2"><span class='ocrx_word' id='word_1_9' title='bbox 3749 266 3860 325; x_wconf 65' lang='lat'><strong>18’!</strong></span> 
     </span>
    </p>
   </div>
   <div class='ocr_carea' id='block_1_4' title="bbox 339 389 3865 475">
    <p class='ocr_par' dir='ltr' id='par_1_4' title="bbox 339 389 3865 475">
     <span class='ocr_line' id='line_1_4' title="bbox 339 389 3865 475; baseline -0.004 -9"><span class='ocrx_word' id='word_1_10' title='bbox 339 405 548 466; x_wconf 83' lang='lat' dir='ltr'><strong>Petrus</strong></span> <span class='ocrx_word' id='word_1_11' title='bbox 591 401 857 461; x_wconf 91' lang='lat' dir='ltr'><strong>Damiani</strong></span> <span class='ocrx_word' id='word_1_12' title='bbox 902 401 1016 475; x_wconf 64' lang='lat' dir='ltr'><strong>piae</strong></span> <span class='ocrx_word' id='word_1_13' title='bbox 1060 395 1358 457; x_wconf 71' lang='lat' dir='ltr'><strong>memoriae</strong></span> <span class='ocrx_word' id='word_1_14' title='bbox 1389 391 1701 453; x_wconf 88' lang='lat' dir='ltr'><strong>cardinalis</strong></span> <span class='ocrx_word' id='word_1_15' title='bbox 1728 390 2050 464; x_wconf 89' lang='lat' dir='ltr'><strong>episcopus,</strong></span> <span class='ocrx_word' id='word_1_16' title='bbox 2072 389 2254 450; x_wconf 81' lang='lat' dir='ltr'><strong>Aalio</strong></span> <span class='ocrx_word' id='word_1_17' title='bbox 2281 397 2454 466; x_wconf 89' lang='lat' dir='ltr'><strong>atque</strong></span> <span class='ocrx_word' id='word_1_18' title='bbox 2482 392 2597 452; x_wconf 90' lang='lat' dir='ltr'><strong>alio</strong></span> <span class='ocrx_word' id='word_1_19' title='bbox 2635 395 2770 452; x_wconf 64' lang='lat' dir='ltr'><strong>vita:</strong></span> <span class='ocrx_word' id='word_1_20' title='bbox 2801 400 2953 453; x_wconf 89' lang='lat' dir='ltr'><strong>statu</strong></span> <span class='ocrx_word' id='word_1_21' title='bbox 2977 391 3146 452; x_wconf 63' lang='lat' dir='ltr'><strong>editae</strong></span> <span class='ocrx_word' id='word_1_22' title='bbox 3182 409 3194 450; x_wconf 93' lang='lat'>:</span> <span class='ocrx_word' id='word_1_23' title='bbox 3221 404 3477 466; x_wconf 89' lang='lat' dir='ltr'><strong>quarum</strong></span> <span class='ocrx_word' id='word_1_24' title='bbox 3509 391 3571 449; x_wconf 92' lang='lat' dir='ltr'><strong>in</strong></span> <span class='ocrx_word' id='word_1_25' title='bbox 3603 390 3758 464; x_wconf 90' lang='lat' dir='ltr'><strong>aliis,</strong></span> <span class='ocrx_word' id='word_1_26' title='bbox 3792 399 3865 453; x_wconf 89' lang='lat' dir='ltr'><strong>ut</strong></span> 
     </span>
    </p>
   </div>
   <div class='ocr_carea' id='block_1_5' title="bbox 338 482 2058 572">
    <p class='ocr_par' dir='ltr' id='par_1_5' title="bbox 338 482 2058 572">
     <span class='ocr_line' id='line_1_5' title="bbox 338 482 2058 572; baseline -0.01 -16"><span class='ocrx_word' id='word_1_27' title='bbox 338 495 687 572; x_wconf 86' lang='lat' dir='ltr'><strong>jamdudum</strong></span> <span class='ocrx_word' id='word_1_28' title='bbox 745 493 964 554; x_wconf 93' lang='lat' dir='ltr'><strong>mundo</strong></span> <span class='ocrx_word' id='word_1_29' title='bbox 1009 493 1327 552; x_wconf 81' lang='lat' dir='ltr'><strong>cruciﬁxus</strong></span> <span class='ocrx_word' id='word_1_30' title='bbox 1357 537 1372 560; x_wconf 96' lang='lat'><strong>,</strong></span> <span class='ocrx_word' id='word_1_31' title='bbox 1423 486 1696 561; x_wconf 84' lang='lat' dir='ltr'><strong>migravit</strong></span> <span class='ocrx_word' id='word_1_32' title='bbox 1735 483 1808 542; x_wconf 90' lang='lat' dir='ltr'><strong>ad</strong></span> <span class='ocrx_word' id='word_1_33' title='bbox 1859 482 2058 572; x_wconf 90' lang='lat' dir='ltr'><strong>Domi-</strong></span> 
     </span>
    </p>
   </div>
   <div class='ocr_carea' id='block_1_6' title="bbox 343 571 2056 644">
    <p class='ocr_par' dir='ltr' id='par_1_6' title="bbox 343 571 2056 644">
     <span class='ocr_line' id='line_1_6' title="bbox 343 571 2056 644; baseline -0.009 0"><span class='ocrx_word' id='word_1_34' title='bbox 343 571 490 644; x_wconf 89' lang='lat' dir='ltr'><strong>num</strong></span> <span class='ocrx_word' id='word_1_35' title='bbox 548 596 653 643; x_wconf 87' lang='lat' dir='ltr'><strong>Vlll</strong></span> <span class='ocrx_word' id='word_1_36' title='bbox 711 582 954 642; x_wconf 86' lang='lat' dir='ltr'><strong>Kalend.</strong></span> <span class='ocrx_word' id='word_1_37' title='bbox 1008 581 1240 640; x_wconf 88' lang='lat' dir='ltr'><strong>Martii:</strong></span> <span class='ocrx_word' id='word_1_38' title='bbox 1274 579 1372 637; x_wconf 90' lang='lat' dir='ltr'><strong>cui</strong></span> <span class='ocrx_word' id='word_1_39' title='bbox 1428 576 1714 635; x_wconf 88' lang='lat' dir='ltr'><strong>Dominus</strong></span> <span class='ocrx_word' id='word_1_40' title='bbox 1775 571 2056 631; x_wconf 90' lang='lat' dir='ltr'><strong>Geroldus</strong></span> 
     </span>
    </p>
   </div>
   <div class='ocr_carea' id='block_1_7' title="bbox 348 664 2059 742">
    <p class='ocr_par' dir='ltr' id='par_1_7' title="bbox 348 664 2059 742">
     <span class='ocr_line' id='line_1_7' title="bbox 348 664 2059 742; baseline -0.008 -11"><span class='ocrx_word' id='word_1_41' title='bbox 348 674 654 742; x_wconf 85' lang='lat' dir='ltr'><strong>(Giraldus,</strong></span> <span class='ocrx_word' id='word_1_42' title='bbox 712 673 832 729; x_wconf 83' lang='lat' dir='ltr'><strong>0rd.</strong></span> <span class='ocrx_word' id='word_1_43' title='bbox 887 675 947 729; x_wconf 93' lang='lat' dir='ltr'><strong>S.</strong></span> <span class='ocrx_word' id='word_1_44' title='bbox 1005 673 1136 727; x_wconf 85' lang='lat' dir='ltr'><strong>Ben.</strong></span> <span class='ocrx_word' id='word_1_45' title='bbox 1189 671 1432 726; x_wconf 84' lang='lat' dir='ltr'><strong>Cluniae.</strong></span> <span class='ocrx_word' id='word_1_46' title='bbox 1494 664 1801 730; x_wconf 67' lang='lat' dir='ltr'><strong>coenobita),</strong></span> <span class='ocrx_word' id='word_1_47' title='bbox 1856 676 2059 719; x_wconf 83' lang='lat' dir='ltr'><strong>revera</strong></span> 
     </span>
    </p>
   </div>
   <div class='ocr_carea' id='block_1_8' title="bbox 343 749 2058 832">
    <p class='ocr_par' dir='ltr' id='par_1_8' title="bbox 343 749 2058 832">
     <span class='ocr_line' id='line_1_8' title="bbox 343 749 2058 832; baseline -0.007 -14"><span class='ocrx_word' id='word_1_48' title='bbox 343 762 667 820; x_wconf 85' lang='lat' dir='ltr'><strong>monachus</strong></span> <span class='ocrx_word' id='word_1_49' title='bbox 689 759 927 819; x_wconf 90' lang='lat' dir='ltr'><strong>scientia</strong></span> <span class='ocrx_word' id='word_1_50' title='bbox 959 757 1388 832; x_wconf 89' lang='lat' dir='ltr'><strong>Scripturarum</strong></span> <span class='ocrx_word' id='word_1_51' title='bbox 1417 751 1688 825; x_wconf 86' lang='lat' dir='ltr'><strong>insignis,</strong></span> <span class='ocrx_word' id='word_1_52' title='bbox 1711 755 1767 808; x_wconf 90' lang='lat' dir='ltr'><strong>et</strong></span> <span class='ocrx_word' id='word_1_53' title='bbox 1794 749 2058 807; x_wconf 91' lang='lat' dir='ltr'><strong>moribus</strong></span> 
     </span>
    </p>
   </div>
   <div class='ocr_carea' id='block_1_9' title="bbox 345 837 2057 922">
    <p class='ocr_par' dir='ltr' id='par_1_9' title="bbox 345 837 2057 922">
     <span class='ocr_line' id='line_1_9' title="bbox 345 837 2057 922; baseline -0.009 -14"><span class='ocrx_word' id='word_1_54' title='bbox 345 864 452 908; x_wconf 91' lang='lat' dir='ltr'><strong>suo</strong></span> <span class='ocrx_word' id='word_1_55' title='bbox 494 847 899 922; x_wconf 62' lang='lat' dir='ltr'><strong>praedecessori</strong></span> <span class='ocrx_word' id='word_1_56' title='bbox 943 861 1060 906; x_wconf 93' lang='lat' dir='ltr'><strong>non</strong></span> <span class='ocrx_word' id='word_1_57' title='bbox 1115 845 1323 918; x_wconf 88' lang='lat' dir='ltr'><strong>impar,</strong></span> <span class='ocrx_word' id='word_1_58' title='bbox 1367 841 1430 900; x_wconf 89' lang='lat' dir='ltr'><strong>in</strong></span> <span class='ocrx_word' id='word_1_59' title='bbox 1476 837 1866 913; x_wconf 84' lang='lat' dir='ltr'><strong>episcopatum</strong></span> <span class='ocrx_word' id='word_1_60' title='bbox 1920 851 2057 896; x_wconf 86' lang='lat' dir='ltr'><strong>suc-</strong></span> 
     </span>
    </p>
   </div>
   <div class='ocr_carea' id='block_1_10' title="bbox 347 941 538 1000">
    <p class='ocr_par' dir='ltr' id='par_1_10' title="bbox 347 941 538 1000">
     <span class='ocr_line' id='line_1_10' title="bbox 347 941 538 1000; baseline 0.01 -2"><span class='ocrx_word' id='word_1_61' title='bbox 347 941 538 1000; x_wconf 84' lang='lat' dir='ltr'><strong>cessit.</strong></span> 
     </span>
    </p>
   </div>
   <div class='ocr_carea' id='block_1_11' title="bbox 1141 1007 1269 1066">
    <p class='ocr_par' dir='ltr' id='par_1_11' title="bbox 1141 1007 1269 1066">
     <span class='ocr_line' id='line_1_11' title="bbox 1141 1007 1269 1066; baseline 0 -2"><span class='ocrx_word' id='word_1_62' title='bbox 1141 1007 1269 1066; x_wconf 89' lang='lat' dir='ltr'><strong>VII.</strong></span> 
     </span>
    </p>
   </div>
   <div class='ocr_carea' id='block_1_12' title="bbox 344 1113 2057 1190">
    <p class='ocr_par' dir='ltr' id='par_1_12' title="bbox 344 1113 2057 1190">
     <span class='ocr_line' id='line_1_12' title="bbox 344 1113 2057 1190; baseline -0.005 -14"><span class='ocrx_word' id='word_1_63' title='bbox 344 1121 659 1190; x_wconf 86' lang='lat' dir='ltr'><strong>Sigebertus</strong></span> <span class='ocrx_word' id='word_1_64' title='bbox 707 1121 898 1178; x_wconf 79' lang='lat' dir='ltr'><strong>Gallus</strong></span> <span class='ocrx_word' id='word_1_65' title='bbox 949 1121 1085 1190; x_wconf 25' lang='lat' dir='ltr'><strong>(ant</strong></span> <span class='ocrx_word' id='word_1_66' title='bbox 1119 1115 1311 1190; x_wconf 84' lang='grc'>1100),</span> <span class='ocrx_word' id='word_1_67' title='bbox 1359 1113 1656 1190; x_wconf 63' lang='lat' dir='ltr'><strong>monachus</strong></span> <span class='ocrx_word' id='word_1_68' title='bbox 1709 1114 2057 1190; x_wconf 76' lang='lat' dir='ltr'><strong>Gemblacen-</strong></span> 
     </span>
    </p>
   </div>
   <div class='ocr_carea' id='block_1_13' title="bbox 415 1185 2056 1259">
    <p class='ocr_par' dir='ltr' id='par_1_13' title="bbox 415 1185 2056 1259">
     <span class='ocr_line' id='line_1_13' title="bbox 415 1185 2056 1259; baseline -0.005 -12"><span class='ocrx_word' id='word_1_69' title='bbox 415 1185 514 1256; x_wconf 76' lang='lat' dir='ltr'><strong>sis,</strong></span> <span class='ocrx_word' id='word_1_70' title='bbox 592 1192 712 1249; x_wconf 84' lang='lat' dir='ltr'><strong>0rd.</strong></span> <span class='ocrx_word' id='word_1_71' title='bbox 794 1193 855 1250; x_wconf 93' lang='lat' dir='ltr'><strong>S.</strong></span> <span class='ocrx_word' id='word_1_72' title='bbox 910 1185 1132 1259; x_wconf 86' lang='lat' dir='ltr'><strong>Bened.,</strong></span> <span class='ocrx_word' id='word_1_73' title='bbox 1187 1188 1286 1244; x_wconf 87' lang='lat' dir='ltr'><strong>lib.</strong></span> <span class='ocrx_word' id='word_1_74' title='bbox 1351 1189 1428 1241; x_wconf 91' lang='lat' dir='ltr'><strong>De</strong></span> <span class='ocrx_word' id='word_1_75' title='bbox 1508 1186 1646 1239; x_wconf 76' lang='lat' dir='ltr'><strong>viris</strong></span> <span class='ocrx_word' id='word_1_76' title='bbox 1723 1185 2056 1248; x_wconf 75' lang='lat' dir='ltr'><strong>illustribus,</strong></span> 
     </span>
    </p>
   </div>
   <div class='ocr_carea' id='block_1_14' title="bbox 416 1261 692 1334">
    <p class='ocr_par' dir='ltr' id='par_1_14' title="bbox 416 1261 692 1334">
     <span class='ocr_line' id='line_1_14' title="bbox 416 1261 692 1334; baseline 0.007 -16"><span class='ocrx_word' id='word_1_77' title='bbox 416 1280 540 1334; x_wconf 85' lang='lat' dir='ltr'><strong>cap.</strong></span> <span class='ocrx_word' id='word_1_78' title='bbox 573 1261 692 1321; x_wconf 88' lang='grc'><strong>103.</strong></span> 
     </span>
    </p>
   </div>
   <div class='ocr_carea' id='block_1_15' title="bbox 417 1365 2059 1440">
    <p class='ocr_par' dir='ltr' id='par_1_15' title="bbox 417 1365 2059 1440">
     <span class='ocr_line' id='line_1_15' title="bbox 417 1365 2059 1440; baseline -0.002 -11"><span class='ocrx_word' id='word_1_79' title='bbox 417 1370 622 1430; x_wconf 88' lang='lat' dir='ltr'><strong>Petrus</strong></span> <span class='ocrx_word' id='word_1_80' title='bbox 667 1369 936 1429; x_wconf 90' lang='lat' dir='ltr'><strong>Damiani</strong></span> <span class='ocrx_word' id='word_1_81' title='bbox 991 1370 1160 1429; x_wconf 86' lang='lat' dir='ltr'><strong>Rom.</strong></span> <span class='ocrx_word' id='word_1_82' title='bbox 1217 1367 1491 1426; x_wconf 70' lang='lat' dir='ltr'><strong>Ecclesiae</strong></span> <span class='ocrx_word' id='word_1_83' title='bbox 1532 1365 1814 1440; x_wconf 90' lang='lat' dir='ltr'><strong>septimus</strong></span> <span class='ocrx_word' id='word_1_84' title='bbox 1864 1365 2059 1438; x_wconf 85' lang='lat' dir='ltr'><strong>levita,</strong></span> 
     </span>
    </p>
   </div>
   <div class='ocr_carea' id='block_1_16' title="bbox 345 1455 2056 1533">
    <p class='ocr_par' dir='ltr' id='par_1_16' title="bbox 345 1455 2056 1533">
     <span class='ocr_line' id='line_1_16' title="bbox 345 1455 2056 1533; baseline -0.002 -15"><span class='ocrx_word' id='word_1_85' title='bbox 345 1460 575 1533; x_wconf 88' lang='lat' dir='ltr'><strong>scripsit</strong></span> <span class='ocrx_word' id='word_1_86' title='bbox 599 1461 780 1519; x_wconf 90' lang='lat' dir='ltr'><strong>vitam</strong></span> <span class='ocrx_word' id='word_1_87' title='bbox 806 1460 1065 1522; x_wconf 92' lang='lat' dir='ltr'><strong>Odilonis</strong></span> <span class='ocrx_word' id='word_1_88' title='bbox 1091 1458 1283 1533; x_wconf 88' lang='lat' dir='ltr'><strong>quarti</strong></span> <span class='ocrx_word' id='word_1_89' title='bbox 1314 1455 1785 1516; x_wconf 87' lang='lat' dir='ltr'><strong>Cluniacensium</strong></span> <span class='ocrx_word' id='word_1_90' title='bbox 1817 1455 2056 1515; x_wconf 82' lang='lat' dir='ltr'><strong>abbatis.</strong></span> 
     </span>
    </p>
   </div>
   <div class='ocr_carea' id='block_1_17' title="bbox 346 1544 2061 1608">
    <p class='ocr_par' dir='ltr' id='par_1_17' title="bbox 346 1544 2061 1608">
     <span class='ocr_line' id='line_1_17' title="bbox 346 1544 2061 1608; baseline -0.001 -2"><span class='ocrx_word' id='word_1_91' title='bbox 346 1549 738 1608; x_wconf 82' lang='lat' dir='ltr'><strong>Inveniuntur</strong></span> <span class='ocrx_word' id='word_1_92' title='bbox 769 1550 943 1608; x_wconf 90' lang='lat' dir='ltr'><strong>etiam</strong></span> <span class='ocrx_word' id='word_1_93' title='bbox 984 1549 1246 1608; x_wconf 66' lang='lat' dir='ltr'><strong>homiliaa</strong></span> <span class='ocrx_word' id='word_1_94' title='bbox 1274 1547 1348 1606; x_wconf 89' lang='lat' dir='ltr'><strong>ab</strong></span> <span class='ocrx_word' id='word_1_95' title='bbox 1375 1561 1443 1604; x_wconf 90' lang='lat' dir='ltr'><strong>eo</strong></span> <span class='ocrx_word' id='word_1_96' title='bbox 1469 1544 1766 1605; x_wconf 89' lang='lat' dir='ltr'><strong>luculento</strong></span> <span class='ocrx_word' id='word_1_97' title='bbox 1795 1561 2061 1606; x_wconf 90' lang='lat' dir='ltr'><strong>sermone</strong></span> 
     </span>
    </p>
   </div>
   <div class='ocr_carea' id='block_1_18' title="bbox 348 1638 706 1713">
    <p class='ocr_par' dir='ltr' id='par_1_18' title="bbox 348 1638 706 1713">
     <span class='ocr_line' id='line_1_18' title="bbox 348 1638 706 1713; baseline 0.006 -17"><span class='ocrx_word' id='word_1_98' title='bbox 348 1638 706 1713; x_wconf 62' lang='lat' dir='ltr'><strong>conscriptas.</strong></span> 
     </span>
    </p>
   </div>
   <div class='ocr_carea' id='block_1_19' title="bbox 1142 1709 1293 1768">
    <p class='ocr_par' dir='ltr' id='par_1_19' title="bbox 1142 1709 1293 1768">
     <span class='ocr_line' id='line_1_19' title="bbox 1142 1709 1293 1768; baseline -0.013 0"><span class='ocrx_word' id='word_1_99' title='bbox 1142 1709 1293 1768; x_wconf 87' lang='lat' dir='ltr'><strong>VIII.</strong></span> 
     </span>
    </p>
   </div>
   <div class='ocr_carea' id='block_1_20' title="bbox 350 1818 2070 1892">
    <p class='ocr_par' dir='ltr' id='par_1_20' title="bbox 350 1818 2070 1892">
     <span class='ocr_line' id='line_1_20' title="bbox 350 1818 2070 1892; baseline -0.002 -15"><span class='ocrx_word' id='word_1_100' title='bbox 350 1824 624 1878; x_wconf 76' lang='lat' dir='ltr'><strong>Honorius</strong></span> <span class='ocrx_word' id='word_1_101' title='bbox 681 1825 1196 1892; x_wconf 83' lang='lat' dir='ltr'><strong>Augustodunensis</strong></span> <span class='ocrx_word' id='word_1_102' title='bbox 1245 1822 1528 1892; x_wconf 79' lang='lat' dir='ltr'><strong>presbyter</strong></span> <span class='ocrx_word' id='word_1_103' title='bbox 1577 1821 1686 1890; x_wconf 87' lang='lat' dir='ltr'><strong>(an.</strong></span> <span class='ocrx_word' id='word_1_104' title='bbox 1748 1818 1920 1892; x_wconf 75' lang='lat'><strong>1120),</strong></span> <span class='ocrx_word' id='word_1_105' title='bbox 1957 1835 2070 1874; x_wconf 87' lang='lat' dir='ltr'><strong>mo-</strong></span> 
     </span>
    </p>
   </div>
   <div class='ocr_carea' id='block_1_21' title="bbox 418 1891 2068 1964">
    <p class='ocr_par' dir='ltr' id='par_1_21' title="bbox 418 1891 2068 1964">
     <span class='ocr_line' id='line_1_21' title="bbox 418 1891 2068 1964; baseline -0.002 -14"><span class='ocrx_word' id='word_1_106' title='bbox 418 1897 628 1950; x_wconf 88' lang='lat' dir='ltr'><strong>nachus</strong></span> <span class='ocrx_word' id='word_1_107' title='bbox 652 1902 704 1951; x_wconf 88' lang='lat' dir='ltr'><strong>et</strong></span> <span class='ocrx_word' id='word_1_108' title='bbox 731 1891 900 1950; x_wconf 81' lang='lat' dir='ltr'><strong>abbas</strong></span> <span class='ocrx_word' id='word_1_109' title='bbox 940 1896 1058 1951; x_wconf 80' lang='lat' dir='ltr'><strong>0rd.</strong></span> <span class='ocrx_word' id='word_1_110' title='bbox 1089 1896 1149 1951; x_wconf 92' lang='lat' dir='ltr'><strong>S.</strong></span> <span class='ocrx_word' id='word_1_111' title='bbox 1177 1891 1400 1957; x_wconf 60' lang='lat' dir='ltr'><strong>Bened,</strong></span> <span class='ocrx_word' id='word_1_112' title='bbox 1426 1908 1600 1964; x_wconf 84' lang='lat' dir='ltr'><strong>prope</strong></span> <span class='ocrx_word' id='word_1_113' title='bbox 1638 1895 1800 1960; x_wconf 76' lang='lat' dir='ltr'><strong>ﬁnem</strong></span> <span class='ocrx_word' id='word_1_114' title='bbox 1830 1891 1960 1946; x_wconf 80' lang='lat' dir='ltr'><strong>libri</strong></span> <span class='ocrx_word' id='word_1_115' title='bbox 1991 1894 2068 1946; x_wconf 90' lang='lat' dir='ltr'><strong>De</strong></span> 
     </span>
    </p>
   </div>
   <div class='ocr_carea' id='block_1_22' title="bbox 424 1967 1091 2022">
    <p class='ocr_par' dir='ltr' id='par_1_22' title="bbox 424 1967 1091 2022">
     <span class='ocr_line' id='line_1_22' title="bbox 424 1967 1091 2022; baseline 0.001 -2"><span class='ocrx_word' id='word_1_116' title='bbox 424 1967 791 2021; x_wconf 85' lang='lat' dir='ltr'><strong>luminaribus</strong></span> <span class='ocrx_word' id='word_1_117' title='bbox 817 1967 1091 2022; x_wconf 72' lang='lat' dir='ltr'><strong>Ecclesiae.</strong></span> 
     </span>
    </p>
   </div>
   <div class='ocr_carea' id='block_1_23' title="bbox 421 2069 2070 2144">
    <p class='ocr_par' dir='ltr' id='par_1_23' title="bbox 421 2069 2070 2144">
     <span class='ocr_line' id='line_1_23' title="bbox 421 2069 2070 2144; baseline -0.001 -16"><span class='ocrx_word' id='word_1_118' title='bbox 421 2069 626 2129; x_wconf 88' lang='lat' dir='ltr'><strong>Petrus</strong></span> <span class='ocrx_word' id='word_1_119' title='bbox 644 2075 1023 2144; x_wconf 87' lang='lat' dir='ltr'><strong>cognomento</strong></span> <span class='ocrx_word' id='word_1_120' title='bbox 1043 2069 1333 2141; x_wconf 91' lang='lat' dir='ltr'><strong>Damiani,</strong></span> <span class='ocrx_word' id='word_1_121' title='bbox 1356 2084 1430 2126; x_wconf 82' lang='lat' dir='ltr'><strong>ex</strong></span> <span class='ocrx_word' id='word_1_122' title='bbox 1453 2069 1738 2128; x_wconf 90' lang='lat' dir='ltr'><strong>monacho</strong></span> <span class='ocrx_word' id='word_1_123' title='bbox 1757 2073 1813 2126; x_wconf 92' lang='lat' dir='ltr'><strong>et</strong></span> <span class='ocrx_word' id='word_1_124' title='bbox 1831 2069 2070 2127; x_wconf 90' lang='lat' dir='ltr'><strong>eremita</strong></span> 
     </span>
    </p>
   </div>
   <div class='ocr_carea' id='block_1_24' title="bbox 347 2156 2070 2234">
    <p class='ocr_par' dir='ltr' id='par_1_24' title="bbox 347 2156 2070 2234">
     <span class='ocr_line' id='line_1_24' title="bbox 347 2156 2070 2234; baseline -0.002 -16"><span class='ocrx_word' id='word_1_125' title='bbox 347 2161 670 2234; x_wconf 87' lang='lat' dir='ltr'><strong>episcopus,</strong></span> <span class='ocrx_word' id='word_1_126' title='bbox 702 2160 929 2232; x_wconf 85' lang='lat' dir='ltr'><strong>scripsit</strong></span> <span class='ocrx_word' id='word_1_127' title='bbox 947 2158 1166 2218; x_wconf 91' lang='lat' dir='ltr'><strong>librum</strong></span> <span class='ocrx_word' id='word_1_128' title='bbox 1187 2163 1385 2216; x_wconf 91' lang='lat' dir='ltr'><strong>contra</strong></span> <span class='ocrx_word' id='word_1_129' title='bbox 1412 2156 1567 2226; x_wconf 89' lang='lat' dir='ltr'><strong>illos,</strong></span> <span class='ocrx_word' id='word_1_130' title='bbox 1593 2157 1696 2231; x_wconf 88' lang='lat' dir='ltr'><strong>qui</strong></span> <span class='ocrx_word' id='word_1_131' title='bbox 1723 2157 2070 2216; x_wconf 88' lang='lat' dir='ltr'><strong>simoniacos</strong></span> 
     </span>
    </p>
   </div>
   <div class='ocr_carea' id='block_1_25' title="bbox 350 2245 2070 2318">
    <p class='ocr_par' dir='ltr' id='par_1_25' title="bbox 350 2245 2070 2318">
     <span class='ocr_line' id='line_1_25' title="bbox 350 2245 2070 2318; baseline 0.001 -14"><span class='ocrx_word' id='word_1_132' title='bbox 350 2247 682 2306; x_wconf 89' lang='lat' dir='ltr'><strong>reordinare</strong></span> <span class='ocrx_word' id='word_1_133' title='bbox 706 2254 1152 2318; x_wconf 87' lang='lat' dir='ltr'><strong>consueverunt,</strong></span> <span class='ocrx_word' id='word_1_134' title='bbox 1182 2253 1241 2306; x_wconf 90' lang='lat' dir='ltr'><strong>et</strong></span> <span class='ocrx_word' id='word_1_135' title='bbox 1275 2247 1465 2306; x_wconf 90' lang='lat' dir='ltr'><strong>multa</strong></span> <span class='ocrx_word' id='word_1_136' title='bbox 1488 2246 1603 2305; x_wconf 89' lang='lat' dir='ltr'><strong>alia</strong></span> <span class='ocrx_word' id='word_1_137' title='bbox 1636 2265 1650 2305; x_wconf 89' lang='lat'><strong>:</strong></span> <span class='ocrx_word' id='word_1_138' title='bbox 1685 2247 1794 2306; x_wconf 90' lang='lat' dir='ltr'><strong>sub</strong></span> <span class='ocrx_word' id='word_1_139' title='bbox 1819 2245 2070 2306; x_wconf 87' lang='lat' dir='ltr'><strong>Henrico</strong></span> 
     </span>
    </p>
   </div>
   <div class='ocr_carea' id='block_1_26' title="bbox 356 2335 708 2397">
    <p class='ocr_par' dir='ltr' id='par_1_26' title="bbox 356 2335 708 2397">
     <span class='ocr_line' id='line_1_26' title="bbox 356 2335 708 2397; baseline 0.006 -2"><span class='ocrx_word' id='word_1_140' title='bbox 356 2335 460 2397; x_wconf 90' lang='lat' dir='ltr'><strong>Pio</strong></span> <span class='ocrx_word' id='word_1_141' title='bbox 490 2337 708 2397; x_wconf 89' lang='lat' dir='ltr'><strong>ﬂoruit.</strong></span> 
     </span>
    </p>
   </div>
   <div class='ocr_carea' id='block_1_27' title="bbox 1171 2409 1273 2468">
    <p class='ocr_par' dir='ltr' id='par_1_27' title="bbox 1171 2409 1273 2468">
     <span class='ocr_line' id='line_1_27' title="bbox 1171 2409 1273 2468; baseline -0.01 0"><span class='ocrx_word' id='word_1_142' title='bbox 1171 2409 1273 2468; x_wconf 87' lang='lat' dir='ltr'><strong>IX.</strong></span> 
     </span>
    </p>
   </div>
   <div class='ocr_carea' id='block_1_28' title="bbox 350 2520 2071 2590">
    <p class='ocr_par' dir='ltr' id='par_1_28' title="bbox 350 2520 2071 2590">
     <span class='ocr_line' id='line_1_28' title="bbox 350 2520 2071 2590; baseline -0.002 -11"><span class='ocrx_word' id='word_1_143' title='bbox 350 2523 694 2580; x_wconf 86' lang='lat' dir='ltr'><strong>Helinandus</strong></span> <span class='ocrx_word' id='word_1_144' title='bbox 726 2523 920 2580; x_wconf 87' lang='lat' dir='ltr'><strong>Gallus</strong></span> <span class='ocrx_word' id='word_1_145' title='bbox 946 2526 1060 2590; x_wconf 88' lang='lat' dir='ltr'><strong>(an.</strong></span> <span class='ocrx_word' id='word_1_146' title='bbox 1099 2520 1280 2590; x_wconf 75' lang='lat' dir='ltr'><strong>i200),</strong></span> <span class='ocrx_word' id='word_1_147' title='bbox 1324 2522 1621 2577; x_wconf 82' lang='lat' dir='ltr'><strong>monachus</strong></span> <span class='ocrx_word' id='word_1_148' title='bbox 1651 2520 2071 2588; x_wconf 82' lang='lat' dir='ltr'><strong>Frigidimontis</strong></span> 
     </span>
    </p>
   </div>
   <div class='ocr_carea' id='block_1_29' title="bbox 422 2593 2073 2662">
    <p class='ocr_par' dir='ltr' id='par_1_29' title="bbox 422 2593 2073 2662">
     <span class='ocr_line' id='line_1_29' title="bbox 422 2593 2073 2662; baseline -0.002 -12"><span class='ocrx_word' id='word_1_149' title='bbox 422 2595 542 2653; x_wconf 87' lang='lat' dir='ltr'><strong>0rd.</strong></span> <span class='ocrx_word' id='word_1_150' title='bbox 567 2597 625 2651; x_wconf 92' lang='lat' dir='ltr'><strong>S.</strong></span> <span class='ocrx_word' id='word_1_151' title='bbox 652 2595 848 2652; x_wconf 88' lang='lat' dir='ltr'><strong>Bened.</strong></span> <span class='ocrx_word' id='word_1_152' title='bbox 872 2597 933 2648; x_wconf 86' lang='lat' dir='ltr'><strong>in</strong></span> <span class='ocrx_word' id='word_1_153' title='bbox 958 2597 1206 2649; x_wconf 79' lang='lat' dir='ltr'><strong>Historia</strong></span> <span class='ocrx_word' id='word_1_154' title='bbox 1234 2610 1356 2656; x_wconf 91' lang='lat' dir='ltr'><strong>sua,</strong></span> <span class='ocrx_word' id='word_1_155' title='bbox 1393 2594 1550 2662; x_wconf 86' lang='lat' dir='ltr'><strong>cujus</strong></span> <span class='ocrx_word' id='word_1_156' title='bbox 1576 2593 1741 2647; x_wconf 77' lang='lat' dir='ltr'><strong>verba</strong></span> <span class='ocrx_word' id='word_1_157' title='bbox 1761 2593 1914 2662; x_wconf 88' lang='lat' dir='ltr'><strong>apud</strong></span> <span class='ocrx_word' id='word_1_158' title='bbox 1941 2596 2073 2650; x_wconf 86' lang='lat' dir='ltr'><strong>Vin-</strong></span> 
     </span>
    </p>
   </div>
   <div class='ocr_carea' id='block_1_30' title="bbox 423 2665 2067 2734">
    <p class='ocr_par' dir='ltr' id='par_1_30' title="bbox 423 2665 2067 2734">
     <span class='ocr_line' id='line_1_30' title="bbox 423 2665 2067 2734; baseline -0.001 -14"><span class='ocrx_word' id='word_1_159' title='bbox 423 2669 657 2721; x_wconf 86' lang='lat' dir='ltr'><strong>centium</strong></span> <span class='ocrx_word' id='word_1_160' title='bbox 678 2668 1051 2721; x_wconf 80' lang='lat' dir='ltr'><strong>Belvacensem</strong></span> <span class='ocrx_word' id='word_1_161' title='bbox 1072 2665 1192 2722; x_wconf 85' lang='lat' dir='ltr'><strong>ord.</strong></span> <span class='ocrx_word' id='word_1_162' title='bbox 1219 2665 1396 2722; x_wconf 67' lang='lat' dir='ltr'><strong>Praed.</strong></span> <span class='ocrx_word' id='word_1_163' title='bbox 1429 2667 1488 2718; x_wconf 82' lang='lat' dir='ltr'><strong>in</strong></span> <span class='ocrx_word' id='word_1_164' title='bbox 1507 2665 1736 2734; x_wconf 84' lang='lat' dir='ltr'><strong>Speculo</strong></span> <span class='ocrx_word' id='word_1_165' title='bbox 1768 2665 2067 2728; x_wconf 77' lang='lat' dir='ltr'><strong>historiali,</strong></span> 
     </span>
    </p>
   </div>
   <div class='ocr_carea' id='block_1_31' title="bbox 426 2737 1324 2809">
    <p class='ocr_par' dir='ltr' id='par_1_31' title="bbox 426 2737 1324 2809">
     <span class='ocr_line' id='line_1_31' title="bbox 426 2737 1324 2809; baseline -0.002 -17"><span class='ocrx_word' id='word_1_166' title='bbox 426 2739 525 2793; x_wconf 88' lang='lat' dir='ltr'><strong>lib.</strong></span> <span class='ocrx_word' id='word_1_167' title='bbox 555 2748 708 2801; x_wconf 82' lang='lat' dir='ltr'><strong>XXV,</strong></span> <span class='ocrx_word' id='word_1_168' title='bbox 740 2754 861 2809; x_wconf 89' lang='lat' dir='ltr'><strong>cap.</strong></span> <span class='ocrx_word' id='word_1_169' title='bbox 893 2737 981 2801; x_wconf 78' lang='grc'><strong>52,</strong></span> <span class='ocrx_word' id='word_1_170' title='bbox 1013 2738 1121 2792; x_wconf 64' lang='grc' dir='ltr'><strong>ἠως</strong></span> <span class='ocrx_word' id='word_1_171' title='bbox 1149 2742 1278 2792; x_wconf 88' lang='lat' dir='ltr'><strong>sunt</strong></span> <span class='ocrx_word' id='word_1_172' title='bbox 1308 2756 1324 2790; x_wconf 92' lang='lat'><strong><em>:</em></strong></span> 
     </span>
    </p>
   </div>
   <div class='ocr_carea' id='block_1_32' title="bbox 426 2841 2073 2916">
    <p class='ocr_par' dir='ltr' id='par_1_32' title="bbox 426 2841 2073 2916">
     <span class='ocr_line' id='line_1_32' title="bbox 426 2841 2073 2916; baseline 0 -16"><span class='ocrx_word' id='word_1_173' title='bbox 426 2842 551 2900; x_wconf 92' lang='lat' dir='ltr'><strong>Hoc</strong></span> <span class='ocrx_word' id='word_1_174' title='bbox 590 2847 846 2916; x_wconf 91' lang='lat' dir='ltr'><strong>tempore</strong></span> <span class='ocrx_word' id='word_1_175' title='bbox 886 2842 1089 2900; x_wconf 90' lang='lat' dir='ltr'><strong>Petrus</strong></span> <span class='ocrx_word' id='word_1_176' title='bbox 1131 2841 1450 2900; x_wconf 90' lang='lat' dir='ltr'><strong>Damianus</strong></span> <span class='ocrx_word' id='word_1_177' title='bbox 1490 2841 1719 2914; x_wconf 89' lang='lat' dir='ltr'><strong>scripsit</strong></span> <span class='ocrx_word' id='word_1_178' title='bbox 1752 2842 1824 2899; x_wconf 91' lang='lat' dir='ltr'><strong>ad</strong></span> <span class='ocrx_word' id='word_1_179' title='bbox 1865 2858 2073 2916; x_wconf 84' lang='lat' dir='ltr'><strong>papam</strong></span> 
     </span>
    </p>
   </div>
   <div class='ocr_carea' id='block_1_33' title="bbox 355 2930 2074 3004">
    <p class='ocr_par' dir='ltr' id='par_1_33' title="bbox 355 2930 2074 3004">
     <span class='ocr_line' id='line_1_33' title="bbox 355 2930 2074 3004; baseline -0.001 -14"><span class='ocrx_word' id='word_1_180' title='bbox 355 2931 843 3002; x_wconf 88' lang='lat' dir='ltr'><strong>Hildebrandum,</strong></span> <span class='ocrx_word' id='word_1_181' title='bbox 877 2931 1124 2989; x_wconf 85' lang='lat' dir='ltr'><strong>reddens</strong></span> <span class='ocrx_word' id='word_1_182' title='bbox 1148 2930 1454 3001; x_wconf 90' lang='lat' dir='ltr'><strong>rationem,</strong></span> <span class='ocrx_word' id='word_1_183' title='bbox 1481 2945 1658 3003; x_wconf 89' lang='lat' dir='ltr'><strong>quare</strong></span> <span class='ocrx_word' id='word_1_184' title='bbox 1683 2931 2074 3004; x_wconf 85' lang='lat' dir='ltr'><strong>episcopatum</strong></span> 
     </span>
    </p>
   </div>
   <div class='ocr_carea' id='block_1_34' title="bbox 353 3017 2074 3119">
    <p class='ocr_par' dir='ltr' id='par_1_34' title="bbox 353 3017 2074 3092">
     <span class='ocr_line' id='line_1_34' title="bbox 353 3017 2074 3092; baseline 0 -14"><span class='ocrx_word' id='word_1_185' title='bbox 353 3019 660 3078; x_wconf 87' lang='lat' dir='ltr'><strong>dimiserit.</strong></span> <span class='ocrx_word' id='word_1_186' title='bbox 710 3019 848 3077; x_wconf 87' lang='lat' dir='ltr'><strong>Erat</strong></span> <span class='ocrx_word' id='word_1_187' title='bbox 888 3018 1046 3078; x_wconf 91' lang='lat' dir='ltr'><strong>enim</strong></span> <span class='ocrx_word' id='word_1_188' title='bbox 1091 3018 1186 3075; x_wconf 94' lang='lat' dir='ltr'><strong>vir</strong></span> <span class='ocrx_word' id='word_1_189' title='bbox 1225 3017 1507 3090; x_wconf 86' lang='lat' dir='ltr'><strong>religione</strong></span> <span class='ocrx_word' id='word_1_190' title='bbox 1546 3024 1601 3076; x_wconf 88' lang='lat' dir='ltr'><strong>et</strong></span> <span class='ocrx_word' id='word_1_191' title='bbox 1639 3018 1919 3092; x_wconf 88' lang='lat' dir='ltr'><strong>sapientia</strong></span> <span class='ocrx_word' id='word_1_192' title='bbox 1965 3035 2074 3078; x_wconf 93' lang='lat' dir='ltr'><strong>no-</strong></span> 
     </span>
    </p>
   </div>
   <div class='ocr_carea' id='block_1_35' title="bbox 356 3105 2136 3181">
    <p class='ocr_par' dir='ltr' id='par_1_35' title="bbox 356 3105 2136 3181">
     <span class='ocr_line' id='line_1_35' title="bbox 356 3105 2136 3181; baseline 0.001 -14"><span class='ocrx_word' id='word_1_193' title='bbox 356 3107 806 3177; x_wconf 89' lang='lat' dir='ltr'><strong>minatissimus,</strong></span> <span class='ocrx_word' id='word_1_194' title='bbox 837 3105 940 3181; x_wconf 91' lang='lat' dir='ltr'><strong>qui</strong></span> <span class='ocrx_word' id='word_1_195' title='bbox 979 3106 1252 3181; x_wconf 57' lang='lat' dir='ltr'><strong>quaedam</strong></span> <span class='ocrx_word' id='word_1_196' title='bbox 1299 3105 1382 3164; x_wconf 91' lang='lat' dir='ltr'><strong>ibi</strong></span> <span class='ocrx_word' id='word_1_197' title='bbox 1424 3113 1638 3177; x_wconf 89' lang='lat' dir='ltr'><strong>narrat,</strong></span> <span class='ocrx_word' id='word_1_198' title='bbox 1671 3123 1806 3181; x_wconf 80' lang='lat' dir='ltr'><strong>quae</strong></span> <span class='ocrx_word' id='word_1_199' title='bbox 1849 3109 1913 3166; x_wconf 92' lang='lat' dir='ltr'><strong>in</strong></span> <span class='ocrx_word' id='word_1_200' title='bbox 1960 3107 2069 3167; x_wconf 89' lang='lat' dir='ltr'><strong>hoc</strong></span> <span class='ocrx_word' id='word_1_201' title='bbox 2092 3111 2136 3172; x_wconf 89' lang='lat' dir='ltr'>C</span> 
     </span>
    </p>
   </div>
   <div class='ocr_carea' id='block_1_36' title="bbox 357 3194 2073 3269">
    <p class='ocr_par' dir='ltr' id='par_1_36' title="bbox 357 3194 2073 3269">
     <span class='ocr_line' id='line_1_36' title="bbox 357 3194 2073 3269; baseline -0.001 -13"><span class='ocrx_word' id='word_1_202' title='bbox 357 3197 483 3256; x_wconf 92' lang='lat' dir='ltr'><strong>loco</strong></span> <span class='ocrx_word' id='word_1_203' title='bbox 533 3194 892 3269; x_wconf 84' lang='lat' dir='ltr'><strong>excerpenda</strong></span> <span class='ocrx_word' id='word_1_204' title='bbox 949 3194 1178 3253; x_wconf 88' lang='lat' dir='ltr'><strong>decrevi</strong></span> <span class='ocrx_word' id='word_1_205' title='bbox 1236 3214 1248 3253; x_wconf 94' lang='lat'><strong>:</strong></span> <span class='ocrx_word' id='word_1_206' title='bbox 1313 3194 1478 3265; x_wconf 88' lang='lat' dir='ltr'><strong>Quia,</strong></span> <span class='ocrx_word' id='word_1_207' title='bbox 1536 3196 1766 3269; x_wconf 87' lang='lat' dir='ltr'><strong>inquit,</strong></span> <span class='ocrx_word' id='word_1_208' title='bbox 1822 3196 2073 3255; x_wconf 86' lang='lat' dir='ltr'><strong>refutavi</strong></span> 
     </span>
    </p>
   </div>
   <div class='ocr_carea' id='block_1_37' title="bbox 357 3284 2075 3359">
    <p class='ocr_par' dir='ltr' id='par_1_37' title="bbox 357 3284 2075 3359">
     <span class='ocr_line' id='line_1_37' title="bbox 357 3284 2075 3359; baseline 0 -15"><span class='ocrx_word' id='word_1_209' title='bbox 357 3285 812 3344; x_wconf 88' lang='lat' dir='ltr'><strong>ecclesiasticum</strong></span> <span class='ocrx_word' id='word_1_210' title='bbox 841 3284 1120 3358; x_wconf 89' lang='lat' dir='ltr'><strong>regimen,</strong></span> <span class='ocrx_word' id='word_1_211' title='bbox 1155 3293 1384 3344; x_wconf 89' lang='lat' dir='ltr'><strong>centum</strong></span> <span class='ocrx_word' id='word_1_212' title='bbox 1412 3301 1699 3344; x_wconf 89' lang='lat' dir='ltr'><strong>annorum</strong></span> <span class='ocrx_word' id='word_1_213' title='bbox 1735 3287 2075 3359; x_wconf 87' lang='lat' dir='ltr'><strong>poenitentia</strong></span> 
     </span>
    </p>
   </div>
   <div class='ocr_carea' id='block_1_38' title="bbox 359 3372 2074 3447">
    <p class='ocr_par' dir='ltr' id='par_1_38' title="bbox 359 3372 2074 3447">
     <span class='ocr_line' id='line_1_38' title="bbox 359 3372 2074 3447; baseline 0.001 -15"><span class='ocrx_word' id='word_1_214' title='bbox 359 3372 510 3432; x_wconf 89' lang='lat' dir='ltr'><strong>mihi</strong></span> <span class='ocrx_word' id='word_1_215' title='bbox 549 3373 816 3446; x_wconf 90' lang='lat' dir='ltr'><strong>injuncta</strong></span> <span class='ocrx_word' id='word_1_216' title='bbox 860 3378 962 3444; x_wconf 90' lang='lat' dir='ltr'><strong>est,</strong></span> <span class='ocrx_word' id='word_1_217' title='bbox 1005 3374 1328 3433; x_wconf 90' lang='lat' dir='ltr'><strong>secundum</strong></span> <span class='ocrx_word' id='word_1_218' title='bbox 1381 3374 1636 3432; x_wconf 89' lang='lat' dir='ltr'><strong>remedia</strong></span> <span class='ocrx_word' id='word_1_219' title='bbox 1684 3375 1902 3447; x_wconf 58' lang='lat' dir='ltr'><strong>regulae</strong></span> <span class='ocrx_word' id='word_1_220' title='bbox 1947 3391 2074 3434; x_wconf 90' lang='lat' dir='ltr'><strong>mo-</strong></span> 
     </span>
    </p>
   </div>
   <div class='ocr_carea' id='block_1_39' title="bbox 357 3460 1240 3594">
    <p class='ocr_par' dir='ltr' id='par_1_39' title="bbox 357 3460 1240 3594">
     <span class='ocr_line' id='line_1_39' title="bbox 357 3460 1240 3594; baseline -0.006 -73"><span class='ocrx_word' id='word_1_221' title='bbox 357 3460 616 3522; x_wconf 69' lang='lat' dir='ltr'><strong>nasticae.</strong></span> <span class='ocrx_word' id='word_1_222' title='bbox 1189 3535 1240 3594; x_wconf 78' lang='grc' dir='ltr'>Χ</span> 
     </span>
    </p>
   </div>
   <div class='ocr_carea' id='block_1_40' title="bbox 356 3641 2081 3714">
    <p class='ocr_par' dir='ltr' id='par_1_40' title="bbox 356 3641 2081 3714">
     <span class='ocr_line' id='line_1_40' title="bbox 356 3641 2081 3714; baseline -0.002 -14"><span class='ocrx_word' id='word_1_223' title='bbox 356 3646 682 3702; x_wconf 85' lang='lat' dir='ltr'><strong>Franciscus</strong></span> <span class='ocrx_word' id='word_1_224' title='bbox 755 3643 1050 3700; x_wconf 83' lang='lat' dir='ltr'><strong>Petrarcha</strong></span> <span class='ocrx_word' id='word_1_225' title='bbox 1131 3646 1268 3714; x_wconf 83' lang='lat' dir='ltr'><strong>(an._</strong></span> <span class='ocrx_word' id='word_1_226' title='bbox 1313 3641 1497 3710; x_wconf 85' lang='lat'><strong>1370),</strong></span> <span class='ocrx_word' id='word_1_227' title='bbox 1555 3646 1738 3698; x_wconf 82' lang='lat' dir='ltr'><strong>orator</strong></span> <span class='ocrx_word' id='word_1_228' title='bbox 1791 3648 1842 3698; x_wconf 85' lang='lat' dir='ltr'><strong>et</strong></span> <span class='ocrx_word' id='word_1_229' title='bbox 1913 3649 2081 3714; x_wconf 87' lang='lat' dir='ltr'><strong>poeta</strong></span> 
     </span>
    </p>
   </div>
   <div class='ocr_carea' id='block_1_41' title="bbox 431 3712 2077 3788">
    <p class='ocr_par' dir='ltr' id='par_1_41' title="bbox 431 3712 2077 3788">
     <span class='ocr_line' id='line_1_41' title="bbox 431 3712 2077 3788; baseline -0.002 -16"><span class='ocrx_word' id='word_1_230' title='bbox 431 3719 670 3782; x_wconf 77' lang='lat' dir='ltr'><strong>clariss.,</strong></span> <span class='ocrx_word' id='word_1_231' title='bbox 722 3732 846 3788; x_wconf 85' lang='lat' dir='ltr'><strong>cap.</strong></span> <span class='ocrx_word' id='word_1_232' title='bbox 899 3714 983 3779; x_wconf 87' lang='lat'><strong>17,</strong></span> <span class='ocrx_word' id='word_1_233' title='bbox 1033 3719 1191 3770; x_wconf 79' lang='lat' dir='ltr'><strong>tract.</strong></span> <span class='ocrx_word' id='word_1_234' title='bbox 1246 3712 1298 3778; x_wconf 88' lang='lat'><strong>3,</strong></span> <span class='ocrx_word' id='word_1_235' title='bbox 1361 3715 1463 3772; x_wconf 87' lang='lat' dir='ltr'><strong>lib.</strong></span> <span class='ocrx_word' id='word_1_236' title='bbox 1516 3725 1578 3778; x_wconf 88' lang='lat' dir='ltr'><strong>II,</strong></span> <span class='ocrx_word' id='word_1_237' title='bbox 1636 3717 1712 3769; x_wconf 92' lang='lat' dir='ltr'><strong>De</strong></span> <span class='ocrx_word' id='word_1_238' title='bbox 1767 3717 1886 3769; x_wconf 78' lang='lat' dir='ltr'><strong>vita</strong></span> <span class='ocrx_word' id='word_1_239' title='bbox 1913 3712 2077 3770; x_wconf 52' lang='lat' dir='ltr'><strong>_soli-</strong></span> 
     </span>
    </p>
   </div>
   <div class='ocr_carea' id='block_1_42' title="bbox 433 3792 603 3847">
    <p class='ocr_par' dir='ltr' id='par_1_42' title="bbox 433 3792 603 3847">
     <span class='ocr_line' id='line_1_42' title="bbox 433 3792 603 3847; baseline 0.018 -3"><span class='ocrx_word' id='word_1_240' title='bbox 433 3792 603 3847; x_wconf 82' lang='lat' dir='ltr'><strong>taria.</strong></span> 
     </span>
    </p>
   </div>
   <div class='ocr_carea' id='block_1_43' title="bbox 431 3893 2081 3968">
    <p class='ocr_par' dir='ltr' id='par_1_43' title="bbox 431 3893 2081 3968">
     <span class='ocr_line' id='line_1_43' title="bbox 431 3893 2081 3968; baseline -0.003 -13"><span class='ocrx_word' id='word_1_241' title='bbox 431 3895 636 3955; x_wconf 86' lang='lat' dir='ltr'><strong>Petrus</strong></span> <span class='ocrx_word' id='word_1_242' title='bbox 671 3910 830 3954; x_wconf 93' lang='lat' dir='ltr'><strong>nunc</strong></span> <span class='ocrx_word' id='word_1_243' title='bbox 865 3897 1116 3955; x_wconf 86' lang='lat' dir='ltr'><strong>occurrit</strong></span> <span class='ocrx_word' id='word_1_244' title='bbox 1151 3895 1272 3965; x_wconf 91' lang='lat' dir='ltr'><strong>ille,</strong></span> <span class='ocrx_word' id='word_1_245' title='bbox 1318 3893 1423 3968; x_wconf 92' lang='lat' dir='ltr'><strong>qui</strong></span> <span class='ocrx_word' id='word_1_246' title='bbox 1457 3893 1724 3952; x_wconf 89' lang='lat' dir='ltr'><strong>Damiani</strong></span> <span class='ocrx_word' id='word_1_247' title='bbox 1761 3907 2081 3966; x_wconf 87' lang='lat' dir='ltr'><strong>cognomen</strong></span> 
     </span>
    </p>
   </div>
   <div class='ocr_carea' id='block_1_44' title="bbox 361 3981 2084 4055">
    <p class='ocr_par' dir='ltr' id='par_1_44' title="bbox 361 3981 2084 4055">
     <span class='ocr_line' id='line_1_44' title="bbox 361 3981 2084 4055; baseline -0.002 -13"><span class='ocrx_word' id='word_1_248' title='bbox 361 3983 557 4052; x_wconf 89' lang='lat' dir='ltr'><strong>habet,</strong></span> <span class='ocrx_word' id='word_1_249' title='bbox 583 3982 854 4055; x_wconf 90' lang='lat' dir='ltr'><strong>quamvis</strong></span> <span class='ocrx_word' id='word_1_250' title='bbox 891 3987 946 4038; x_wconf 88' lang='lat' dir='ltr'><strong>et</strong></span> <span class='ocrx_word' id='word_1_251' title='bbox 987 3982 1059 4040; x_wconf 90' lang='lat' dir='ltr'><strong>de</strong></span> <span class='ocrx_word' id='word_1_252' title='bbox 1103 3983 1211 4040; x_wconf 89' lang='lat' dir='ltr'><strong>hoc</strong></span> <span class='ocrx_word' id='word_1_253' title='bbox 1237 3982 1382 4055; x_wconf 91' lang='lat' dir='ltr'><strong>ipso,</strong></span> <span class='ocrx_word' id='word_1_254' title='bbox 1414 3988 1470 4039; x_wconf 91' lang='lat' dir='ltr'><strong>et</strong></span> <span class='ocrx_word' id='word_1_255' title='bbox 1517 3982 1587 4040; x_wconf 92' lang='lat' dir='ltr'><strong>de</strong></span> <span class='ocrx_word' id='word_1_256' title='bbox 1624 3981 1761 4052; x_wconf 89' lang='lat' dir='ltr'><strong>vita,</strong></span> <span class='ocrx_word' id='word_1_257' title='bbox 1794 3981 2084 4054; x_wconf 89' lang='lat' dir='ltr'><strong>rebusque</strong></span> 
     </span>
    </p>
   </div>
   <div class='ocr_carea' id='block_1_45' title="bbox 364 4067 2084 4143">
    <p class='ocr_par' dir='ltr' id='par_1_45' title="bbox 364 4067 2084 4143">
     <span class='ocr_line' id='line_1_45' title="bbox 364 4067 2084 4143; baseline 0 -17"><span class='ocrx_word' id='word_1_258' title='bbox 364 4069 480 4128; x_wconf 88' lang='lat' dir='ltr'><strong>viri</strong></span> <span class='ocrx_word' id='word_1_259' title='bbox 509 4067 690 4142; x_wconf 89' lang='lat' dir='ltr'><strong>hujus</strong></span> <span class='ocrx_word' id='word_1_260' title='bbox 718 4069 1039 4138; x_wconf 87' lang='lat' dir='ltr'><strong>agentium,</strong></span> <span class='ocrx_word' id='word_1_261' title='bbox 1071 4069 1358 4128; x_wconf 90' lang='lat' dir='ltr'><strong>discordia</strong></span> <span class='ocrx_word' id='word_1_262' title='bbox 1395 4069 1576 4128; x_wconf 91' lang='lat' dir='ltr'><strong>multa</strong></span> <span class='ocrx_word' id='word_1_263' title='bbox 1606 4069 1680 4127; x_wconf 91' lang='lat' dir='ltr'><strong>sit</strong></span> <span class='ocrx_word' id='word_1_264' title='bbox 1709 4093 1720 4128; x_wconf 95' lang='lat'>:</span> <span class='ocrx_word' id='word_1_265' title='bbox 1755 4069 1910 4143; x_wconf 93' lang='lat' dir='ltr'><strong>quod</strong></span> <span class='ocrx_word' id='word_1_266' title='bbox 1947 4084 2084 4127; x_wconf 91' lang='lat' dir='ltr'><strong>eum</strong></span> 
     </span>
    </p>
   </div>
   <div class='ocr_carea' id='block_1_46' title="bbox 367 4159 2080 4234">
    <p class='ocr_par' dir='ltr' id='par_1_46' title="bbox 367 4159 2080 4234">
     <span class='ocr_line' id='line_1_46' title="bbox 367 4159 2080 4234; baseline -0.001 -15"><span class='ocrx_word' id='word_1_267' title='bbox 367 4161 470 4219; x_wconf 85' lang='lat' dir='ltr'><strong>alii</strong></span> <span class='ocrx_word' id='word_1_268' title='bbox 509 4175 541 4217; x_wconf 90' lang='lat' dir='ltr'><strong>e</strong></span> <span class='ocrx_word' id='word_1_269' title='bbox 578 4159 908 4219; x_wconf 88' lang='lat' dir='ltr'><strong>solitudinis</strong></span> <span class='ocrx_word' id='word_1_270' title='bbox 943 4160 1078 4229; x_wconf 89' lang='lat' dir='ltr'><strong>otio,</strong></span> <span class='ocrx_word' id='word_1_271' title='bbox 1109 4160 1180 4217; x_wconf 89' lang='lat' dir='ltr'><strong>ad</strong></span> <span class='ocrx_word' id='word_1_272' title='bbox 1214 4159 1586 4218; x_wconf 86' lang='lat' dir='ltr'><strong>ecclesiastici</strong></span> <span class='ocrx_word' id='word_1_273' title='bbox 1623 4160 1838 4234; x_wconf 80' lang='lat' dir='ltr'><strong>negotii</strong></span> <span class='ocrx_word' id='word_1_274' title='bbox 1876 4175 2080 4229; x_wconf 90' lang='lat' dir='ltr'><strong>curas;</strong></span> 
     </span>
    </p>
   </div>
   <div class='ocr_carea' id='block_1_47' title="bbox 368 4251 2084 4326">
    <p class='ocr_par' dir='ltr' id='par_1_47' title="bbox 368 4251 2084 4326">
     <span class='ocr_line' id='line_1_47' title="bbox 368 4251 2084 4326; baseline -0.001 -17"><span class='ocrx_word' id='word_1_275' title='bbox 368 4255 589 4321; x_wconf 90' lang='lat' dir='ltr'><strong>contra,</strong></span> <span class='ocrx_word' id='word_1_276' title='bbox 612 4251 715 4308; x_wconf 90' lang='lat' dir='ltr'><strong>alii</strong></span> <span class='ocrx_word' id='word_1_277' title='bbox 747 4266 822 4308; x_wconf 82' lang='lat' dir='ltr'><strong>ex</strong></span> <span class='ocrx_word' id='word_1_278' title='bbox 857 4251 980 4324; x_wconf 90' lang='lat' dir='ltr'><strong>ipsa</strong></span> <span class='ocrx_word' id='word_1_279' title='bbox 1017 4267 1290 4309; x_wconf 88' lang='lat' dir='ltr'><strong>curarum</strong></span> <span class='ocrx_word' id='word_1_280' title='bbox 1329 4266 1478 4323; x_wconf 88' lang='lat' dir='ltr'><strong>arce,</strong></span> <span class='ocrx_word' id='word_1_281' title='bbox 1515 4252 1879 4326; x_wconf 89' lang='lat' dir='ltr'><strong>strepituque</strong></span> <span class='ocrx_word' id='word_1_282' title='bbox 1906 4266 2084 4324; x_wconf 90' lang='lat' dir='ltr'><strong>nego-</strong></span> 
     </span>
    </p>
   </div>
   <div class='ocr_carea' id='block_1_48' title="bbox 371 4340 2085 4419">
    <p class='ocr_par' dir='ltr' id='par_1_48' title="bbox 371 4340 2085 4419">
     <span class='ocr_line' id='line_1_48' title="bbox 371 4340 2085 4419; baseline 0.001 -21"><span class='ocrx_word' id='word_1_283' title='bbox 371 4340 606 4413; x_wconf 89' lang='lat' dir='ltr'><strong>tiorum,</strong></span> <span class='ocrx_word' id='word_1_284' title='bbox 635 4341 708 4400; x_wconf 90' lang='lat' dir='ltr'><strong>ad</strong></span> <span class='ocrx_word' id='word_1_285' title='bbox 764 4342 930 4400; x_wconf 88' lang='lat' dir='ltr'><strong>otiosi</strong></span> <span class='ocrx_word' id='word_1_286' title='bbox 991 4341 1206 4400; x_wconf 85' lang='lat' dir='ltr'><strong>silentii</strong></span> <span class='ocrx_word' id='word_1_287' title='bbox 1252 4357 1448 4415; x_wconf 88' lang='lat' dir='ltr'><strong>pacem</strong></span> <span class='ocrx_word' id='word_1_288' title='bbox 1503 4345 1758 4402; x_wconf 89' lang='lat' dir='ltr'><strong>trahunt.</strong></span> <span class='ocrx_word' id='word_1_289' title='bbox 1818 4343 2085 4419; x_wconf 73' lang='lat' dir='ltr'><strong>Utrzeque</strong></span> 
     </span>
    </p>
   </div>
   <div class='ocr_carea' id='block_1_49' title="bbox 369 4431 2155 4524">
    <p class='ocr_par' dir='ltr' id='par_1_49' title="bbox 369 4431 2155 4524">
     <span class='ocr_line' id='line_1_49' title="bbox 369 4431 2155 4524; baseline 0.002 -34"><span class='ocrx_word' id='word_1_290' title='bbox 369 4431 511 4490; x_wconf 68' lang='lat' dir='ltr'><strong>vitea</strong></span> <span class='ocrx_word' id='word_1_291' title='bbox 563 4432 746 4508; x_wconf 88' lang='lat' dir='ltr'><strong>hujus</strong></span> <span class='ocrx_word' id='word_1_292' title='bbox 800 4431 1243 4502; x_wconf 87' lang='lat' dir='ltr'><strong>commendatio,</strong></span> <span class='ocrx_word' id='word_1_293' title='bbox 1304 4449 1407 4492; x_wconf 91' lang='lat' dir='ltr'><strong>seu</strong></span> <span class='ocrx_word' id='word_1_294' title='bbox 1465 4440 1619 4492; x_wconf 84' lang='lat' dir='ltr'><strong>tanto</strong></span> <span class='ocrx_word' id='word_1_295' title='bbox 1669 4435 1841 4494; x_wconf 88' lang='lat' dir='ltr'><strong>illum</strong></span> <span class='ocrx_word' id='word_1_296' title='bbox 1894 4435 2155 4524; x_wconf 82' lang='lat' dir='ltr'><strong>ofﬁcioD</strong></span> 
     </span>
    </p>
   </div>
   <div class='ocr_carea' id='block_1_50' title="bbox 371 4519 2086 4600">
    <p class='ocr_par' dir='ltr' id='par_1_50' title="bbox 371 4519 2086 4600">
     <span class='ocr_line' id='line_1_50' title="bbox 371 4519 2086 4600; baseline 0.003 -22"><span class='ocrx_word' id='word_1_297' title='bbox 371 4519 619 4593; x_wconf 87' lang='lat' dir='ltr'><strong>dignum</strong></span> <span class='ocrx_word' id='word_1_298' title='bbox 667 4521 818 4592; x_wconf 78' lang='lat' dir='ltr'><strong>fecit,</strong></span> <span class='ocrx_word' id='word_1_299' title='bbox 863 4537 965 4580; x_wconf 91' lang='lat' dir='ltr'><strong>seu</strong></span> <span class='ocrx_word' id='word_1_300' title='bbox 1011 4521 1134 4594; x_wconf 88' lang='lat' dir='ltr'><strong>ipsa</strong></span> <span class='ocrx_word' id='word_1_301' title='bbox 1183 4522 1358 4596; x_wconf 88' lang='lat' dir='ltr'><strong>digna</strong></span> <span class='ocrx_word' id='word_1_302' title='bbox 1407 4524 1531 4581; x_wconf 91' lang='lat' dir='ltr'><strong>visa</strong></span> <span class='ocrx_word' id='word_1_303' title='bbox 1590 4529 1694 4596; x_wconf 92' lang='lat' dir='ltr'><strong>est,</strong></span> <span class='ocrx_word' id='word_1_304' title='bbox 1739 4541 1873 4600; x_wconf 78' lang='lat' dir='ltr'><strong>quae</strong></span> <span class='ocrx_word' id='word_1_305' title='bbox 1933 4530 2086 4584; x_wconf 89' lang='lat' dir='ltr'><strong>tanto</strong></span> 
     </span>
    </p>
   </div>
   <div class='ocr_carea' id='block_1_51' title="bbox 373 4609 2087 4685">
    <p class='ocr_par' dir='ltr' id='par_1_51' title="bbox 373 4609 2087 4685">
     <span class='ocr_line' id='line_1_51' title="bbox 373 4609 2087 4685; baseline 0.004 -19"><span class='ocrx_word' id='word_1_306' title='bbox 373 4609 602 4681; x_wconf 83' lang='lat' dir='ltr'><strong>fastigio</strong></span> <span class='ocrx_word' id='word_1_307' title='bbox 629 4610 1018 4682; x_wconf 71' lang='lat' dir='ltr'><strong>pmferretur.</strong></span> <span class='ocrx_word' id='word_1_308' title='bbox 1053 4609 1168 4668; x_wconf 88' lang='lat' dir='ltr'><strong>Alii</strong></span> <span class='ocrx_word' id='word_1_309' title='bbox 1203 4625 1325 4669; x_wconf 89' lang='lat' dir='ltr'><strong>rem</strong></span> <span class='ocrx_word' id='word_1_310' title='bbox 1353 4613 1719 4685; x_wconf 87' lang='lat' dir='ltr'><strong>permiscent.</strong></span> <span class='ocrx_word' id='word_1_311' title='bbox 1751 4613 1921 4684; x_wconf 86' lang='lat' dir='ltr'><strong>Nam,</strong></span> <span class='ocrx_word' id='word_1_312' title='bbox 1951 4631 2087 4674; x_wconf 92' lang='lat' dir='ltr'><strong>cum</strong></span> 
     </span>
    </p>
   </div>
   <div class='ocr_carea' id='block_1_52' title="bbox 373 4697 2085 4774">
    <p class='ocr_par' dir='ltr' id='par_1_52' title="bbox 373 4697 2085 4774">
     <span class='ocr_line' id='line_1_52' title="bbox 373 4697 2085 4774; baseline 0.003 -18"><span class='ocrx_word' id='word_1_313' title='bbox 373 4697 639 4756; x_wconf 85' lang='lat' dir='ltr'><strong>exactius</strong></span> <span class='ocrx_word' id='word_1_314' title='bbox 687 4713 891 4757; x_wconf 91' lang='lat' dir='ltr'><strong>verum</strong></span> <span class='ocrx_word' id='word_1_315' title='bbox 935 4713 1206 4774; x_wconf 66' lang='lat' dir='ltr'><strong>quaerens</strong></span> <span class='ocrx_word' id='word_1_316' title='bbox 1252 4715 1438 4774; x_wconf 91' lang='lat' dir='ltr'><strong>usque</strong></span> <span class='ocrx_word' id='word_1_317' title='bbox 1479 4701 1551 4759; x_wconf 92' lang='lat' dir='ltr'><strong>ad</strong></span> <span class='ocrx_word' id='word_1_318' title='bbox 1599 4702 1952 4774; x_wconf 71' lang='lat' dir='ltr'><strong>coenobium,</strong></span> <span class='ocrx_word' id='word_1_319' title='bbox 1984 4703 2085 4761; x_wconf 92' lang='lat' dir='ltr'><strong>ubi</strong></span> 
     </span>
    </p>
   </div>
   <div class='ocr_carea' id='block_1_53' title="bbox 375 4788 2086 4868">
    <p class='ocr_par' dir='ltr' id='par_1_53' title="bbox 375 4788 2086 4868">
     <span class='ocr_line' id='line_1_53' title="bbox 375 4788 2086 4868; baseline 0.003 -22"><span class='ocrx_word' id='word_1_320' title='bbox 375 4788 428 4846; x_wconf 91' lang='lat' dir='ltr'><strong>is</strong></span> <span class='ocrx_word' id='word_1_321' title='bbox 461 4788 675 4860; x_wconf 87' lang='lat' dir='ltr'><strong>ﬂoruit,</strong></span> <span class='ocrx_word' id='word_1_322' title='bbox 707 4788 1018 4860; x_wconf 89' lang='lat' dir='ltr'><strong>misissem,</strong></span> <span class='ocrx_word' id='word_1_323' title='bbox 1045 4790 1148 4864; x_wconf 92' lang='lat' dir='ltr'><strong>qui</strong></span> <span class='ocrx_word' id='word_1_324' title='bbox 1179 4790 1325 4848; x_wconf 89' lang='lat' dir='ltr'><strong>mihi</strong></span> <span class='ocrx_word' id='word_1_325' title='bbox 1353 4799 1642 4865; x_wconf 88' lang='lat' dir='ltr'><strong>comperta</strong></span> <span class='ocrx_word' id='word_1_326' title='bbox 1666 4795 1862 4850; x_wconf 90' lang='lat' dir='ltr'><strong>omnia</strong></span> <span class='ocrx_word' id='word_1_327' title='bbox 1892 4809 2086 4868; x_wconf 88' lang='lat' dir='ltr'><strong>repor-</strong></span> 
     </span>
    </p>
   </div>
   <div class='ocr_carea' id='block_1_54' title="bbox 377 4879 2086 4957">
    <p class='ocr_par' dir='ltr' id='par_1_54' title="bbox 377 4879 2086 4957">
     <span class='ocr_line' id='line_1_54' title="bbox 377 4879 2086 4957; baseline 0.003 -21"><span class='ocrx_word' id='word_1_328' title='bbox 377 4883 605 4948; x_wconf 86' lang='lat' dir='ltr'><strong>tarent;</strong></span> <span class='ocrx_word' id='word_1_329' title='bbox 680 4879 1082 4951; x_wconf 87' lang='lat' dir='ltr'><strong>religiosorum</strong></span> <span class='ocrx_word' id='word_1_330' title='bbox 1133 4879 1240 4938; x_wconf 90' lang='lat' dir='ltr'><strong>loci</strong></span> <span class='ocrx_word' id='word_1_331' title='bbox 1288 4880 1450 4938; x_wconf 90' lang='lat' dir='ltr'><strong>illius</strong></span> <span class='ocrx_word' id='word_1_332' title='bbox 1501 4882 1816 4940; x_wconf 87' lang='lat' dir='ltr'><strong>assertione</strong></span> <span class='ocrx_word' id='word_1_333' title='bbox 1865 4883 2086 4957; x_wconf 91' lang='lat' dir='ltr'><strong>didici,</strong></span> 
     </span>
    </p>
   </div>
   <div class='ocr_carea' id='block_1_55' title="bbox 378 4968 2090 5045">
    <p class='ocr_par' dir='ltr' id='par_1_55' title="bbox 378 4968 2090 5045">
     <span class='ocr_line' id='line_1_55' title="bbox 378 4968 2090 5045; baseline 0.001 -18"><span class='ocrx_word' id='word_1_334' title='bbox 378 4968 559 5027; x_wconf 92' lang='lat' dir='ltr'><strong>fuisse</strong></span> <span class='ocrx_word' id='word_1_335' title='bbox 611 4982 746 5026; x_wconf 90' lang='lat' dir='ltr'><strong>eum</strong></span> <span class='ocrx_word' id='word_1_336' title='bbox 798 4969 987 5042; x_wconf 91' lang='lat' dir='ltr'><strong>primo</strong></span> <span class='ocrx_word' id='word_1_337' title='bbox 1032 4968 1270 5045; x_wconf 91' lang='lat' dir='ltr'><strong>quidem</strong></span> <span class='ocrx_word' id='word_1_338' title='bbox 1321 4969 1666 5039; x_wconf 88' lang='lat' dir='ltr'><strong>solitarium,</strong></span> <span class='ocrx_word' id='word_1_339' title='bbox 1732 4969 1868 5028; x_wconf 91' lang='lat' dir='ltr'><strong>inde</strong></span> <span class='ocrx_word' id='word_1_340' title='bbox 1912 4971 2090 5030; x_wconf 91' lang='lat' dir='ltr'><strong>altius</strong></span> 
     </span>
    </p>
   </div>
   <div class='ocr_carea' id='block_1_56' title="bbox 377 5054 2089 5130">
    <p class='ocr_par' dir='ltr' id='par_1_56' title="bbox 377 5054 2089 5130">
     <span class='ocr_line' id='line_1_56' title="bbox 377 5054 2089 5130; baseline 0.002 -17"><span class='ocrx_word' id='word_1_341' title='bbox 377 5063 666 5129; x_wconf 85' lang='lat' dir='ltr'><strong>evectum,</strong></span> <span class='ocrx_word' id='word_1_342' title='bbox 688 5054 923 5114; x_wconf 89' lang='lat' dir='ltr'><strong>demum</strong></span> <span class='ocrx_word' id='word_1_343' title='bbox 953 5057 1107 5117; x_wconf 89' lang='lat' dir='ltr'><strong>ultro</strong></span> <span class='ocrx_word' id='word_1_344' title='bbox 1128 5058 1199 5115; x_wconf 89' lang='lat' dir='ltr'><strong>ad</strong></span> <span class='ocrx_word' id='word_1_345' title='bbox 1232 5058 1604 5118; x_wconf 85' lang='lat' dir='ltr'><strong>solitudinem</strong></span> <span class='ocrx_word' id='word_1_346' title='bbox 1635 5059 1890 5117; x_wconf 86' lang='lat' dir='ltr'><strong>rediisse.</strong></span> <span class='ocrx_word' id='word_1_347' title='bbox 1925 5060 2089 5130; x_wconf 88' lang='lat' dir='ltr'><strong>Quod</strong></span> 
     </span>
    </p>
   </div>
   <div class='ocr_carea' id='block_1_57' title="bbox 382 5144 2091 5223">
    <p class='ocr_par' dir='ltr' id='par_1_57' title="bbox 382 5144 2091 5223">
     <span class='ocr_line' id='line_1_57' title="bbox 382 5144 2091 5223; baseline 0.003 -21"><span class='ocrx_word' id='word_1_348' title='bbox 382 5147 432 5204; x_wconf 90' lang='lat' dir='ltr'><strong>si</strong></span> <span class='ocrx_word' id='word_1_349' title='bbox 477 5148 557 5205; x_wconf 92' lang='lat' dir='ltr'><strong>ita</strong></span> <span class='ocrx_word' id='word_1_350' title='bbox 595 5155 702 5218; x_wconf 89' lang='lat' dir='ltr'><strong>est,</strong></span> <span class='ocrx_word' id='word_1_351' title='bbox 739 5152 794 5204; x_wconf 87' lang='lat' dir='ltr'><strong>et</strong></span> <span class='ocrx_word' id='word_1_352' title='bbox 832 5144 1112 5205; x_wconf 90' lang='lat' dir='ltr'><strong>indicium</strong></span> <span class='ocrx_word' id='word_1_353' title='bbox 1162 5150 1287 5223; x_wconf 86' lang='lat' dir='ltr'><strong>ejus</strong></span> <span class='ocrx_word' id='word_1_354' title='bbox 1327 5157 1656 5208; x_wconf 79' lang='lat' dir='ltr'><strong>extremum</strong></span> <span class='ocrx_word' id='word_1_355' title='bbox 1703 5154 1875 5221; x_wconf 88' lang='lat' dir='ltr'><strong>patet,</strong></span> <span class='ocrx_word' id='word_1_356' title='bbox 1929 5156 1984 5207; x_wconf 92' lang='lat' dir='ltr'><strong>et</strong></span> <span class='ocrx_word' id='word_1_357' title='bbox 2029 5149 2091 5207; x_wconf 92' lang='lat' dir='ltr'><strong>in</strong></span> 
     </span>
    </p>
   </div>
   <div class='ocr_carea' id='block_1_58' title="bbox 380 5238 2090 5313">
    <p class='ocr_par' dir='ltr' id='par_1_58' title="bbox 380 5238 2090 5313">
     <span class='ocr_line' id='line_1_58' title="bbox 380 5238 2090 5313; baseline 0.002 -17"><span class='ocrx_word' id='word_1_358' title='bbox 380 5253 569 5297; x_wconf 91' lang='lat' dir='ltr'><strong>unum</strong></span> <span class='ocrx_word' id='word_1_359' title='bbox 617 5239 952 5310; x_wconf 85' lang='lat' dir='ltr'><strong>exemplum</strong></span> <span class='ocrx_word' id='word_1_360' title='bbox 1003 5239 1332 5299; x_wconf 86' lang='lat' dir='ltr'><strong>solitudinis</strong></span> <span class='ocrx_word' id='word_1_361' title='bbox 1392 5239 1692 5313; x_wconf 88' lang='lat' dir='ltr'><strong>geminum</strong></span> <span class='ocrx_word' id='word_1_362' title='bbox 1744 5238 1917 5297; x_wconf 91' lang='lat' dir='ltr'><strong>decus</strong></span> <span class='ocrx_word' id='word_1_363' title='bbox 1958 5241 2090 5312; x_wconf 92' lang='lat' dir='ltr'><strong>coit,</strong></span> 
     </span>
    </p>
   </div>
   <div class='ocr_carea' id='block_1_59' title="bbox 381 5327 2094 5404">
    <p class='ocr_par' dir='ltr' id='par_1_59' title="bbox 381 5327 2094 5404">
     <span class='ocr_line' id='line_1_59' title="bbox 381 5327 2094 5404; baseline 0.003 -18"><span class='ocrx_word' id='word_1_364' title='bbox 381 5343 517 5400; x_wconf 68' lang='lat' dir='ltr'><strong>quae</strong></span> <span class='ocrx_word' id='word_1_365' title='bbox 572 5327 712 5385; x_wconf 86' lang='lat' dir='ltr'><strong>tales</strong></span> <span class='ocrx_word' id='word_1_366' title='bbox 767 5327 920 5386; x_wconf 92' lang='lat' dir='ltr'><strong>viros</strong></span> <span class='ocrx_word' id='word_1_367' title='bbox 973 5331 1184 5389; x_wconf 75' lang='lat' dir='ltr'><strong>saeculo</strong></span> <span class='ocrx_word' id='word_1_368' title='bbox 1237 5330 1580 5400; x_wconf 84' lang='lat' dir='ltr'><strong>commodat,</strong></span> <span class='ocrx_word' id='word_1_369' title='bbox 1617 5329 1964 5404; x_wconf 91' lang='lat' dir='ltr'><strong>eosdemque</strong></span> <span class='ocrx_word' id='word_1_370' title='bbox 2011 5333 2094 5391; x_wconf 90' lang='lat' dir='ltr'><strong>sic</strong></span> 
     </span>
    </p>
   </div>
   <div class='ocr_carea' id='block_1_60' title="bbox 384 5417 2092 5495">
    <p class='ocr_par' dir='ltr' id='par_1_60' title="bbox 384 5417 2092 5495">
     <span class='ocr_line' id='line_1_60' title="bbox 384 5417 2092 5495; baseline 0 -15"><span class='ocrx_word' id='word_1_371' title='bbox 384 5419 604 5494; x_wconf 87' lang='lat' dir='ltr'><strong>recipit.</strong></span> <span class='ocrx_word' id='word_1_372' title='bbox 639 5417 722 5476; x_wconf 90' lang='lat' dir='ltr'><strong>Ita</strong></span> <span class='ocrx_word' id='word_1_373' title='bbox 755 5435 890 5478; x_wconf 89' lang='lat' dir='ltr'><strong>vero</strong></span> <span class='ocrx_word' id='word_1_374' title='bbox 924 5437 1066 5492; x_wconf 88' lang='lat' dir='ltr'><strong>esse,</strong></span> <span class='ocrx_word' id='word_1_375' title='bbox 1102 5430 1166 5481; x_wconf 92' lang='lat' dir='ltr'><strong>ut</strong></span> <span class='ocrx_word' id='word_1_376' title='bbox 1196 5421 1446 5491; x_wconf 88' lang='lat' dir='ltr'><strong>credam,</strong></span> <span class='ocrx_word' id='word_1_377' title='bbox 1485 5420 1741 5493; x_wconf 69' lang='lat' dir='ltr'><strong>epistolaa</strong></span> <span class='ocrx_word' id='word_1_378' title='bbox 1783 5422 1908 5495; x_wconf 89' lang='lat' dir='ltr'><strong>ejus</strong></span> <span class='ocrx_word' id='word_1_379' title='bbox 1953 5423 2092 5482; x_wconf 89' lang='lat' dir='ltr'><strong>hor-</strong></span> 
     </span>
    </p>
   </div>
   <div class='ocr_carea' id='block_1_61' title="bbox 383 5509 2094 5584">
    <p class='ocr_par' dir='ltr' id='par_1_61' title="bbox 383 5509 2094 5584">
     <span class='ocr_line' id='line_1_61' title="bbox 383 5509 2094 5584; baseline 0.001 -15"><span class='ocrx_word' id='word_1_380' title='bbox 383 5515 601 5580; x_wconf 89' lang='lat' dir='ltr'><strong>tantur,</strong></span> <span class='ocrx_word' id='word_1_381' title='bbox 653 5524 798 5584; x_wconf 87' lang='lat' dir='ltr'><strong>quas</strong></span> <span class='ocrx_word' id='word_1_382' title='bbox 845 5527 1005 5571; x_wconf 90' lang='lat' dir='ltr'><strong>nunc</strong></span> <span class='ocrx_word' id='word_1_383' title='bbox 1049 5514 1325 5579; x_wconf 76' lang='lat' dir='ltr'><strong>maxime,</strong></span> <span class='ocrx_word' id='word_1_384' title='bbox 1363 5509 1454 5566; x_wconf 91' lang='lat' dir='ltr'><strong>his</strong></span> <span class='ocrx_word' id='word_1_385' title='bbox 1493 5509 1728 5580; x_wconf 88' lang='lat' dir='ltr'><strong>auditis,</strong></span> <span class='ocrx_word' id='word_1_386' title='bbox 1761 5510 1833 5569; x_wconf 89' lang='lat' dir='ltr'><strong>ad</strong></span> <span class='ocrx_word' id='word_1_387' title='bbox 1881 5527 2094 5571; x_wconf 91' lang='lat' dir='ltr'><strong>memo-</strong></span> 
     </span>
    </p>
   </div>
   <div class='ocr_carea' id='block_1_62' title="bbox 385 5598 2094 5674">
    <p class='ocr_par' dir='ltr' id='par_1_62' title="bbox 385 5598 2094 5674">
     <span class='ocr_line' id='line_1_62' title="bbox 385 5598 2094 5674; baseline 0.002 -19"><span class='ocrx_word' id='word_1_388' title='bbox 385 5598 532 5656; x_wconf 87' lang='lat' dir='ltr'><strong>riam</strong></span> <span class='ocrx_word' id='word_1_389' title='bbox 589 5613 811 5671; x_wconf 83' lang='lat' dir='ltr'><strong>revoco,</strong></span> <span class='ocrx_word' id='word_1_390' title='bbox 847 5600 1093 5660; x_wconf 89' lang='lat' dir='ltr'><strong>diversis</strong></span> <span class='ocrx_word' id='word_1_391' title='bbox 1148 5598 1264 5657; x_wconf 71' lang='lat' dir='ltr'><strong>illae</strong></span> <span class='ocrx_word' id='word_1_392' title='bbox 1316 5598 1554 5673; x_wconf 90' lang='lat' dir='ltr'><strong>quidem</strong></span> <span class='ocrx_word' id='word_1_393' title='bbox 1609 5599 1984 5674; x_wconf 88' lang='lat' dir='ltr'><strong>temporibus,</strong></span> <span class='ocrx_word' id='word_1_394' title='bbox 2039 5605 2094 5658; x_wconf 91' lang='lat' dir='ltr'><strong>et</strong></span> 
     </span>
    </p>
   </div>
   <div class='ocr_carea' id='block_1_63' title="bbox 2136 477 3862 556">
    <p class='ocr_par' dir='ltr' id='par_1_63' title="bbox 2136 477 3862 556">
     <span class='ocr_line' id='line_1_63' title="bbox 2136 477 3862 556; baseline 0.002 -20"><span class='ocrx_word' id='word_1_395' title='bbox 2136 479 2281 536; x_wconf 89' lang='lat' dir='ltr'><strong>mihi</strong></span> <span class='ocrx_word' id='word_1_396' title='bbox 2318 481 2576 553; x_wconf 79' lang='lat' dir='ltr'><strong>,videtur,</strong></span> <span class='ocrx_word' id='word_1_397' title='bbox 2603 489 2915 556; x_wconf 91' lang='lat' dir='ltr'><strong>occupatus</strong></span> <span class='ocrx_word' id='word_1_398' title='bbox 2959 479 3162 539; x_wconf 89' lang='lat' dir='ltr'><strong>amissi</strong></span> <span class='ocrx_word' id='word_1_399' title='bbox 3211 477 3311 536; x_wconf 91' lang='lat' dir='ltr'><strong>otii</strong></span> <span class='ocrx_word' id='word_1_400' title='bbox 3356 477 3622 551; x_wconf 87' lang='lat' dir='ltr'><strong>requiem</strong></span> <span class='ocrx_word' id='word_1_401' title='bbox 3663 481 3862 554; x_wconf 88' lang='lat' dir='ltr'><strong>suspi-</strong></span> 
     </span>
    </p>
   </div>
   <div class='ocr_carea' id='block_1_64' title="bbox 2139 569 3862 643">
    <p class='ocr_par' dir='ltr' id='par_1_64' title="bbox 2139 569 3862 643">
     <span class='ocr_line' id='line_1_64' title="bbox 2139 569 3862 643; baseline 0.001 -17"><span class='ocrx_word' id='word_1_402' title='bbox 2139 575 2264 638; x_wconf 92' lang='lat' dir='ltr'><strong>rat;</strong></span> <span class='ocrx_word' id='word_1_403' title='bbox 2311 570 2374 628; x_wconf 92' lang='lat' dir='ltr'><strong>in</strong></span> <span class='ocrx_word' id='word_1_404' title='bbox 2409 572 2540 632; x_wconf 90' lang='lat' dir='ltr'><strong>aliis</strong></span> <span class='ocrx_word' id='word_1_405' title='bbox 2579 574 2796 632; x_wconf 90' lang='lat' dir='ltr'><strong>otiosus</strong></span> <span class='ocrx_word' id='word_1_406' title='bbox 2825 571 3093 631; x_wconf 90' lang='lat' dir='ltr'><strong>transacti</strong></span> <span class='ocrx_word' id='word_1_407' title='bbox 3129 569 3343 643; x_wconf 88' lang='lat' dir='ltr'><strong>negotii</strong></span> <span class='ocrx_word' id='word_1_408' title='bbox 3382 569 3862 642; x_wconf 88' lang='lat' dir='ltr'><strong>inquietudinem</strong></span> 
     </span>
    </p>
   </div>
   <div class='ocr_carea' id='block_1_65' title="bbox 2136 658 3862 737">
    <p class='ocr_par' dir='ltr' id='par_1_65' title="bbox 2136 658 3862 737">
     <span class='ocr_line' id='line_1_65' title="bbox 2136 658 3862 737; baseline 0 -21"><span class='ocrx_word' id='word_1_409' title='bbox 2136 660 2483 720; x_wconf 88' lang='lat' dir='ltr'><strong>recordatur.</strong></span> <span class='ocrx_word' id='word_1_410' title='bbox 2535 663 2727 737; x_wconf 87' lang='lat' dir='ltr'><strong>Hujus</strong></span> <span class='ocrx_word' id='word_1_411' title='bbox 2772 661 2920 719; x_wconf 89' lang='lat' dir='ltr'><strong>mihi</strong></span> <span class='ocrx_word' id='word_1_412' title='bbox 2955 675 3116 718; x_wconf 90' lang='lat' dir='ltr'><strong>nunc</strong></span> <span class='ocrx_word' id='word_1_413' title='bbox 3161 658 3373 716; x_wconf 90' lang='lat' dir='ltr'><strong>certior</strong></span> <span class='ocrx_word' id='word_1_414' title='bbox 3419 658 3700 716; x_wconf 89' lang='lat' dir='ltr'><strong>memoria</strong></span> <span class='ocrx_word' id='word_1_415' title='bbox 3752 666 3862 718; x_wconf 91' lang='lat' dir='ltr'><strong>est.</strong></span> 
     </span>
    </p>
   </div>
   <div class='ocr_carea' id='block_1_66' title="bbox 2139 747 3866 825">
    <p class='ocr_par' dir='ltr' id='par_1_66' title="bbox 2139 747 3866 825">
     <span class='ocr_line' id='line_1_66' title="bbox 2139 747 3866 825; baseline 0.001 -19"><span class='ocrx_word' id='word_1_416' title='bbox 2139 747 2374 808; x_wconf 70' lang='lat' dir='ltr'><strong>Caeteris</strong></span> <span class='ocrx_word' id='word_1_417' title='bbox 2405 751 2604 823; x_wconf 86' lang='lat' dir='ltr'><strong>igitur,</strong></span> <span class='ocrx_word' id='word_1_418' title='bbox 2637 767 2770 825; x_wconf 61' lang='lat' dir='ltr'><strong>quae</strong></span> <span class='ocrx_word' id='word_1_419' title='bbox 2809 756 2972 809; x_wconf 81' lang='lat' dir='ltr'><strong>extra</strong></span> <span class='ocrx_word' id='word_1_420' title='bbox 3007 747 3363 824; x_wconf 88' lang='lat' dir='ltr'><strong>propositum</strong></span> <span class='ocrx_word' id='word_1_421' title='bbox 3405 754 3565 820; x_wconf 89' lang='lat' dir='ltr'><strong>sunt,</strong></span> <span class='ocrx_word' id='word_1_422' title='bbox 3605 749 3866 820; x_wconf 91' lang='lat' dir='ltr'><strong>omissis,</strong></span> 
     </span>
    </p>
   </div>
   <div class='ocr_carea' id='block_1_67' title="bbox 2140 839 3868 916">
    <p class='ocr_par' dir='ltr' id='par_1_67' title="bbox 2140 839 3868 916">
     <span class='ocr_line' id='line_1_67' title="bbox 2140 839 3868 916; baseline -0.001 -19"><span class='ocrx_word' id='word_1_423' title='bbox 2140 840 2364 914; x_wconf 91' lang='lat' dir='ltr'><strong>utique,</strong></span> <span class='ocrx_word' id='word_1_424' title='bbox 2397 842 2658 916; x_wconf 91' lang='lat' dir='ltr'><strong>inquam,</strong></span> <span class='ocrx_word' id='word_1_425' title='bbox 2695 842 2902 901; x_wconf 91' lang='lat' dir='ltr'><strong>Petrus</strong></span> <span class='ocrx_word' id='word_1_426' title='bbox 2938 841 3050 910; x_wconf 90' lang='lat' dir='ltr'><strong>hic,</strong></span> <span class='ocrx_word' id='word_1_427' title='bbox 3086 843 3376 913; x_wconf 87' lang='lat' dir='ltr'><strong>quantum</strong></span> <span class='ocrx_word' id='word_1_428' title='bbox 3414 855 3488 897; x_wconf 88' lang='lat' dir='ltr'><strong>ex</strong></span> <span class='ocrx_word' id='word_1_429' title='bbox 3522 839 3868 897; x_wconf 89' lang='lat' dir='ltr'><strong>novissimis</strong></span> 
     </span>
    </p>
   </div>
   <div class='ocr_carea' id='block_1_68' title="bbox 2145 925 3864 1001">
    <p class='ocr_par' dir='ltr' id='par_1_68' title="bbox 2145 925 3864 1001">
     <span class='ocr_line' id='line_1_68' title="bbox 2145 925 3864 1001; baseline 0 -17"><span class='ocrx_word' id='word_1_430' title='bbox 2145 925 2272 999; x_wconf 89' lang='lat' dir='ltr'><strong>ejus</strong></span> <span class='ocrx_word' id='word_1_431' title='bbox 2328 928 2554 1001; x_wconf 90' lang='lat' dir='ltr'><strong>scriptis</strong></span> <span class='ocrx_word' id='word_1_432' title='bbox 2614 928 2806 998; x_wconf 90' lang='lat' dir='ltr'><strong>elicio,</strong></span> <span class='ocrx_word' id='word_1_433' title='bbox 2865 927 3201 986; x_wconf 83' lang='lat' dir='ltr'><strong>Romanum</strong></span> <span class='ocrx_word' id='word_1_434' title='bbox 3257 926 3684 985; x_wconf 90' lang='lat' dir='ltr'><strong>cardinalatum</strong></span> <span class='ocrx_word' id='word_1_435' title='bbox 3740 943 3864 986; x_wconf 89' lang='lat' dir='ltr'><strong>non</strong></span> 
     </span>
    </p>
   </div>
   <div class='ocr_carea' id='block_1_69' title="bbox 2143 1013 3862 1090">
    <p class='ocr_par' dir='ltr' id='par_1_69' title="bbox 2143 1013 3862 1090">
     <span class='ocr_line' id='line_1_69' title="bbox 2143 1013 3862 1090; baseline 0.001 -19"><span class='ocrx_word' id='word_1_436' title='bbox 2143 1013 2270 1072; x_wconf 89' lang='lat' dir='ltr'><strong>sine</strong></span> <span class='ocrx_word' id='word_1_437' title='bbox 2319 1015 2491 1075; x_wconf 92' lang='lat' dir='ltr'><strong>laude</strong></span> <span class='ocrx_word' id='word_1_438' title='bbox 2525 1017 2854 1090; x_wconf 90' lang='lat' dir='ltr'><strong>possederat</strong></span> <span class='ocrx_word' id='word_1_439' title='bbox 2896 1040 2909 1074; x_wconf 91' lang='lat'><strong>:</strong></span> <span class='ocrx_word' id='word_1_440' title='bbox 2950 1017 3041 1074; x_wconf 92' lang='lat' dir='ltr'><strong>vir</strong></span> <span class='ocrx_word' id='word_1_441' title='bbox 3085 1014 3240 1074; x_wconf 89' lang='lat' dir='ltr'><strong>haud</strong></span> <span class='ocrx_word' id='word_1_442' title='bbox 3293 1014 3572 1087; x_wconf 88' lang='lat' dir='ltr'><strong>dignitate</strong></span> <span class='ocrx_word' id='word_1_443' title='bbox 3628 1014 3862 1086; x_wconf 88' lang='lat' dir='ltr'><strong>clarior,</strong></span> 
     </span>
    </p>
   </div>
   <div class='ocr_carea' id='block_1_70' title="bbox 2145 1103 3864 1178">
    <p class='ocr_par' dir='ltr' id='par_1_70' title="bbox 2145 1103 3864 1178">
     <span class='ocr_line' id='line_1_70' title="bbox 2145 1103 3864 1178; baseline 0.001 -17"><span class='ocrx_word' id='word_1_444' title='bbox 2145 1118 2322 1176; x_wconf 89' lang='lat' dir='ltr'><strong>quam</strong></span> <span class='ocrx_word' id='word_1_445' title='bbox 2351 1104 2570 1178; x_wconf 91' lang='lat' dir='ltr'><strong>lingua.</strong></span> <span class='ocrx_word' id='word_1_446' title='bbox 2605 1103 2755 1174; x_wconf 90' lang='lat' dir='ltr'><strong>Quid</strong></span> <span class='ocrx_word' id='word_1_447' title='bbox 2796 1111 2984 1162; x_wconf 91' lang='lat' dir='ltr'><strong>tamen</strong></span> <span class='ocrx_word' id='word_1_448' title='bbox 3019 1109 3074 1162; x_wconf 91' lang='lat' dir='ltr'><strong>et</strong></span> <span class='ocrx_word' id='word_1_449' title='bbox 3097 1104 3195 1162; x_wconf 92' lang='lat' dir='ltr'><strong>hic</strong></span> <span class='ocrx_word' id='word_1_450' title='bbox 3223 1103 3451 1163; x_wconf 89' lang='lat' dir='ltr'><strong>consilii</strong></span> <span class='ocrx_word' id='word_1_451' title='bbox 3481 1103 3715 1178; x_wconf 89' lang='lat' dir='ltr'><strong>ceperit,</strong></span> <span class='ocrx_word' id='word_1_452' title='bbox 3737 1105 3864 1178; x_wconf 91' lang='lat' dir='ltr'><strong>jam</strong></span> 
     </span>
    </p>
   </div>
   <div class='ocr_carea' id='block_1_71' title="bbox 2145 1192 3864 1270">
    <p class='ocr_par' dir='ltr' id='par_1_71' title="bbox 2145 1192 3864 1270">
     <span class='ocr_line' id='line_1_71' title="bbox 2145 1192 3864 1270; baseline 0.002 -21"><span class='ocrx_word' id='word_1_453' title='bbox 2145 1192 2365 1252; x_wconf 90' lang='lat' dir='ltr'><strong>audies.</strong></span> <span class='ocrx_word' id='word_1_454' title='bbox 2417 1193 2714 1270; x_wconf 89' lang='lat' dir='ltr'><strong>Siquidem</strong></span> <span class='ocrx_word' id='word_1_455' title='bbox 2758 1200 2970 1252; x_wconf 90' lang='lat' dir='ltr'><strong>statum</strong></span> <span class='ocrx_word' id='word_1_456' title='bbox 3013 1194 3203 1264; x_wconf 91' lang='lat' dir='ltr'><strong>illum,</strong></span> <span class='ocrx_word' id='word_1_457' title='bbox 3250 1209 3607 1268; x_wconf 89' lang='lat' dir='ltr'><strong>pompasque</strong></span> <span class='ocrx_word' id='word_1_458' title='bbox 3661 1194 3864 1254; x_wconf 77' lang='lat' dir='ltr'><strong>saeculi</strong></span> 
     </span>
    </p>
   </div>
   <div class='ocr_carea' id='block_1_72' title="bbox 2145 1282 3862 1359">
    <p class='ocr_par' dir='ltr' id='par_1_72' title="bbox 2145 1282 3862 1359">
     <span class='ocr_line' id='line_1_72' title="bbox 2145 1282 3862 1359; baseline 0 -19"><span class='ocrx_word' id='word_1_459' title='bbox 2145 1283 2571 1342; x_wconf 91' lang='lat' dir='ltr'><strong>contribulibus</strong></span> <span class='ocrx_word' id='word_1_460' title='bbox 2599 1285 2723 1344; x_wconf 90' lang='lat' dir='ltr'><strong>suis</strong></span> <span class='ocrx_word' id='word_1_461' title='bbox 2747 1284 3043 1359; x_wconf 87' lang='lat' dir='ltr'><strong>linquens,</strong></span> <span class='ocrx_word' id='word_1_462' title='bbox 3076 1285 3198 1358; x_wconf 89' lang='lat' dir='ltr'><strong>ipse</strong></span> <span class='ocrx_word' id='word_1_463' title='bbox 3227 1282 3409 1342; x_wconf 68' lang='lat' dir='ltr'><strong>Italiae</strong></span> <span class='ocrx_word' id='word_1_464' title='bbox 3440 1283 3654 1354; x_wconf 91' lang='lat' dir='ltr'><strong>medio,</strong></span> <span class='ocrx_word' id='word_1_465' title='bbox 3681 1283 3754 1340; x_wconf 91' lang='lat' dir='ltr'><strong>ad</strong></span> <span class='ocrx_word' id='word_1_466' title='bbox 3781 1283 3862 1340; x_wconf 93' lang='lat' dir='ltr'><strong>si-</strong></span> 
     </span>
    </p>
   </div>
   <div class='ocr_carea' id='block_1_73' title="bbox 2144 1374 3866 1450">
    <p class='ocr_par' dir='ltr' id='par_1_73' title="bbox 2144 1374 3866 1450">
     <span class='ocr_line' id='line_1_73' title="bbox 2144 1374 3866 1450; baseline -0.001 -18"><span class='ocrx_word' id='word_1_467' title='bbox 2144 1375 2394 1434; x_wconf 90' lang='lat' dir='ltr'><strong>nistrum</strong></span> <span class='ocrx_word' id='word_1_468' title='bbox 2410 1377 2707 1450; x_wconf 81' lang='lat' dir='ltr'><strong>Apennini</strong></span> <span class='ocrx_word' id='word_1_469' title='bbox 2730 1376 2903 1449; x_wconf 88' lang='lat' dir='ltr'><strong>latus,</strong></span> <span class='ocrx_word' id='word_1_470' title='bbox 2925 1375 3350 1450; x_wconf 88' lang='lat' dir='ltr'><strong>quietissimam</strong></span> <span class='ocrx_word' id='word_1_471' title='bbox 3372 1374 3770 1445; x_wconf 89' lang='lat' dir='ltr'><strong>solitudinem,</strong></span> <span class='ocrx_word' id='word_1_472' title='bbox 3793 1375 3866 1432; x_wconf 91' lang='lat' dir='ltr'><strong>de</strong></span> 
     </span>
    </p>
   </div>
   <div class='ocr_carea' id='block_1_74' title="bbox 2147 1463 3868 1542">
    <p class='ocr_par' dir='ltr' id='par_1_74' title="bbox 2147 1463 3868 1542">
     <span class='ocr_line' id='line_1_74' title="bbox 2147 1463 3868 1542; baseline -0.002 -18"><span class='ocrx_word' id='word_1_473' title='bbox 2147 1481 2264 1540; x_wconf 86' lang='lat' dir='ltr'><strong>qua</strong></span> <span class='ocrx_word' id='word_1_474' title='bbox 2310 1465 2493 1524; x_wconf 88' lang='lat' dir='ltr'><strong>multa</strong></span> <span class='ocrx_word' id='word_1_475' title='bbox 2549 1467 2904 1542; x_wconf 91' lang='lat' dir='ltr'><strong>conscripsit,</strong></span> <span class='ocrx_word' id='word_1_476' title='bbox 2941 1472 2996 1524; x_wconf 91' lang='lat' dir='ltr'><strong>et</strong></span> <span class='ocrx_word' id='word_1_477' title='bbox 3044 1482 3177 1540; x_wconf 59' lang='lat' dir='ltr'><strong>quas</strong></span> <span class='ocrx_word' id='word_1_478' title='bbox 3227 1472 3393 1524; x_wconf 90' lang='lat' dir='ltr'><strong>vetus</strong></span> <span class='ocrx_word' id='word_1_479' title='bbox 3431 1464 3622 1522; x_wconf 89' lang='lat' dir='ltr'><strong>adhuc</strong></span> <span class='ocrx_word' id='word_1_480' title='bbox 3665 1463 3868 1521; x_wconf 87' lang='lat' dir='ltr'><strong>Fontis</strong></span> 
     </span>
    </p>
   </div>
   <div class='ocr_carea' id='block_1_75' title="bbox 2146 1553 3868 1630">
    <p class='ocr_par' dir='ltr' id='par_1_75' title="bbox 2146 1553 3868 1630">
     <span class='ocr_line' id='line_1_75' title="bbox 2146 1553 3868 1630; baseline -0.002 -16"><span class='ocrx_word' id='word_1_481' title='bbox 2146 1555 2418 1616; x_wconf 87' lang='lat' dir='ltr'><strong>Avellani</strong></span> <span class='ocrx_word' id='word_1_482' title='bbox 2456 1571 2670 1616; x_wconf 91' lang='lat' dir='ltr'><strong>nomen</strong></span> <span class='ocrx_word' id='word_1_483' title='bbox 2709 1563 2915 1625; x_wconf 90' lang='lat' dir='ltr'><strong>servat,</strong></span> <span class='ocrx_word' id='word_1_484' title='bbox 2951 1555 3227 1630; x_wconf 90' lang='lat' dir='ltr'><strong>perituris</strong></span> <span class='ocrx_word' id='word_1_485' title='bbox 3287 1555 3608 1613; x_wconf 90' lang='lat' dir='ltr'><strong>honoribus</strong></span> <span class='ocrx_word' id='word_1_486' title='bbox 3654 1553 3868 1627; x_wconf 74' lang='lat' dir='ltr'><strong>praefe-</strong></span> 
     </span>
    </p>
   </div>
   <div class='ocr_carea' id='block_1_76' title="bbox 2149 1641 3866 1717">
    <p class='ocr_par' dir='ltr' id='par_1_76' title="bbox 2149 1641 3866 1717">
     <span class='ocr_line' id='line_1_76' title="bbox 2149 1641 3866 1717; baseline -0.003 -14"><span class='ocrx_word' id='word_1_487' title='bbox 2149 1644 2389 1703; x_wconf 91' lang='lat' dir='ltr'><strong>rendam</strong></span> <span class='ocrx_word' id='word_1_488' title='bbox 2422 1644 2635 1703; x_wconf 83' lang='lat' dir='ltr'><strong>duxit:</strong></span> <span class='ocrx_word' id='word_1_489' title='bbox 2668 1645 2772 1705; x_wconf 92' lang='lat' dir='ltr'><strong>ubi</strong></span> <span class='ocrx_word' id='word_1_490' title='bbox 2813 1660 2930 1703; x_wconf 92' lang='lat' dir='ltr'><strong>non</strong></span> <span class='ocrx_word' id='word_1_491' title='bbox 2960 1643 3159 1702; x_wconf 90' lang='lat' dir='ltr'><strong>minus</strong></span> <span class='ocrx_word' id='word_1_492' title='bbox 3199 1643 3447 1717; x_wconf 89' lang='lat' dir='ltr'><strong>gloriose</strong></span> <span class='ocrx_word' id='word_1_493' title='bbox 3495 1641 3866 1714; x_wconf 89' lang='lat' dir='ltr'><strong>postmodum</strong></span> 
     </span>
    </p>
   </div>
   <div class='ocr_carea' id='block_1_77' title="bbox 2081 1730 3868 1814">
    <p class='ocr_par' dir='ltr' id='par_1_77' title="bbox 2081 1730 3868 1814">
     <span class='ocr_line' id='line_1_77' title="bbox 2081 1730 3868 1814; baseline -0.002 -22"><span class='ocrx_word' id='word_1_494' title='bbox 2081 1755 2129 1814; x_wconf 82' lang='grc' dir='ltr'><strong>Β</strong></span> <span class='ocrx_word' id='word_1_495' title='bbox 2151 1733 2338 1804; x_wconf 90' lang='lat' dir='ltr'><strong>latuit,</strong></span> <span class='ocrx_word' id='word_1_496' title='bbox 2363 1749 2536 1807; x_wconf 85' lang='lat' dir='ltr'><strong>quam</strong></span> <span class='ocrx_word' id='word_1_497' title='bbox 2562 1733 2897 1794; x_wconf 90' lang='lat' dir='ltr'><strong>innotuerat</strong></span> <span class='ocrx_word' id='word_1_498' title='bbox 2922 1732 3180 1807; x_wconf 91' lang='lat' dir='ltr'><strong>primum</strong></span> <span class='ocrx_word' id='word_1_499' title='bbox 3207 1733 3409 1792; x_wconf 63' lang='lat' dir='ltr'><strong>Romae</strong></span> <span class='ocrx_word' id='word_1_500' title='bbox 3437 1750 3450 1788; x_wconf 93' lang='lat'>:</span> <span class='ocrx_word' id='word_1_501' title='bbox 3474 1746 3581 1789; x_wconf 91' lang='lat' dir='ltr'><strong>nec</strong></span> <span class='ocrx_word' id='word_1_502' title='bbox 3601 1730 3868 1788; x_wconf 88' lang='lat' dir='ltr'><strong>dedecori</strong></span> 
     </span>
    </p>
   </div>
   <div class='ocr_carea' id='block_1_78' title="bbox 2151 1817 3867 1898">
    <p class='ocr_par' dir='ltr' id='par_1_78' title="bbox 2151 1817 3867 1898">
     <span class='ocr_line' id='line_1_78' title="bbox 2151 1817 3867 1898; baseline -0.003 -18"><span class='ocrx_word' id='word_1_503' title='bbox 2151 1821 2240 1880; x_wconf 93' lang='lat' dir='ltr'><strong>illi</strong></span> <span class='ocrx_word' id='word_1_504' title='bbox 2270 1822 2379 1880; x_wconf 90' lang='lat' dir='ltr'><strong>fuit</strong></span> <span class='ocrx_word' id='word_1_505' title='bbox 2414 1822 2516 1880; x_wconf 88' lang='lat' dir='ltr'><strong>alti</strong></span> <span class='ocrx_word' id='word_1_506' title='bbox 2546 1823 2776 1883; x_wconf 89' lang='lat' dir='ltr'><strong>verticis</strong></span> <span class='ocrx_word' id='word_1_507' title='bbox 2822 1822 3066 1882; x_wconf 90' lang='lat' dir='ltr'><strong>rutilum</strong></span> <span class='ocrx_word' id='word_1_508' title='bbox 3119 1822 3316 1896; x_wconf 88' lang='lat' dir='ltr'><strong>decus,</strong></span> <span class='ocrx_word' id='word_1_509' title='bbox 3345 1819 3632 1898; x_wconf 91' lang='lat' dir='ltr'><strong>squalenti</strong></span> <span class='ocrx_word' id='word_1_510' title='bbox 3675 1817 3867 1876; x_wconf 92' lang='lat' dir='ltr'><strong>cilicio</strong></span> 
     </span>
    </p>
   </div>
   <div class='ocr_carea' id='block_1_79' title="bbox 2149 1920 2526 1987">
    <p class='ocr_par' dir='ltr' id='par_1_79' title="bbox 2149 1920 2526 1987">
     <span class='ocr_line' id='line_1_79' title="bbox 2149 1920 2526 1987; baseline 0.005 -16"><span class='ocrx_word' id='word_1_511' title='bbox 2149 1920 2526 1987; x_wconf 89' lang='lat' dir='ltr'><strong>permutasse.</strong></span> 
     </span>
    </p>
   </div>
   <div class='ocr_carea' id='block_1_80' title="bbox 2955 1990 3059 2049">
    <p class='ocr_par' dir='ltr' id='par_1_80' title="bbox 2955 1990 3059 2049">
     <span class='ocr_line' id='line_1_80' title="bbox 2955 1990 3059 2049; baseline 0 0"><span class='ocrx_word' id='word_1_512' title='bbox 2955 1990 3059 2049; x_wconf 84' lang='lat' dir='ltr'><strong>XI.</strong></span> 
     </span>
    </p>
   </div>
   <div class='ocr_carea' id='block_1_81' title="bbox 2149 2093 3866 2171">
    <p class='ocr_par' dir='ltr' id='par_1_81' title="bbox 2149 2093 3866 2171">
     <span class='ocr_line' id='line_1_81' title="bbox 2149 2093 3866 2171; baseline -0.004 -17"><span class='ocrx_word' id='word_1_513' title='bbox 2149 2099 2209 2154; x_wconf 93' lang='lat' dir='ltr'><strong>S.</strong></span> <span class='ocrx_word' id='word_1_514' title='bbox 2267 2099 2580 2153; x_wconf 87' lang='lat' dir='ltr'><strong>Antoninus</strong></span> <span class='ocrx_word' id='word_1_515' title='bbox 2630 2097 2746 2171; x_wconf 90' lang='lat' dir='ltr'><strong>(an.</strong></span> <span class='ocrx_word' id='word_1_516' title='bbox 2805 2097 2990 2170; x_wconf 80' lang='grc'>1450),</span> <span class='ocrx_word' id='word_1_517' title='bbox 3047 2115 3116 2153; x_wconf 69' lang='lat' dir='ltr'><strong>em</strong></span> <span class='ocrx_word' id='word_1_518' title='bbox 3180 2095 3379 2171; x_wconf 70' lang='lat' dir='ltr'><strong>ordine</strong></span> <span class='ocrx_word' id='word_1_519' title='bbox 3442 2093 3866 2164; x_wconf 64' lang='lat' dir='ltr'><strong>pradicatorum</strong></span> 
     </span>
    </p>
   </div>
   <div class='ocr_carea' id='block_1_82' title="bbox 2222 2168 3868 2240">
    <p class='ocr_par' dir='ltr' id='par_1_82' title="bbox 2222 2168 3868 2240">
     <span class='ocr_line' id='line_1_82' title="bbox 2222 2168 3868 2240; baseline -0.003 -17"><span class='ocrx_word' id='word_1_520' title='bbox 2222 2168 2672 2240; x_wconf 77' lang='lat' dir='ltr'><strong>archiepiscopus</strong></span> <span class='ocrx_word' id='word_1_521' title='bbox 2743 2168 3106 2233; x_wconf 79' lang='lat' dir='ltr'><strong>Florentinus,</strong></span> <span class='ocrx_word' id='word_1_522' title='bbox 3176 2168 3563 2226; x_wconf 81' lang='lat' dir='ltr'><strong>Chronicoru-m.</strong></span> <span class='ocrx_word' id='word_1_523' title='bbox 3645 2179 3868 2218; x_wconf 78' lang='lat' dir='ltr'><strong>suorum</strong></span> 
     </span>
    </p>
   </div>
   <div class='ocr_carea' id='block_1_83' title="bbox 2215 2239 2949 2313">
    <p class='ocr_par' dir='ltr' id='par_1_83' title="bbox 2215 2239 2949 2313">
     <span class='ocr_line' id='line_1_83' title="bbox 2215 2239 2949 2313; baseline 0.004 -19"><span class='ocrx_word' id='word_1_524' title='bbox 2215 2245 2376 2312; x_wconf 87' lang='lat' dir='ltr'><strong>parte</strong></span> <span class='ocrx_word' id='word_1_525' title='bbox 2403 2239 2464 2303; x_wconf 76' lang='lat' dir='ltr'><strong>ll,</strong></span> <span class='ocrx_word' id='word_1_526' title='bbox 2496 2243 2583 2296; x_wconf 87' lang='lat' dir='ltr'><strong>tit.</strong></span> <span class='ocrx_word' id='word_1_527' title='bbox 2625 2239 2706 2305; x_wconf 86' lang='lat'><strong>16,</strong></span> <span class='ocrx_word' id='word_1_528' title='bbox 2739 2258 2861 2313; x_wconf 88' lang='lat' dir='ltr'><strong>cap.</strong></span> <span class='ocrx_word' id='word_1_529' title='bbox 2893 2241 2949 2300; x_wconf 93' lang='lat'><strong>8.</strong></span> 
     </span>
    </p>
   </div>
   <div class='ocr_carea' id='block_1_84' title="bbox 2221 2343 3872 2406">
    <p class='ocr_par' dir='ltr' id='par_1_84' title="bbox 2221 2343 3872 2406">
     <span class='ocr_line' id='line_1_84' title="bbox 2221 2343 3872 2406; baseline -0.003 -2"><span class='ocrx_word' id='word_1_530' title='bbox 2221 2348 2395 2404; x_wconf 87' lang='lat' dir='ltr'><strong>Anno</strong></span> <span class='ocrx_word' id='word_1_531' title='bbox 2450 2346 2685 2405; x_wconf 90' lang='lat' dir='ltr'><strong>Domini</strong></span> <span class='ocrx_word' id='word_1_532' title='bbox 2747 2347 2902 2406; x_wconf 87' lang='grc'>1068.</span> <span class='ocrx_word' id='word_1_533' title='bbox 2963 2347 3169 2406; x_wconf 91' lang='lat' dir='ltr'><strong>Petrus</strong></span> <span class='ocrx_word' id='word_1_534' title='bbox 3241 2343 3559 2402; x_wconf 91' lang='lat' dir='ltr'><strong>Damianus</strong></span> <span class='ocrx_word' id='word_1_535' title='bbox 3623 2343 3744 2400; x_wconf 88' lang='lat' dir='ltr'><strong>vita</strong></span> <span class='ocrx_word' id='word_1_536' title='bbox 3815 2349 3872 2400; x_wconf 90' lang='lat' dir='ltr'><strong>et</strong></span> 
     </span>
    </p>
   </div>
   <div class='ocr_carea' id='block_1_85' title="bbox 2107 2429 3870 2509">
    <p class='ocr_par' dir='ltr' id='par_1_85' title="bbox 2107 2429 3870 2509">
     <span class='ocr_line' id='line_1_85' title="bbox 2107 2429 3870 2509; baseline -0.002 -18"><span class='ocrx_word' id='word_1_537' title='bbox 2107 2475 2116 2491; x_wconf 92' lang='lat'><strong>.</strong></span> <span class='ocrx_word' id='word_1_538' title='bbox 2151 2434 2390 2492; x_wconf 92' lang='lat' dir='ltr'><strong>scientia</strong></span> <span class='ocrx_word' id='word_1_539' title='bbox 2419 2435 2688 2509; x_wconf 87' lang='lat' dir='ltr'><strong>insignis,</strong></span> <span class='ocrx_word' id='word_1_540' title='bbox 2720 2435 2968 2496; x_wconf 90' lang='lat' dir='ltr'><strong>habetur</strong></span> <span class='ocrx_word' id='word_1_541' title='bbox 2993 2437 3057 2494; x_wconf 91' lang='lat' dir='ltr'>in</span> <span class='ocrx_word' id='word_1_542' title='bbox 3085 2433 3269 2492; x_wconf 88' lang='lat' dir='ltr'><strong>Italia.</strong></span> <span class='ocrx_word' id='word_1_543' title='bbox 3301 2432 3411 2490; x_wconf 92' lang='lat' dir='ltr'><strong>Hic</strong></span> <span class='ocrx_word' id='word_1_544' title='bbox 3445 2430 3624 2489; x_wconf 90' lang='lat' dir='ltr'><strong>edidit</strong></span> <span class='ocrx_word' id='word_1_545' title='bbox 3654 2429 3870 2488; x_wconf 90' lang='lat' dir='ltr'><strong>multos</strong></span> 
     </span>
    </p>
   </div>
   <div class='ocr_carea' id='block_1_86' title="bbox 2153 2521 3868 2602">
    <p class='ocr_par' dir='ltr' id='par_1_86' title="bbox 2153 2521 3868 2602">
     <span class='ocr_line' id='line_1_86' title="bbox 2153 2521 3868 2602; baseline -0.004 -16"><span class='ocrx_word' id='word_1_546' title='bbox 2153 2527 2736 2601; x_wconf 45' lang='lat' dir='ltr'><strong>sermonesgeleganti</strong></span> <span class='ocrx_word' id='word_1_547' title='bbox 2769 2527 2914 2602; x_wconf 83' lang='lat' dir='ltr'><strong>stylo</strong></span> <span class='ocrx_word' id='word_1_548' title='bbox 2944 2528 3014 2586; x_wconf 90' lang='lat' dir='ltr'><strong>de</strong></span> <span class='ocrx_word' id='word_1_549' title='bbox 3043 2525 3290 2585; x_wconf 92' lang='lat' dir='ltr'><strong>diversis</strong></span> <span class='ocrx_word' id='word_1_550' title='bbox 3317 2523 3592 2582; x_wconf 90' lang='lat' dir='ltr'><strong>materiis.</strong></span> <span class='ocrx_word' id='word_1_551' title='bbox 3626 2521 3868 2595; x_wconf 91' lang='lat' dir='ltr'><strong>Episco-</strong></span> 
     </span>
    </p>
   </div>
   <div class='ocr_carea' id='block_1_87' title="bbox 2152 2611 3870 2692">
    <p class='ocr_par' dir='ltr' id='par_1_87' title="bbox 2152 2611 3870 2692">
     <span class='ocr_line' id='line_1_87' title="bbox 2152 2611 3870 2692; baseline -0.003 -17"><span class='ocrx_word' id='word_1_552' title='bbox 2152 2617 2313 2691; x_wconf 91' lang='lat' dir='ltr'><strong>patui</strong></span> <span class='ocrx_word' id='word_1_553' title='bbox 2341 2633 2494 2688; x_wconf 92' lang='lat' dir='ltr'><strong>vero,</strong></span> <span class='ocrx_word' id='word_1_554' title='bbox 2525 2634 2641 2692; x_wconf 91' lang='lat' dir='ltr'><strong>quo</strong></span> <span class='ocrx_word' id='word_1_555' title='bbox 2680 2618 2972 2678; x_wconf 87' lang='lat' dir='ltr'><strong>infulatus</strong></span> <span class='ocrx_word' id='word_1_556' title='bbox 3008 2620 3217 2688; x_wconf 84' lang='lat' dir='ltr'><strong>fuerat,</strong></span> <span class='ocrx_word' id='word_1_557' title='bbox 3248 2613 3626 2685; x_wconf 88' lang='lat' dir='ltr'><strong>renuntiavit,</strong></span> <span class='ocrx_word' id='word_1_558' title='bbox 3662 2620 3726 2672; x_wconf 92' lang='lat' dir='ltr'><strong>ut</strong></span> <span class='ocrx_word' id='word_1_559' title='bbox 3751 2611 3870 2670; x_wconf 93' lang='lat' dir='ltr'><strong>Deo</strong></span> 
     </span>
    </p>
   </div>
   <div class='ocr_carea' id='block_1_88' title="bbox 2153 2701 3870 2782">
    <p class='ocr_par' dir='ltr' id='par_1_88' title="bbox 2153 2701 3870 2782">
     <span class='ocr_line' id='line_1_88' title="bbox 2153 2701 3870 2782; baseline -0.004 -19"><span class='ocrx_word' id='word_1_560' title='bbox 2153 2705 2396 2765; x_wconf 88' lang='lat' dir='ltr'><strong>liberius</strong></span> <span class='ocrx_word' id='word_1_561' title='bbox 2424 2712 2669 2766; x_wconf 91' lang='lat' dir='ltr'><strong>vacaret.</strong></span> <span class='ocrx_word' id='word_1_562' title='bbox 2709 2705 2950 2782; x_wconf 89' lang='lat' dir='ltr'><strong>Scripsit</strong></span> <span class='ocrx_word' id='word_1_563' title='bbox 2973 2713 3029 2766; x_wconf 89' lang='lat' dir='ltr'><strong>et</strong></span> <span class='ocrx_word' id='word_1_564' title='bbox 3058 2709 3227 2782; x_wconf 91' lang='lat' dir='ltr'><strong>plura</strong></span> <span class='ocrx_word' id='word_1_565' title='bbox 3247 2704 3544 2778; x_wconf 87' lang='lat' dir='ltr'><strong>opuscula,</strong></span> <span class='ocrx_word' id='word_1_566' title='bbox 3575 2701 3870 2771; x_wconf 89' lang='lat' dir='ltr'><strong>videlicet,</strong></span> 
     </span>
    </p>
   </div>
   <div class='ocr_carea' id='block_1_89' title="bbox 2153 2788 3872 2869">
    <p class='ocr_par' dir='ltr' id='par_1_89' title="bbox 2153 2788 3872 2869">
     <span class='ocr_line' id='line_1_89' title="bbox 2153 2788 3872 2869; baseline -0.003 -19"><span class='ocrx_word' id='word_1_567' title='bbox 2153 2793 2374 2851; x_wconf 92' lang='lat' dir='ltr'><strong>librum</strong></span> <span class='ocrx_word' id='word_1_568' title='bbox 2401 2793 2659 2867; x_wconf 89' lang='lat' dir='ltr'><strong>primum</strong></span> <span class='ocrx_word' id='word_1_569' title='bbox 2694 2795 2775 2852; x_wconf 91' lang='lat' dir='ltr'><strong>De</strong></span> <span class='ocrx_word' id='word_1_570' title='bbox 2824 2795 3175 2869; x_wconf 89' lang='lat' dir='ltr'><strong>perfectione</strong></span> <span class='ocrx_word' id='word_1_571' title='bbox 3214 2791 3631 2851; x_wconf 91' lang='lat' dir='ltr'><strong>monachorum</strong></span> <span class='ocrx_word' id='word_1_572' title='bbox 3683 2805 3695 2843; x_wconf 91' lang='lat'>:</span> <span class='ocrx_word' id='word_1_573' title='bbox 3731 2788 3872 2846; x_wconf 88' lang='lat' dir='ltr'><strong>item</strong></span> 
     </span>
    </p>
   </div>
   <div class='ocr_carea' id='block_1_90' title="bbox 2152 2876 3873 2957">
    <p class='ocr_par' dir='ltr' id='par_1_90' title="bbox 2152 2876 3873 2957">
     <span class='ocr_line' id='line_1_90' title="bbox 2152 2876 3873 2957; baseline -0.004 -17"><span class='ocrx_word' id='word_1_574' title='bbox 2152 2882 2356 2952; x_wconf 89' lang='lat' dir='ltr'><strong>alium,</strong></span> <span class='ocrx_word' id='word_1_575' title='bbox 2405 2882 2507 2957; x_wconf 90' lang='lat' dir='ltr'><strong>qui</strong></span> <span class='ocrx_word' id='word_1_576' title='bbox 2547 2882 2878 2943; x_wconf 89' lang='lat' dir='ltr'><strong>intitulatur</strong></span> <span class='ocrx_word' id='word_1_577' title='bbox 2932 2883 3330 2955; x_wconf 89' lang='lat' dir='ltr'><strong>Gratissimus,</strong></span> <span class='ocrx_word' id='word_1_578' title='bbox 3382 2895 3485 2938; x_wconf 93' lang='lat' dir='ltr'><strong>seu</strong></span> <span class='ocrx_word' id='word_1_579' title='bbox 3539 2876 3873 2937; x_wconf 88' lang='lat' dir='ltr'><strong>Probatissi-</strong></span> 
     </span>
    </p>
   </div>
   <div class='ocr_carea' id='block_1_91' title="bbox 2154 2967 3880 3044">
    <p class='ocr_par' dir='ltr' id='par_1_91' title="bbox 2154 2967 3880 3044">
     <span class='ocr_line' id='line_1_91' title="bbox 2154 2967 3880 3044; baseline -0.005 -16"><span class='ocrx_word' id='word_1_580' title='bbox 2154 2987 2310 3044; x_wconf 90' lang='lat' dir='ltr'><strong>mus,</strong></span> <span class='ocrx_word' id='word_1_581' title='bbox 2348 2978 2403 3030; x_wconf 88' lang='lat' dir='ltr'><strong>et</strong></span> <span class='ocrx_word' id='word_1_582' title='bbox 2432 2977 2630 3030; x_wconf 90' lang='lat' dir='ltr'><strong>contra</strong></span> <span class='ocrx_word' id='word_1_583' title='bbox 2657 2972 3008 3032; x_wconf 89' lang='lat' dir='ltr'><strong>simoniacos</strong></span> <span class='ocrx_word' id='word_1_584' title='bbox 3039 2997 3052 3031; x_wconf 87' lang='lat'><strong>:</strong></span> <span class='ocrx_word' id='word_1_585' title='bbox 3081 2973 3220 3030; x_wconf 87' lang='lat' dir='ltr'><strong>item</strong></span> <span class='ocrx_word' id='word_1_586' title='bbox 3249 2971 3465 3029; x_wconf 90' lang='lat' dir='ltr'><strong>librum</strong></span> <span class='ocrx_word' id='word_1_587' title='bbox 3494 2967 3576 3025; x_wconf 90' lang='lat' dir='ltr'><strong>De</strong></span> <span class='ocrx_word' id='word_1_588' title='bbox 3608 2971 3880 3023; x_wconf 87' lang='lat' dir='ltr'><strong>contem-</strong></span> 
     </span>
    </p>
   </div>
   <div class='ocr_carea' id='block_1_92' title="bbox 2157 3052 3875 3136">
    <p class='ocr_par' dir='ltr' id='par_1_92' title="bbox 2157 3052 3875 3136">
     <span class='ocr_line' id='line_1_92' title="bbox 2157 3052 3875 3136; baseline -0.005 -18"><span class='ocrx_word' id='word_1_589' title='bbox 2157 3066 2258 3134; x_wconf 92' lang='lat' dir='ltr'><strong>ptu</strong></span> <span class='ocrx_word' id='word_1_590' title='bbox 2287 3060 2491 3118; x_wconf 67' lang='lat' dir='ltr'><strong>smculi</strong></span> <span class='ocrx_word' id='word_1_591' title='bbox 2520 3079 2532 3119; x_wconf 91' lang='lat'><strong>:</strong></span> <span class='ocrx_word' id='word_1_592' title='bbox 2566 3061 2705 3118; x_wconf 90' lang='lat' dir='ltr'><strong>item</strong></span> <span class='ocrx_word' id='word_1_593' title='bbox 2745 3061 3041 3133; x_wconf 91' lang='lat' dir='ltr'><strong>libellum,</strong></span> <span class='ocrx_word' id='word_1_594' title='bbox 3076 3061 3178 3136; x_wconf 92' lang='lat' dir='ltr'><strong>qui</strong></span> <span class='ocrx_word' id='word_1_595' title='bbox 3202 3058 3552 3126; x_wconf 88' lang='lat' dir='ltr'><strong>intitulatur,</strong></span> <span class='ocrx_word' id='word_1_596' title='bbox 3585 3052 3875 3112; x_wconf 91' lang='lat' dir='ltr'><strong>Dominus</strong></span> 
     </span>
    </p>
   </div>
   <div class='ocr_carea' id='block_1_93' title="bbox 2159 3141 3872 3224">
    <p class='ocr_par' dir='ltr' id='par_1_93' title="bbox 2159 3141 3872 3224">
     <span class='ocr_line' id='line_1_93' title="bbox 2159 3141 3872 3224; baseline -0.005 -18"><span class='ocrx_word' id='word_1_597' title='bbox 2159 3149 2480 3221; x_wconf 89' lang='lat' dir='ltr'><strong>vobiscum,</strong></span> <span class='ocrx_word' id='word_1_598' title='bbox 2504 3149 2577 3207; x_wconf 92' lang='lat' dir='ltr'><strong>ad</strong></span> <span class='ocrx_word' id='word_1_599' title='bbox 2607 3149 2861 3208; x_wconf 88' lang='lat' dir='ltr'><strong>Leonem</strong></span> <span class='ocrx_word' id='word_1_600' title='bbox 2890 3165 3117 3224; x_wconf 87' lang='lat' dir='ltr'><strong>papam,</strong></span> <span class='ocrx_word' id='word_1_601' title='bbox 3145 3147 3362 3206; x_wconf 89' lang='lat' dir='ltr'><strong>librum</strong></span> <span class='ocrx_word' id='word_1_602' title='bbox 3389 3145 3461 3202; x_wconf 91' lang='lat' dir='ltr'><strong>de</strong></span> <span class='ocrx_word' id='word_1_603' title='bbox 3490 3141 3872 3202; x_wconf 84' lang='lat' dir='ltr'><strong>Consuetudi-</strong></span> 
     </span>
    </p>
   </div>
   <div class='ocr_carea' id='block_1_94' title="bbox 2158 3232 3877 3312">
    <p class='ocr_par' dir='ltr' id='par_1_94' title="bbox 2158 3232 3877 3312">
     <span class='ocr_line' id='line_1_94' title="bbox 2158 3232 3877 3312; baseline -0.005 -16"><span class='ocrx_word' id='word_1_604' title='bbox 2158 3239 2334 3298; x_wconf 92' lang='lat' dir='ltr'><strong>nibus</strong></span> <span class='ocrx_word' id='word_1_605' title='bbox 2368 3237 2680 3296; x_wconf 65' lang='lat' dir='ltr'><strong>Ecclesiae:</strong></span> <span class='ocrx_word' id='word_1_606' title='bbox 2712 3239 2851 3298; x_wconf 87' lang='lat' dir='ltr'><strong>item</strong></span> <span class='ocrx_word' id='word_1_607' title='bbox 2877 3237 3106 3312; x_wconf 90' lang='lat' dir='ltr'><strong>scripsit</strong></span> <span class='ocrx_word' id='word_1_608' title='bbox 3135 3236 3394 3310; x_wconf 87' lang='lat' dir='ltr'><strong>regulam</strong></span> <span class='ocrx_word' id='word_1_609' title='bbox 3421 3232 3798 3301; x_wconf 88' lang='lat' dir='ltr'><strong>eremiticam,</strong></span> <span class='ocrx_word' id='word_1_610' title='bbox 3821 3239 3877 3289; x_wconf 83' lang='lat' dir='ltr'><strong>et</strong></span> 
     </span>
    </p>
   </div>
   <div class='ocr_carea' id='block_1_95' title="bbox 2157 3320 3878 3394">
    <p class='ocr_par' dir='ltr' id='par_1_95' title="bbox 2157 3320 3878 3394">
     <span class='ocr_line' id='line_1_95' title="bbox 2157 3320 3878 3394; baseline -0.004 -11"><span class='ocrx_word' id='word_1_611' title='bbox 2157 3326 2227 3384; x_wconf 87' lang='lat' dir='ltr'><strong>de</strong></span> <span class='ocrx_word' id='word_1_612' title='bbox 2254 3326 2455 3384; x_wconf 89' lang='lat' dir='ltr'><strong>ordine</strong></span> <span class='ocrx_word' id='word_1_613' title='bbox 2484 3327 2619 3384; x_wconf 66' lang='lat' dir='ltr'><strong>vitae</strong></span> <span class='ocrx_word' id='word_1_614' title='bbox 2647 3327 2960 3384; x_wconf 67' lang='lat' dir='ltr'><strong>eremiticze</strong></span> <span class='ocrx_word' id='word_1_615' title='bbox 3004 3349 3016 3383; x_wconf 92' lang='lat'>:</span> <span class='ocrx_word' id='word_1_616' title='bbox 3061 3326 3198 3382; x_wconf 89' lang='lat' dir='ltr'><strong>item</strong></span> <span class='ocrx_word' id='word_1_617' title='bbox 3238 3323 3455 3381; x_wconf 91' lang='lat' dir='ltr'><strong>librum</strong></span> <span class='ocrx_word' id='word_1_618' title='bbox 3497 3337 3599 3394; x_wconf 92' lang='lat' dir='ltr'><strong>per</strong></span> <span class='ocrx_word' id='word_1_619' title='bbox 3635 3320 3878 3377; x_wconf 92' lang='lat' dir='ltr'><strong>modum</strong></span> 
     </span>
    </p>
   </div>
   <div class='ocr_carea' id='block_1_96' title="bbox 2157 3409 3872 3489">
    <p class='ocr_par' dir='ltr' id='par_1_96' title="bbox 2157 3409 3872 3489">
     <span class='ocr_line' id='line_1_96' title="bbox 2157 3409 3872 3489; baseline -0.005 -17"><span class='ocrx_word' id='word_1_620' title='bbox 2157 3415 2389 3489; x_wconf 88' lang='lat' dir='ltr'><strong>dialogi,</strong></span> <span class='ocrx_word' id='word_1_621' title='bbox 2413 3423 2608 3474; x_wconf 90' lang='lat' dir='ltr'><strong>contra</strong></span> <span class='ocrx_word' id='word_1_622' title='bbox 2635 3415 2869 3474; x_wconf 65' lang='lat' dir='ltr'><strong>Iudaeos</strong></span> <span class='ocrx_word' id='word_1_623' title='bbox 2903 3434 2917 3472; x_wconf 90' lang='lat'><strong>:</strong></span> <span class='ocrx_word' id='word_1_624' title='bbox 2951 3415 3091 3472; x_wconf 91' lang='lat' dir='ltr'><strong>item</strong></span> <span class='ocrx_word' id='word_1_625' title='bbox 3121 3411 3388 3471; x_wconf 90' lang='lat' dir='ltr'><strong>libellum</strong></span> <span class='ocrx_word' id='word_1_626' title='bbox 3418 3409 3829 3468; x_wconf 89' lang='lat' dir='ltr'><strong>Narrationum</strong></span> <span class='ocrx_word' id='word_1_627' title='bbox 3860 3431 3872 3464; x_wconf 94' lang='lat'>:</span> 
     </span>
    </p>
   </div>
   <div class='ocr_carea' id='block_1_97' title="bbox 2158 3497 3878 3578">
    <p class='ocr_par' dir='ltr' id='par_1_97' title="bbox 2158 3497 3878 3578">
     <span class='ocr_line' id='line_1_97' title="bbox 2158 3497 3878 3578; baseline -0.005 -16"><span class='ocrx_word' id='word_1_628' title='bbox 2158 3504 2295 3562; x_wconf 86' lang='lat' dir='ltr'><strong>item</strong></span> <span class='ocrx_word' id='word_1_629' title='bbox 2323 3504 2537 3563; x_wconf 89' lang='lat' dir='ltr'><strong>librum</strong></span> <span class='ocrx_word' id='word_1_630' title='bbox 2572 3504 2652 3562; x_wconf 91' lang='lat' dir='ltr'><strong>De</strong></span> <span class='ocrx_word' id='word_1_631' title='bbox 2678 3503 3065 3578; x_wconf 89' lang='lat' dir='ltr'><strong>diremptione</strong></span> <span class='ocrx_word' id='word_1_632' title='bbox 3081 3501 3426 3576; x_wconf 88' lang='lat' dir='ltr'><strong>nuptiarum</strong></span> <span class='ocrx_word' id='word_1_633' title='bbox 3455 3516 3466 3550; x_wconf 90' lang='lat'>:</span> <span class='ocrx_word' id='word_1_634' title='bbox 3494 3499 3635 3556; x_wconf 90' lang='lat' dir='ltr'><strong>item</strong></span> <span class='ocrx_word' id='word_1_635' title='bbox 3662 3497 3878 3554; x_wconf 92' lang='lat' dir='ltr'><strong>librum</strong></span> 
     </span>
    </p>
   </div>
   <div class='ocr_carea' id='block_1_98' title="bbox 2159 3585 3877 3669">
    <p class='ocr_par' dir='ltr' id='par_1_98' title="bbox 2159 3585 3877 3669">
     <span class='ocr_line' id='line_1_98' title="bbox 2159 3585 3877 3669; baseline -0.006 -17"><span class='ocrx_word' id='word_1_636' title='bbox 2159 3596 2240 3654; x_wconf 90' lang='lat' dir='ltr'><strong>De</strong></span> <span class='ocrx_word' id='word_1_637' title='bbox 2269 3593 2658 3669; x_wconf 86' lang='lat' dir='ltr'><strong>disputatiOne</strong></span> <span class='ocrx_word' id='word_1_638' title='bbox 2715 3595 2786 3652; x_wconf 92' lang='lat' dir='ltr'><strong>de</strong></span> <span class='ocrx_word' id='word_1_639' title='bbox 2846 3593 3140 3652; x_wconf 88' lang='lat' dir='ltr'><strong>canonicis</strong></span> <span class='ocrx_word' id='word_1_640' title='bbox 3197 3590 3566 3650; x_wconf 78' lang='lat' dir='ltr'><strong>horiszitem</strong></span> <span class='ocrx_word' id='word_1_641' title='bbox 3623 3585 3877 3656; x_wconf 84' lang='lat' dir='ltr'><strong>Invecti-</strong></span> 
     </span>
    </p>
   </div>
   <div class='ocr_carea' id='block_1_99' title="bbox 2159 3674 3880 3759">
    <p class='ocr_par' dir='ltr' id='par_1_99' title="bbox 2159 3674 3880 3759">
     <span class='ocr_line' id='line_1_99' title="bbox 2159 3674 3880 3759; baseline -0.007 -16"><span class='ocrx_word' id='word_1_642' title='bbox 2159 3701 2294 3744; x_wconf 88' lang='lat' dir='ltr'><strong>vam</strong></span> <span class='ocrx_word' id='word_1_643' title='bbox 2326 3691 2525 3742; x_wconf 88' lang='lat' dir='ltr'><strong>contra</strong></span> <span class='ocrx_word' id='word_1_644' title='bbox 2557 3685 2870 3759; x_wconf 90' lang='lat' dir='ltr'><strong>quemdam</strong></span> <span class='ocrx_word' id='word_1_645' title='bbox 2911 3684 3270 3757; x_wconf 87' lang='lat' dir='ltr'><strong>episcopum,</strong></span> <span class='ocrx_word' id='word_1_646' title='bbox 3302 3681 3405 3754; x_wconf 92' lang='lat' dir='ltr'><strong>qui</strong></span> <span class='ocrx_word' id='word_1_647' title='bbox 3447 3677 3759 3737; x_wconf 89' lang='lat' dir='ltr'><strong>monachos</strong></span> <span class='ocrx_word' id='word_1_648' title='bbox 3806 3674 3880 3732; x_wconf 89' lang='lat' dir='ltr'><strong>ad</strong></span> 
     </span>
    </p>
   </div>
   <div class='ocr_carea' id='block_1_100' title="bbox 2162 3765 3878 3844">
    <p class='ocr_par' dir='ltr' id='par_1_100' title="bbox 2162 3765 3878 3844">
     <span class='ocr_line' id='line_1_100' title="bbox 2162 3765 3878 3844; baseline -0.008 -11"><span class='ocrx_word' id='word_1_649' title='bbox 2162 3773 2446 3833; x_wconf 66' lang='lat' dir='ltr'><strong>saeculum</strong></span> <span class='ocrx_word' id='word_1_650' title='bbox 2476 3774 2794 3832; x_wconf 88' lang='lat' dir='ltr'><strong>revocabat.</strong></span> <span class='ocrx_word' id='word_1_651' title='bbox 2830 3774 3034 3831; x_wconf 88' lang='lat' dir='ltr'><strong>Narrat</strong></span> <span class='ocrx_word' id='word_1_652' title='bbox 3062 3774 3236 3830; x_wconf 91' lang='lat' dir='ltr'><strong>etiam</strong></span> <span class='ocrx_word' id='word_1_653' title='bbox 3277 3770 3447 3844; x_wconf 92' lang='lat' dir='ltr'><strong>plura</strong></span> <span class='ocrx_word' id='word_1_654' title='bbox 3484 3765 3747 3840; x_wconf 85' lang='lat' dir='ltr'><strong>exempla</strong></span> <span class='ocrx_word' id='word_1_655' title='bbox 3781 3779 3878 3822; x_wconf 83' lang='lat' dir='ltr'><strong>eo-</strong></span> 
     </span>
    </p>
   </div>
   <div class='ocr_carea' id='block_1_101' title="bbox 2163 3853 3882 3938">
    <p class='ocr_par' dir='ltr' id='par_1_101' title="bbox 2163 3853 3882 3938">
     <span class='ocr_line' id='line_1_101' title="bbox 2163 3853 3882 3938; baseline -0.005 -16"><span class='ocrx_word' id='word_1_656' title='bbox 2163 3881 2319 3935; x_wconf 89' lang='lat' dir='ltr'><strong>rum,</strong></span> <span class='ocrx_word' id='word_1_657' title='bbox 2351 3881 2483 3938; x_wconf 72' lang='lat' dir='ltr'><strong>qua)</strong></span> <span class='ocrx_word' id='word_1_658' title='bbox 2514 3864 2879 3937; x_wconf 87' lang='lat' dir='ltr'><strong>contigerunt</strong></span> <span class='ocrx_word' id='word_1_659' title='bbox 2906 3861 3260 3936; x_wconf 89' lang='lat' dir='ltr'><strong>temporibus</strong></span> <span class='ocrx_word' id='word_1_660' title='bbox 3289 3860 3413 3918; x_wconf 88' lang='lat' dir='ltr'><strong>suis</strong></span> <span class='ocrx_word' id='word_1_661' title='bbox 3438 3859 3500 3916; x_wconf 90' lang='lat' dir='ltr'><strong>in</strong></span> <span class='ocrx_word' id='word_1_662' title='bbox 3527 3853 3772 3914; x_wconf 79' lang='lat' dir='ltr'><strong>diversis</strong></span> <span class='ocrx_word' id='word_1_663' title='bbox 3799 3853 3882 3913; x_wconf 86' lang='lat' dir='ltr'><strong>lo-</strong></span> 
     </span>
    </p>
   </div>
   <div class='ocr_carea' id='block_1_102' title="bbox 2163 3943 3884 4026">
    <p class='ocr_par' dir='ltr' id='par_1_102' title="bbox 2163 3943 3884 4026">
     <span class='ocr_line' id='line_1_102' title="bbox 2163 3943 3884 4026; baseline -0.008 -13"><span class='ocrx_word' id='word_1_664' title='bbox 2163 3955 2243 4013; x_wconf 89' lang='lat' dir='ltr'><strong>cis</strong></span> <span class='ocrx_word' id='word_1_665' title='bbox 2266 3954 2517 4013; x_wconf 89' lang='lat' dir='ltr'><strong>multum</strong></span> <span class='ocrx_word' id='word_1_666' title='bbox 2549 3953 2845 4023; x_wconf 88' lang='lat' dir='ltr'><strong>notabilia,</strong></span> <span class='ocrx_word' id='word_1_667' title='bbox 2871 3953 2942 4010; x_wconf 87' lang='lat' dir='ltr'><strong>de</strong></span> <span class='ocrx_word' id='word_1_668' title='bbox 2962 3950 3180 4026; x_wconf 91' lang='lat' dir='ltr'><strong>quibus</strong></span> <span class='ocrx_word' id='word_1_669' title='bbox 3202 3950 3262 4006; x_wconf 91' lang='lat' dir='ltr'>in</span> <span class='ocrx_word' id='word_1_670' title='bbox 3284 3949 3393 4006; x_wconf 91' lang='lat' dir='ltr'><strong>isto</strong></span> <span class='ocrx_word' id='word_1_671' title='bbox 3415 3943 3666 4022; x_wconf 90' lang='lat' dir='ltr'><strong>capitulo</strong></span> <span class='ocrx_word' id='word_1_672' title='bbox 3683 3943 3884 4016; x_wconf 88' lang='lat' dir='ltr'><strong>aliqua</strong></span> 
     </span>
    </p>
   </div>
   <div class='ocr_carea' id='block_1_103' title="bbox 2164 4037 3885 4118">
    <p class='ocr_par' dir='ltr' id='par_1_103' title="bbox 2164 4037 3885 4118">
     <span class='ocr_line' id='line_1_103' title="bbox 2164 4037 3885 4118; baseline -0.009 -14"><span class='ocrx_word' id='word_1_673' title='bbox 2164 4051 2484 4118; x_wconf 88' lang='lat' dir='ltr'><strong>ponuntur.</strong></span> <span class='ocrx_word' id='word_1_674' title='bbox 2518 4043 2584 4101; x_wconf 91' lang='lat' dir='ltr'><strong>In</strong></span> <span class='ocrx_word' id='word_1_675' title='bbox 2626 4043 2924 4118; x_wconf 83' lang='lat' dir='ltr'><strong>Apologia,</strong></span> <span class='ocrx_word' id='word_1_676' title='bbox 2959 4041 3016 4098; x_wconf 93' lang='lat' dir='ltr'><strong>id</strong></span> <span class='ocrx_word' id='word_1_677' title='bbox 3049 4047 3133 4097; x_wconf 90' lang='lat' dir='ltr'><strong>est</strong></span> <span class='ocrx_word' id='word_1_678' title='bbox 3160 4037 3534 4096; x_wconf 77' lang='lat' dir='ltr'><strong>excusatione</strong></span> <span class='ocrx_word' id='word_1_679' title='bbox 3569 4048 3676 4092; x_wconf 90' lang='lat' dir='ltr'><strong>sua</strong></span> <span class='ocrx_word' id='word_1_680' title='bbox 3704 4047 3885 4105; x_wconf 89' lang='lat' dir='ltr'><strong>super</strong></span> 
     </span>
    </p>
   </div>
   <div class='ocr_carea' id='block_1_104' title="bbox 2165 4119 3886 4206">
    <p class='ocr_par' dir='ltr' id='par_1_104' title="bbox 2165 4119 3886 4206">
     <span class='ocr_line' id='line_1_104' title="bbox 2165 4119 3886 4206; baseline -0.008 -16"><span class='ocrx_word' id='word_1_681' title='bbox 2165 4133 2493 4206; x_wconf 88' lang='lat' dir='ltr'><strong>episcopatu</strong></span> <span class='ocrx_word' id='word_1_682' title='bbox 2536 4131 2796 4202; x_wconf 88' lang='lat' dir='ltr'><strong>dimisso,</strong></span> <span class='ocrx_word' id='word_1_683' title='bbox 2835 4128 3204 4188; x_wconf 88' lang='lat' dir='ltr'><strong>Helinandus</strong></span> <span class='ocrx_word' id='word_1_684' title='bbox 3251 4125 3332 4183; x_wconf 91' lang='lat' dir='ltr'><strong>sic</strong></span> <span class='ocrx_word' id='word_1_685' title='bbox 3365 4125 3446 4182; x_wconf 92' lang='lat' dir='ltr'><strong>ait</strong></span> <span class='ocrx_word' id='word_1_686' title='bbox 3486 4124 3556 4180; x_wconf 90' lang='lat' dir='ltr'><strong>de</strong></span> <span class='ocrx_word' id='word_1_687' title='bbox 3607 4135 3672 4178; x_wconf 93' lang='lat' dir='ltr'><strong>eo</strong></span> <span class='ocrx_word' id='word_1_688' title='bbox 3726 4143 3740 4178; x_wconf 90' lang='lat'><strong>:</strong></span> <span class='ocrx_word' id='word_1_689' title='bbox 3775 4119 3886 4177; x_wconf 92' lang='lat' dir='ltr'><strong>Hic</strong></span> 
     </span>
    </p>
   </div>
   <div class='ocr_carea' id='block_1_105' title="bbox 2168 4209 3887 4294">
    <p class='ocr_par' dir='ltr' id='par_1_105' title="bbox 2168 4209 3887 4294">
     <span class='ocr_line' id='line_1_105' title="bbox 2168 4209 3887 4294; baseline -0.006 -16"><span class='ocrx_word' id='word_1_690' title='bbox 2168 4221 2370 4278; x_wconf 83' lang='lat' dir='ltr'><strong>Petrus</strong></span> <span class='ocrx_word' id='word_1_691' title='bbox 2413 4220 2481 4276; x_wconf 88' lang='lat' dir='ltr'><strong>ad</strong></span> <span class='ocrx_word' id='word_1_692' title='bbox 2513 4235 2718 4294; x_wconf 87' lang='lat' dir='ltr'><strong>papam</strong></span> <span class='ocrx_word' id='word_1_693' title='bbox 2758 4217 3244 4287; x_wconf 84' lang='lat' dir='ltr'><strong>Hildebrandum,</strong></span> <span class='ocrx_word' id='word_1_694' title='bbox 3273 4215 3378 4291; x_wconf 90' lang='lat' dir='ltr'><strong>qui</strong></span> <span class='ocrx_word' id='word_1_695' title='bbox 3419 4213 3531 4272; x_wconf 89' lang='lat' dir='ltr'><strong>fuit</strong></span> <span class='ocrx_word' id='word_1_696' title='bbox 3569 4209 3887 4282; x_wconf 89' lang='lat' dir='ltr'><strong>Gregorius</strong></span> 
     </span>
    </p>
   </div>
   <div class='ocr_carea' id='block_1_106' title="bbox 2167 4300 3884 4383">
    <p class='ocr_par' dir='ltr' id='par_1_106' title="bbox 2167 4300 3884 4383">
     <span class='ocr_line' id='line_1_106' title="bbox 2167 4300 3884 4383; baseline -0.006 -17"><span class='ocrx_word' id='word_1_697' title='bbox 2167 4308 2446 4383; x_wconf 89' lang='lat' dir='ltr'><strong>septimus</strong></span> <span class='ocrx_word' id='word_1_698' title='bbox 2486 4310 2732 4382; x_wconf 85' lang='lat' dir='ltr'><strong>scripsit,</strong></span> <span class='ocrx_word' id='word_1_699' title='bbox 2769 4309 3049 4366; x_wconf 90' lang='lat' dir='ltr'><strong>rationem</strong></span> <span class='ocrx_word' id='word_1_700' title='bbox 3084 4305 3334 4364; x_wconf 87' lang='lat' dir='ltr'><strong>reddens</strong></span> <span class='ocrx_word' id='word_1_701' title='bbox 3367 4317 3551 4378; x_wconf 88' lang='lat' dir='ltr'><strong>quare</strong></span> <span class='ocrx_word' id='word_1_702' title='bbox 3588 4300 3884 4373; x_wconf 89' lang='lat' dir='ltr'><strong>episcopa-</strong></span> 
     </span>
    </p>
   </div>
   <div class='ocr_carea' id='block_1_107' title="bbox 2169 4389 3888 4469">
    <p class='ocr_par' dir='ltr' id='par_1_107' title="bbox 2169 4389 3888 4469">
     <span class='ocr_line' id='line_1_107' title="bbox 2169 4389 3888 4469; baseline -0.007 -11"><span class='ocrx_word' id='word_1_703' title='bbox 2169 4407 2294 4458; x_wconf 90' lang='lat' dir='ltr'><strong>tum</strong></span> <span class='ocrx_word' id='word_1_704' title='bbox 2323 4398 2634 4456; x_wconf 87' lang='lat' dir='ltr'><strong>dimiserat.</strong></span> <span class='ocrx_word' id='word_1_705' title='bbox 2678 4397 2812 4454; x_wconf 89' lang='lat' dir='ltr'><strong>Erat</strong></span> <span class='ocrx_word' id='word_1_706' title='bbox 2850 4398 3007 4455; x_wconf 90' lang='lat' dir='ltr'><strong>enim</strong></span> <span class='ocrx_word' id='word_1_707' title='bbox 3045 4397 3137 4454; x_wconf 90' lang='lat' dir='ltr'><strong>vir</strong></span> <span class='ocrx_word' id='word_1_708' title='bbox 3174 4394 3476 4469; x_wconf 89' lang='lat' dir='ltr'><strong>sapientia,</strong></span> <span class='ocrx_word' id='word_1_709' title='bbox 3509 4397 3566 4448; x_wconf 89' lang='lat' dir='ltr'><strong>et</strong></span> <span class='ocrx_word' id='word_1_710' title='bbox 3603 4389 3888 4461; x_wconf 86' lang='lat' dir='ltr'><strong>religione</strong></span> 
     </span>
    </p>
   </div>
   <div class='ocr_carea' id='block_1_108' title="bbox 2173 4479 3886 4558">
    <p class='ocr_par' dir='ltr' id='par_1_108' title="bbox 2173 4479 3886 4558">
     <span class='ocr_line' id='line_1_108' title="bbox 2173 4479 3886 4558; baseline -0.005 -11"><span class='ocrx_word' id='word_1_711' title='bbox 2173 4488 2688 4547; x_wconf 89' lang='lat' dir='ltr'><strong>nominatissimus.</strong></span> <span class='ocrx_word' id='word_1_712' title='bbox 2714 4493 2783 4545; x_wconf 83' lang='lat' dir='ltr'><strong>Et</strong></span> <span class='ocrx_word' id='word_1_713' title='bbox 2812 4493 3000 4558; x_wconf 83' lang='lat' dir='ltr'><strong>infra:</strong></span> <span class='ocrx_word' id='word_1_714' title='bbox 3024 4485 3138 4558; x_wconf 92' lang='lat' dir='ltr'><strong>Qui</strong></span> <span class='ocrx_word' id='word_1_715' title='bbox 3169 4485 3347 4544; x_wconf 89' lang='lat' dir='ltr'><strong>etiam</strong></span> <span class='ocrx_word' id='word_1_716' title='bbox 3374 4479 3679 4554; x_wconf 88' lang='lat' dir='ltr'><strong>descripsit</strong></span> <span class='ocrx_word' id='word_1_717' title='bbox 3703 4480 3886 4538; x_wconf 87' lang='lat' dir='ltr'><strong>vitam</strong></span> 
     </span>
    </p>
   </div>
   <div class='ocr_carea' id='block_1_109' title="bbox 2175 4578 2994 4650">
    <p class='ocr_par' dir='ltr' id='par_1_109' title="bbox 2175 4578 2994 4650">
     <span class='ocr_line' id='line_1_109' title="bbox 2175 4578 2994 4650; baseline -0.002 -12"><span class='ocrx_word' id='word_1_718' title='bbox 2175 4579 2233 4638; x_wconf 94' lang='lat' dir='ltr'><strong>S.</strong></span> <span class='ocrx_word' id='word_1_719' title='bbox 2269 4578 2598 4650; x_wconf 81' lang='lat' dir='ltr'><strong>Romualdi,</strong></span> <span class='ocrx_word' id='word_1_720' title='bbox 2631 4585 2686 4638; x_wconf 92' lang='lat' dir='ltr'><strong>et</strong></span> <span class='ocrx_word' id='word_1_721' title='bbox 2711 4579 2994 4639; x_wconf 91' lang='lat' dir='ltr'><strong>Odilonis.</strong></span> 
     </span>
    </p>
   </div>
   <div class='ocr_carea' id='block_1_110' title="bbox 2976 4703 3106 4762">
    <p class='ocr_par' dir='ltr' id='par_1_110' title="bbox 2976 4703 3106 4762">
     <span class='ocr_line' id='line_1_110' title="bbox 2976 4703 3106 4762; baseline 0 0"><span class='ocrx_word' id='word_1_722' title='bbox 2976 4703 3106 4762; x_wconf 87' lang='lat' dir='ltr'><strong>XII.</strong></span> 
     </span>
    </p>
   </div>
   <div class='ocr_carea' id='block_1_111' title="bbox 2176 4803 3881 4885">
    <p class='ocr_par' dir='ltr' id='par_1_111' title="bbox 2176 4803 3881 4885">
     <span class='ocr_line' id='line_1_111' title="bbox 2176 4803 3881 4885; baseline -0.005 -15"><span class='ocrx_word' id='word_1_723' title='bbox 2176 4817 2492 4883; x_wconf 75' lang='lat' dir='ltr'><strong>.inonymus</strong></span> <span class='ocrx_word' id='word_1_724' title='bbox 2532 4816 2822 4870; x_wconf 85' lang='lat' dir='ltr'><strong>monachus</strong></span> <span class='ocrx_word' id='word_1_725' title='bbox 2855 4813 3236 4885; x_wconf 83' lang='lat' dir='ltr'><strong>Benedictinus</strong></span> <span class='ocrx_word' id='word_1_726' title='bbox 3279 4808 3396 4885; x_wconf 70' lang='lat' dir='ltr'><strong>(an.</strong></span> <span class='ocrx_word' id='word_1_727' title='bbox 3430 4803 3583 4885; x_wconf 67' lang='lat' dir='ltr'><strong>i489)</strong></span> <span class='ocrx_word' id='word_1_728' title='bbox 3628 4817 3881 4885; x_wconf 52' lang='lat' dir='ltr'><strong>cenaret].</strong></span> 
     </span>
    </p>
   </div>
   <div class='ocr_carea' id='block_1_112' title="bbox 2252 4876 3882 4948">
    <p class='ocr_par' dir='ltr' id='par_1_112' title="bbox 2252 4876 3882 4948">
     <span class='ocr_line' id='line_1_112' title="bbox 2252 4876 3882 4948; baseline -0.011 -5"><span class='ocrx_word' id='word_1_729' title='bbox 2252 4876 2492 4943; x_wconf 73' lang='lat' dir='ltr'><strong>Unitatis</strong></span> <span class='ocrx_word' id='word_1_730' title='bbox 2539 4891 2597 4944; x_wconf 90' lang='lat' dir='ltr'><strong>S.</strong></span> <span class='ocrx_word' id='word_1_731' title='bbox 2650 4889 2898 4948; x_wconf 72' lang='lat' dir='ltr'><strong>Iustinae,</strong></span> <span class='ocrx_word' id='word_1_732' title='bbox 2954 4901 3097 4939; x_wconf 86' lang='lat' dir='ltr'><strong>nunc</strong></span> <span class='ocrx_word' id='word_1_733' title='bbox 3161 4876 3488 4941; x_wconf 82' lang='lat' dir='ltr'><strong>Casincnsis,</strong></span> <span class='ocrx_word' id='word_1_734' title='bbox 3523 4879 3580 4930; x_wconf 88' lang='lat' dir='ltr'><strong>in</strong></span> <span class='ocrx_word' id='word_1_735' title='bbox 3632 4876 3882 4928; x_wconf 81' lang='lat' dir='ltr'><strong>Historia</strong></span> 
     </span>
    </p>
   </div>
   <div class='ocr_carea' id='block_1_113' title="bbox 2247 4959 3014 5028">
    <p class='ocr_par' dir='ltr' id='par_1_113' title="bbox 2247 4959 3014 5028">
     <span class='ocr_line' id='line_1_113' title="bbox 2247 4959 3014 5028; baseline -0.004 -14"><span class='ocrx_word' id='word_1_736' title='bbox 2247 4961 2566 5020; x_wconf 83' lang='lat' dir='ltr'><strong>monastica,</strong></span> <span class='ocrx_word' id='word_1_737' title='bbox 2597 4959 2748 5028; x_wconf 84' lang='lat' dir='ltr'><strong>apud</strong></span> <span class='ocrx_word' id='word_1_738' title='bbox 2775 4973 2857 5011; x_wconf 86' lang='lat' dir='ltr'><strong>me</strong></span> <span class='ocrx_word' id='word_1_739' title='bbox 2884 4971 3014 5012; x_wconf 84' lang='lat' dir='ltr'><strong>mss.</strong></span> 
     </span>
    </p>
   </div>
   <div class='ocr_carea' id='block_1_114' title="bbox 2249 5047 3886 5122">
    <p class='ocr_par' dir='ltr' id='par_1_114' title="bbox 2249 5047 3886 5122">
     <span class='ocr_line' id='line_1_114' title="bbox 2249 5047 3886 5122; baseline -0.012 0"><span class='ocrx_word' id='word_1_740' title='bbox 2249 5063 2496 5122; x_wconf 90' lang='lat' dir='ltr'><strong>Sanctus</strong></span> <span class='ocrx_word' id='word_1_741' title='bbox 2524 5063 2728 5120; x_wconf 89' lang='lat' dir='ltr'><strong>Petrus</strong></span> <span class='ocrx_word' id='word_1_742' title='bbox 2759 5061 3075 5120; x_wconf 88' lang='lat' dir='ltr'><strong>Damianus</strong></span> <span class='ocrx_word' id='word_1_743' title='bbox 3113 5059 3227 5117; x_wconf 88' lang='lat' dir='ltr'><strong>vita</strong></span> <span class='ocrx_word' id='word_1_744' title='bbox 3255 5063 3311 5116; x_wconf 92' lang='lat' dir='ltr'><strong>et</strong></span> <span class='ocrx_word' id='word_1_745' title='bbox 3347 5050 3584 5113; x_wconf 87' lang='lat' dir='ltr'><strong>scientia</strong></span> <span class='ocrx_word' id='word_1_746' title='bbox 3610 5047 3886 5120; x_wconf 85' lang='lat' dir='ltr'><strong>insignis,</strong></span> 
     </span>
    </p>
   </div>
   <div class='ocr_carea' id='block_1_115' title="bbox 2175 5139 3891 5231">
    <p class='ocr_par' dir='ltr' id='par_1_115' title="bbox 2175 5139 3891 5231">
     <span class='ocr_line' id='line_1_115' title="bbox 2175 5139 3891 5231; baseline -0.012 -22"><span class='ocrx_word' id='word_1_747' title='bbox 2175 5152 2234 5209; x_wconf 90' lang='lat' dir='ltr'>in</span> <span class='ocrx_word' id='word_1_748' title='bbox 2278 5151 2444 5208; x_wconf 85' lang='lat' dir='ltr'><strong>Italia</strong></span> <span class='ocrx_word' id='word_1_749' title='bbox 2493 5150 2671 5207; x_wconf 86' lang='lat' dir='ltr'><strong>lloret.</strong></span> <span class='ocrx_word' id='word_1_750' title='bbox 2718 5149 2968 5208; x_wconf 89' lang='lat' dir='ltr'><strong>Dimisso</strong></span> <span class='ocrx_word' id='word_1_751' title='bbox 3013 5147 3363 5221; x_wconf 87' lang='lat' dir='ltr'><strong>episcopatu,</strong></span> <span class='ocrx_word' id='word_1_752' title='bbox 3398 5139 3644 5231; x_wconf 79' lang='lat' dir='ltr'><strong>efficitur</strong></span> <span class='ocrx_word' id='word_1_753' title='bbox 3679 5149 3891 5231; x_wconf 80' lang='lat' dir='ltr'><strong>mona-</strong></span> 
     </span>
    </p>
   </div>
   <div class='ocr_carea' id='block_1_116' title="bbox 2176 5221 3892 5301">
    <p class='ocr_par' dir='ltr' id='par_1_116' title="bbox 2176 5221 3892 5301">
     <span class='ocr_line' id='line_1_116' title="bbox 2176 5221 3892 5301; baseline -0.011 -2"><span class='ocrx_word' id='word_1_754' title='bbox 2176 5243 2322 5300; x_wconf 87' lang='lat' dir='ltr'><strong>chus</strong></span> <span class='ocrx_word' id='word_1_755' title='bbox 2358 5242 2416 5301; x_wconf 92' lang='lat' dir='ltr'><strong>in</strong></span> <span class='ocrx_word' id='word_1_756' title='bbox 2451 5239 2799 5299; x_wconf 88' lang='lat' dir='ltr'><strong>monasterio</strong></span> <span class='ocrx_word' id='word_1_757' title='bbox 2839 5239 2899 5299; x_wconf 92' lang='lat' dir='ltr'><strong>S.</strong></span> <span class='ocrx_word' id='word_1_758' title='bbox 2931 5237 3131 5296; x_wconf 72' lang='lat' dir='ltr'><strong>Marize.</strong></span> <span class='ocrx_word' id='word_1_759' title='bbox 3163 5235 3270 5293; x_wconf 89' lang='lat' dir='ltr'><strong>sito</strong></span> <span class='ocrx_word' id='word_1_760' title='bbox 3312 5227 3629 5295; x_wconf 70' lang='lat' dir='ltr'><strong>Faventize,</strong></span> <span class='ocrx_word' id='word_1_761' title='bbox 3661 5221 3892 5280; x_wconf 91' lang='lat' dir='ltr'><strong>ordinis</strong></span> 
     </span>
    </p>
   </div>
   <div class='ocr_carea' id='block_1_117' title="bbox 2177 5313 3893 5408">
    <p class='ocr_par' dir='ltr' id='par_1_117' title="bbox 2177 5313 3893 5408">
     <span class='ocr_line' id='line_1_117' title="bbox 2177 5313 3893 5408; baseline -0.014 -19"><span class='ocrx_word' id='word_1_762' title='bbox 2177 5331 2594 5389; x_wconf 90' lang='lat' dir='ltr'><strong>monachorum</strong></span> <span class='ocrx_word' id='word_1_763' title='bbox 2634 5327 3093 5401; x_wconf 85' lang='lat' dir='ltr'><strong>congregationis</strong></span> <span class='ocrx_word' id='word_1_764' title='bbox 3122 5324 3181 5384; x_wconf 89' lang='lat' dir='ltr'><strong>S.</strong></span> <span class='ocrx_word' id='word_1_765' title='bbox 3214 5323 3415 5382; x_wconf 88' lang='lat' dir='ltr'><strong>Crucis</strong></span> <span class='ocrx_word' id='word_1_766' title='bbox 3453 5313 3756 5408; x_wconf 76' lang='lat' dir='ltr'><strong>Avellanae</strong></span> <span class='ocrx_word' id='word_1_767' title='bbox 3786 5329 3799 5368; x_wconf 91' lang='lat'>:</span> <span class='ocrx_word' id='word_1_768' title='bbox 3833 5319 3893 5408; x_wconf 82' lang='lat' dir='ltr'><strong>et</strong></span> 
     </span>
    </p>
   </div>
   <div class='ocr_carea' id='block_1_118' title="bbox 2175 5404 3888 5488">
    <p class='ocr_par' dir='ltr' id='par_1_118' title="bbox 2175 5404 3888 5488">
     <span class='ocr_line' id='line_1_118' title="bbox 2175 5404 3888 5488; baseline -0.013 -10"><span class='ocrx_word' id='word_1_769' title='bbox 2175 5421 2504 5478; x_wconf 89' lang='lat' dir='ltr'><strong>vestiuntur</strong></span> <span class='ocrx_word' id='word_1_770' title='bbox 2533 5419 2684 5488; x_wconf 84' lang='lat' dir='ltr'><strong>albo,</strong></span> <span class='ocrx_word' id='word_1_771' title='bbox 2717 5424 2771 5475; x_wconf 88' lang='lat' dir='ltr'><strong>et</strong></span> <span class='ocrx_word' id='word_1_772' title='bbox 2805 5416 3034 5476; x_wconf 87' lang='lat' dir='ltr'><strong>cuculla</strong></span> <span class='ocrx_word' id='word_1_773' title='bbox 3063 5414 3225 5483; x_wconf 87' lang='lat' dir='ltr'><strong>alba;</strong></span> <span class='ocrx_word' id='word_1_774' title='bbox 3252 5411 3452 5483; x_wconf 90' lang='lat' dir='ltr'><strong>ibique</strong></span> <span class='ocrx_word' id='word_1_775' title='bbox 3483 5404 3667 5464; x_wconf 89' lang='lat' dir='ltr'><strong>multa</strong></span> <span class='ocrx_word' id='word_1_776' title='bbox 3694 5404 3888 5473; x_wconf 79' lang='lat' dir='ltr'><strong>pmni-</strong></span> 
     </span>
    </p>
   </div>
   <div class='ocr_carea' id='block_1_119' title="bbox 2177 5505 3890 5586">
    <p class='ocr_par' dir='ltr' id='par_1_119' title="bbox 2177 5505 3890 5586">
     <span class='ocr_line' id='line_1_119' title="bbox 2177 5505 3890 5586; baseline -0.008 -17"><span class='ocrx_word' id='word_1_777' title='bbox 2177 5513 2353 5570; x_wconf 85' lang='lat' dir='ltr'><strong>tentia</strong></span> <span class='ocrx_word' id='word_1_778' title='bbox 2391 5517 2636 5586; x_wconf 84' lang='lat' dir='ltr'><strong>peracta,</strong></span> <span class='ocrx_word' id='word_1_779' title='bbox 2682 5510 2924 5569; x_wconf 88' lang='lat' dir='ltr'><strong>moritur</strong></span> <span class='ocrx_word' id='word_1_780' title='bbox 2955 5508 3276 5567; x_wconf 90' lang='lat' dir='ltr'><strong>monachus</strong></span> <span class='ocrx_word' id='word_1_781' title='bbox 3305 5505 3366 5562; x_wconf 91' lang='lat' dir='ltr'><strong>in</strong></span> <span class='ocrx_word' id='word_1_782' title='bbox 3396 5505 3635 5575; x_wconf 66' lang='lat' dir='ltr'><strong>praefato</strong></span> <span class='ocrx_word' id='word_1_783' title='bbox 3682 5512 3890 5556; x_wconf 87' lang='lat' dir='ltr'><strong>mona-</strong></span> 
     </span>
    </p>
   </div>
   <div class='ocr_carea' id='block_1_120' title="bbox 2176 5589 3896 5673">
    <p class='ocr_par' dir='ltr' id='par_1_120' title="bbox 2176 5589 3896 5673">
     <span class='ocr_line' id='line_1_120' title="bbox 2176 5589 3896 5673; baseline -0.008 -15"><span class='ocrx_word' id='word_1_784' title='bbox 2176 5602 2370 5673; x_wconf 90' lang='lat' dir='ltr'><strong>sterio,</strong></span> <span class='ocrx_word' id='word_1_785' title='bbox 2404 5615 2466 5659; x_wconf 80' lang='lat' dir='ltr'><strong>x1</strong></span> <span class='ocrx_word' id='word_1_786' title='bbox 2506 5600 2632 5658; x_wconf 80' lang='lat' dir='ltr'><strong>Kal.</strong></span> <span class='ocrx_word' id='word_1_787' title='bbox 2661 5598 2850 5658; x_wconf 88' lang='lat' dir='ltr'><strong>Martii</strong></span> <span class='ocrx_word' id='word_1_788' title='bbox 2879 5605 2936 5658; x_wconf 91' lang='lat' dir='ltr'><strong>et</strong></span> <span class='ocrx_word' id='word_1_789' title='bbox 2963 5601 3012 5670; x_wconf 70' lang='lat' dir='ltr'><strong>fa</strong></span> <span class='ocrx_word' id='word_1_790' title='bbox 3056 5594 3268 5670; x_wconf 91' lang='lat' dir='ltr'><strong>populo</strong></span> <span class='ocrx_word' id='word_1_791' title='bbox 3302 5600 3627 5664; x_wconf 87' lang='lat' dir='ltr'><strong>veneratur,</strong></span> <span class='ocrx_word' id='word_1_792' title='bbox 3656 5597 3711 5648; x_wconf 88' lang='lat' dir='ltr'><strong>et</strong></span> <span class='ocrx_word' id='word_1_793' title='bbox 3737 5606 3770 5648; x_wconf 90' lang='lat' dir='ltr'><strong>a</strong></span> <span class='ocrx_word' id='word_1_794' title='bbox 3796 5589 3896 5646; x_wconf 89' lang='lat' dir='ltr'><strong>do-</strong></span> 
     </span>
    </p>
   </div>
  </div>
