4140 6456
166 304 269 363 185

166 433 345 497 ratur,
382 423 488 499 qui
532 420 718 484 multa
754 403 1241 485 excellentissime
1280 425 1525 501 scripsit,
1565 425 1955 489 secundumA

168 514 572 587 Vincentium,
625 517 679 572 et
722 514 1240 590 archiepiscopum,
1294 517 1368 574 ad
1420 531 1566 590 quos
1616 515 1883 577 lectorem

168 607 355 667 mitto.

947 695 1107 755 XIII.

173 789 466 844 Wmerus
522 787 763 844 Rolewik
812 785 1114 855 ((111.1494)
1167 789 1507 851 Teutonicas,
1570 787 1888 844 Carthasia-

318 873 448 922 nus,
478 861 541 914 in
568 860 849 914 Fasciculo
874 862 1195 929 temporum,
1226 858 1327 913 sub
1354 874 1447 915 an.
1479 860 1538 916 C.
1572 858 1728 918 1054.

242 956 449 1015 Petrus
489 955 827 1026 Damianus,
867 956 1062 1014 doctor
1104 954 1471 1029 gravissimae
1507 958 1884 1032 auctoritatis,

177 1052 227 1104 et
247 1046 560 1120 religiosus
581 1045 772 1118 valde,
799 1045 994 1105 claret.

950 1169 1108 1231 XIV.

176 1266 408 1319 Ioannes
466 1264 798 1318 Trithemius
852 1265 968 1330 (an.
1002 1260 1179 1331 1497),
1235 1261 1360 1319 abb.
1416 1261 1534 1318 0rd.
1583 1262 1642 1319 S.
1683 1262 1883 1319 Bened.

243 1351 498 1404 congreg.
558 1335 983 1404 Bursfeldensis,
1014 1335 1110 1391 lib.
1165 1336 1243 1389 De
1294 1333 1665 1404 Scriptom'bus
1721 1336 1889 1389 eccle-

240 1408 510 1462 siasticis.

244 1505 449 1564 Petrus
479 1504 747 1563 Damiani
777 1520 853 1562 ex
892 1505 1175 1565 monacho
1222 1505 1288 1564 D.
1342 1504 1398 1563 P.
1441 1503 1735 1564 Benedicti
1764 1505 1887 1579 epi-

178 1611 379 1671 soOpus
428 1596 733 1667 Ostiensis,
801 1601 856 1654 et
920 1602 1295 1657 sacrosanctae
1382 1597 1552 1657 Rom.
1612 1596 1887 1656 Ecclesiae

178 1684 504 1757 cardinalis,
540 1685 633 1743 vir
661 1685 723 1743 in
749 1685 967 1745 divinis
1007 1685 1324 1761 Scripturis
1354 1686 1650 1746 studiosus
1677 1694 1733 1745 et
1752 1702 1888 1746 eru-

177 1775 347 1846 ditus,
399 1782 458 1834 et
493 1774 861 1834 saecularium
900 1775 1224 1836 litterarum
1265 1792 1386 1837 non
1431 1777 1693 1851 ignarus,
1732 1776 1951 1853 inge-3

177 1866 270 1924 nio
300 1864 485 1935 mitis,
508 1870 565 1923 et
585 1872 824 1937 acutus;
854 1865 1089 1940 eloquio
1118 1866 1402 1941 placidus,
1433 1874 1489 1927 et
1512 1867 1884 1941 compositus,

179 1966 229 2017 et
274 1958 350 2017 ad
408 1957 882 2032 persuadendum
940 1958 1078 2017 satis
1130 1959 1425 2031 idoneus;
1487 1975 1608 2020 non
1692 1959 1888 2018 minus

179 2046 476 2107 sanctitate
501 2060 680 2121 quam
705 2047 1037 2107 eruditione
1087 2048 1300 2120 clarus,
1333 2054 1390 2107 et
1421 2048 1671 2123 insignis
1711 2047 1886 2107 eﬁ‘ul-

180 2137 267 2208 sit,
301 2136 407 2210 qui
459 2136 729 2211 exemplo
766 2136 964 2211 Magni
1002 2137 1264 2212 Gregorii
1311 2137 1586 2197 antistitis
1621 2140 1885 2213 (Nazian-

178 2242 366 2281 zenum
404 2226 709 2298 intelligit),
758 2240 953 2285 amore
1003 2225 1338 2286 solitudinis
1392 2232 1448 2285 et
1491 2226 1720 2301 quietis,
1765 2229 1887 2302 epi-

178 2317 478 2387 scopatum
520 2328 697 2372 suum
744 2314 1034 2386 deserens,
1082 2321 1460 2390 posteaquam
1494 2317 1668 2378 illum
1716 2317 1888 2377 annis

178 2401 395 2477 aliquot
423 2408 662 2461 strenue
687 2404 1129 2477 gubernaverat,
1143 2406 1215 2464 ad
1236 2406 1567 2465 cmnobium
1597 2422 1770 2465 suum
1792 2421 1889 2464 re—

180 2506 378 2550 versus
419 2498 526 2563 est,
569 2498 628 2551 et
664 2493 845 2552 vitam
885 2495 1154 2569 deinceps
1188 2512 1325 2554 cum
1364 2496 1638 2554 fratribus
1668 2496 1787 2554 suis
1822 2494 1885 2552 in

179 2580 601 2654 tranquillitate
621 2581 803 2640 animi
825 2583 1035 2658 exegit.
1063 2584 1207 2643 Cum
1232 2590 1427 2642 autem
1445 2599 1479 2642 a
1502 2597 1733 2641 summo
1750 2598 1886 2656 pon-

182 2668 324 2728 tiliae
352 2669 699 2728 charitativa
731 2671 1121 2747 increpatione
1150 2678 1506 2746 argueretur,
1539 2688 1643 2731 cur
1674 2673 1890 2746 episcoo

181 2765 392 2831 patum,
422 2765 623 2833 utpote
656 2762 748 2819 vir
783 2761 946 2821 utilis
973 2769 1028 2822 et
1060 2763 1322 2832 idoneus,
1355 2761 1669 2820 dimisisset
1693 2776 1891 2820 amore

182 2847 376 2906 salutis
404 2849 668 2923 privatas,
704 2851 777 2910 ad
810 2858 924 2911 tres
953 2852 1064 2912 sibi
1095 2852 1349 2912 invicem
1374 2851 1765 2923 succedentes,
1795 2851 1890 2909 Ni-

182 2937 403 2998 colaum
425 2937 506 3011 II,
524 2941 925 3002 Alexandrum
935 2941 991 3001 II
1011 2947 1068 3001 et
1086 2942 1430 3016 Gregorium
1450 2940 1579 3013 VII,
1598 2942 1892 3000 Romanos

182 3028 507 3103 pontiﬁces,
539 3030 943 3106 Apologeticos
970 3031 1186 3104 edidit;
1207 3031 1266 3090 in
1296 3032 1515 3107 quibus
1534 3030 1888 3102 auctoritate,

819 303 824 307 ’
869 298 1446 361 PROLEGOMENA.
1489 332 1556 344 —
1596 298 2058 362 TESTIMONIA
2099 301 2193 363 DE
2234 303 2294 362 S.
2338 304 2583 367 PETBO
2621 306 2986 369 DAMIANO.

3575 314 3679 374 186

1970 500 2118 557 Idem
2164 502 2515 569 Trithemius,
2546 505 2643 562 lib.
2678 515 2738 573 II,
2934 505 3031 575 93,
3063 509 3139 564 De
3182 510 3321 565 viris
3370 513 3683 569 illustribus

2543 578 2661 633 0rd.
2697 578 2735 634 S
2746 620 2759 633 .
2790 579 3093 637 Benedicti.
3704 602 3719 607 ”

1998 692 2004 698 ι
2043 661 2246 722 Petrus
2298 663 2563 723 Damiani
2615 667 2935 727 monachus
2990 667 3357 729 Vivariensis
3405 672 3677 743 coenobii,

1971 751 2273 826 episcopus
2325 752 2621 825 Ostiensis,
2671 762 2726 813 et
2778 756 3112 831 cardinalis,
3169 760 3263 818 vir
3336 761 3399 819 in
3454 761 3681 820 divinis

1974 839 2286 914 Scripturis
2317 842 2765 912 eruditissimus,
2798 843 3035 919 ingenio
3063 847 3320 920 subtilis,
3353 854 3411 907 et
3447 847 3681 923 eloquio

1971 928 2239 1001 disertus,
2295 935 2351 988 et
2408 928 2777 1004 Gregoriame
2828 933 3177 1009 eloquentiae
3230 935 3428 1002 instar,
3490 935 3681 996 dulcis

1971 1025 2027 1076 et
2071 1024 2329 1091 ornatus,
2359 1025 2413 1079 et
2444 1020 2514 1078 ad
2548 1022 3011 1094 persuadendum
3052 1025 3189 1084 satis
3222 1044 3235 1083 :
3267 1042 3404 1085 cum
3442 1042 3544 1100 per
3568 1026 3680 1085 ali-

1970 1115 2110 1182 quot
2154 1124 2339 1168 annos
2385 1110 2780 1184 pontiﬁcatum
2828 1119 3062 1172 strenue
3111 1114 3375 1185 rexisset,
3433 1121 3491 1173 et
3540 1115 3684 1175 vitia

1968 1198 2290 1273 impiorum
2315 1199 2440 1257 sine
2479 1200 2702 1260 delectu
2734 1217 3115 1275 personarum
3156 1202 3486 1276 corriperet,
3520 1202 3683 1260 senio

1972 1289 2205 1348 tandem
2235 1290 2528 1350 confectus
2565 1297 2621 1350 et
2661 1293 2830 1350 taedio
2862 1293 2933 1350 ad
2966 1291 3395 1352 consulendum
3430 1290 3681 1366 propriae

1971 1380 2144 1439 saluti
2186 1381 2575 1455 episcopatum
2621 1383 2879 1441 deseruit
2932 1402 2945 1440 :
3003 1388 3060 1440 et
3104 1381 3373 1456 exemplo
3416 1378 3680 1451 Gregorii

1970 1468 2185 1542 Magni,
2201 1468 2545 1529 Nazianzeni
2561 1471 2853 1545 quondam
2872 1469 3149 1544 episcopi,
3171 1471 3243 1530 ad
3263 1471 3684 1530 monachorum

1972 1559 2163 1618 studia
2220 1567 2527 1621 remeatur.
2556 1561 2722 1620 Unde
2755 1576 2928 1636 super
2956 1560 3067 1619 hoc
3106 1577 3140 1619 a
3168 1561 3368 1620 tribus
3404 1560 3686 1620 Romanis

1972 1646 2344 1719 pontiﬁcibus
2376 1647 2660 1723 arguitur,
2699 1648 2853 1722 quod
2884 1646 2977 1705 vir
3012 1652 3124 1703 tam
3162 1646 3388 1719 doctus,
3423 1653 3479 1705 et
3520 1646 3687 1706 utilis

1975 1738 2266 1811 Ecclesiae,
2328 1738 2646 1798 deseruerit
2710 1738 3125 1813 episcopatum,
3197 1745 3252 1796 et
3316 1737 3686 1797 commodum

1974 1829 2270 1901 privatum
2322 1828 2560 1888 utilitati
2606 1828 2983 1903 praeposuerit
3026 1830 3370 1903 communi;
3428 1845 3565 1888 cum
3612 1827 3685 1886 ad

1968 1918 2230 1992 regimen
2259 1919 2589 1978 animarum
2618 1918 2797 1978 verbo
2835 1924 2890 1978 et
2921 1921 3191 1991 exemplo
3228 1922 3377 1978 esset
3410 1920 3682 1979 idoneus.

1969 2008 2045 2065 At
2096 2006 2299 2066 Petrus
2357 2007 2657 2066 humiliter
2694 2023 2756 2066 se
2803 2023 3092 2067 excusans
3140 2009 3371 2083 scripsit
3424 2025 3528 2084 pro
3576 2023 3685 2068 suo

1971 2094 2117 2153 facto
2145 2095 2563 2171 Apologeticos,
2597 2097 2812 2169 quibus
2836 2098 3057 2156 ratione
3095 2102 3152 2156 et
3183 2099 3452 2172 exemplo
3491 2096 3686 2172 ponti-

1971 2187 2106 2245 lices
2148 2186 2280 2244 fecit
2308 2187 2676 2261 tranquillos.
2709 2187 2952 2261 Scripsit
2980 2188 3099 2247 alia
3144 2189 3329 2247 multa
3355 2188 3685 2260 volumina,

1969 2275 2040 2334 de
2066 2275 2285 2349 quibus
2322 2291 2427 2350 ego
2458 2282 2684 2335 tantum
2712 2275 2898 2350 reperi
2939 2275 3216 2349 subjecta.
3251 2277 3341 2334 Ad
3381 2276 3687 2336 Nicolaum

1970 2380 2179 2438 papam
2206 2363 2262 2423 ΙΙ
2288 2365 2745 2439 Apologeticum,
2773 2364 2878 2423 lib.
2904 2364 2961 2423 1.
2994 2363 3086 2422 Ad
3115 2364 3522 2425 Alexandrum
3545 2364 3600 2424 II
3631 2370 3690 2425 et

1972 2452 2318 2527 Gregorium
2330 2452 2460 2525 VII,
2475 2453 2577 2512 lib.
2600 2454 2654 2513 2.
2669 2453 2750 2512 De
2764 2452 3027 2528 profectu
3039 2455 3481 2525 monachorum,
3502 2452 3605 2512 lib.
3635 2454 3688 2512 1.

1972 2542 2311 2615 Antilogion
2341 2548 2539 2600 contra
2564 2542 2816 2613 Iudaeos,
2844 2543 2885 2600 l.
2939 2543 2987 2600 1.
3019 2542 3102 2600 De
3137 2543 3382 2617 avaritia
3417 2541 3687 2615 praelato-

1973 2647 2042 2689 ru
2054 2630 2238 2700 m,lib.
2263 2632 2309 2689 1.
2326 2630 2535 2689 Contra
2550 2631 2843 2704 episcopos
2857 2630 3229 2700 simoniacos,
3245 2630 3347 2688 lib.
3372 2630 3422 2687 1.
3437 2630 3520 2688 De
3541 2629 3689 2690 Con-

1976 2720 2221 2778 tinentia
2247 2720 2631 2789 sacerdotum,
2659 2719 2756 2776 lib.
2796 2720 2841 2776 1.
2877 2719 2959 2777 De
2997 2717 3289 2778 uxoribus
3318 2717 3685 2790 clericorum,

1976 2806 2077 2865 lib.
2107 2808 2154 2865 1.
2180 2807 2270 2866 Ad
2294 2808 2545 2867 Leonem
2575 2806 2928 2876 solitarium;
2952 2821 3026 2865 an
3047 2805 3310 2865 solitario
3329 2822 3500 2864 orans
3519 2822 3688 2865 cano-

1977 2897 2138 2954 nicas
2161 2897 2333 2956 horas
2367 2897 2573 2956 debeat
2608 2897 2782 2955 etiam
2822 2892 3109 2956 Dominus
3141 2895 3448 2955 vobiscum
3474 2895 3684 2969 dicere,

1975 3000 2110 3043 cum
2135 3000 2253 3043 non
2280 2985 2487 3044 habeat
2508 2984 3087 3060 respondentem,lib.
3110 2985 3160 3043 1.
3174 2983 3459 3057 Regulam
3479 2984 3688 3043 eremi-

1978 3079 2170 3132 tarum
2190 3080 2246 3132 et
2263 3073 2647 3147 inclusorum,
2666 3074 2767 3134 lib.
2794 3074 2844 3133 1.
2868 3074 3347 3133 Exhortatorium
3366 3072 3437 3132 ad
3462 3073 3687 3146 fratres,

184 3125 404 3236 Ξῗξίξῗ
425 3120 783 3236 (ἓξὲξ-⁸³1113
1912 3150 1957 3212 C
1977 3160 2019 3218 1.
2053 3163 2101 3220 1.
2131 3161 2214 3220 De
2239 3162 2593 3236 quibusdam
2618 3119 3059 3221 incredibilibus
3083 3178 3189 3222 suo
3222 3168 3476 3236 tempore
3505 3119 3691 3235 factis:

183 3211 406 3269 animos
444 3226 659 3271 eorum
695 3213 961 3287 placavit.
997 3214 1078 3272 De
1111 3214 1279 3288 cujus
1309 3211 1608 3288 opusculis
1636 3211 1894 3285 subjecta

184 3298 450 3361 feruntur
482 3324 521 3359 :~
551 3301 623 3359 ad
665 3301 918 3362 Leonem
973 3304 1295 3375 eremitam,
1349 3309 1553 3362 utrum
1605 3299 1897 3361 solitarius

182 3401 348 3447 orans
382 3389 560 3448 horas
584 3392 912 3465 canonicas,
944 3391 1148 3451 debeat
1170 3393 1347 3451 etiam
1370 3390 1583 3462 dicere,
1611 3389 1899 3448 Dominus

181 3477 502 3551 vobiscum,
532 3480 764 3554 quando
791 3495 962 3540 nemo
991 3481 1065 3539 sit
1090 3481 1195 3555 qui
1230 3478 1612 3555 respondeat;
1641 3493 1894 3552 opuscu-

183 3566 300 3627 lum
344 3570 783 3642 instructivum,
827 3570 985 3646 quod
1023 3578 1397 3645 praenotatur,
1423 3569 1527 3628 lib.
1569 3570 1618 3628 1.
1652 3566 1899 3628 Domino

184 3655 362 3716 Leoni
389 3672 610 3729 amore,
642 3658 1008 3731 Antilogium
1040 3664 1241 3718 contra
1268 3658 1530 3729 Iudaeos,
1568 3656 1609 3715 l.
1653 3656 1703 3715 1.
1747 3657 1900 3715 Con-

185 3751 265 3804 tra
300 3747 620 3820 quemdam
659 3749 1013 3824 episcopum,
1048 3749 1088 3807 l.
1141 3748 1193 3807 1.
1234 3748 1318 3807 De
1347 3747 1575 3807 naturis
1618 3761 1898 3821 quorum-

184 3833 314 3893 dam
348 3837 717 3910 animalium,
754 3838 856 3898 lib.
901 3838 950 3897 1.
983 3837 1518 3913 Apologeticorum,
1550 3835 1653 3895 lib.
1690 3834 1742 3893 3.
1785 3834 1899 3893 Do-

187 3923 346 3983 mino
382 3941 493 3985 suo
544 3926 798 3986 Nicolao.
837 3927 922 3986 De
957 3926 1319 3987 continentia
1354 3928 1738 3995 sacerdotum,
1768 3925 1810 3984 l.
1850 3925 1896 3983 1.

189 4012 382 4088 Nuper
415 4008 642 4075 habetis
677 4032 814 4075 cum
855 4015 1178 4076 nonnullis.
1210 4014 1293 4073 De
1329 4014 1616 4074 uxoribus
1662 4012 1897 4071 clerico-

188 4118 343 4172 rum,
379 4103 483 4164 lib.
521 4106 570 4163 1.
621 4105 738 4165 Vos
775 4105 1056 4181 alloquor,
1083 4122 1117 4166 o
1158 4105 1403 4180 lepores.
1447 4102 1674 4179 Regula
1703 4103 1898 4161 solita-

188 4189 429 4263 riorum,
463 4192 566 4252 lib.
606 4195 649 4253 l.
688 4194 842 4253 Dum
881 4195 1168 4255 fervorem
1199 4199 1411 4254 sanctae
1454 4209 1583 4254 con.
1614 4193 1894 4253 Exhorta-

189 4280 400 4339 torium
436 4281 509 4340 ad
547 4285 882 4356 monachos,
933 4286 972 4340 1.
1019 4286 1067 4342 1.
1118 4283 1423 4343 Fratribus
1466 4281 1529 4340 in
1585 4279 1897 4355 Gangensi.

184 4366 600 4430 Miraculorum
623 4373 715 4432 sui
746 4373 1040 4448 temporis,
1066 4372 1106 4432 l.
1136 4374 1187 4431 1.
1217 4370 1599 4430 Dilectissimo
1625 4369 1894 4430 Gerardo.

189 4458 265 4517 De
293 4464 558 4542 profectu
589 4463 1031 4534 monachorum,
1064 4462 1172 4522 lib.
1215 4463 1264 4520 1.
1294 4461 1377 4520 De
1413 4460 1657 4519 avaritia
1690 4458 1900 4534 praela-

190 4562 402 4626 torum,
453 4553 496 4612 1.
560 4553 608 4611 1.
661 4552 792 4611 Vita
866 4550 1127 4611 Odilonis
1178 4549 1423 4620 abbatis,
1484 4549 1521 4606 l.
1606 4551 1655 4609 1.
1727 4548 1900 4621 Hugo

189 4641 591 4703 Cluniacensis
630 4641 828 4700 abbas.
874 4640 954 4697 De
984 4647 1199 4700 terrore
1235 4639 1458 4708 mortis,
1500 4638 1542 4696 l.
1587 4638 1639 4696 1.
1669 4636 1903 4696 Blancze

186 4730 330 4789 olim
360 4730 691 4790 comitissaa.
718 4729 801 4788 De
835 4728 1205 4789 meditatione
1224 4727 1450 4799 mortis,
1480 4725 1520 4786 l.
1562 4727 1610 4786 1.
1647 4725 1902 4785 Pensan-

187 4819 332 4878 dum
370 4819 585 4894 quippe
622 4825 727 4878 est.
767 4819 978 4878 Contra
1017 4819 1312 4893 episcopos
1356 4816 1722 4887 simoniacos,
1758 4816 1798 4874 l.
1852 4816 1901 4875 1.

190 4910 270 4968 De
325 4906 642 4966 insolentia
669 4906 1063 4982 malignorum
1098 4907 1431 4979 hominum,
1458 4907 1496 4964 l.
1546 4906 1594 4964 1.
1643 4903 1906 4987 Gratissi-

188 5012 352 5066 mus,
380 5011 483 5054 seu
525 4994 994 5067 Probatissimus,
1022 4996 1067 5056 l.
1102 4995 1150 5054 1.
1186 4995 1435 5053 Domino
1479 4994 1553 5052 H.
1582 4992 1907 5052 Ravennait

187 5084 269 5142 De
328 5083 703 5143 clamationes
755 5084 1079 5156 rhetoricae,
1128 5083 1168 5142 1.
1228 5083 1279 5143 1.
1332 5083 1415 5142 De
1473 5081 1576 5143 SS.
1625 5080 1792 5141 Flora
1853 5086 1909 5140 et

193 5172 514 5244 Lucilla,l.
568 5173 618 5230 1.
666 5172 903 5245 Adhuc,
950 5171 1331 5230 dilectissimi.
1390 5171 1472 5231 De
1519 5169 1577 5231 S.
1635 5168 1906 5229 Cassiano

191 5270 469 5337 martyre,
508 5263 546 5321 l.
588 5266 635 5323 1.
679 5262 1080 5333 Admirabilis,
1123 5270 1179 5320 et
1213 5262 1485 5335 gloriosa.
1516 5261 1597 5320 De
1633 5259 1693 5320 S.
1728 5259 1906 5319 Boni-

190 5353 361 5424 facio,
390 5352 432 5412 l.
478 5352 530 5411 1.
576 5349 645 5409 Β.
696 5351 981 5411 Bonifacii
1024 5350 1291 5425 gloriosa.
1347 5351 1429 5409 De
1469 5350 1526 5410 S.
1577 5350 1904 5417 Anastasio,

193 5443 229 5500 l.
296 5442 347 5499 1.
394 5440 483 5499 Ad
532 5440 865 5513 pulchrum,
917 5441 1119 5499 fratres
1165 5438 1510 5498 charissimi.
1559 5427 1906 5498 Sermonum

191 5537 248 5587 et
274 5528 692 5587 Homiliarum.
721 5528 790 5586 Et
817 5527 933 5587 alia
959 5528 1159 5597 multa,
1188 5543 1322 5607 quae
1353 5543 1473 5585 non
1511 5525 1656 5586 vidi.
1688 5526 1907 5587 Claruit

194 5615 305 5676 sub
333 5617 589 5676 Henrico
621 5634 756 5691 rege
780 5616 880 5689 IV,
913 5634 1068 5679 anno
1098 5615 1330 5678 Domini
1363 5614 1521 5676 1050.

1917 4507 1968 4567 D

1976 3249 2077 3308 lib.
2114 3250 2162 3309 1.
2195 3250 2387 3309 Vitam
2417 3250 2476 3310 S.
2509 3249 2769 3309 Odilonis
2797 3251 3020 3310 abbatis
3040 3249 3465 3324 Cluniacensis,
3497 3252 3600 3312 lib.
3631 3252 3682 3311 1.

1976 3338 2060 3395 De
2088 3344 2324 3399 .terrore
2375 3340 2594 3409 mortis,
2650 3339 2751 3397 lib.
2808 3340 2858 3398 1.
2914 3340 2993 3397 De
3045 3330 3419 3400 meditatione
3462 3343 3690 3413 mortis,

1976 3426 2079 3485 lib.
2122 3428 2170 3486 1.
2213 3427 2294 3485 De
2335 3426 2437 3487 SS.
2477 3427 2645 3485 Flora
2682 3433 2738 3485 et
2785 3426 3034 3497 Lucilla,
3074 3428 3178 3487 lib.
3218 3429 3264 3487 1.
3324 3428 3547 3498 Alium,
3587 3431 3692 3504 qui

1978 3520 2330 3590 praenotatur
2394 3514 2787 3585 Gratissimus,
2830 3531 2935 3574 seu
2974 3515 3442 3590 Probatissimus,
3478 3518 3580 3577 lib.
3639 3521 3696 3580 1.

1979 3606 2285 3666 Adversus
2319 3607 2629 3682 quemdam
2679 3607 3037 3680 episcopum,
3098 3607 3199 3682 qui
3248 3608 3566 3666 monachos
3618 3606 3692 3665 ad

1981 3696 2263 3755 saeculum
2318 3695 2643 3766 revocabat,
2682 3694 2786 3753 lib.
2834 3694 2881 3753 1.
2923 3695 3006 3753 De
3044 3691 3353 3753 insolentia
3403 3694 3692 3767 maligno-

1980 3800 2113 3844 rum
2167 3785 2502 3854 hominum,
2572 3783 2672 3841 lib.
2737 3784 2788 3841 1.
2846 3782 3305 3841 Declamationes
3368 3781 3695 3854 rhetoricae,

1982 3874 2086 3932 lib.
2139 3874 2190 3931 1.
2222 3874 2306 3932 De
2332 3879 2540 3932 natura
2569 3870 2955 3947 quorumdam
2982 3869 3353 3941 animalium,
3384 3870 3486 3929 lib.
3529 3872 3580 3930 1.
3609 3872 3709 3932 De'

1987 3964 2044 4024 S.
2086 3964 2356 4024 Cassiano
2391 3968 2665 4038 martyre,
2703 3965 3004 4019 tractatum
3049 3962 3102 4020 1.
3141 3961 3223 4020 De
3265 3959 3326 4020 S.
3370 3960 3689 4038 Bonifacio,

1981 4057 2141 4112 tract.
2179 4050 2229 4109 1.
2273 4050 2352 4110 De
2395 4051 2512 4109 situ
2550 4054 2608 4108 et
2643 4047 2982 4108 fundatione
3018 4047 3385 4107 Vivariensis
3414 4050 3692 4123 cmnobii,

1982 4142 2024 4199 1.
2065 4141 2114 4199 1.
2146 4140 2452 4200 Sermones
2489 4145 2544 4198 et
2579 4138 2870 4197 Homilias
2899 4137 3131 4212 scripsit
3168 4153 3317 4211 pene
3353 4140 3699 4197 innumera-

1983 4230 2171 4289 biles:
2217 4228 2503 4303 Epistolas
2551 4228 2726 4287 etiam
2776 4227 2976 4301 plures
3019 4227 3092 4285 ad
3141 4225 3409 4285 diversos
3439 4249 3454 4286 :
3484 4232 3544 4285 et
3577 4227 3693 4286 alia

1983 4320 2188 4391 multa,
2215 4334 2349 4394 quae
2386 4319 2450 4378 in
2488 4333 2698 4376 manus
2726 4323 2951 4376 nostras
2987 4314 3181 4374 adhuc
3233 4314 3480 4373 minime
3514 4330 3696 4374 vene-

1986 4411 2144 4466 runt.
2179 4406 2398 4466 Claruit
2421 4405 2529 4465 sub
2552 4404 2801 4463 Henrico
2830 4403 2936 4473 III,
2967 4419 3121 4462 anno
3157 4402 3395 4462 Domini
3426 4401 3584 4460 1060.

1985 4589 2190 4646 Eadem
2218 4588 2355 4641 serie
2381 4587 2499 4656 ipse
2536 4584 2865 4639 Tm'themius
2908 4583 3092 4656 habet_
3113 4579 3215 4656 lib.
3242 4589 3333 4656 ιν.
3358 4593 3495 4656 cap_._
3506 4576 3595 4647 35,
3621 4580 3698 4656 _De

2056 4661 2194 4714 viris
2257 4648 2569 4712 illustribus
2620 4656 2738 4711 0rd.
2798 4656 2856 4711 S.
2913 4653 3109 4710 Bened.
3179 4651 3259 4705 At
3310 4653 3370 4704 in
3435 4648 3701 4704 Chronica

2056 4728 2443 4797 Hirsaugiensi
2468 4728 2786 4782 monasterii
2813 4726 2912 4782 sub
2943 4742 3033 4781 an.
3063 4724 3120 4779 Ο.
3157 4716 3292 4778 1056
3321 4721 3430 4773 haec
3467 4737 3484 4773 :

2060 4816 2263 4874 Petrus
2288 4827 2521 4888 quoque
2546 4810 2868 4870 Damianus
2897 4825 2971 4868 ex
3011 4805 3295 4865 monacho
3322 4803 3506 4862 nostri
3536 4803 3696 4863 ordi-

1986 4905 2079 4964 nis
2118 4905 2422 4977 episcopus
2458 4899 2756 4967 Ostiensis,
2785 4907 2840 4958 et
2870 4904 3249 4957 sacrosancta:
3280 4895 3553 4955 Ecclesim
3580 4894 3697 4952 Ro-

1988 5008 2177 5052 manae
2231 4990 2563 5058 cardinalis,
2624 4988 2716 5047 his
2764 4985 3117 5062 temporibus
3164 4983 3355 5045 clarus
3407 4983 3694 5052 habetur,

1988 5086 2079 5143 vir
2121 5089 2268 5141 certe
2307 5083 2460 5141 inter
2494 5082 2688 5139 doctos
2728 5078 2820 5137 sui
2860 5077 3132 5150 temporis
3169 5075 3535 5135 doctissimus
3566 5091 3579 5129 :
3640 5076 3696 5127 et

1989 5190 2108 5232 non
2175 5171 2371 5229 minus
2405 5168 2701 5227 sanctitate
2738 5181 2916 5240 quam
2952 5164 3279 5225 eruditione
3327 5156 3695 5229 venerabilis,

1989 5261 2093 5335 qui
2129 5259 2311 5319 multa
2339 5255 2565 5330 ingenii
2590 5255 2681 5313 sui
2711 5254 2986 5329 praeclara
3011 5252 3314 5311 volumina
3340 5245 3537 5315 edidit,
3556 5260 3698 5335 quo-

1990 5333 2123 5410 rum
2165 5346 2362 5407 titulos
2392 5344 2534 5403 alibi
2581 5343 2751 5417 plene
2784 5342 3151 5418 digessimus.
3186 5338 3296 5396 Hic
3323 5351 3518 5394 amore
3556 5333 3698 5392 reli-

1991 5438 2181 5513 gionis
2238 5442 2447 5495 sanctae
2506 5435 2897 5509 episcopatum
2955 5445 3131 5489 suum
3187 5425 3461 5513 deseruit,
3520 5429 3577 5483 et
3625 5424 3699 5482 ad

1993 5512 2409 5587 monasterium
2440 5540 2706 5584 reversus
2733 5529 2836 5582 est.
2870 5524 2941 5577 Et
2961 5519 3128 5591 paulo
3153 5520 3294 5587 post.
3326 5512 3512 5589 Igitur
3537 5527 3695 5572 anno

1993 5616 2072 5686 (C.
2129 5610 2283 5684 1069)
2336 5610 2647 5672 VVilllelmi
2701 5609 2847 5677 (abb.
2908 5606 2973 5663 12
3022 5604 3454 5677 Hirsaugiensis)
3506 5602 3696 5676 primo
