4140 6448
428 321 526 382 191

1339 317 1396 376 S.
1441 314 1732 375 PETRUS
1775 312 2164 373 DAMIANUS
2207 313 2263 372 S.
2308 314 2378 374 Β.
2421 314 2485 372 Ε.
2528 314 3005 376 CARDINALIS.

3825 323 3930 383 192

428 445 748 504 nobilitatis
767 444 1031 504 innixus.
1056 442 1260 518 Itaque
1288 458 1379 502 res
1406 458 1592 519 usque
1617 458 1683 501 eo
1707 439 1968 500 infamiae
1996 454 2130 498 mu-
2150 440 2202 501 A
2220 437 2327 497 hac
2370 440 2517 499 urbe
2563 441 2907 516 martyrium
2938 446 3023 500 est
3053 457 3357 517 perpessus
3389 463 3401 502 :
3434 449 3491 502 et
3519 445 3836 506 Gervasius
3860 464 3930 506 ac

431 535 547 593 tuis
588 534 1079 604 altercationibus,
1109 535 1436 610 jurgiisque
1482 533 1726 592 deducta
1758 531 1890 603 fuit,
1922 535 1985 589 ut
2035 545 2129 588 sa-

427 625 682 683 cerdotes
730 626 834 698 qui
883 638 1099 682 uxores
1128 622 1424 692 haberent,
1460 637 1580 695 prae
1628 621 1845 692 pudore
1898 635 2127 693 separa-

427 716 533 772 tim
584 731 615 771 a
666 715 889 772 caeteris
940 727 1062 771 rem
1119 710 1381 769 divinam
1432 711 1619 768 facere
1673 713 2014 782 cogerentur
2065 707 2129 764 in

425 806 568 875 loco,
601 806 705 880 qui
757 802 983 862 Pataria
1037 802 1266 861 dicitur.
1304 800 1468 859 Unde
1520 798 1698 873 vulgo
1723 815 1758 859 a
1784 799 1982 872 pueris
2020 797 2128 857 Pa-

427 893 602 952 tarini
626 892 699 951 ad
728 891 1145 952 contumeliam
1171 889 1527 948 dicebantur.
1563 889 1716 948 Huic
1747 894 1939 947 autem
1968 887 2128 945 malo

421 984 813 1054 opportunum
850 981 1171 1039 remedium
1202 976 1382 1036 Wido
1411 977 1649 1051 cupiens
1674 976 1967 1046 adhibere,
1999 991 2132 1034 con-

425 1074 668 1127 ventum
720 1070 1118 1144 episcoporum
1165 1081 1406 1124 suorum
1449 1065 1603 1139 apud
1648 1065 2029 1123 Fontanetum
2066 1064 2129 1121 in

421 1174 562 1233 agro
600 1159 941 1218 Novariensi
974 1158 1250 1232 oppidum
1285 1157 1619 1215 convocavit
1654 1174 1667 1213 :
1708 1161 1883 1230 atque
1919 1170 1994 1213 ex
2032 1169 2129 1213 eo-

421 1264 555 1308 rum
583 1247 865 1306 sententia
896 1246 1120 1306 clericis
1166 1262 1380 1305 uxores
1412 1245 1639 1318 liabere,
1681 1245 1883 1319 inique
1911 1250 2131 1316 tamen,

399 1337 740 1396 'constituit.
780 1336 1045 1395 Florebat
1091 1351 1157 1393 eo
1209 1340 1463 1407 tempore
1505 1335 1819 1404 sanctitate,
1852 1333 2130 1405 doctrina,

418 1408 490 1485 ac
532 1441 725 1484 rerum
775 1425 1158 1499 gerendarum
1204 1423 1409 1497 peritia
1455 1423 1656 1482 Petrus
1708 1422 1972 1481 Damiani
2016 1420 2134 1479 Ra-

419 1529 662 1586 vennas,
695 1514 798 1585 qui
846 1513 1025 1572 vitam
1077 1511 1431 1570 eremiticam
1477 1504 1768 1586 professus
1822 1511 1887 1569 in
1939 1525 2134 1569 eremo

424 1603 497 1661 ad
550 1603 790 1660 Fontem
839 1600 1192 1659 Avellanum
1232 1599 1453 1672 agebat,
1485 1601 1654 1674 cujus
1691 1614 1924 1674 operam
1956 1597 2133 1659 eccle-

423 1692 526 1749 siae
556 1690 974 1750 constituenda)
1006 1689 1335 1764 Stephanus
1361 1689 1630 1749 idoneam
1658 1690 1987 1759 arbitratus,
2018 1688 2134 1747 ini-

2212 526 2525 599 Protasius,
2567 544 2821 603 quorum
2859 537 3057 589 sancta
3093 531 3157 589 in
3203 531 3308 590 hac
3345 532 3488 592 urbe
3538 549 3777 608 corpora
3828 552 3933 595 co-

2210 618 2434 691 luntur,
2459 636 2576 679 non
2603 619 2786 680 alium
2807 638 2981 696 quam
3008 621 3257 681 Paulum
3283 623 3539 682 habuere
3562 625 3930 698 magistrum.

2213 708 2395 768 Divus
2438 709 2709 793 denique,
2739 728 2856 785 quo
2892 728 2996 770 vos
3046 717 3339 787 tantopere
3380 713 3736 795 gloriamini,
3781 719 3933 776 Am-

2211 797 2464 870 brosius,
2496 816 2632 859 cum
2659 802 3075 862 Nicolaitarum
3107 804 3379 863 haeresim
3411 821 3513 881 per
3541 822 3600 864 se
3631 808 3932 882 quondam

2213 901 2469 946 coercere
2506 905 2623 948 non
2677 897 2884 965 posset,
2918 908 2951 949 a
2989 892 3254 951 Romana
3292 894 3548 953 Ecclesia
3585 895 3931 970 praesidium

2214 977 2564 1051 imploravit,
2596 984 2769 1054 atque
2808 988 2921 1039 tres
2966 982 3079 1040 viri
3117 983 3189 1041 ad
3229 983 3405 1056 hujus
3461 986 3673 1043 erroris
3721 986 3931 1059 expia-

2217 1065 2431 1124 tionem
2473 1083 2507 1125 a
2539 1067 2761 1143 Syricio
2802 1075 2926 1129 tum
2964 1071 3234 1144 pontiﬁce
3275 1074 3439 1131 missi
3489 1089 3745 1148 praesens
3777 1075 3930 1133 civi-

2217 1155 2316 1213 tati
2354 1156 2650 1216 auxilium
2686 1159 3019 1219 attulerunt.
3054 1162 3458 1234 Quamobrem,
3499 1180 3631 1223 cum
3667 1172 3723 1223 et
3751 1166 3929 1240 primi

2218 1243 2421 1303 salutis
2470 1252 2676 1306 vestrae
2725 1258 3005 1320 auctores,
3034 1258 3089 1310 et
3144 1258 3268 1323 post
3316 1251 3564 1311 labentis
3602 1253 3930 1328 disciplina)

2219 1334 2635 1409 emendatores,
2679 1337 2752 1395 ab
2790 1336 3045 1399 Ecclesia
3092 1341 3353 1398 Romana
3404 1340 3742 1414 prodierint,
3786 1343 3931 1416 quid

2220 1428 2305 1481 est
2354 1425 2509 1497 quod
2567 1426 2692 1498 ejus
2743 1427 2984 1487 decretis
3033 1430 3462 1504 obtemperare,
3523 1431 3932 1506 intempestiva

2221 1529 2382 1573 nunc
2401 1517 2785 1590 contumacia,
2805 1519 3114 1578 recusetis?
3132 1519 3359 1591 Quibus
3381 1520 3573 1580 verbis
3592 1528 3931 1595 protervum

2219 1605 2505 1677 populum
2542 1608 2683 1666 adeo
2722 1609 2904 1679 ﬂexit,
2937 1617 3003 1669 ut
3041 1627 3101 1669 se
3133 1611 3206 1670 ad
3246 1612 3443 1669 omnia
3484 1613 3610 1684 ejus
3662 1611 3938 1669 mandata

2222 1700 2486 1766 paratum
2534 1711 2657 1755 esse
2698 1696 3072 1771 responderit.
3115 1700 3447 1771 Quaestione
3501 1700 3638 1757 inde
3692 1699 3937 1758 clerico-

423 1781 502 1839 tio
560 1776 1064 1854 Quadragesimze,
1123 1780 1267 1838 urbe
1322 1780 1579 1853 repetita,
1638 1780 1833 1853 ipsum
1889 1778 2354 1857 OstiensiBrum
2397 1784 2681 1857 instituta,
2725 1787 2827 1846 vix
2873 1789 3183 1862 quisquam
3215 1805 3373 1849 unus
3401 1796 3662 1863 repertus
3688 1795 3793 1859 est,
3830 1788 3935 1861 qui

425 1868 681 1927 Ecclesia
713 1868 1021 1927 decoravit.

495 1958 642 2016 Cum
695 1956 1023 2016 Landulfus
1076 1956 1384 2015 Arialdum
1441 1956 1685 2015 Romam
1740 1956 2026 2028 misisset,
2076 1964 2142 2017 ut

420 2061 692 2105 vesanam
749 2044 1023 2104 Ecclesiae
1074 2044 1518 2104 Mediolanensis
1540 2044 1985 2104 contumaciam
2038 2046 2140 2104 de-

423 2135 617 2206 ferret,
651 2133 950 2208 simulque
978 2142 1046 2193 ut
1080 2135 1154 2192 ad
1193 2150 1425 2193 causam
1464 2136 1753 2194 haereseos
1791 2151 2140 2209 cognoscen-

421 2224 556 2281 dam
608 2222 834 2295 judices
886 2223 1225 2297 postularet,
1260 2224 1525 2297 pontifex
1582 2223 1817 2282 Petrum
1874 2224 2141 2284 Damiani

422 2304 758 2386 episcOpum
787 2309 1109 2371 Ostiensem
1145 2312 1217 2370 ad
1247 2328 1374 2370 eam
1414 2327 1536 2370 rem
1573 2311 1826 2386 legatum
1862 2312 2136 2373 decrevit.

423 2397 666 2457 Interim
705 2398 908 2458 Petrus
953 2400 1216 2459 Damiani
1272 2400 1550 2459 Anselmo
1588 2400 1852 2475 episcopo
1890 2401 2141 2460 Lucensi

425 2493 738 2563 assumpto,
778 2489 1000 2562 legatus
1046 2488 1440 2549 Mediolanum
1484 2490 1761 2564 perrexit,
1792 2489 1876 2550 ibi
1913 2506 2016 2565 pro
2048 2491 2139 2550 di-

427 2577 645 2649 gnitate
694 2584 975 2651 receptus.
1021 2592 1253 2636 causam
1303 2577 1607 2651 legationis
1658 2579 1730 2637 ad
1777 2594 1874 2638 eos
1921 2595 2045 2640 sua;
2077 2580 2139 2638 in

423 2665 700 2725 concione
728 2665 1017 2740 exposuit.
1049 2666 1133 2725 Ea
1156 2667 1385 2739 cognita
1408 2667 1713 2742 prostridie
1738 2684 1937 2727 rumor
1964 2669 2027 2727 in
2053 2669 2139 2728 ci-

426 2756 602 2816 vitate
653 2773 687 2814 a
738 2757 986 2817 factione
1046 2759 1388 2818 clericorum
1467 2760 1749 2819 excitatus
1809 2760 2134 2834 increbuit;

429 2838 877 2905 Ambrosianam
928 2846 1242 2906 Ecclesiam
1281 2849 1535 2922 antiquis
1586 2849 1818 2908 Patrum
1860 2849 2139 2908 institutis

430 2934 695 3003 liberam,
732 2949 839 2992 nec
868 2934 1148 2993 Romanis
1184 2935 1412 3008 legibus
1435 2937 1750 2996 obnoxiam
1777 2949 1922 3009 esse,
1947 2953 2138 3012 neque

431 3023 768 3098 pontificem
806 3023 1138 3085 Romanum
1165 3026 1263 3098 jus
1297 3024 1486 3085 ullum
1512 3026 1576 3084 in
1608 3042 1716 3086 sua
1751 3028 2005 3087 Ecclesia
2041 3045 2136 3088 or-

431 3111 707 3183 dinanda,
744 3119 918 3197 atque
955 3113 1354 3173 constituenda
1393 3114 1624 3173 habere.
1668 3114 1868 3190 Itaque
1906 3117 2134 3178 sublato

428 3202 681 3260 clamore
712 3203 923 3276 raptim
950 3203 1211 3279 undique
1242 3220 1276 3262 a
1302 3204 1797 3265 tumultuantibus
1825 3205 1896 3264 ad
1923 3208 2136 3281 episco-

428 3290 597 3363 pium
652 3291 1039 3359 concurritur,
1085 3307 1496 3366 campanarum
1556 3296 1816 3368 strepitu,
1859 3309 1926 3352 ac
1978 3311 2131 3368 prae-

429 3379 668 3454 grandis
714 3379 868 3438 tubas
904 3381 1168 3455 clangore
1199 3382 1337 3441 urbs
1366 3389 1476 3442 tota
1505 3383 1846 3459 completur,
1879 3400 1945 3443 ac
1977 3400 2134 3444 mors

431 3467 621 3541 legato
652 3468 725 3527 ab
753 3468 1026 3529 omnibus
1055 3470 1390 3531 intentatur.
1430 3472 1782 3532 Accenderat
1809 3481 2004 3533 autem
2037 3474 2133 3532 in-

432 3556 611 3616 vidiae
636 3557 953 3630 ﬂammam,
971 3560 1125 3631 quod
1148 3560 1352 3619 Petrus
1377 3562 1564 3635 pridie
1587 3561 1649 3620 in
1669 3569 1961 3621 conventu
1987 3578 2135 3637 pras-

429 3642 647 3715 sidens,
681 3644 755 3702 ad
793 3644 1057 3704 dextram
1088 3646 1202 3706 sibi
1240 3649 1586 3708 Anselmum
1620 3650 1953 3724 episcopum
1991 3666 2134 3710 con-

428 3730 710 3805 stituerat,
749 3750 783 3791 a
821 3734 1055 3794 sinistra
1090 3751 1227 3795 vero
1273 3736 1583 3797 Widonem
1639 3739 2135 3813 archiepiscopum

429 3822 542 3880 sibi
589 3823 840 3883 assidere
887 3825 1205 3886 mandaret.
1260 3827 1561 3901 Perspecta
1615 3843 1752 3886 vero
1792 3828 1991 3902 populi
2028 3842 2136 3886 vo-

427 3909 648 3970 luntate
677 3912 918 3986 legatus,
960 3915 1236 3987 postridie
1273 3923 1581 3977 convocato
1619 3917 1683 3975 in
1721 3917 2003 3992 templum
2030 3934 2134 3993 po-

326 4077 338 4089 _
421 3998 578 4073 pulo,
613 4000 676 4057 in
721 4003 1057 4061 concionem
1092 4005 1371 4076 ascendit,
1399 4011 1572 4080 atque
1612 4008 1868 4067 tumultu
1903 4009 2135 4067 tandem

424 4089 638 4161 sedato,
683 4090 763 4149 ita
821 4092 1136 4154 disseruit:
1170 4095 1441 4156 Nicolaus
1496 4099 1755 4172 pontifex
1817 4101 2130 4172 maximus,

425 4177 630 4235 fratres
658 4178 1009 4251 charissimi,
1037 4181 1197 4240 misit
1231 4199 1325 4242 me
1361 4185 1432 4242 ad
1464 4202 1583 4257 vos,
1626 4201 1743 4244 non
1770 4193 1837 4246 ut
1860 4188 2135 4247 Ecclesiae

425 4264 594 4324 Rom.
651 4266 858 4327 honori
910 4276 1084 4344 atque
1133 4275 1507 4347 amplitudini
1562 4278 1861 4348 servirem,
1912 4278 2009 4336 sed
2070 4284 2136 4337 ut

425 4360 633 4415 vestrae
678 4356 882 4431 gloriae
930 4366 1101 4435 atque
1143 4362 1314 4422 saluti
1369 4366 1749 4425 consulerem.
1780 4365 1930 4435 Quid
1977 4365 2135 4424 enim

423 4445 643 4505 honore
699 4448 1027 4508 tenuissimi
1083 4451 1340 4512 hominis
1394 4454 1657 4513 Romana
1694 4462 1819 4529 eget
1856 4454 2130 4527 Ecclesia,

422 4550 555 4611 quae
603 4534 844 4597 laudum
891 4541 1179 4612 praeconia
1215 4558 1289 4602 ex
1338 4544 1521 4617 ipsius
1563 4560 1661 4603 ore
1694 4552 1779 4603 est
1819 4543 2132 4603 Salvatoris

421 4625 664 4699 adepta?
694 4643 828 4700 quae
864 4635 1060 4689 autem
1104 4631 1403 4704 provincia
1434 4632 1495 4691 in
1536 4634 1702 4693 terris
1735 4633 1807 4693 ab
1837 4633 1967 4705 ejus
2010 4633 2130 4692 edi-

426 4713 583 4771 tione
621 4714 801 4776 libera
828 4718 1136 4791 reperitur,
1176 4720 1346 4793 cujus
1375 4721 1613 4780 arbitrio
1659 4720 1854 4794 ipsum
1900 4738 2135 4796 quoque

425 4801 641 4861 caelum
686 4807 961 4880 aperitur,
993 4816 1046 4867 et
1080 4808 1419 4870 clauditur?
1459 4814 1658 4879 (Math.
1695 4817 1849 4882 XVI.)
1889 4812 1959 4869 Et
1994 4813 2132 4886 qui-

424 4893 577 4963 dem,
618 4895 668 4952 si
707 4903 856 4957 recte
891 4902 1264 4974 attenderitis,
1305 4901 1561 4977 reliquas
1596 4901 1880 4962 Ecclesias
1916 4903 1989 4961 ab
2026 4905 2133 4963 ho-

422 4983 685 5043 minibus
732 4985 1022 5047 institutas
1074 5007 1199 5050 esse
1255 4991 1589 5064 reperietis;
1642 4990 1955 5050 Ecclesiam
1995 5008 2132 5053 vero

424 5073 751 5135 Romanam
793 5093 828 5135 a
868 5077 985 5137 Deo
1038 5080 1162 5154 ipso
1201 5096 1325 5139 esse
1372 5080 1693 5149 fundatam,
1724 5086 1899 5153 atque
1939 5080 2012 5139 ab
2065 5099 2132 5141 ea

423 5178 559 5222 cum
584 5164 838 5240 reliquas
867 5167 1029 5240 alias,
1061 5175 1187 5228 tum
1226 5169 1483 5227 maxime
1513 5167 1997 5228 Mediolanensem
2035 5186 2132 5229 or-

432 5255 524 5309 tus
543 5253 637 5311 sui
665 5255 1001 5329 primordia,
1024 5264 1079 5315 et
1096 5256 1420 5329 disciplinas
1448 5255 1779 5314 rudimenta
1793 5258 2130 5330 sumpsisse.

427 5340 579 5410 Quid
610 5346 764 5403 enim
786 5348 814 5406 ἲ
841 5347 1044 5407 Petrus
1080 5355 1136 5407 et
1175 5348 1408 5417 Paulus,
1441 5346 1541 5419 qui
1580 5346 1902 5404 Romanam
1931 5348 2129 5409 Eccle-

428 5427 575 5487 siam
607 5447 712 5491 suo
738 5438 1021 5509 sanguine
1048 5440 1474 5505 consecrarunt,
1506 5447 1699 5491 nonne
1726 5434 1875 5492 hanc
1899 5451 2133 5512 quoque

421 5531 525 5589 per
576 5517 894 5594 discipulos
944 5539 1080 5583 suos
1124 5519 1546 5582 instituerunt?
1582 5521 1728 5581 Nam
1779 5523 2054 5585 Nazarius
2097 5545 2132 5587 a

426 5601 579 5663 Lino
611 5607 759 5667 Petri
791 5611 1077 5685 discipulo
1121 5625 1283 5670 sacro
1320 5610 1477 5668 fonte
1510 5608 1769 5684 ablutus,
1798 5628 2026 5672 sacrum
2064 5615 2128 5676 in

2222 1887 2341 1931 non
2368 1880 2467 1932 aut
2490 1875 2724 1933 ordines
2749 1874 3000 1946 emisset,
3028 1882 3127 1936 aut
3162 1877 3468 1936 muliebris
3494 1876 3937 1936 consuetudinis

2221 1963 2503 2035 particeps
2531 1970 2696 2022 esset.
2733 1964 2883 2023 Tum
2914 1964 3156 2039 legatus,
3189 1982 3323 2025 cum
3363 1982 3424 2024 se
3449 1966 3726 2025 omnibus
3762 1965 3936 2023 dam-

2221 2052 2430 2111 nandis
2469 2066 2629 2112 sacra
2665 2053 2864 2112 tollere
2901 2068 2933 2112 e
2969 2053 3219 2127 civitate,
3277 2057 3479 2130 paucis
3539 2054 3934 2123 absolvendis,

2221 2141 2463 2216 reliquis
2499 2158 2561 2201 se
2594 2142 2875 2215 injuriam
2909 2144 3113 2214 facere,
3158 2159 3295 2204 cum
3327 2160 3431 2219 par
3456 2144 3725 2203 omnium
3759 2158 3939 2201 causa

2222 2239 2391 2302 esset,
2425 2231 2932 2303 animadverteret,
2960 2240 3260 2309 propterea
3297 2234 3572 2293 omnibus
3605 2248 3666 2292 se
3695 2231 3937 2290 veniam

2220 2322 2496 2380 daturum
2529 2322 2798 2395 ostendit,
2833 2323 2882 2382 si
2920 2339 2981 2382 se
3017 2329 3392 2393 sacramento,
3432 2339 3500 2383 ac
3554 2324 3787 2398 piaculo
3824 2322 3936 2381 ob-

2223 2413 2616 2485 strinxissent,
2673 2404 2733 2472 se
2783 2412 2847 2471 in
2896 2421 3191 2487 posterum
3240 2414 3313 2473 ab
3369 2413 3655 2488 ejusmodi
3696 2411 3937 2484 ﬂagitiis

2227 2507 2655 2576 temperaturos.
2692 2500 3129 2561 Sacramentum
3158 2509 3355 2563 autem
3392 2503 3504 2562 fuit
3535 2500 3766 2574 triplex.
3801 2499 3942 2557 Pri-

2221 2608 2388 2652 mum
2436 2592 2904 2667 archiepiscopus
2961 2593 3039 2651 ita
3076 2592 3335 2668 juravit:
3364 2592 3653 2652 Conﬁteor
3704 2604 3937 2647 morem

2220 2678 2282 2736 in
2321 2678 2576 2736 Ecclesia
2610 2677 2941 2749 inolevisse,
2997 2683 3065 2736 ut
3110 2677 3448 2751 quicunque
3502 2674 3800 2735 clericales
3837 2688 3938 2730 or-

2219 2766 2385 2825 dines
2412 2767 2708 2839 acciperet,
2738 2767 3187 2826 subdiaconatus
3228 2765 3467 2825 nomine
3491 2778 3768 2823 nummos
3793 2761 3941 2820 duo-

2218 2854 2425 2925 decim,
2471 2855 2810 2915 diaconatus
2858 2854 3194 2927 octodecim,
3234 2853 3665 2929 presbyteratus
3722 2850 3938 2924 viginti

2218 2949 2470 3014 quatuor
2493 2943 2783 3023 penderet.
2811 2944 3012 3018 Itaque
3044 2949 3328 3017 przesente
3366 2939 3434 3001 D.
3465 2940 3651 3011 Petro,
3680 2938 3939 2999 Ostiensi

2216 3032 2503 3107 episcopo,
2540 3033 2723 3107 legato
2782 3032 3005 3092 Nicolai
3050 3038 3211 3106 pont.
3247 3038 3304 3090 et
3341 3031 3411 3092 D.
3457 3029 3758 3101 Anselmo,
3808 3028 3938 3086 Lu-

2154 3122 2374 3220 ccensi
2417 3120 2700 3196 episcopo,
2740 3126 2798 3180 et
2833 3120 3106 3180 omnibus
3144 3119 3330 3191 vobis,
3368 3119 3602 3191 damno,
3645 3132 3712 3175 ac
3769 3115 3939 3220 dete-

2220 3215 2338 3270 stor
2376 3227 2612 3272 omnem
2650 3211 3027 3271 simoniacam
3064 3210 3358 3280 haeresim,
3400 3224 3467 3267 ac
3508 3224 3623 3281 me,
3674 3212 3731 3266 et
3761 3206 3936 3265 cleri-

2218 3316 2335 3371 cos,
2362 3307 2418 3360 et
2454 3314 2810 3360 successores
2844 3315 3023 3372 meos,
3063 3299 3317 3373 spondeo
3354 3295 3504 3355 nihil
3534 3298 3596 3354 in
3635 3300 3939 3369 posterum

2219 3395 2543 3450 exacturos.
2597 3388 3012 3448 Nicolaitarum
3091 3401 3328 3461 quoque
3396 3383 3668 3444 haeresim
3728 3382 3937 3442 eadem

2220 3480 2443 3539 ratione
2493 3478 2835 3547 condemno,
2893 3482 2948 3535 et
2998 3476 3382 3551 presbyteros,
3434 3473 3730 3543 diaconos,
3788 3471 3937 3531 sub-

2219 3570 2604 3644 diaconosque
2645 3568 2719 3627 ab
2753 3582 3010 3627 uxorum
3037 3573 3095 3625 et
3130 3564 3596 3625 concubinarum
3638 3561 3935 3633 societate,

2219 3660 2408 3735 quoad
2452 3666 2665 3734 potem,
2715 3657 3131 3734 propulsurum
3166 3657 3454 3732 promitto.
3488 3653 3630 3712 lude
3669 3658 3803 3712 ante
3838 3653 3936 3710 al-

2220 3754 2342 3808 tare
2375 3765 2571 3809 coram
2606 3749 2871 3822 episcopo
2899 3749 3151 3809 Lucensi
3187 3748 3340 3806 dixit
3368 3766 3382 3806 :
3424 3745 3486 3806 Si
3524 3745 3618 3804 his
3646 3744 3934 3813 deiecero,

2221 3844 2347 3897 tum
2372 3853 2466 3896 me
2486 3838 2659 3908 Deus,
2690 3843 2746 3896 et
2768 3837 2890 3896 divi
2926 3837 3155 3911 piorum
3186 3834 3598 3896 communione
3632 3832 3932 3907 dejiciant.

2222 3926 2514 3987 Postremo
2565 3927 2854 3985 Arnulfus
2907 3942 3086 4000 nepos
3139 3927 3285 4001 ejus,
3341 3924 3587 3983 clericus
3637 3936 3773 3981 cum
3810 3934 3935 3979 una

2221 4032 2403 4076 manu
2442 4033 2684 4078 manum
2719 4017 3134 4092 archiepiscopi
3180 4022 3418 4088 teneret,
3460 4014 3640 4075 altera
3697 4026 3935 4070 sacrum

2221 4107 2524 4182 Evangelii
2556 4108 2811 4189 codicem
2844 4113 3121 4182 tangeret,
3145 4107 3224 4164 ita
3248 4107 3470 4164 locutus
3491 4110 3609 4164 est:
3640 4100 3936 4160 Dominus

2222 4193 2404 4253 Wido
2433 4196 2921 4270 archiepiscopus,
2959 4195 3114 4270 quod
3145 4193 3409 4269 promisit
3434 4193 3505 4251 de
3533 4191 3790 4250 mstitate
3822 4189 3938 4247 cle-

2222 4283 2474 4341 ricorum
2498 4328 2514 4354 ,
2573 4283 2902 4343 observabit
2953 4307 2966 4341 :
3018 4296 3211 4356 neque
3263 4280 3619 4341 consecrabit
3672 4277 3935 4351 aliquem

2222 4379 2432 4445 praeter
2478 4373 2814 4444 monachos,
2845 4387 3021 4446 quem
3072 4371 3773 4446 superiore-sacramento
3809 4381 3931 4424 non

2222 4461 2453 4534 obliget.
2486 4461 2701 4520 Eadem
2741 4461 2935 4521 clerici
2961 4462 3254 4537 jurarunt.
3304 4459 3410 4519 His
3447 4459 3606 4529 actis,
3637 4455 3935 4530 archiepi-

2219 4565 2425 4624 scopus
2477 4565 2538 4609 se
2589 4552 2826 4626 projecit
2870 4551 2935 4609 in
2988 4556 3218 4622 terram,
3249 4557 3420 4624 atque
3464 4546 3763 4623 piaculum
3813 4545 3935 4602 sibi

2218 4640 2450 4715 injungi
2483 4640 2678 4714 jussit,
2710 4641 2848 4715 quia
2896 4639 3168 4715 quamvis
3217 4653 3286 4697 ea
3332 4638 3455 4711 ipse
3495 4638 3558 4695 in
3609 4633 3934 4693 Ecclesiam

2217 4729 2426 4804 probra
2465 4745 2584 4788 non
2610 4729 2949 4801 invexisset,
2980 4736 3172 4788 tamen
3202 4742 3336 4787 cum
3366 4734 3573 4801 posset,
3604 4740 3680 4782 ex
3706 4739 3776 4782 ea
3806 4738 3933 4781 non

2220 4816 2572 4877 sustulisset.
2614 4818 2868 4891 Legatus
2895 4825 3131 4878 centum
3158 4832 3446 4876 annorum
3482 4812 3783 4889 piaculum
3811 4812 3932 4870 im-

2218 4908 2430 4981 posuit,
2482 4907 2663 4982 idque
2699 4908 2907 4966 redimi
2938 4923 3104 4981 posse
3141 4914 3294 4966 certa
3330 4907 3393 4965 in
3433 4904 3694 4978 singulos
3740 4917 3936 4960 annos

2223 4993 2410 5053 soluta
2446 4994 2715 5069 pecunia,
2750 4994 2954 5054 voluit.
2992 4995 3198 5053 Clerici
3236 4993 3482 5053 diversis
3515 4992 3579 5050 in
3618 4991 3739 5050 vita
3769 4988 3933 5063 jeju-

2221 5084 2338 5143 niis
2365 5083 2622 5157 obligati.
2659 5083 3145 5158 Archiepiscopus
3176 5084 3316 5142 inde
3352 5082 3690 5141 concionem
3726 5092 3934 5136 ascen-

2218 5173 2322 5244 dit,
2374 5188 2459 5243 ac,
2511 5179 2796 5247 praesente
2849 5172 3002 5232 clero
3055 5181 3112 5231 et
3155 5172 3389 5247 populo,
3425 5171 3700 5229 clericum
3750 5182 3935 5227 suum

2212 5263 2410 5335 jurare
2428 5261 2626 5334 jussit,
2667 5278 2727 5319 se
2756 5261 2861 5320 has
2887 5261 3034 5320 duas
3060 5262 3312 5319 haereses
3339 5275 3442 5335 pro
3476 5257 3699 5316 viribus
3721 5256 3937 5314 exstir-

2216 5358 2511 5424 paturum.
2544 5350 2881 5424 Eodemque
2913 5366 2973 5408 se
3005 5349 3385 5425 jurejurando
3421 5345 3671 5420 populus
3702 5343 3933 5417 obliga-

2217 5439 2320 5497 vit.
2364 5439 2599 5498 Clericis
2636 5448 2924 5513 postremo
2958 5438 3203 5513 pristina
3243 5443 3602 5503 ornamenta,
3658 5434 3933 5493 litteratis

2215 5527 2412 5599 etiam,
2443 5536 2498 5588 et
2545 5532 2716 5587 castis
2751 5529 3007 5588 ofﬁcium
3050 5528 3360 5586 redditum.
3391 5527 3626 5600 Reliqui
3653 5524 3935 5583 Ecclesize

2219 5624 2446 5679 tantum
2499 5617 2787 5688 associati,
2824 5616 3292 5689 archiepiscopus
3329 5616 3524 5688 etiam,
3557 5630 3654 5673 eos
3687 5630 3747 5671 se
3787 5612 3933 5671 reli-
