4140 6464
200 249 295 306 103
891 248 1466 308 PROLEGOMENA.
1512 281 1578 293 —
1617 248 2080 310 TESTIMONIA
2118 254 2214 310 DE
2258 252 2315 312 S.
2360 252 2601 313 PETRO
2639 255 3004 316 DAMIANO.
3599 257 3699 319 194

186 378 376 452 gionis
432 375 640 449 gratia,
699 374 946 432 Romam
992 381 1092 433 aut
1131 375 1438 435 Turonum
1493 376 2112 442 missuros:seAnati
2161 377 2573 454 archiepisc0pi
2632 383 2970 456 contagione
3023 386 3381 454 corruptum,
3438 395 3696 454 eumque

192 483 323 525 vero
360 465 433 523 ad
478 464 534 523 S.
579 463 857 522 Jacobum
886 463 947 521 in
980 464 1326 537 Hispaniam
1359 462 1580 524 iturum
1618 464 1908 539 promisit.
1937 463 2327 526 "damnatum
2357 467 2418 526 in
2441 472 2687 542 gratiam
2718 471 2989 529 Ecclesia:
3031 469 3258 544 recepit,
3303 486 3370 528 ac
3405 475 3694 530 contracto

191 557 327 615 llaec
349 555 554 612 Petrus
579 553 704 626 ipse
730 569 789 611 se
815 553 1128 611 Mediolani
1166 553 1421 626 legatum
1453 552 1638 626 egisse
1663 553 1906 628 scripsit.
1991 555 2220 629 piaculo
2250 557 2582 616 auctoritate
2612 560 2902 632 pontiﬁcis
2933 559 3214 618 liberavit.
3247 560 3386 616 Mox
3413 559 3697 619 Ravenna

262 643 530 702 Profecto
576 641 714 700 inde
760 643 969 716 legato,
1024 641 1490 716 archiepiscopus
1531 643 1751 718 asperis
1795 644 1913 701 cle-
1993 641 2299 716 digressus,
2331 659 2467 704 cum
2497 646 2831 705 Faventiam
2868 648 3243 722 pervenisset,
3279 646 3424 704 febri
3458 661 3696 720 oppres-

199 733 452 792 ricorum
491 749 732 792 suorum
779 732 1062 792 conviciis
1097 730 1401 803 laceratus,
1438 733 1594 807 quod
1635 732 1912 790 Mediola-
1993 748 2091 791 sus
2123 733 2358 791 interiit.
2400 733 2521 804 Vir,
2563 742 2618 793 et
2661 737 2974 807 sanctitate,
3021 744 3077 795 et
3114 737 3393 810 sapientia
3433 752 3535 810 per
3566 736 3696 794 haec

201 821 396 880 nensis
442 820 770 880 libertatem
813 819 1085 878 Ecclesiae
1121 819 1486 893 prodidisset,
1527 820 1590 878 in
1631 819 1915 878 sententia
1993 828 2247 894 tempora
2277 820 2483 880 clarus.
2517 821 2649 881 Post
2677 829 2916 883 mortem
2946 823 3246 884 miraculis
3277 823 3560 897 inclytum
3591 838 3696 897 pro

197 912 472 972 castitatis
500 927 617 970 non
643 909 908 984 perstitit,
935 910 1034 968 sed
1059 909 1414 984 promiscuos
1441 910 1758 970 mulierum
1785 927 1915 971 con-
1992 909 2127 970 divo
2148 911 2413 970 homines
2436 911 2788 971 habuerunt.

196 1002 430 1061 cubitus
457 1001 686 1060 annuit.
725 1001 924 1074 Itaque
952 1000 1218 1074 sequenti
1242 1016 1417 1071 anno,
1452 1001 1553 1076 qui
1583 1001 1692 1060 fuit
1723 1002 1914 1060 mille-
2754 999 2934 1058 XXV.

198 1094 383 1151 simus
451 1091 872 1164 sexagesimus,
929 1089 1340 1149 Arlembaldus
1394 1089 1555 1150 Cotta
1607 1093 1669 1150 in
1721 1093 1906 1151 locum

1995 1083 2184 1136 Petrus
2227 1081 2578 1164 ‘Ricordatus
2650 1083 2768 1164 (han.
2827 1081 3017 1164 1518),.
3082 1084 3284 1164 Tuscus
3349 1082 3690 1164 Bojanensis,

201 1181 471 1241 Landulti
501 1153 692 1240 fratris
722 1153 934 1238 mortui
959 1179 1276 1261 sublectus,
1307 1182 1505 1240 eodem
1539 1181 1773 1241 Arialdo
1801 1184 1906 1241 im-

2030 1153 2321 1208 monachus
2355 1169 2600 1221 congreg.
2644 1153 2825 1210 Casin.
2867 1153 3048 1207 diaria
3077 1153 3110 1209 4
3137 1156 3282 1209 Hist.
3320 1157 3654 1214 monasticz.

2064 1241 2140 1261 Π-
2185 1241 2342 1261 Παιι.-
2397 1239 2651 1261 l'\__.:-_..'
2732 1247 2849 1261 L---..-
2905 1239 3149 1261 J--L_£__-
3232 1247 3348 1261 4--”
3404 1242 3654 1261 _-_.AL..L_A

200 1269 466 1343 pellente,
500 1285 735 1327 causam
771 1254 1216 1327 intermortuam
1240 1240 1516 1329 excitavit
1541 1295 1552 1328 :
1578 1280 1750 1346 atque
1781 1289 1911 1344 gra-
1998 1331 2009 1341 ,
2062 1241 2146 1340 D,"
2184 1241 2360 1346 et“),
2389 1240 2676 1346 Dafni,anif
2732 1247 2856 1346 tu?
2880 1240 3175 1346 ,doctrinf"
3232 1247 3356 1346 nim
3399 1242 3699 1346 summa”

200 1330 368 1416 ribus
399 1330 755 1416 tumultibus
781 1357 840 1415 in
879 1357 1023 1416 urbe
1055 1358 1404 1429 miscendis;
1437 1359 1611 1417 etiam
1641 1330 1712 1418 ne
1737 1330 1914 1419 abbas
1993 1331 2212 1403 inSigni
2242 1330 2418 1441 “fw?
2454 1331 2750 1441 ξδθξῗηίῗδδθ
2783 1331 3031 1441 (mimus
3054 1330 3234 1441 fuisse
3273 1331 3696 1441 Ba‘fennat‘f‘mz

200 1446 255 1505 S.
285 1446 440 1506 Celsi
468 1447 542 1505 ab
567 1446 994 1520 archiepiscopo
1020 1455 1362 1516 sacraretur,
1388 1421 1673 1507 inhibuit.
1707 1450 1912 1523 Itaque
1993 1429 2049 1523 θξ
2081 1422 2414 1479 Πλοηδδίθτίί
2438 1421 2512 1523 ,δ’
2546 1421 2744 1523 Μίλιίίίὲ
2855 1421 3130 1523 Ῑῗθῖξῖηίίξλ
3169 1423 3544 1523 Πλοίξίξῗιὶυφσ
3585 1421 3699 1490 ΟΠῘ

201 1535 401 1594 Petrus
431 1535 702 1593 Damiani
733 1510 804 1592 ad
846 1510 943 1592 eos
971 1536 1122 1594 hanc
1162 1510 1462 1609 epistolam
1497 1539 1685 1598 misit:
1712 1510 1913 1598 Petrus
1993 1511 2066 1609 (Ξῖ)
2099 1527 2245 1609 ,ευθῗ
2284 1511 2594 1609 ΡΓῖθεξθίἭὲ
2613 1511 2855 1609 “times
2889 1528 2922 1609 ίξ
2955 1510 3243 1609 Stephano
3283 1510 3700 1609 Ixnepiscopus

203 1627 487 1697 Damiani,
520 1634 627 1684 ριρ,
664 1626 798 1684 hab.
834 1641 960 1684 eam
992 1625 1091 1683 lib.
1124 1599 1383 1700 V,‘epist.
1417 1626 1508 1686 84.
1994 1601 2271 1700 Ostiensis
2319 1607 2374 1659 et
2437 1601 2493 1660 S.
2558 1601 2626 1659 Β.
2793 1600 2946 1697 card.
3007 1603 3252 1700 creatus,
3307 1599 3408 1700 tali
3447 1615 3705 1700 ‘munere

263 1715 424 1773 Idem
462 1714 771 1788 (Henricus
808 1714 892 1772 IIl
934 1715 1096 1787 imp.)
1126 1687 1296 1772 malis
1333 1715 1689 1787 suasoribus,
1723 1716 1909 1790 inpri-
1933 1706 2095 1800 Βξθξ
2150 1689 2402 1800 mimum
2447 1689 2721 1800 ίθξῖξρξξτίῗ
3570 1693 3700 1800 ξδξο

202 1805 427 1878 misque
457 1775 789 1874 Adelberto,
829 1775 1132 1862 Bremensi
1174 1805 1621 1879 archiepiscopo,
1659 1775 1907 1879 deditus,
1934 1775 2274 1879 μξηίθτηθίῖ»
2315 1794 2447 1877 (Πλεῖ)
2489 1777 2562 1879 (ξθ
2597 1777 2723 1879 Ψδο
2760 1778 2909 1879 θείιει
2936 1775 3112 1875 digna
3138 1775 3548 1879 ίηβξτζεθυὲίὲ
3570 1775 3702 1879 ΤΓΞῙ

199 1863 428 1955 nullum
469 1912 604 1968 erga
653 1893 946 1965 homines,
981 1893 1283 1968 Deumque
1307 1863 1589 1965 avaritia),
1611 1863 1908 1967 libidinis,
1995 1867 2198 1968 "1093“
2227 1867 2488 1968 ίηνθθίίξν
2511 1865 3158 1968 legitui,qu°dv_mi§8“8
3180 1865 3254 1923 ab
3281 1865 3619 1968 Alexandf?
3646 1863 3702 1924 Π

197 1992 370 2059 atque
400 1954 735 2042 insolentia;
763 1954 947 2055 genus
981 1954 1266 2041 omittere.
1300 1983 1445 2040 Nam
1493 1991 1546 2040 et
1575 1954 1740 2056 [plebi
1770 1954 1908 2042 con:-
1993 1957 2066 2059 δεῖ
2097 1956 2420 2059 “(infimiin
2451 1955 2672 2058 legatus
2693 1955 3081 2057 Francomrti’
3112 1970 3305 2059 09m?“
3329 1954 3702 2059 magna‘ibus

200 2082 279 2133 tra
337 2074 587 2144 nobiles,
636 2073 1048 2148 principesque
1093 2073 1347 2145 studere,
1391 2081 1564 2150 atque
1606 2075 1802 2132 omnia
1851 2073 1906 2133 vi

1995 2057 2048 2107 et
2094 2048 2454 2122 principibus
2501 2048 2731 2119 imperii
2767 2063 2998 2106 summa
3043 2048 3380 2106 auctoritate
3418 2054 3472 2104 et
3510 2048 3700 2104 scien-

202 2163 401 2237 magis,
443 2137 791 2236 quam‘jure
827 2137 1016 2235 agere,
1047 2169 1102 2220 et
1127 2137 1509 2237 episcopatus,
1538 2162 1909 2238 abbatiasque
1995 2140 2074 2238 Eia
2119 2139 2470 2238 ΑΠΠῘΨῩῙῬἮΡ
2531 2137 3100 2238 Ῐθὲδίίοηίδηξθνξβηὲ
3353 2137 3697 2195 inSinuaVit'

200 2253 386 2325 palam
431 2253 704 2321 vendere,
745 2257 799 2309 et
845 2251 1038 2325 opima
1079 2251 1204 2325 ipsa
1240 2226 1659 2309 monachorum
1691 2226 1906 2324 praedia

1995 2229 2207 2304 Captus
2267 2228 2476 2288 deinde
2535 2244 2731 2286 amore
2791 2227 3141 2299 solitudinis,
3202 2226 3416 2284 talibus
3475 2242 3536 2284 se
3596 2240 3702 2282 ne-

197 2315 570 2400 sectatoribus
595 2315 718 2399 suis
744 2315 902 2414 turpi
920 2315 1519 2413 largitionetribuere.
1554 2315 1713 2410 Quin
1735 2339 1909 2398 etiam
1997 2319 2167 2393 ἓοίίίε
2210 2317 2759 2417 ,θκξνίοξινξινηθῑίιιξθ
2806 2319 3134 2417 ἐρξεοορὶὶῑιι
3183 2331 3243 2375 se
3285 2315 3578 2387 abdicanS,
3629 2317 3701 2373 ad

195 2447 324 2490 cum
354 2431 605 2504 conjuge
643 2405 872 2499 Bertha,
905 2405 1146 2487 Othonis
1178 2429 1532 2487 marchionis
1563 2429 1705 2499 ﬁlia,
1741 2432 1906 2501 cujus

1998 2408 2417 2468 monasterium
2454 2407 2513 2466 S.
2549 2407 2749 2466 Crucis
2777 2408 2850 2465 ab
2874 2405 3152 2464 Avellana
3190 2421 3365 2478 supra
3413 2420 3700 2464 memora-

197 2519 366 2592 paulo
391 2496 670 2577 an'tevsibi
697 2496 1000 2592 desponsae
1021 2519 1142 2592 jam
1173 2519 1400 2576 satietas
1433 2496 1908 2591 ceperat,—divor-
1999 2502 2123 2556 tum
2164 2514 2235 2592 ξε
2274 2497 2750 2592 contulit.__Ju_cet
2793 2502 2998 2592 autem
3034 2496 3141 2553 hoc
3181 2496 3606 2592 monasterium,
3638 2496 3700 2550 in

197 2608 338 2667 tium
380 2608 569 2666 facere
609 2608 869 2682 cupiens,
910 2607 1326 2681 Moguntinum
1364 2606 1677 2664 antistitem
1706 2607 1780 2665 ad
1810 2608 1905 2664 in-

195 2697 504 2755 dicendum
536 2712 712 2769 super
740 2712 806 2755 ea
831 2713 892 2754 re
912 2696 1229 2770 Moguntiaa
1255 2703 1610 2754 conventum
1644 2696 1905 2755 induxit.

196 2786 356 2857 Quod
389 2787 493 2844 ubi
521 2786 789 2858 cognovit
821 2786 1175 2856 Alexander,
1207 2786 1441 2844 Petrum
1463 2784 1730 2842 Damiani
1762 2785 1909 2858 lega-

197 2884 316 2934 tum
345 2874 408 2932 in
441 2874 812 2933 Germaniam
847 2876 919 2933 ad
947 2890 1074 2932 eam
1111 2891 1232 2932 rem
1264 2873 1696 2948 impediendam
1729 2873 1906 2932 misit.

1999 2587 2294 2646 montibus
2333 2593 2510 2645 status
2543 2586 2855 2656 Urbinatis,
2899 2587 3002 2644 ubi
3034 2591 3226 2644 noster
3255 2591 3419 2658 poeta
3464 2586 3698 2654 Dantes,

1998 2678 2252 2737 solitaria
2304 2677 2406 2736 illa
2468 2678 2701 2748 regione
2755 2677 3087 2748 delectatus,
3151 2676 3255 2734 diu
3324 2674 3704 2732 eommoravit

1995 2769 2317 2826 maximam
2363 2783 2603 2826 suorum
2648 2783 2887 2841 operum
2926 2775 3146 2840 partem
3182 2779 3555 2839 componens,
3597 2779 3702 2821 cu-

1991 2857 2088 2931 jus
2133 2858 2216 2915 rei
2257 2857 2493 2929 signum
2534 2871 2724 2932 usque
2772 2857 2842 2914 ad
2887 2858 3037 2914 hanc
3080 2855 3235 2913 diem
3280 2859 3466 2912 exstat
3514 2852 3700 2924 quod-

195 2961 251 3018 ls
308 2963 580 3034 sequenti
631 2977 786 3020 anno
851 2962 1139 3036 profectus
1185 2941 1578 3033 Mogu-ntium,
1630 2959 1906 3018 intentato

1995 2947 2130 3036 dam
2178 2948 2476 3022 spelaeum,
2530 2947 2682 3022 quod
2742 2946 2941 3005 Dantis
2987 2945 3177 3036 cubile
3233 2943 3463 3036 dicitur.
3530 2941 3705 3036 lianc

196 3030 429 3109 acrioris
454 3030 972 3108 animadversionis
1000 3030 1382 3122 periculo,"ab
1421 3030 1686 3108 habendo
1714 3047 1910 3106 conci-
1933 3101 1973 3122 η
1998 3034 2188 3094 locum
2225 3045 2391 3110 Ροθῑὶι
2432 3038 2491 3094 in
2531 3052 2636 3095 5110
2665 3036 2934 3094 Paradiso
2979 3034 3276 3107 deSCl'iPSit
3309 3034 3381 3091 iis
3415 3030 3699 3122 νθΐδξῦιιεν

197 3138 272 3198 lio
294 3139 608 3200 revocavit.
639 3139 892 3198 Henrico
915 3101 1052 3199 vero
1076 3101 1485 3209 Franctordiae,
1514 3153 1628 3213 quo
1656 3137 1757 3195 ille
1781 3153 1912 3195 eon-
1931 3101 1975 3160 Ο
1995 3140 2140 3200 quos
2186 3131 2359 3184 eam“
2412 3139 2525 3184 ΧΧΙ
2574 3125 2860 3184 dicentem
2915 3125 3107 3198 ipsum
3177 3123 3412 3182 Petrum
3476 3120 3707 3178 induc“

199 3239 437 3290 ventum
468 3231 771 3302 acciverat,
802 3232 1072 3289 mandata
1101 3231 1392 3305 pontiﬁcis
1418 3231 1479 3289 in
1512 3231 1664 3288 hanc
1691 3235 1914 3289 senten-

201 3321 331 3379 tiam
369 3321 575 3392 edidit,
616 3337 738 3379 rem
772 3322 1106 3395 pessimam,
1139 3327 1195 3379 et
1217 3337 1250 3379 a
1280 3319 1519 3379 nomine
1559 3321 1908 3392 Christiano,

201 3417 411 3475 nedum
465 3413 642 3486 regio,
697 3412 944 3472 alienam
999 3429 1146 3479 esse,
1200 3429 1380 3486 quam
1428 3413 1529 3471 ille
1583 3413 1906 3473 moliretur.

200 3504 357 3572 Quod
387 3503 439 3561 si
470 3501 768 3571 humanis,
800 3506 902 3559 aut
929 3501 1147 3559 divinis
1176 3501 1406 3574 legibus
1431 3517 1549 3559 non
1579 3507 1906 3576 terreretur,

201 3601 252 3650 at
279 3594 485 3651 saltem
524 3590 698 3649 fama)
729 3597 786 3648 et
822 3590 1271 3648 existimationis
1316 3606 1441 3649 suae
1480 3591 1764 3649 rationem
1803 3592 1908 3649 ha-

201 3682 376 3751 beret,
414 3695 491 3737 ne
533 3685 648 3737 tam
689 3685 828 3737 tetro
857 3695 1082 3738 veneno
1118 3696 1152 3736 a
1191 3694 1322 3750 rege
1366 3685 1678 3753 temperato
1724 3687 1909 3740 totum

205 3772 483 3846 populum
514 3770 904 3830 Christianum
929 3772 1218 3844 inliceret;
1250 3778 1306 3829 et
1333 3771 1440 3846 qui
1466 3772 1682 3845 ﬂagitia
1708 3772 1908 3832 ulcisci

203 3861 450 3927 deberet,
491 3860 564 3919 iis
602 3877 662 3918 se
708 3860 974 3934 princeps
1025 3860 1426 3934 obstringeret.
1486 3860 1647 3930 Quod
1695 3861 1745 3920 si
1791 3877 1909 3920 non

203 3951 525 4008 ﬂecteretur
577 3949 855 4020 consiliis,
915 3965 1020 4022 pro
1077 3954 1230 4007 certo
1284 3948 1521 4007 haberet
1575 3950 1908 4022 pontificem

203 4041 318 4099 vim
369 4039 816 4099 ecclesiasticam
867 4041 1292 4110 adhibiturum,
1351 4056 1542 4116 neque
1600 4058 1735 4100 cum
1784 4043 1909 4102 suis

201 4135 471 4192 manibus
497 4134 902 4206 imperatorem
940 4135 1256 4208 aliquando
1293 4142 1674 4195 sacraturum.
1716 4137 1908 4210 Hujus

198 4227 517 4284 orationem
569 4226 891 4284 subsecutae
938 4232 1075 4284 sunt
1133 4227 1269 4285 inde
1321 4243 1524 4300 graves
1573 4228 1906 4302 principum

199 4317 296 4389 qui
333 4315 576 4373 aderant
622 4330 809 4386 voces,
846 4331 1014 4389 aqua
1046 4314 1253 4389 jubere
1297 4316 1630 4376 Romanum
1673 4319 1906 4393 pontifi-

199 4421 342 4463 cem.
391 4405 476 4462 Ne
514 4420 616 4477 per
653 4404 839 4462 Deum
879 4404 1136 4463 nominis
1183 4406 1326 4480 regii
1381 4409 1741 4481 majestatem
1791 4416 1904 4467 tam

202 4497 384 4569 turpis
422 4495 556 4553 facti
588 4495 714 4553 labe
751 4497 1214 4567 commacularet,
1259 4514 1405 4556 neve
1443 4499 1778 4572 parentibus
1817 4517 1905 4558 re-

197 4585 349 4656 ginae
393 4599 629 4643 causam
665 4585 998 4644 defectionis
1037 4592 1092 4644 et
1115 4586 1333 4660 justam
1377 4588 1678 4646 turbandae
1713 4590 1909 4663 reipu—

196 4671 360 4732 blicae
436 4673 792 4731 occasionem
857 4675 1172 4747 praeberet;
1222 4677 1360 4750 iqui,
1423 4677 1471 4735 si
1523 4677 1636 4734 viri
1694 4685 1903 4751 essent,

188 4777 320 4820 cum
350 4761 530 4818 armis
555 4760 810 4836 virisque
839 4762 1159 4836 plurimum
1187 4771 1436 4836 possent,
1466 4771 1578 4822 tam
1611 4764 1902 4839 insignem

189 4849 329 4908 tiliae
353 4865 477 4908 sum
510 4851 920 4909 contumeliam
951 4853 1078 4911 sine
1115 4854 1294 4913 dubio
1325 4853 1542 4926 insigni
1579 4853 1776 4928 aliquo
1817 4856 1905 4912 fa-

185 4938 384 4997 cinore
429 4939 719 5012 expiaturi
761 4946 972 5000 essent.
1027 4939 1252 5011 Quibus
1307 4941 1636 5001 rationibus
1689 4943 1908 5002 fractus

185 5029 372 5103 magis
404 5045 581 5104 quam
608 5030 863 5091 inﬂexus
885 5032 1010 5091 Heu
1021 5033 1194 5105 ricus,
1227 5048 1289 5092 se
1313 5031 1375 5090 in
1397 5033 1692 5108 pontiﬁcis
1715 5039 1906 5093 aucto-

183 5117 351 5175 ritate
380 5118 653 5177 futurum
685 5118 855 5177 dixit.

251 5208 341 5267 Eo
367 5224 506 5268 vero
532 5225 689 5268 anno
717 5211 819 5286 qui
849 5211 1150 5272 insecutus
1187 5218 1292 5285 est,
1333 5227 1544 5286 nempe
1574 5211 1728 5283 1080,
1762 5213 1910 5272 Gre-

186 5299 387 5372 gorius
438 5302 626 5372 (Greg.
678 5305 799 5373 VII)
854 5317 990 5366 cum
1037 5303 1362 5362 Gilbertum
1409 5302 1906 5377 archiepiscopum

187 5391 469 5450 Ravenna
497 5392 821 5465 profectum
856 5393 1133 5463 audisset,
1177 5393 1412 5452 Petrum
1449 5394 1739 5465 Damiani,
1776 5393 1908 5453 licet

189 5487 356 5539 aetate
384 5481 734 5552 confectum,
765 5481 1105 5541 Ravennam
1133 5483 1387 5555 legatum
1423 5483 1600 5543 misit.
1635 5484 1743 5543 Ille
1771 5500 1904 5558 pro-

191 5570 375 5629 fectus
412 5587 476 5630 ac
518 5571 760 5630 comiter
785 5587 820 5631 a
846 5572 1076 5632 civitate
1110 5578 1393 5646 acceptus,
1436 5573 1718 5646 populum
1749 5575 1906 5634 dam-

1993 3216 2262 3274 videlicet
2287 3235 2300 3273 :

2177 3305 2279 3354 Tra
2313 3305 2413 3354 due
2445 3305 2521 3354 liti
2550 3304 2752 3356 d'Italia
2783 3319 2973 3356 sumen
3001 3305 3134 3354 sassi

2197 3368 2238 3416 Ε
2265 3382 2364 3416 non
2398 3369 2557 3416 multo
2593 3367 2802 3417 distanti
2834 3367 2935 3418 alla
2963 3376 3045 3416 tua
3071 3367 3259 3429 patria)

2176 3430 2340 3479 Tanto
2370 3432 2465 3478 ehe
2497 3434 2508 3476 i
2540 3439 2676 3478 tuom
2712 3433 2847 3479 assai
2879 3444 3073 3478 suonan
3112 3430 3198 3493 piit
3230 3430 3384 3489 bassi,
3416 3438 3512 3480 etc.

2071 3509 2190 3570 Hoc
2216 3511 2629 3569 monasterium
2653 3509 3133 3569 abillustrissimo
3149 3516 3202 3568 et
3220 3507 3701 3568 reverendissimo

1991 3601 2148 3661 Julio
2177 3601 2329 3659 card.
2366 3600 2643 3659 Urbinate
2672 3601 2742 3658 ad
2772 3601 3200 3659 observantiam
3228 3598 3553 3671 regularem
3594 3597 3701 3656 sub

1994 3690 2434 3763 congregatione
2486 3688 2915 3748 Camaldulensi
2953 3689 3166 3746 nostris
3206 3687 3559 3759 temporibus
3607 3702 3699 3743 re-

1993 3779 2224 3838 dactum
2253 3784 2356 3836 est.
2389 3777 2463 3836 Ut
2489 3778 2668 3851 igitur
2689 3777 2759 3836 ad
2790 3777 3123 3836 institutum
3145 3776 3469 3846 redeamus,
3495 3773 3700 3831 Petrus

1991 3868 2062 3925 ad
2115 3865 2530 3926 monasterium
2580 3881 2862 3935 reversus,
2911 3864 3197 3938 privatum
3241 3862 3434 3922 locum
3478 3861 3698 3930 tenuit;

1991 3961 2183 4028 postea
2209 3971 2241 4012 a
2266 3953 2500 4011 Nicolao
2531 3953 2805 4025 secundo,
2832 3951 3164 4010 Alexandro
3189 3951 3442 4010 secundo
3473 3956 3528 4008 et
3555 3948 3701 4008 Gre-

1992 4043 2152 4118 gorio
2194 4043 2434 4117 septimo
2485 4041 2764 4112 monitus,
2811 4057 2878 4099 eo
2911 4040 3067 4114 quod
3107 4046 3252 4098 esset
3278 4037 3702 4096 inconveniens

1993 4135 2186 4194 virum
2215 4150 2248 4192 a
2276 4132 2391 4191 Deo
2422 4131 2637 4206 optimo
2667 4138 2822 4188 tanta
2855 4130 3097 4189 scientia
3123 4136 3179 4188 et
3203 4127 3532 4200 eloquentia
3560 4125 3704 4184 dita-

1994 4233 2140 4294 tum,
2171 4224 2242 4281 ad
2265 4221 2728 4298 persuadendum
2753 4219 2986 4292 pepulis
3013 4223 3234 4276 rectum
3253 4216 3491 4275 vivendi
3517 4231 3703 4288 genus

1994 4313 2250 4372 maxime
2279 4313 2573 4380 idoneum,
2603 4309 2892 4383 propriam
2924 4314 3224 4365 curantem
3252 4306 3563 4363 utilitatem
3587 4321 3706 4364 ces-

1996 4406 2138 4466 sisse
2164 4405 2538 4480 episcopatui,
2579 4418 2716 4460 cum
2759 4401 2958 4459 multis
2995 4400 3059 4458 in
3101 4399 3201 4456 tali
3229 4397 3506 4471 dignitate
3533 4396 3704 4470 adju-

1995 4503 2189 4555 mento
2237 4501 2404 4563 esset,
2449 4508 2550 4566 per
2597 4489 2898 4565 epistolam
2946 4487 3259 4562 respondit,
3299 4486 3362 4543 in
3408 4500 3521 4558 qua
3575 4490 3705 4541 tum

1967 4583 2258 4658 optimas,
2285 4591 2404 4641 tum
2431 4589 2812 4655 congruentes
2845 4579 2938 4638 sui
2965 4579 3256 4638 discessus
3283 4590 3487 4633 causas
3515 4573 3698 4630 affert.

1997 4671 2234 4746 Scripsit
2257 4672 2328 4730 ad
2362 4673 2615 4731 Leonem
2640 4671 2940 4729 eremitam
2963 4684 3039 4727 an
3068 4669 3130 4725 in
3164 4664 3352 4724 otiicio
3381 4661 3582 4720 divino
3612 4660 3704 4718 di-

1994 4763 2243 4820 cendum
2269 4761 2343 4820 sit
2381 4761 2668 4820 Dominus
2699 4760 3023 4827 vobiscum,
3060 4756 3161 4813 lib.
3193 4766 3272 4824 II;
3313 4750 3706 4825 Apologetico-

1992 4869 2146 4925 rum,
2180 4854 2341 4923 1.111;
2385 4852 2465 4910 De
2490 4851 2843 4910 continentia
2875 4847 3258 4916 sacerdotum,
3291 4843 3330 4902 l.
3377 4843 3436 4914 1;
3487 4843 3568 4902 De
3613 4859 3703 4901 re-

1989 4943 2127 5018 gula
2173 4942 2580 5012 solitariorum,
2629 4942 2670 5010 ,l.
2733 4942 2789 5008 1;
2831 4940 2912 4998 De
2950 4935 3252 4995 miraculis
3283 4933 3375 4993 sui
3408 4933 3702 5009 temporis,

1990 5034 2032 5093 l.
2083 5033 2146 5102 1;
2187 5033 2676 5091 Exhortationum
2725 5029 3197 5097 monastiearum,
3253 5025 3294 5084 l.
3339 5027 3405 5096 1;
3452 5025 3532 5081 De
3568 5037 3702 5095 pro-

1990 5139 2191 5198 gressu
2224 5124 2659 5193 monachorum,
2701 5121 2742 5178 l.
2780 5121 2803 5178 1
2836 5138 2850 5191 ;
2891 5117 3101 5177 Contra
3129 5117 3385 5187 Judaeos,
3421 5114 3460 5172 l.
3506 5114 3526 5170 1
3554 5134 3568 5181 ;
3623 5111 3703 5170 De

1991 5213 2234 5273 avaritia
2270 5215 2664 5288 przelatorum,
2702 5211 2742 5270 1.
2789 5212 2852 5279 1;
2895 5208 2976 5268 De
3016 5207 3148 5267 Vita
3185 5205 3439 5268 Odilonis
3478 5201 3703 5260 abbatis

1992 5304 2409 5375 Cluniacensis,
2445 5303 2483 5360 l.
2526 5304 2582 5375 1;
2625 5301 2708 5361 De
2751 5307 2970 5360 terrore
3017 5299 3234 5370 mortis,
3287 5296 3323 5352 l.
3372 5296 3438 5365 1;
3493 5292 3704 5350 Contra

1990 5396 2284 5470 episcopos
2315 5393 2676 5464 simoniacos,
2715 5391 2756 5451 l.
2792 5392 3094 5464 1;Contra
3137 5388 3490 5461 episcopum,
3531 5382 3700 5457 cujus

1990 5500 2202 5543 nomen
2241 5482 2584 5553 subticetur,
2625 5483 2664 5540 l.
2709 5481 2772 5553 1;
2822 5481 2903 5540 De
2939 5477 3247 5537 insolentia
3299 5473 3696 5548 reproborum,

1988 5573 2030 5634 1.
2065 5576 2088 5633 1
2113 5594 2132 5646 ;
2167 5573 2250 5632 De
2277 5571 2797 5632 exclamationibus
2828 5570 3149 5638 rhetorum,
3181 5566 3219 5626 ι.
3255 5567 3319 5636 1;
3363 5565 3445 5623 De
3488 5570 3696 5623 natura
