4140 6446
427 273 531 339 195

1334 269 1393 334 S.
1437 260 1727 334 PETRUS
1767 261 2160 331 DAMIANUS
2200 261 2262 328 S.
2303 265 2373 328 Β.
2418 267 2483 328 Ε.
2524 263 3005 329 CARDINALIS.

3827 266 3938 329 196

425 401 760 480 aliquorum
785 391 1153 472 animalium,
1174 395 1215 460 l.
1251 395 1274 458 1
1301 410 1316 469 ;
1349 395 1430 459 De
1459 399 1656 459 sancto
1685 393 1959 480 Cassiano
1982 403 2126 480 mar-
2147 387 2290 457 Asx
2324 389 2614 480 monacho
2649 387 2919 452 Ecclesiae
2956 390 3234 452 Romanas
3259 389 3568 480 cardinalis‘
3594 389 3934 468 episcopus,

421 473 568 566 tyré,
623 487 664 552 l.
720 492 786 563 1;
841 489 1190 550 Sermonum
1245 491 1300 547 et
1358 482 1757 559 homiliarum,
1818 475 1857 546 l.
1923 480 1990 556 i;
2062 473 2134 541 de

426 579 531 645 SS.
581 582 752 644 Flora
777 582 834 642 et
861 576 1107 655 Lucilla,
1147 591 1397 658 quarum
1429 591 1664 658 corpora
1691 573 1756 638 in
1781 582 1977 638 nostro
2006 585 2132 636 mod

427 595 531 645 es.
581 595 752 644 Flora
777 595 834 642 et
863 595 1107 655 Lucina,
1147 595 1397 658 quarum
1429 595 1664 726 corpora
1691 595 1756 638 1n
1781 595 1977 638 nostro
2006 595 2129 636 mod

427 669 680 732 nasterlo
707 671 951 730 Aretino
985 665 1312 745 quiescunt,
1345 665 1387 733 l.
1422 665 1471 730 1.
1505 664 1542 726 lt
1566 661 1687 728 ulta
1722 663 1837 727 alia
1882 663 2129 741 scripsit,

425 773 559 853 quae
577 769 909 853 numerare
935 751 1195 853 longum
1208 767 1390 853 esset;
1425 755 1584 853 obiit,
1619 759 1940 853 imperante
1967 751 2133 816 Hen-

427 850 545 911 rlco
575 845 679 924 III,
710 845 863 910 circa
889 861 984 909 an.
1029 845 1096 910 D.
1138 846 1295 923 1080,
1329 855 1384 908 et
1423 847 1488 908 in
1527 857 1771 910 numero
1803 845 2133 908 Sanctorum

429 947 517 1003 est
540 941 845 1017 ascriptus.

1173 1003 1377 1070 XXVI.

432 1085 714 1144 Amolitur
776 1085 937 1145 Wion
981 1088 1097 1159 (an.
1129 1083 1340 1159 1291),
1391 1084 1578 1155 Belga,
1629 1080 1924 1159 monachus
1974 1077 2141 1159 geris

501 1162 685 1214 vim
728 1155 1187 1228 congregationis,
1219 1157 1338 1213 tib.
1385 1163 1446 1222 II,
1487 1154 1608 1229 cap.
1655 1154 1710 1222 9,
1761 1155 1926 1226 Ligni
1973 1156 2134 1221 Vitas,

500 1234 745 1286 tractans
797 1231 866 1286 de
923 1229 1305 1286 radiantibus
1360 1229 1572 1285 ordinis
1620 1231 1680 1288 S.
1739 1231 1924 1284 Patris
1977 1230 2138 1284 Bene-

497 1302 655 1366 dicti,
689 1303 800 1359 hac
825 1302 1026 1359 scribit
1053 1303 1121 1358 de
1154 1304 1218 1360 B.
1247 1302 1406 1357 Petro
1429 1303 1691 1359 Damiani
1715 1320 1730 1356 :

500 1388 744 1449 Sanctus
783 1388 989 1449 Petrus
1029 1389 1100 1448 de
1147 1388 1444 1462 Honestis,
1487 1395 1866 1464 cognomento
1905 1385 2135 1446 Damia-

428 1493 557 1545 nus,
593 1484 653 1538 et
691 1485 969 1554 peccator,
1003 1478 1217 1538 nobilis
1267 1478 1595 1550 Ravennae,
1643 1477 1963 1537 monachus
2009 1489 2135 1533 mo-

427 1567 668 1650 nasterii
692 1564 755 1627 S.
782 1567 1035 1627 Andreas
1065 1567 1247 1627 eremi
1273 1568 1344 1627 de
1373 1568 1678 1642 Avellana,
1709 1567 1832 1626 0rd.
1867 1565 1927 1626 ὃ.
1958 1563 2138 1623 Bene

428 1653 587 1730 dicti,
670 1657 1132 1734 congregationis
1206 1658 1528 1732 Columbae,
1603 1657 1663 1717 S.
1723 1657 1794 1717 Β.
1857 1656 1925 1716 Ε.
1976 1654 2132 1714 card.

2213 482 2279 543 in
2311 477 2529 543 divinis
2574 481 2884 560 Scripturis
2921 482 3116 543 doctor
3166 477 3617 553 eruditissimus,
3660 481 3752 542 his
3783 489 3938 541 tem-

2213 573 2451 650 poribus
2497 589 2591 636 eas
2635 574 2707 637 ob
2772 593 2862 636 res
2915 591 3126 650 magno
3175 573 3237 632 in
3293 572 3476 649 pretio
3530 571 3764 632 habitus
3823 579 3934 633 est.

2215 657 2513 726 Honorius
2562 663 2701 726 item
2746 659 2828 725 De
2870 661 3247 738 scriptoribus
3288 657 3720 735 ecclesiasticis;
3774 657 3937 722 Pan-

2215 750 2390 814 vinus
2437 757 2500 814 in
2544 751 2826 816 Chronico
2891 747 3232 830 pontiﬁcum
3292 750 3484 828 Rom.,
3539 753 3595 812 et
3651 749 3772 814 alii.
3827 751 3938 812 Re-

2215 842 2370 919 gulaa
2402 851 2539 906 Vero
2575 843 2697 905 divi
2742 841 3037 904 Benedicti
3069 843 3453 919 professorem
3496 843 3754 904 referunt
3799 838 3937 902 Tri-

2216 930 2490 1011 themius,
2542 927 2585 995 l.
2642 949 2702 1008 II,
2755 953 2805 998 c.
2865 933 2954 1009 93,
3027 941 3082 995 et
3154 925 3194 996 1.
3259 945 3343 1008 IV,
3398 951 3448 994 c.
3511 932 3598 1007 35,
3654 929 3734 994 De
3790 930 3936 992 viris

2214 1019 2427 1088 illustr.
2496 1027 2619 1088 ord.
2684 1027 2744 1088 S.
2798 1026 3014 1087 Bened.
3067 1026 3217 1087 libro
3289 1031 3484 1086 autem
3554 1021 3635 1084 De
3689 1023 3934 1100 scripto-

2213 1117 2375 1180 ribus
2405 1115 2632 1192 eccles.,
2665 1119 2718 1178 et
2749 1118 2810 1178 in
2836 1117 3118 1179 Chronico
3144 1115 3511 1192 Hirsaugim;
3543 1111 3841 1176 Panvinus
3867 1113 3932 1175 in

2213 1201 2477 1285 Epitome
2503 1210 2566 1270 in
2597 1208 2761 1284 solio,
2803 1221 2938 1271 cum
2968 1206 3148 1270 dicit:
3175 1206 3379 1270 Petrus
3417 1203 3684 1269 Damiani
3726 1223 3934 1267 mona-

2209 1299 2354 1360 chus
2383 1295 2734 1374 Casinensis,
2769 1299 2894 1360 ord.
2937 1296 2996 1362 S.
3038 1295 3337 1360 Benedicti
3374 1293 3528 1360 card.
3570 1297 3742 1374 epiSc.
3785 1293 3935 1369 Ost.,

2215 1391 2539 1451 monachus
2563 1391 2755 1451 autem
2778 1386 3108 1451 Casinensis
3130 1383 3364 1464 dicitur,
3393 1389 3551 1465 quod
3569 1383 3631 1448 in
3651 1379 3937 1448 coenobiis

2217 1477 2334 1538 illis
2365 1479 2541 1540 vitam
2572 1479 2949 1540 monasticam
2975 1480 3230 1554 duxerit,
3253 1495 3389 1556 quae
3410 1471 3711 1539 Casinensi
3736 1495 3939 1539 mona-

2218 1569 2390 1628 sterio
2429 1565 2903 1644 subjiciebantur.
2944 1569 3170 1630 Addam
3209 1575 3274 1630 ut
3317 1575 3553 1629 caeteros
3587 1567 3936 1628 recentiores

2219 1657 2502 1730 omittam,
2544 1665 2600 1717 et
2637 1658 2820 1733 ipsius
2850 1655 3120 1719 Damiani
3151 1658 3548 1720 testimonium
3575 1657 3638 1718 in
3667 1673 3939 1718 sermone

429 1745 733 1821 episcopus
763 1743 1044 1807 Ostiensis
1074 1753 1303 1809 creatus
1333 1764 1430 1807 an.
1458 1750 1530 1807 D.
1567 1747 1724 1820 1058,
1756 1761 1956 1806 mense
1984 1743 2135 1802 Mar-
2155 1761 2202 1830 Β
2223 1745 2293 1804 de
2350 1741 2409 1805 S.
2471 1743 2802 1821 Benedicto,
2856 1743 2959 1808 ubi
3018 1743 3078 1808 S.
3147 1743 3526 1808 Benedictum
3588 1745 3936 1822 magistrum

431 1835 530 1907 tio,
559 1833 808 1898 Sabbato
844 1845 1093 1912 quatuor
1130 1845 1459 1914 temporum
1491 1833 1978 1912 Quadragesimte.
2028 1834 2142 1906 Qui

430 1924 663 1985 tandem
691 1926 1054 1986 cardinalitia
1077 1928 1357 2003 dignitate
1391 1929 1672 2001 abdicata,
1712 1943 1868 1988 anno
1903 1927 2040 1986 1072
2069 1925 2141 1986 ad

428 2015 847 2076 monasterium
905 2033 1080 2078 suum
1141 2018 1332 2093 rediit,
1407 2019 1668 2094 obiitque
1736 2017 2030 2079 Feventiaa
2078 2017 2141 2077 in

429 2105 688 2165 ccenobio
721 2105 780 2166 S.
807 2103 1029 2180 Mariae,
1057 2109 1214 2182 quod
1244 2109 1368 2184 ipse
1389 2124 1526 2168 cum
1551 2109 1812 2184 quinque
1838 2108 1974 2168 aliis
1999 2124 2138 2167 con-

429 2198 740 2267 struxerat,
781 2210 936 2254 anno
982 2195 1141 2270 1080,
1171 2196 1266 2258 die
1289 2196 1359 2255 22
1387 2197 1707 2257 Februarii.

504 2279 665 2342 Inter
709 2285 1060 2359 professores
1114 2286 1333 2362 regulas
1369 2287 1510 2346 'divi
1557 2285 1881 2361 Augustini
1939 2301 2143 2346 recen-

432 2378 590 2432 setur
638 2372 736 2433 hic
773 2381 968 2435 noster
1003 2373 1325 2436 Damianus
1359 2393 1394 2435 a
1431 2369 1824 2449 Volaterrano,
1873 2375 1979 2435 lib.
2031 2388 2143 2437 XXI

431 2461 925 2536 Anthropologiae,
967 2469 1023 2522 et
1059 2465 1362 2526 nonnullis
1401 2465 1555 2526 aliis.
1611 2465 1759 2525 Falli
1805 2473 2006 2528 autem
2065 2480 2144 2530 ex

435 2551 640 2611 multis
691 2552 1174 2616 demonstremus.
1228 2555 1300 2615 Et
1357 2555 1618 2632 primum
1668 2554 1788 2616 Leo
1842 2555 2142 2629 Ostiensis,

433 2635 537 2698 lib.
579 2651 622 2699 li
660 2655 783 2716 cap.
837 2639 954 2716 102,
1002 2659 1078 2703 ex
1125 2661 1320 2706 eremo
1373 2647 1447 2706 ad
1494 2645 1778 2707 honorem
1827 2645 2144 2707 cardinali-

432 2733 582 2793 tium
640 2742 1009 2811 assumptum
1076 2739 1267 2814 refert,
1324 2740 1410 2800 sic
1457 2739 1770 2817 inquiens:
1797 2741 1960 2812 Quod
2010 2755 2146 2802 cum

435 2825 639 2886 Petrus
665 2823 990 2890 Damianus
1011 2827 1104 2888 vir
1137 2830 1307 2891 valde
1334 2831 1663 2907 religiosus,
1695 2847 1873 2908 quem
1900 2847 1968 2892 eo
1997 2837 2144 2891 tem-

435 2929 575 2990 pore
632 2914 962 2990 Stephanus
1006 2933 1154 2994 papa
1205 2921 1280 2980 ab
1304 2935 1498 2982 eremo
1547 2927 1894 2994 extractum,
1951 2921 2015 2981 in
2065 2921 2144 2983 O-

433 3003 635 3064 stiensi
666 3004 928 3068 Ecclesia
957 3008 1294 3085 episcopum
1329 3011 1562 3084 fecerat,
1597 3012 1988 3086 comperisset,
2027 3026 2146 3073 una

437 3113 577 3160 cum
612 3098 1015 3163 cardinalibus
1049 3103 1317 3164 resistere
1350 3120 1420 3164 ac
1456 3104 1769 3166 reclamare
1799 3105 1994 3180 erepit,
2033 3111 2141 3165 etc.

439 3191 755 3251 Conﬁrmat
823 3191 1172 3256 Bertboldus
1226 3195 1676 3256 Constantiensis
1726 3194 1790 3255 in
1837 3194 2146 3270 appendice

435 3281 509 3340 ad
537 3280 950 3343 Hermannum
981 3283 1351 3346 Conductum
1379 3285 1452 3345 ad
1474 3299 1700 3346 annum
1736 3283 1872 3345 1066
1898 3284 1992 3344 his
2029 3301 2154 3345 ver-

435 3368 526 3433 bis
549 3390 564 3430 :
587 3370 695 3431 His
734 3369 1093 3448 temporibus
1131 3370 1479 3435 venerabilis
1513 3369 1720 3435 Petrus
1753 3372 2041 3447 Damiani,
2076 3389 2151 3434 ex

433 3459 671 3524 ercmita
699 3459 1011 3521 cardinalis
1050 3459 1368 3539 episcopus,
1415 3463 1601 3523 multa
1635 3463 1994 3539 conscripsit,
2041 3469 2146 3524 etc.

437 3545 640 3612 Nullos
697 3551 893 3636 autem
948 3550 1232 3626 eremitas,
1292 3568 1357 3612 eo
1416 3560 1668 3628 tempore
1720 3554 2000 3628 maxime,
2055 3570 2152 3615 re-

438 3641 639 3720 gulam
686 3633 810 3703 divi
850 3637 1173 3719 Augustini
1210 3640 1563 3718 observasse,
1605 3660 1680 3704 ex
1722 3644 1981 3706 historiis
2025 3661 2152 3705 ma-

437 3733 716 3798 nifestum
748 3735 832 3795 est
849 3757 866 3810 ς
907 3729 1019 3797 sub
1057 3727 1180 3796 divi
1219 3751 1356 3796 vero
1383 3725 1677 3797 Benedicti
1703 3737 1907 3811 regula
1937 3735 2153 3798 multos

439 3825 618 3901 hujus
666 3816 1044 3900 professionis
1098 3817 1400 3900 militasse,
1448 3833 1708 3888 auctores
1758 3833 1897 3888 sunt
1948 3825 2154 3889 Petrus

438 3909 748 3997 Diaconus,
791 3915 894 3976 lib.
936 3908 1021 3977 De
1071 3917 1284 3976 sanctis
1331 3918 1546 3979 montis
1598 3918 1812 3993 Casin.,
1869 3935 1922 3982 c.
1980 3918 2037 3992 4,
2089 3920 2153 3980 111

440 4003 574 4064 Vita
627 4003 692 4066 S.
739 4003 974 4066 Martini
1016 4008 1270 4068 eremitte
1315 4009 1531 4070 montis
1577 4008 1843 4084 Marcisi;
1899 4009 2154 4071 Joannes

442 4091 792 4170 Dubravius,
822 4098 925 4160 lib.
958 4110 1042 4160 Vt.
1067 4097 1344 4162 Historias
1369 4101 1700 4178 Bojemicte,
1740 4103 1802 4163 in
1843 4101 1976 4166 Vita
2013 4121 2154 4165 san-

441 4192 664 4247 ctorum
703 4187 968 4264 quinque
1009 4191 1431 4252 monachorum
1469 4195 1844 4256 eremitarum
1887 4194 2153 4255 Breuno-

2222 1841 2277 1896 et
2331 1845 2553 1912 patrem
2607 1855 2784 1900 suum
2823 1846 3008 1912 vocat,
3059 1856 3230 1915 quem
3289 1839 3541 1916 reperire
3597 1838 3731 1900 licet
3777 1840 3938 1916 apud

2223 1926 2618 2002 Mosandrum,
2650 1935 2803 1990 tomo
2829 1929 2938 1990 VII
2966 1929 3144 2004 Surii,
3176 1931 3270 1992 die
3297 1931 3360 1992 21
3395 1927 3607 2005 Martii,
3635 1931 3790 2006 quod
3823 1927 3940 1990 tale

2222 2019 2306 2076 est
2332 2036 2344 2077 :
2369 2017 2476 2078 (lui
2503 2034 2640 2079 vero
2667 2019 2751 2078 sic
2771 2018 3094 2095 specialiter
3122 2027 3272 2082 totus
3301 2023 3650 2097 evangelica:
3671 2022 3941 2082 lectionis

2222 2124 2505 2169 excursus
2551 2106 2836 2186 assignari
2888 2118 3090 2186 potest,
3141 2113 3632 2187 quemadmodum
3680 2112 3838 2174 Patri
3881 2120 3942 2173 et

2223 2193 2498 2271 magistro
2546 2206 2740 2258 nostro
2773 2195 2841 2259 B.
2888 2199 3246 2262 Benedicto?
3286 2201 3432 2261 item
3478 2201 3542 2262 in
3581 2202 3819 2278 epistola
3862 2202 3940 2261 ad

2223 2283 2535 2362 quemdam
2581 2287 2819 2350 Petrum
2859 2286 3142 2364 abbatem,
3199 2307 3333 2367 quae
3381 2300 3466 2353 est
3514 2292 3578 2352 in
3622 2291 3942 2368 appendice

2224 2369 2538 2452 Margarini
2569 2378 2641 2438 de
2683 2373 2741 2438 la
2771 2379 2976 2454 Bigne,
3026 2381 3099 2440 ad
3146 2381 3564 2444 Bibliothecam
3607 2389 3944 2444 sanctorum

2224 2454 2483 2541 Patrum,
2513 2459 2727 2528 clarius
2763 2467 3029 2546 loquens,
3069 2469 3153 2530 sic
3191 2470 3387 2547 inquit
3431 2469 3625 2530 statim
3663 2467 3727 2530 in
3772 2469 3945 2546 prin-

2223 2560 2408 2635 cipio:
2444 2549 2805 2620 Succensetis
2858 2561 3018 2620 enim
3075 2578 3142 2621 ac
3196 2578 3303 2622 nos
3358 2568 3777 2638 conquerentes
3842 2577 3942 2622 ar-

2223 2650 2403 2726 guitis
2443 2651 2586 2728 quia
2623 2666 2742 2710 non
2783 2650 3096 2712 debuimus
3135 2658 3353 2712 vestros
3391 2654 3703 2713 monachos
3742 2658 3945 2713 contra

2223 2739 2376 2803 beati
2435 2740 2620 2802 Patris
2677 2741 2860 2802 nostri
2929 2741 3229 2802 Benedicti
3278 2749 3566 2818 praecepta
3625 2743 3939 2818 suscipere.

2226 2829 2296 2889 Et
2336 2829 2510 2903 infra,
2556 2837 2860 2905 postquam
2912 2831 3087 2891 verba
3129 2832 3195 2891 P.
3249 2831 3316 2890 N.
3371 2829 3669 2892 Benedicti
3724 2832 3941 2905 attulit,

2225 2919 2384 2994 Haec,
2431 2918 2642 2995 inquit,
2689 2921 2887 2996 itaque
2927 2928 3121 2981 nostra
3163 2937 3284 2982 non
3332 2929 3486 2995 sunt,
3537 2923 3635 2982 sed
3677 2923 3942 2998 ejusdem

2226 3009 2410 3071 Patris
2461 3011 2644 3070 nostri
2693 3011 2888 3085 verba,
2952 3019 3060 3072 etc.
3116 3011 3188 3072 in
3233 3013 3369 3074 aliis
3422 3016 3594 3075 etiam
3659 3013 3943 3089 epistolis,

2230 3116 2369 3176 quae
2393 3099 2617 3160 ibidem
2645 3101 3036 3176 reperiuntur,
3074 3119 3227 3178 saepe
3273 3104 3492 3178 sepius
3521 3104 3677 3163 idem
3712 3105 3942 3179 repetit,

2233 3191 2292 3254 S.
2321 3191 2702 3254 Benedictum
2749 3191 2974 3251 Patrem
3009 3197 3064 3252 et
3099 3192 3444 3268 magistrum
3473 3193 3793 3269 appellans.
3849 3192 3946 3252 Ad

2232 3289 2586 3357 extremum,
2644 3283 3010 3355 monasteria,
3070 3282 3132 3341 in
3185 3283 3403 3357 quibus
3473 3281 3754 3343 habitavit
3818 3282 3950 3356 ipse

2231 3373 2568 3445 Damianus,
2611 3373 2932 3433 monachus
2971 3378 3027 3431 et
3060 3372 3321 3432 nondum
3364 3372 3558 3444 abbas,
3598 3377 3662 3432 ut
3703 3370 3761 3431 S.
3799 3368 3949 3429 Vin-

2232 3463 2427 3536 centii,
2466 3462 2660 3524 Casini
2707 3467 2765 3521 et
2809 3461 3128 3537 Pomposaa,
3181 3462 3330 3521 clare
3378 3460 3773 3522 demonstrant
3819 3460 3949 3518 divi

2232 3549 2530 3616 Benedicti
2580 3554 2908 3626 alumnum,
2965 3552 3248 3628 illudque,
3300 3552 3455 3629 quod
3507 3551 3619 3627 ipsi
3669 3552 3951 3612 monachi

2232 3647 2305 3707 de
2345 3644 2630 3706 Avellana
2672 3644 2744 3706 ad
2787 3644 2913 3704 hinc
2945 3659 3134 3720 usque
3163 3648 3359 3703 nostra
3406 3647 3680 3717 tempora,
3723 3642 3952 3717 quibus

2234 3734 2660 3809 congregationi
2711 3733 3136 3794 Camaldulensi
3183 3732 3338 3792 uniti
3385 3737 3541 3804 sunt,
3585 3746 3620 3790 a
3667 3730 3951 3806 primaria

2233 3823 2422 3899 ipsius
2471 3823 2722 3885 cmnobii
2764 3824 2860 3884 sui
2903 3822 3269 3884 institutione
3319 3821 3581 3896 regulam
3626 3821 3696 3880 D.
3755 3821 3818 3880 P.
3874 3819 3948 3878 N.

2233 3914 2532 3977 Benedicti
2589 3915 2943 3986 observasse,
2999 3929 3062 3972 se
3110 3914 3366 3987 ingenue
3415 3911 3776 3986 profitentur.
3835 3911 3952 3971 Go-

2235 4015 2616 4084 gnomentum
2657 4005 2927 4068 Damiani
2965 4003 3053 4064 illi
3107 4004 3238 4076 fuit,
3283 4019 3421 4074 non,
3482 4007 3547 4062 ut
3597 4001 3678 4061 ait
3728 4000 3953 4061 Panvi-

2236 4116 2369 4172 nus,
2413 4099 2570 4174 quod
2609 4096 2873 4158 Damiani
2921 4094 3082 4155 illius
3128 4093 3322 4166 fuerit,
3379 4093 3480 4152 sed
3525 4091 3678 4166 quod
3727 4107 3864 4151 cum
3920 4108 3954 4150 a

2237 4192 2409 4250 fratre
2454 4204 2580 4262 suo,
2634 4187 2914 4248 Damiano
2964 4185 3222 4257 nomine,
3284 4182 3622 4243 Faventiam
3663 4181 3950 4257 primum,

439 4275 766 4350 viensium;
839 4276 1122 4340 Martinus
1175 4278 1500 4357 Gromerus,
1563 4284 1629 4342 in
1682 4284 1938 4345 Historia
1995 4283 2156 4344 Polo-
2238 4281 2506 4340 Parmam
2550 4275 2758 4338 deinde
2813 4278 3026 4337 missus
3075 4268 3295 4348 fuisset,
3349 4283 3412 4335 ut
3462 4274 3663 4334 litteris
3711 4289 3953 4348 operam

440 4369 590 4443 nica,
633 4369 704 4428 de
740 4369 1006 4444 ejusdem
1042 4385 1238 4446 egens,
1280 4378 1339 4433 et
1366 4373 1471 4432 alii
1511 4373 1769 4435 Polonici
1816 4375 2152 4452 Scriptores.
2239 4368 2416 4440 daret,
2457 4365 2522 4426 in
2557 4369 2654 4429 sui
2699 4368 2845 4442 grati
2887 4366 3068 4426 animi
3113 4363 3531 4437 testimonium,
3576 4378 3791 4452 nomen
3815 4363 3952 4430 Da-

443 4459 715 4522 Eremitm
755 4473 892 4521 vero
927 4475 1144 4522 nomen
1185 4461 1315 4525 ideo
1359 4463 1563 4526 habuit
1608 4451 2421 4542 Damianus’quodmmiani
2459 4454 2531 4514 ab
2577 4456 2706 4530 ejus
2743 4454 2982 4516 nomine
3023 4454 3107 4515 sic
3152 4454 3453 4529 usurpavit
3493 4457 3560 4513 ut
3601 4467 3660 4511 se
3708 4451 3952 4514 Petrum

536 4519 616 4610 Vin
823 4519 1243 4628 Vita'legitur,
1255 4519 1562 4629 ita?qu
1600 4519 2220 4633 ligni—1553‘s]ng
2239 4546 2508 4608 Damiani
2538 4519 2765 4620 semper
2802 4545 3091 4620 scriberet,
3133 4552 3199 4604 ut
3234 4519 3384 4633 recte
3428 4542 3591 4604 docet
3625 4542 3783 4604 idem
3818 4544 3954 4606 Au-

442 4641 709 4704 rentinus
743 4648 890 4719 part.
929 4654 993 4716 Il,
1033 4642 1187 4705 Hist.
1242 4643 1523 4720 Gamald...
1570 4644 1673 4709 lib.
1709 4631 1780 4721 BV,
1828 4664 1880 4710 c.
1927 4648 1980 4722 7,
2030 4664 2156 4709 mo-
2237 4633 2507 4716 gustinus
2537 4654 2662 4714 cap.
2703 4639 2758 4711 6,
2799 4638 2870 4697 de
2901 4638 3106 4698 ordine
3145 4631 3464 4708 Columbae,
3503 4634 3586 4694 sic
3622 4633 3773 4694 dicto
3805 4650 3951 4709 pro-

443 4733 616 4793 nachi
643 4733 981 4796 monasterii
1009 4733 1072 4796 S.
1098 4735 1349 4796 Andreas
1377 4735 1450 4797 de
1480 4736 1785 4811 Avellana,
1817 4738 1972 4814 quod
1997 4749 2158 4800 nunc

449 4821 511 4882 S.
563 4821 763 4883 Crucis
818 4824 1059 4886 titulum
1126 4826 1294 4901 gerit,
1354 4833 1494 4888 tunc
1565 4827 1859 4902 temporis,
1915 4843 1981 4888 ac
2031 4827 2158 4888 bini

442 4909 648 4971 divisis
701 4911 768 4971 in
818 4913 1048 4977 cellulis
1102 4915 1566 4988 commanebant,
1621 4915 1978 4990 psalmodiw,
2028 4931 2156 4977 ora-

451 5003 615 5076 tioni,
658 5003 908 5077 lectioni,
951 5006 1334 5082 abstinentiae,
1371 5006 1719 5070 obedientite
1755 5007 2005 5083 aliisque
2044 5009 2158 5070 itu-

444 5094 703 5172 jusmodi
744 5093 974 5169 pietatis
1028 5098 1299 5173 operibus
1346 5097 1749 5173 religiosisque
1778 5096 1984 5159 ofﬁciis
2027 5113 2161 5173 ope-

455 5200 581 5246 ram
647 5185 869 5244 dantes.
932 5185 1288 5251 Monachum
1345 5194 1541 5249 autem
1581 5186 1759 5248 fuisse
1807 5187 2055 5265 probant
2102 5193 2162 5249 et

451 5276 717 5336 abbatem
749 5289 884 5338 cum
922 5278 1050 5355 ejus
1089 5278 1221 5340 Vita
1259 5295 1362 5356 per
1397 5279 1826 5354 Hieronymum
1862 5278 2158 5354 Rubeum,

452 5365 492 5426 l.
527 5380 586 5436 ν,
631 5363 780 5429 Hist.
818 5367 1064 5445 Raven.,
1103 5385 1242 5445 qum
1276 5375 1366 5430 est
1396 5369 1552 5445 apud
1586 5370 1959 5430 Maeandrum
2006 5377 2160 5431 tome

455 5452 562 5512 VIl
602 5453 784 5530 Surii,
826 5462 952 5520 tum
998 5459 1173 5520 etiam
1217 5459 1373 5520 idem
1411 5460 1798 5534 Augustinus,
1839 5460 1945 5523 lib.
1990 5460 2162 5522 citato

451 5559 486 5604 a
517 5559 570 5605 c.
609 5543 645 5604 6
679 5545 753 5606 ad
792 5547 878 5623 15,
917 5555 975 5610 et
1006 5548 1255 5613 Jacobus
1294 5548 1602 5626 Philippus
1635 5550 1701 5612 in
1747 5550 2164 5628 Supplementa

454 5634 883 5716 chronicorum,
922 5641 1024 5707 lib.
1059 5653 1168 5717 xu,
1207 5640 1291 5705 sic
1326 5639 1524 5705 dicens
1549 5660 1562 5706 :
1587 5640 1796 5713 Petrus
1844 5641 2164 5714 Damianus

2237 4734 2362 4805 pter
2390 4727 2688 4801 Ludulpbi
2715 4726 2891 4802 primi
2919 4726 3223 4786 Avellanee
3251 4723 3598 4785 institutoris
3626 4722 3954 4784 incredibi-

2240 4821 2354 4881 lem
2391 4818 2679 4880 columbse
2711 4816 3173 4892 simplicitatem;
3206 4824 3387 4891 agunt
3419 4817 3543 4891 ipse
3579 4814 3956 4890 Augustinus

2239 4931 2363 4991 cap.
2416 4915 2473 4986 ὃ,
2525 4920 2584 4974 et
2649 4912 3018 4972 Beneventus
3087 4908 3416 4980 Imolensis,
3496 4907 3562 4966 in
3631 4913 3952 4966 comment.

2241 5003 2500 5067 Paradisi
2539 5001 2760 5076 Dentis,
2799 5017 2923 5076 cep.
2972 5000 3060 5062 21.
3113 5001 3353 5061 Petatur
3397 4998 3493 5058 hic
3530 5013 3565 5058 a
3607 4995 3956 5069 Trithemio,

2240 5095 2343 5156 lib.
2400 5108 2462 5168 II,
2503 5109 2624 5170 cap.
2673 5093 2764 5164 93,
2813 5091 3132 5152 monachus
3169 5088 3558 5160 Vivariensis;
3607 5103 3641 5146 a
3683 5083 3958 5145 Volater-

2241 5199 2383 5247 rano
2425 5184 2484 5245 S.
2525 5182 2723 5245 Merita
2757 5179 3132 5255 Ravennatis,
3173 5192 3229 5242 et
3270 5198 3304 5242 a
3344 5179 3610 5255 Bugiano
3646 5176 3707 5238 S.
3749 5174 3959 5235 Mariae

2241 5275 2560 5338 Faventire.
2608 5272 2719 5345 Qui
2758 5279 2872 5333 tres
2913 5273 2998 5333 sic
3033 5266 3332 5332 conciliari
3379 5274 3638 5344 possunt,
3676 5270 3742 5326 ut
3788 5259 3959 5324 dica-

2243 5381 2378 5429 mus
2416 5381 2552 5426 cum
2596 5364 2916 5424 Trithemio
2949 5369 3076 5439 post
3121 5363 3533 5436 professionem
3572 5356 3844 5418 emissam
3888 5356 3958 5415 in

2245 5455 2596 5519 monasterio
2639 5454 2701 5517 S.
2742 5455 2990 5516 Andreae
3032 5451 3104 5514 de
3139 5451 3421 5512 Avellana
3455 5449 3656 5524 aliquo
3695 5454 3957 5520 tempore

2245 5550 2313 5612 in
2351 5546 2618 5612 cmnobio
2653 5545 2981 5609 Vivariensi
3018 5543 3348 5618 habitasse;
3384 5539 3713 5603 exercuisse
3754 5541 3956 5597 autem

2247 5658 2371 5712 sese
2398 5646 2532 5707 ante
2557 5638 2972 5716 professionem
2991 5651 3093 5712 per
3111 5634 3182 5702 40
3203 5635 3325 5699 dies
3346 5633 3420 5698 ad
3439 5628 3722 5697 eremitici
3742 5627 3956 5704 rigoris
