4140 6458
155 286 260 359 197
851 278 1431 358 PROLEGOMENA.
1476 323 1538 335 -
1581 275 2047 352 TESTIMONIA
2086 280 2181 348 DE
2225 282 2285 349 Β.
2330 280 2572 351 ΡΕἸἪΟ
2614 278 2976 350 DAMIANO.
3560 282 3665 355 198

148 408 603 487 similitudinem
653 412 718 483 in
778 416 1042 485 coenobio
1115 414 1175 483 S.
1237 410 1436 481 Marim
1494 406 1868 491 Ravennatis,
1891 396 2024 481 Ain
2082 406 2320 478 secundi
2359 408 2506 478 rami
2548 402 2725 492 hujus
2768 403 3008 477 Arboris
3046 407 3453 494 descriptione,
3498 416 3555 481 et
3598 414 3664 480 in

148 512 485 592 periculum
524 504 787 575 facturus
823 516 1023 574 utrum
1060 512 1394 571 monasticae
1441 506 1577 570 vitae
1614 502 1872 569 laborem
1962 505 2202 569 tractatu
2223 502 2295 567 de
2322 505 2737 567 cardinalibus.

150 590 378 668 laturus
414 610 584 679 esset,
621 604 687 667 ut
722 604 926 666 aeserit
955 590 1322 679 Augustinus
1358 608 1481 678 cap.
1522 594 1578 677 ὃ,
1619 602 1676 663 et
1712 596 1872 663 Dan-
2672 604 2941 679 XXVIII,

150 701 235 757 tes
263 688 586 773 Miserius
626 694 720 755 hi9
750 688 981 758 Verbisi
1026 692 1030 696 ’
1957 710 2108 771 Idem
2125 712 2468 782 Ligni_Vz_'tas
2492 709 2590 770 ab.
2616 719 2678 770 v.
2707 710 2943 782 Arboris
2974 724 3088 769 sua
3121 725 3338 782 ιοαηιειῃι
3365 709 3663 771 secundum

332 814 399 867 In
463 815 545 867 uel
575 815 731 879 luogo
760 813 828 866 fu’
854 814 905 866 io
926 814 1103 866 Pietro
1131 814 1408 877 Damiano,

342 875 387 928 Ε
417 829 596 929 gietro
630 876 865 929 peccator
896 879 947 928 fu
978 872 1112 928 nclla
1135 891 1255 927 casa

2193 771 2219 782 ⁷
2284 774 2587 849 declarans,
2622 784 2809 855 estque
2837 778 3004 857 hujus
3038 788 3210 857 caput
3243 771 3348 842 3i:

2029 864 2281 929 Sanctus
2307 864 2510 929 Petrus
2536 864 2859 929 Damianus
2900 860 3348 929 Mediolanensiu

342 860 399 928 Ξ
417 860 953 934 eratspatium
976 860 1112 928 seu}.
1131 860 1408 927 3.33'“"
2029 864 2281 934 Sanctus
2307 864 2510 932 Petrus
2536 864 2859 931 Damianus
2900 860 3423 933 Mediolanensium
3446 886 3482 932 a
3505 863 3663 932 schi-

342 875 387 928 Ε
417 872 596 929 Pietro
628 872 865 943 péccator
896 879 947 928 fu
978 872 1112 928 nclla
1135 891 1255 927 casa
1393 872 1404 877 ⁷

341 940 413 991 Di
440 941 634 994 nostra
665 941 851 994 Dousa
884 941 937 992 tn
968 941 1049 992 sui
1081 939 1173 992 tite
1197 936 1443 998 Adriano,
1476 940 1576 989 etc.

2029 872 2281 934 Sanctus
2307 872 2510 932 Petrus
2536 872 2859 931 Damianus
2900 872 3423 933 Mcdiolanensium
3446 886 3482 932 a
3505 872 3662 932 schi-

1973 958 2141 1021 smate
2168 954 2239 1021 ad
2269 952 2588 1022 Ecclesiam
2625 956 2968 1021 catholicam
3003 950 3269 1023 reductor
3295 952 3662 1038 magniﬁcus.

223 1044 526 1111 Morinum
555 1040 791 1109 tandem
822 1036 887 1108 in
914 1038 1175 1108 coenobio
1209 1040 1269 1108 S.
1303 1038 1504 1107 Mariae
1540 1040 1612 1105 de
1641 1036 1872 1107 Faten-
1957 1046 2182 1110 Homini
2226 1055 2369 1110 enim
2420 1046 2554 1111 bono
2594 1050 2654 1108 in
2709 1048 2995 1126 conspectu
3036 1066 3135 1111 suo
3191 1042 3346 1112 dedit
3389 1036 3534 1114 bene
3580 1066 3669 1110 sa-

159 1134 235 1199 tis
285 1152 446 1200 anno
500 1130 659 1211 1080,
713 1130 809 1198 die
866 1134 1068 1198 octavo
1122 1130 1365 1198 Kalend.
1423 1126 1636 1221 Martii,
1693 1137 1779 1221 ut,
1816 1134 1871 1195 et
1953 1140 2243 1221 pientiam,
2285 1142 2336 1200 et
2374 1136 2679 1208 scientiam,
2728 1146 2778 1199 et
2826 1131 3075 1201 laetitiam
3130 1134 3321 1217 (Ecch’.
3373 1135 3453 1217 ιι).
3500 1130 3671 1203 Mens

161 1228 549 1305 Augustinus,
590 1224 787 1317 111).ν,
816 1238 945 1317 cap.
983 1224 1069 1317 14,
1110 1224 1172 1317 et
1212 1220 1454 1286 Bub'eus
1490 1218 1555 1317 in
1585 1223 1711 1301 ejus
1740 1214 1874 1317 Vita
1954 1214 2162 1306 haeret,
2208 1248 2401 1307 penna
2444 1222 2681 1306 diﬁluit,
2722 1246 2930 1295 manus
2961 1214 3304 1317 riget,ch
3347 1214 3423 1317 de
3466 1236 3665 1295 sancto

162 1320 483 1380 rectissime
494 1312 889 1409 prodiderunt.
909 1308 1252 1377 Bertholdus
1271 1308 1875 1409 tamen‘Constantien-
1958 1324 2127 1386 Petro
2171 1318 2467 1409 Damiano
2499 1318 2805 1409 monacho,
2855 1332 2912 1387 et
2951 1324 3014 1388 S.
3055 1315 3129 1388 It.
3290 1314 3446 1389 card.
3485 1328 3663 1403 episc.

162 1410 239 1471 sis
269 1411 339 1472 in
374 1404 694 1487 appendice
734 1408 807 1469 ad
850 1404 1222 1497 Contractum
1260 1418 1416 1469 anno
1457 1404 1693 1497 Domini
1734 1402 1874 1469 1072
1959 1413 2176 1476 Ostien.
2205 1415 2310 1492 qui
2349 1408 2502 1477 tertii
2536 1406 2762 1477 ordinis
2786 1415 3089 1497 praesentis
3118 1402 3267 1478 rami
3294 1402 3554 1495 primum
3582 1414 3669 1479 lo-

163 1506 461 1565 mortuum
490 1500 686 1573 refert,
736 1500 819 1560 sic
847 1496 1166 1576 inquiens:
1205 1499 1360 1572 107?,
1402 1496 1607 1562 Petrus
1636 1494 1870 1561 Damia-
1957 1519 2095 1567 cum
2146 1510 2406 1582 occupat,
2461 1496 2652 1566 dicere
2702 1505 2911 1581 cogito.
2960 1494 3183 1569 Tantus
3230 1494 3397 1568 enim
3449 1506 3566 1568 fuit
3599 1521 3670 1567 ac

163 1591 222 1652 ni
268 1593 389 1670 pits
440 1590 743 1654 memoriae
796 1589 1107 1651 cardinalis
1157 1590 1477 1667 episcopus,
1518 1590 1874 1668 jamdudum
1961 1594 2111 1671 talis,
2138 1595 2398 1673 adeoque
2420 1600 2637 1660 sanctae
2687 1594 2964 1659 Ecclesiae
2998 1586 3164 1660 utilis
3194 1601 3253 1660 et
3286 1597 3670 1672 necessarius,

163 1684 381 1746 mundo
416 1682 758 1755 crucifixus,
787 1682 1058 1759 migravit
1083 1684 1155 1744 ad
1189 1676 1506 1744 Dominum
1535 1694 1642 1744 vm
1672 1678 1875 1743 Kalen-
1959 1692 2046 1762 ut,
2063 1702 2237 1763 aquo
2265 1686 2548 1748 factorum
2571 1701 2814 1749 suorum
2833 1685 3193 1764 principium
3216 1702 3473 1763 sumam,
3502 1686 3671 1763 igno-

164 1772 257 1835 das
283 1772 504 1835 Martii.
533 1770 681 1846 Quae
708 1770 885 1834 Verba
914 1774 995 1833 sic
1026 1764 1379 1859 exponenda,
1401 1766 1557 1859 mihi
1578 1768 1869 1847 videntur,
1891 1782 1939 1859 Β
1962 1790 2109 1836 rem.
2170 1773 2438 1837 Eruditio
2483 1775 2630 1852 ejus,
2680 1781 2738 1836 et
2784 1774 3055 1837 facundia
3105 1792 3183 1838 ex
3233 1778 3361 1854 ejus
3402 1775 3675 1853 pluribus

164 1872 224 1926 ut
260 1874 479 1928 sensus
511 1864 607 1939 sit,
638 1872 760 1926 non
789 1862 861 1925 de
892 1869 1075 1924 morte
1114 1856 1435 1939 temporali,
1468 1858 1568 1924 sed
1593 1862 1667 1924 de
1690 1856 1934 1925 morte_
1964 1864 2213 1941 scriptis,
2243 1881 2380 1943 qum
2411 1871 2472 1927 et
2508 1866 2681 1927 hodie
2715 1871 3048 1943 supersunt,
3088 1871 3225 1941 nota
3250 1871 3359 1928 est.
3390 1863 3678 1928 Sanctitas

166 1950 337 2016 oﬂicii
385 1960 443 2014 et
494 1952 813 2030 dignitatis,
856 1948 1092 2030 quando
1126 1946 1342 2014 scilicet
1372 1946 1738 2014 cardinalitio
1775 1954 1876 2014 ho-
1964 1957 2135 2033 cujus
2176 1958 2428 2034 insignis
2454 1958 2587 2032 fuit,
2628 1956 2784 2033 quod
2823 1957 2931 2025 diu
2972 1956 3283 2019 cardinth
3323 1962 3383 2018 et
3421 1953 3677 2032 episcopi

165 2054 301 2105 nere
348 2038 610 2120 repulso,
661 2036 880 2105 mundo
932 2048 987 2104 et
1030 2040 1157 2119 ejus
1191 2042 1419 2119 pompis
1461 2046 1726 2105 mortuus
1766 2042 1872 2104 est.
1964 2047 2245 2110 Ostiensis
2298 2063 2543 2111 munere
2591 2047 2852 2121 functus,
2911 2046 3166 2123 denique
3218 2050 3500 2122 perimus
3545 2044 3676 2121 ejus

166 2130 327 2209 Nam,
374 2132 535 2211 quod
562 2135 689 2209 post
722 2142 947 2195 annum
990 2131 1125 2195 1072
1162 2130 1395 2204 vixerit,
1431 2124 1679 2208 probant
1713 2126 1874 2208 lega-
1964 2138 2122 2211 vitae,
2175 2134 2524 2200 Nasianzeni
2572 2134 2862 2213 exemplo,
2917 2134 2991 2196 ad
3048 2135 3295 2212 pristina
3340 2148 3405 2198 sa
3456 2132 3677 2210 recepit

166 2223 348 2285 tiones
378 2223 533 2300 ejus,
562 2236 707 2299 quas
740 2218 927 2284 obivit
961 2228 1216 2299 tempore
1248 2219 1510 2297 Gregorii
1546 2234 1709 2298 papae
1740 2216 1874 2299 VII,
1966 2228 2386 2289 monachorum
2438 2226 2633 2289 studia
2660 2244 2678 2299 ς
2734 2225 2905 2302 cujus
2955 2224 3133 2287 etiam
3192 2226 3330 2286 tacti
3388 2224 3678 2286 rationem

167 2313 263 2389 qui
288 2314 535 2375 nonnisi
557 2324 711 2374 anno
739 2306 876 2376 1073
901 2310 1164 2388 pontifex
1191 2311 1558 2374 renuntiatus
1584 2314 1689 2374 est.
1718 2302 1877 2373 Illud
1967 2317 2262 2381 luculento
2286 2317 2498 2393 scripto
2532 2316 2803 2390 reddidit,
2837 2314 3113 2377 omnibus
3137 2314 3528 2376 manifestam.
3560 2311 3676 2374 Tne

168 2406 379 2476 autem,
436 2394 597 2478 quod
650 2402 789 2463 dicit
855 2399 1213 2483 Trithe'mius
1268 2396 1621 2465 Damianum
1681 2398 1878 2478 Magni
1966 2407 2230 2469 cebimus
2276 2405 2460 2483 ergo?
2502 2404 2689 2468 Absit.
2731 2404 2929 2468 Restat
2969 2404 3133 2467 enim
3165 2411 3226 2465 et
3266 2404 3487 2468 factum
3526 2400 3681 2465 illud

169 2490 428 2568 Gregorii
464 2492 739 2552 antistitis
772 2482 1063 2567 exemplo,
1102 2500 1299 2553 amore
1336 2488 1548 2568 quietis
1578 2494 1633 2552 et
1668 2491 1878 2555 solitu-

169 2581 317 2644 dinis
353 2581 749 2658 episcopatum
787 2577 1098 2654 dimisisse,
1137 2582 1193 2641 et
1221 2581 1293 2642 ad
1330 2574 1663 2644 coenobium
1701 2598 1879 2645 suum

173 2681 466 2734 reversum
493 2664 675 2732 fuisse
700 2678 717 2744 ς
748 2680 866 2731 non
885 2670 965 2730 ita
992 2670 1155 2733 Venit
1177 2666 1643 2749 intelligendum,
1675 2679 1741 2733 ut
1768 2688 1878 2748 pu-

172 2764 351 2826 temus
375 2756 772 2823 Trithemium
796 2760 868 2821 de
898 2754 956 2822 S.
989 2756 1265 2839 Gregorio
1286 2755 1495 2841 Magno
1518 2779 1666 2842 papa
1688 2758 1878 2840 loqui,

174 2850 264 2914 sed
292 2852 364 2913 de
391 2844 671 2933 Gregorio
700 2846 963 2928 episcopo
987 2844 1367 2927 Nazianzeno,
1398 2852 1500 2930 qui
1526 2842 1729 2915 eodem
1760 2852 1879 2929 spi-

174 2941 299 3018 ritu,
348 2954 472 3021 quo
507 2936 849 3017 Damianus,
889 2940 1184 3018 incensus,
1224 2938 1557 3022 episcOpatu
1590 2938 1878 3021 abdicato,

173 3032 240 3094 ad
263 3033 585 3096 solitariam
615 3036 798 3096 vitam
824 3032 1096 3096 redierat.

895 3176 1131 3242 XXVII.

173 3285 330 3357 idem,
362 3282 533 3361 Liyni
563 3284 705 3350 Vite
741 3288 838 3349 lib.
878 3296 962 3358 III,
992 3286 1093 3349 sub
1130 3293 1317 3349 octauo
1354 3288 1634 3350 Kalendas
1665 3284 1883 3350 Martii.

236 3399 536 3465 Faventise
567 3398 851 3480 depositio
883 3394 943 3466 S.
984 3400 1140 3467 Petri
1176 3405 1464 3483 Damiani,
1504 3412 1885 3483 cognomento

175 3486 509 3569 Peccatoris,
571 3488 629 3555 S.
686 3488 760 3555 It.
820 3490 885 3555 E.
942 3495 1255 3557 cardinalis
1310 3497 1701 3569 sanctissimi;
1756 3498 1882 3573 qui,

176 3590 302 3641 cum
344 3581 609 3642 arctioris
639 3580 775 3642 vitae
814 3577 1121 3654 desiderio,
1151 3583 1531 3644 cardinalatui
1567 3584 1884 3645 valedixis-

175 3677 271 3747 set,
306 3689 415 3734 nec
452 3672 632 3733 minis
674 3688 783 3733 nec
825 3668 1240 3734 blandimentis
1287 3690 1321 3734 a
1370 3674 1560 3751 primo
1599 3674 1886 3751 proposito

174 3760 342 3824 avelli
392 3762 600 3839 potuit.
654 3758 831 3839 Cujus
884 3758 1021 3824 iacti
1063 3779 1196 3825 cum
1249 3781 1285 3826 a
1332 3780 1563 3827 summo
1611 3766 1885 3841 pontiﬁce

174 3848 515 3916 charitativa
550 3854 944 3931 increpatione
980 3861 1340 3931 argueretur,
1382 3857 1455 3917 ad
1495 3863 1609 3919 tres
1640 3856 1750 3918 sibi
1786 3856 1886 3919 in-

174 3942 354 4007 vicem
384 3940 803 4022 subsequentes
829 3936 1121 4009 Romanos
1163 3949 1466 4023 pontiﬁces
1502 3949 1885 4025 apologaticoa

174 4034 367 4110 edidit,
400 4036 466 4098 in
501 4034 718 4114 quibus
745 4040 1109 4114 auctoritate,
1149 4041 1374 4103 ratione
1410 4048 1467 4102 et
1493 4042 1766 4117 exemplo
1794 4043 1884 4103 fa-

174 4132 324 4187 ctum
352 4142 534 4189 suum
562 4126 865 4191 humiliter
891 4146 1180 4191 excusans
1205 4132 1434 4193 animos
1461 4147 1663 4192 eorum
1701 4131 1888 4206 placa-

176 4217 273 4292 vit,
298 4225 361 4279 et
394 4215 484 4280 sic
518 4219 583 4280 in
609 4220 762 4282 bono
791 4237 961 4297 opere
996 4238 1392 4298 perseverans,
1432 4222 1785 4285 obdormivit
1821 4224 1885 4286 in

176 4300 442 4370 Domino.
493 4307 670 4381 (Petri
724 4310 1042 4385 Damiani.)
1115 4312 1358 4374 Tabulae
1414 4312 1886 4375 Gamaldulcnaes

175 4396 240 4456 ad
277 4413 373 4458 me
433 4399 809 4474 transmissae,
844 4399 921 4461 de
964 4403 1181 4464 eodum
1215 4409 1399 4479 agunt
1435 4404 1545 4464 hac
1576 4403 1694 4464 die.
1739 4403 1885 4479 Ejus

1966 2500 2217 2575 insigne,
2283 2512 2387 2575 pro
2443 2511 2562 2573 quo
2627 2496 2726 2559 hic
2781 2495 3097 2558 cardinem
3148 2495 3356 2558 habitu
3409 2493 3680 2570 adpictus

1965 2591 2249 2663 cernitur,
2286 2601 2450 2650 arma
2495 2585 2858 2663 episcopatus
2893 2585 3342 2648 Iediolanensis
3378 2583 3447 2645 tu
3480 2583 3679 2669 mani-

1964 2681 2080 2743 bus
2096 2680 2306 2753 ferens,
2334 2682 2476 2741 sunt
2493 2681 2692 2738 autem
2711 2676 2836 2750 illa,
2862 2691 3073 2739 manus
3095 2673 3352 2739 hominis
3372 2671 3677 2748 ﬂagellum

1966 2786 2045 2835 ex
2072 2770 2331 2837 reticulis
2353 2782 2601 2833 aureum
2622 2774 2826 2830 tenens
2848 2767 2914 2830 in
2940 2767 3266 2843 sanguineo
3289 2775 3547 2841 mucro.
3576 2761 3679 2824 Ni-

1968 2864 2164 2927 cotaus
2200 2876 2456 2939 namque
2490 2875 2638 2938 papa
2670 2859 2728 2922 II
2764 2858 3187 2936 rempublicam
3222 2856 3671 2933 compositurus.

1969 2968 2105 3034 quas
2154 2950 2431 3016 maximis
2484 2949 2815 3027 perturbata
2863 2947 3296 3011 calamitatibus
3348 2946 3677 3024 plurimm

1968 3046 2357 3125 quatiebatur,
2396 3056 2556 3105 anno
2594 3041 2732 3104 1059
2772 3038 3014 3103 Petrum
3049 3038 3409 3102 neminium
3448 3034 3678 3099 Hedic-

1898 3170 1944 3235 ο
1964 3137 2174 3239 ianum
2199 3134 2480 3239 ⁸ιιι
2511 3146 2644 3234 eam
2673 3130 2998 3239 nectentem
3034 3128 3681 3239 ΑΒ

1968 3225 2092 3304 jam
2116 3243 2153 3287 e
2175 3223 2446 3288 ducentia
2468 3222 2645 3284 annis
2671 3232 2708 3282 a
2734 3220 3000 3283 Romana
3022 3219 3356 3294 abducam,
3385 3222 3444 3281 at
3468 3218 3688 3279 dim-

1974 3323 2231 3393 pantem,
2276 3314 2712 3389 simoniacaque
2745 3311 2876 3373 labe
2916 3317 2976 3372 et
3018 3309 3435 3374 Nicolaitarum
3462 3307 3682 3371 διαί

1972 3406 2274 3481 infectam,
2322 3416 2461 3467 cum
2520 3403 2784 3465 Romane
2833 3399 3183 3475 conciliant,
3235 3407 3296 3463 et
3346 3398 3412 3461 in
3468 3406 3683 3461 rectam

1970 3497 2324 3558 sententiam
2356 3494 2686 3556 deduceret.
2716 3491 2924 3554 Petrus
2956 3495 3270 3554 unum
3288 3488 3360 3551 in
3394 3490 3684 3565 nuptum

1974 3588 2213 3665 populo,
2242 3588 2323 3649 ita
2346 3585 2681 3663 prudenter,
2712 3583 3043 3660 leniterque
3070 3593 3274 3646 ω
3298 3581 3532 3643 enim
3568 3586 3686 3642 tra-

1975 3681 2170 3753 ctavit,
2218 3684 2287 3742 ut
2332 3678 2568 3741 tandem
2609 3677 2675 3739 in
2715 3676 2847 3753 ejus
2892 3677 3240 3738 sententiam
3288 3672 3680 3748 discesserint,

1974 3768 2419 3846 apostolicqu
2470 3766 2602 3829 aedi
2655 3780 2857 3843 parere
2911 3772 3282 3844 nequaquam
3338 3762 3678 3827 abnuerint.

1975 3859 2207 3922 Primus
2249 3857 2611 3921 soletnnibus
2650 3856 2845 3918 verbis
2878 3850 3065 3919 Wido
3109 3853 3578 3932 archiepiscopus
3619 3846 3683 3914 id

1972 3951 2274 4027 pmfeuus
2308 3955 2417 4023 est,
2465 3946 2961 4024 simoniacaqu
2996 3950 3059 4007 et
3090 3941 3515 4007 Nineuitarum
3542 3943 3688 4004 liue-

1974 4040 2153 4105 resim
2192 4054 2394 4103 coram
2430 4039 2712 4102 omnibus
2753 4038 3102 4111 detestatus;
3138 4037 3281 4099 inde
3319 4034 3517 4098 clerici
3556 4040 3685 4098 eme

1975 4146 2101 4197 nos.
2140 4131 2625 4211 Arcniepiscopns
2658 4131 2725 4192 in
2762 4134 2977 4192 ternm
3022 4130 3344 4207 proiectis,
3381 4126 3686 4206 piaculum

1972 4220 2059 4301 inj
2067 4224 2212 4299 ungi
2235 4222 2351 4284 sibi
2376 4221 2711 4299 postulavit.
2742 4220 2993 4282 Centum
3015 4226 3313 4281 annorum
3341 4216 3548 4281 Pen-us
3580 4216 3690 4278 1111·-

1974 4312 2192 4389 posuit,
2212 4309 2397 4388 idque
2424 4305 2636 4372 redimi
2661 4322 2849 4386 posse,
2874 4314 3033 4371 certa
3052 4307 3308 4386 pecunia
3330 4308 3397 4369 in
3420 4307 3695 4383 Singulos

1972 4417 2161 4463 annos
2184 4400 2396 4476 soluta,
2425 4399 2645 4474 voluit;
2677 4399 2874 4460 clerici
2900 4400 3149 4461 diversis
3187 4399 3253 4460 in
3286 4400 3407 4461 vita
3443 4397 3689 4475 jejuniis

175 4486 352 4549 vitam
379 4503 458 4550 ex
486 4482 592 4549 lib.
623 4505 661 4549 v
688 4486 1033 4569 Hieronymi
1062 4492 1248 4554 Rubei
1281 4493 1541 4554 histories
1570 4493 1880 4554 Ravenna-
1903 4546 1953 4569 ἢ
1972 4491 2233 4567 obligati.
2261 4490 2508 4553 Exstant
2543 4488 2620 4550 de
2654 4490 2763 4551 hac
2797 4503 2861 4549 re
2889 4487 3075 4565 ipsius
3104 4487 3282 4563 Petri,
3316 4488 3425 4565 qui
3459 4498 3525 4547 se
3552 4496 3687 4562 pece

176 4546 243 4637 tis
256 4546 456 4638 ista
472 4546 1686 4654 nsaaai"ea.‘ui:‘vss"s."sst..'ts
1702 4546 1881 4643 sint
1903 4546 1955 4611 Β
1971 4546 2233 4642 (EEme
2261 4546 2507 4657 snt-'41.;
2531 4546 2818 4653 atmiis;
2837 4546 2854 4549 ⁷
2870 4546 3298 4641 ὦᾞῖοόῄῷ
3329 4546 3573 4653 stum;
3624 4546 3693 4635 et

174 4669 273 4730 hac
324 4668 445 4743 die,
497 4684 678 4747 quam
726 4671 919 4733 fusius
970 4678 1171 4734 tractat
1221 4674 1474 4736 domnus
1516 4673 1885 4749 Augustinus

174 4758 495 4822 Fortunius
531 4760 593 4821 in
633 4773 677 4821 II
713 4767 873 4839 parte
906 4763 1184 4824 Historiae
1214 4763 1562 4837 Gamaldul.,
1611 4764 1712 4824 lib.
1754 4780 1813 4836 v,
1848 4779 1886 4823 δ

171 4865 287 4926 cap.
326 4849 364 4911 6
400 4842 475 4909 ad
512 4850 598 4910 14.
630 4850 712 4911 De
748 4868 816 4912 eo
846 4851 988 4913 item
1015 4853 1134 4914 Leo
1172 4852 1452 4916 Ostiensis
1487 4853 1792 4930 cpiscopus
1814 4854 1884 4915 in

170 4939 457 5001 Chronico
494 4930 816 5016 Casinensi,
855 4942 958 5003 lib.
991 4956 1053 5015 II,
1085 4959 1210 5020 cap.
1256 4943 1377 5006 102.
1421 4944 1781 5007 Tritbemius
1814 4944 1888 5006 de

170 5028 310 5092 viris
359 5029 573 5091 illustr.
610 5030 738 5092 ord.
776 5033 963 5093 sancti
1000 5033 1241 5107 Bened.,
1282 5034 1386 5095 lib.
1423 5047 1487 5107 Ii,
1530 5051 1659 5110 cap.
1698 5034 1788 5107 93,
1828 5040 1887 5094 et

170 5119 267 5180 lib.
307 5132 396 5193 IV,
446 5135 570 5196 cap.
608 5119 697 5196 35,
751 5127 809 5182 et
833 5122 940 5184 alii
991 5124 1235 5186 inﬁniti.-
1278 5124 1414 5187 Fuit
1460 5132 1659 5188 autem
1696 5124 1886 5200 primo

169 5212 497 5273 monachus
535 5210 595 5272 S.
626 5212 900 5283 Androm,
937 5214 1093 5291 quod
1125 5229 1285 5277 nunc
1323 5223 1539 5278 sancta
1576 5216 1779 5277 Crucis
1815 5215 1888 5276 de

166 5300 454 5363 Avellana
504 5308 894 5377 nuncupatur,
944 5303 1170 5364 ordinis
1221 5306 1403 5366 sancti
1446 5304 1766 5378 Benedicti,
1820 5312 1887 5366 ut

169 5391 414 5468 ipsemet
469 5397 710 5453 testatur
757 5394 822 5454 in
874 5408 1142 5456 sermone
1185 5394 1257 5454 de
1305 5402 1501 5455 sancto
1552 5395 1884 5468 Benedicto,

171 5483 267 5559 qui
296 5489 490 5544 exstat
516 5482 584 5543 in
610 5487 765 5544 tomo
790 5481 894 5544 VII
920 5483 1215 5547 Maeandri
1236 5484 1310 5545 ad
1330 5484 1598 5560 Surium,
1625 5484 1730 5546 ubi
1746 5496 1889 5546 eum

174 5579 394 5648 patrem
423 5579 480 5634 et
504 5572 854 5650 magistrum
881 5588 1061 5637 suum
1084 5573 1369 5639 nominat.
1401 5575 1556 5636 Obiit
1588 5574 1889 5637 Faventino

177 5680 330 5731 anno
369 5667 532 5733 1080.
565 5666 649 5731 De
685 5666 928 5742 reliquis
964 5670 1092 5743 ejus
1127 5668 1304 5735 rebus
1332 5666 1510 5746 gestis
1542 5666 1678 5730 vide
1711 5682 1886 5743 supra

1974 4670 2196 4733 Nicolai
2224 4672 2298 4731 ad
2324 4671 2523 4748 ipsum
2546 4670 2829 4748 epistola,
2862 4672 2928 4731 in
2954 4669 3060 4731 lib.
3088 4682 3128 4731 ν
3156 4662 3432 4730 meton
3461 4665 3688 4728 Raven-

1973 4762 2128 4823 natis
2165 4762 2511 4839 Hieronymi
2546 4758 2757 4835 Bubei,
2795 4772 2875 4821 ea
2910 4770 3029 4837 quo
3064 4760 3193 4820 nmo
3226 4750 3684 4839 desumpsimus.

1975 4852 2144 4914 Hanc
2189 4838 2478 4914 actionem
2518 4868 2556 4913 a
2602 4849 2767 4913 Petro
2812 4848 3091 4913 Damiano
3132 4848 3342 4913 tactam
3382 4838 3691 4913 conﬁrmat

1974 4947 2032 5004 et
2076 4942 2297 5006 Paulus
2334 4940 2598 5018 Morigia,
2637 4942 2722 5003 De
2758 4939 2901 5017 orig.
2953 4938 3144 5017 reltg.,
3188 4940 3295 5002 lib.
3336 4946 3379 5017 t,
3421 4953 3550 5018 cap.
3595 4936 3690 5013 58,

1975 5039 2036 5094 et
2072 5033 2178 5093 alii
2218 5031 2586 5104 recentiores,
2640 5030 2871 5091 diverso
2918 5034 3116 5091 tamen
3168 5030 3342 5093 modo
3388 5027 3685 5092 nonnulli.

1977 5122 2238 5183 Gloriam
2263 5123 2422 5181 enim
2442 5135 2682 5181 omnem
2703 5119 2972 5197 reﬁciunt
2997 5120 3063 5180 in
3090 5118 3458 5198 Stephanum
3479 5129 3689 5196 papam

1978 5213 2052 5286 lt,
2080 5213 2303 5275 dictum
2332 5212 2432 5285 IX,
2462 5224 2643 5287 quem
2671 5207 2855 5285 hujus
2882 5210 3371 5274 reconciliationis
3393 5214 3688 5272 auctorem

1981 5305 2222 5367 faciunt.
2255 5302 2369 5364 Sed
2392 5317 2598 5364 eorum
2624 5303 2776 5363 hanc
2803 5305 3153 5364 sententiam
3186 5303 3270 5363 sic
3293 5300 3691 5376 accipiendam

1979 5411 2210 5468 censeo,
2245 5400 2313 5455 ut
2346 5394 2612 5455 dicamus
2640 5393 3003 5471 Stephanum
3042 5393 3283 5469 quidem
3324 5391 3476 5453 hanc
3510 5391 3692 5453 actias

1982 5502 2119 5550 nem
2151 5487 2482 5561 incepisse,
2510 5487 2614 5548 sed
2636 5486 2713 5547 ob
2736 5487 2876 5547 Vitas
2904 5482 3243 5546 brevitatem
3268 5480 3544 5560 perlicere
3572 5492 3694 5545 non

1984 5577 2260 5653 potuisse,
2307 5589 2447 5654 qua:
2492 5572 2880 5650 postmodum,
2928 5587 2998 5634 eo
3041 5576 3291 5649 mortue,
3333 5572 3423 5635 sie
3454 5570 3695 5648 iubente

1986 5664 2221 5730 Nicolao
2254 5662 2310 5727 Il
2338 5665 2466 5740 ejus
2489 5678 2835 5739 successore,
2864 5678 2900 5728 α
2927 5662 3095 5729 Petro
3129 5662 3417 5731 Damiano
3453 5664 3527 5729 ad
3562 5678 3692 5743 per-
