4140 6446
440 257 545 318 199
1369 251 1429 311 8.
1472 249 1764 311 PETRUS
1802 240 2194 305 DAMIANUS
2237 238 2295 299 8.
2338 239 2409 298 Β.
2451 237 2517 298 Ε.
2559 234 3037 296 CARDINALIS.
3850 232 3973 293 200

442 386 656 443 fectum
684 381 917 441 reducta
950 385 1053 452 est,
1081 385 1147 439 ut
1178 376 1477 438 fusissime
1506 375 1756 435 ostendit
1785 372 1907 445 ipse
1946 371 2147 428 Petrus
2166 370 2316 428 Are.
2350 365 2542 423 Vitam
2561 364 2633 452 7S.
2665 352 2994 452 Romualdi
3008 358 3251 452 abbatis,
3288 355 3695 452 19‘Junii_.-De
3725 355 3789 414 S.
3835 356 3968 452 Ma-

439 473 504 533 in
572 477 837 542 tractatu,
902 443 1076 543 quem
1152 465 1476 541 composuit
1538 464 1620 523 De
1683 443 2154 522 reconciliatione
2235 451 2707 543 riaiMagdalena.
2749 450 2829 543 De
2960 446 3197 543 Balline
3220 450 3513 543 'martyre.
3555 443 3864 543 Hymnum
3882 443 3970 541 vde

444 560 698 635 episcopi
737 559 1183 618 Mediolanensis
1212 555 1509 625 Widonis,
1539 551 1639 627 qui
1678 556 1762 609 est
1802 564 1908 607 ms.
1948 546 2013 605 in
2062 545 2153 604 bi-

447 649 738 708 bliotheca
765 647 1083 706 Casinensi.

517 738 664 798 Cum
694 743 887 797 autem
918 742 1067 795 esset
1102 736 1194 794 vir
1225 734 1286 792 in
1328 730 1546 791 divinis
1584 727 1904 803 Scripturis
1930 724 2156 785 studio-

447 844 547 888 sus
574 833 630 886 et
654 827 943 896 eruditus,
974 824 1344 886 saecularium
1379 821 1699 880 litterarum
1743 831 1857 878 non
1898 817 2156 890 ignarus,

448 915 686 991 ingenio
722 915 882 975 mitis
912 921 967 973 et
1003 921 1229 985 acutus,
1260 910 1491 985 eloquio
1526 907 1807 983 placidus,
1839 911 1895 962 et
1926 917 2160 976 compo-

450 1009 596 1067 situs
629 1011 685 1064 et
709 1006 782 1064 ad
811 1004 1284 1080 persuadendum
1310 1000 1573 1070 idoneus,
1606 996 1790 1057 multa
1811 1010 1982 1069 Opera
2004 1007 2158 1051 com-

455 1095 650 1171 posuit
679 1095 792 1169 piis
829 1094 1127 1153 mentibus
1167 1092 1334 1151 valde
1376 1089 1562 1160 utilia,
1599 1100 1850 1161 quorum
1880 1081 2162 1145 nonnulla

451 1188 575 1261 jam
600 1200 815 1244 excusa
842 1192 997 1255 sunt,
1023 1183 1139 1242 alia
1168 1196 1303 1241 vero
1324 1184 1553 1241 exstant
1578 1192 1683 1237 suo
1714 1182 1967 1250 tempore
1991 1172 2163 1261 etiam

459 1259 819 1333 excutienda.
862 1272 944 1331 De
983 1270 1220 1331 excusis
1262 1269 1515 1343 subjecta
1568 1265 1688 1323 vidi
1725 1282 1738 1322 :
1785 1263 1865 1321 De
1892 1259 2167 1319 ecclesia-

459 1363 600 1422 stica
626 1362 1013 1433 institutione,
1043 1366 1099 1419 et
1130 1358 1459 1418 simoniaca:
1490 1356 1775 1413 haereseos
1815 1347 2166 1408 confutatio-

456 1467 553 1523 ne,
578 1450 683 1509 lib.
723 1463 765 1521 Ι,
794 1450 896 1524 qui
927 1463 1181 1507 excusus
1208 1454 1292 1505 est
1319 1444 1572 1505 Colonim
1611 1440 1762 1515 apud
1792 1437 2164 1513 Gymnicum,

457 1555 592 1599 cum
638 1539 827 1598 tribus
867 1537 1129 1613 Prosperi
1168 1537 1354 1607 libris,
1403 1533 1463 1592 in
1492 1534 1563 1607 8;
1600 1538 1653 1590 et
1691 1532 1828 1589 item
1877 1528 1938 1586 in
1991 1527 2167 1584 Fian-

458 1630 607 1700 dria,
634 1628 734 1687 sed
764 1627 928 1686 locus
947 1627 1069 1702 jam
1100 1625 1337 1695 excidit,
1368 1639 1505 1682 cum
1535 1620 1668 1681 aliis
1703 1618 1964 1693 ejusdem
1990 1631 2170 1688 argu-

2237 542 2457 601 eodem.
2516 540 2709 599 Vitam
2763 538 2823 599 S.
2876 534 3168 596 Dominici
3218 531 3496 605 Loricati,
3559 533 3621 591 14
3680 531 3968 593 Octobris.

2237 635 2320 694 De
2358 632 2631 692 omnibus
2677 627 2912 689 sanctis.
2950 628 3034 686 De
3086 626 3146 687 S.
3195 626 3449 694 Andrea,
3496 621 3651 683 alius
3702 623 3774 683 ab
3835 623 3965 696 illo,

2238 724 2339 799 qui
2369 728 2454 781 est
2496 722 2559 779 in
2589 733 2673 779 vn
2704 727 2877 779 tomo.
2930 717 3012 776 De
3049 715 3275 786 eodem,
3324 714 3584 788 hymnus
3624 713 3966 787 sappliicus.

2242 815 2324 873 De
2385 812 2587 886 vigilia
2640 809 2991 869 Nativitatis.
3052 808 3134 868 De
3199 806 3510 865 Nativitate
3564 805 3825 864 Domini.
3884 806 3971 864 De

2245 903 2306 962 S.
2338 902 2685 962 Barbatiano
2710 899 3059 959 confessore.
3092 896 3170 955 Hi
3193 911 3397 955 omnes
3425 910 3723 954 sermones
3755 896 3970 953 excusi

2245 1000 2383 1052 sunt
2411 990 2666 1050 Coloniae
2692 990 2753 1048 in
2783 987 2928 1046 Vitis
2964 986 3310 1046 Sanctorum
3349 983 3506 1044 Surii
3534 1003 3551 1055 ;
3590 990 3646 1043 et
3677 982 3969 1052 Venetiis,

2247 1083 2308 1142 in
2348 1081 2509 1141 folio.
2576 1079 2860 1153 Epistolas
2917 1074 3179 1152 ejusdem
3218 1073 3554 1150 quindecim
3592 1073 3664 1131 ad
3703 1072 3970 1133 diversos

2247 1173 2563 1246 impressas
2593 1167 2716 1228 vidi
2745 1165 2999 1235 Parisiis,
3032 1165 3094 1223 iu
3126 1164 3286 1237 folio,
3314 1163 3378 1222 in
3419 1170 3574 1223 tomo
3603 1161 3711 1222 VII
3743 1161 3971 1222 Biblio-

2253 1260 2437 1319 thecze
2471 1257 2573 1318 SS.
2608 1258 2858 1316 Patrum
2887 1254 3201 1328 Margarini
3230 1256 3300 1312 de
3324 1253 3378 1312 1a
3407 1251 3610 1327 Pigne.

2323 1351 2404 1410 De
2438 1349 2605 1408 finali
2642 1347 2869 1407 Judicio
2900 1367 2911 1405 :
2951 1346 3079 1405 Non
3112 1345 3316 1419 ignoro
3348 1343 3487 1421 quia
3524 1360 3687 1406 cum.
3718 1344 3798 1404 De
3831 1346 3971 1405 doc-

2253 1440 2410 1497 trina
2459 1436 2853 1497 novitiorum:
2930 1434 3115 1494 Rudis
3188 1434 3317 1494 tiro.
3395 1433 3826 1494 Consolatorius
3898 1436 3973 1494 ad

2256 1535 2538 1603 aegrotum
2575 1547 2587 1585 :
2624 1524 2853 1599 Rogasti
2890 1540 3000 1582 me.
3044 1524 3134 1582 Ad
3160 1524 3535 1583 ambitiosum
3567 1526 3968 1586 monachum:

2258 1615 2474 1690 Dignas
2528 1615 2749 1673 auctori
2801 1613 3110 1675 bonorum.
3158 1613 3240 1673 De
3278 1615 3647 1685 correctione,
3696 1631 3874 1690 quam
3899 1616 3976 1674 sit

459 1718 665 1778 menti.
732 1717 815 1776 De
886 1715 1232 1775 excellentia
1302 1713 1481 1772 sancti
1563 1708 1805 1769 Joannis
1876 1705 2452 1793 Baptistm,Butilis:
2484 1704 2706 1780 Exigis,
2752 1704 2856 1762 ﬁli.
2907 1705 2987 1762 De
3032 1704 3340 1763 Nativitate
3382 1704 3656 1764 Domini:
3689 1706 3978 1765 Charitati

460 1808 734 1869 homilias
772 1807 939 1877 duas,
995 1820 1242 1864 excusas
1278 1801 1539 1861 Colonia!
1586 1799 1739 1873 apud
1792 1794 2165 1871 Gymnicum-
2257 1811 2483 1865 vestrm.
2525 1800 2609 1860 De
2643 1801 2700 1861 S.
2733 1800 2957 1859 Joanne
2994 1798 3387 1873 evangelista:
3426 1798 3717 1869 Quantum
3752 1805 3972 1858 autem.

462 1896 748 1956 Dominus
760 1895 1082 1964 vobiscum,
1103 1892 1207 1952 lib.
1222 1905 1262 1963 1,
1282 1891 1340 1950 id
1354 1897 1463 1963 est,
1485 1895 1682 1949 utrum
1701 1885 1991 1944 solitarius
2002 1898 2174 1942 orans

462 1974 636 2044 horas
665 1982 989 2051 canonicas,
1028 1980 1234 2039 debeat
1263 1981 1433 2038 etiam
1463 1978 1651 2036 dicere
1678 1975 1961 2034 Dominus
1987 1971 2175 2031 vobis-

460 2088 619 2146 cum,
648 2070 884 2149 quando
920 2086 1093 2130 nemo
1123 2069 1217 2141 sit,
1249 2069 1353 2143 qui
1388 2067 1742 2142 respondeat.
1778 2063 1887 2121 Hic
1924 2062 2173 2136 impres-

465 2178 568 2222 sus
605 2166 693 2220 est
723 2158 981 2218 Venetiis
1018 2159 1172 2231 apud
1221 2157 1493 2215 Zilletum
1527 2153 1682 2224 1572,
1718 2153 1779 2210 in
1817 2153 1895 2210 8°.
1932 2149 2175 2223 Speculo

463 2253 682 2324 missae,
721 2257 777 2309 et
814 2249 1019 2309 Roma:
1073 2263 1214 2307 cum
1253 2247 1385 2305 aliis
1422 2244 1799 2318 scriptoribus
1835 2242 1906 2299 de
1956 2239 2176 2298 divinis

466 2343 689 2412 ofﬁciis,
731 2336 885 2399 anno
918 2338 1075 2409 1591,
1115 2338 1178 2395 in
1222 2336 1379 2394 folio.
1412 2334 1494 2393 De
1524 2331 1853 2408 Epiphania
1892 2328 2123 2389 Domini
2157 2347 2171 2386 :

469 2430 617 2489 Cum
657 2435 828 2487 natus
860 2434 1027 2487 esset.
1076 2427 1210 2485 Vita
1247 2428 1429 2485 sancti
1474 2425 1663 2484 Mauri
1701 2422 1952 2499 episcopi
1983 2423 2173 2480 Caese-

466 2537 602 2579 naaz
650 2519 976 2592 Cupientes.
1012 2517 1094 2575 De
1143 2518 1514 2576 translatiOne
1563 2516 1744 2575 sancti
1798 2513 2008 2573 Hilarii
2055 2511 2176 2587 epi-

465 2607 668 2681 scopi:
725 2606 1118 2678 Gaudeamus,
1186 2612 1242 2665 et
1295 2604 1675 2665 exsultemus.
1744 2602 1827 2661 De
1877 2598 2180 2659 Dominica

470 2697 848 2757 Palmarum:
889 2694 1035 2755 Cum
1073 2684 1608 2771 appmpinquasset.
1653 2693 1733 2752 De
1766 2698 1963 2751 sancto
2002 2689 2180 2749 Eleu-

468 2787 675 2847 chadio
701 2786 1001 2859 episcopo:
1040 2784 1333 2843 Hodierna
1376 2785 1675 2843 festivitas.
1718 2782 1799 2840 De
1839 2788 2034 2840 sancto
2076 2778 2180 2838 Se-

469 2892 607 2950 vero
635 2876 905 2950 ,episcopo
938 2899 951 2933 :
1000 2875 1261 2934 Audistis
1292 2876 1510 2933 fratres.
1544 2875 1691 2932 Citat
1728 2878 1789 2931 et
1825 2872 2009 2930 alium
2056 2869 2180 2929 Mo-

470 2946 642 3024 lanus
659 2946 754 3022 die
780 2975 801 3021 I
830 2946 968 3022 Feb.
994 2963 1094 3022 sed
1114 2963 1376 3021 nondum
1396 2977 1649 3021 excusus
1672 2967 1773 3019 est.
1808 2960 1889 3017 De
1924 2958 1982 3018 S.
2014 2958 2078 3017 P.
2107 2957 2177 3016 N.

2257 1895 2341 1954 De
2378 1892 2574 1967 vigilia
2607 1890 2664 1951 S.
2701 1891 2766 1949 P.
2810 1890 2878 1947 N.
2921 1888 3214 1949 Benedicti
3246 1910 3260 1947 :
3303 1889 3578 1963 Vigiliam
3612 1890 3850 1964 egregii.
3894 1891 3979 1950 De

2258 2000 2423 2043 coena
2451 1981 2681 2040 Domini
2714 1999 2726 2037 :
2759 1980 2946 2039 Hodie
2992 1996 3221 2039 sacrum
3259 1980 3530 2039 chrisma.
3572 1979 3655 2038 De
3699 1979 3757 2040 S.
3797 1981 3977 2041 Joan-

2261 2090 2333 2131 ne
2383 2071 2683 2147 Baptista:
2730 2069 3025 2129 Hodierna
3078 2068 3378 2129 festivitas.
3437 2068 3519 2128 De
3573 2068 3632 2128 S.
3690 2070 3979 2131 Anthimo

2261 2169 2517 2236 martyre
2543 2186 2556 2219 :
2593 2161 2738 2220 Cum
2765 2159 2916 2218 beati
2947 2159 3236 2218 Anthimi.
3267 2159 3345 2217 De
3372 2157 3475 2218 SS.
3508 2159 3676 2219 Flora
3705 2167 3761 2218 et
3788 2161 3980 2220 Lucil-

2261 2252 2357 2310 la:
2390 2251 2776 2321 Gaudeamus,
2813 2249 3032 2332 fratres.
3068 2247 3150 2307 De
3179 2248 3397 2308 eisdem
3429 2272 3440 2307 :
3482 2248 3681 2322 Adest,
3719 2249 3979 2309 dilectis-

2262 2338 2418 2397 simi.
2448 2337 2531 2396 De
2575 2342 2768 2396 sancto
2801 2335 3092 2409 Stephano
3121 2352 3266 2411 papa
3297 2342 3353 2395 et
3393 2343 3642 2413 martyre
3669 2362 3682 2395 :
3716 2337 3981 2396 Audistis

2263 2428 2453 2487 hodie.
2487 2427 2566 2485 De
2597 2432 2792 2484 sancto
2815 2424 3036 2484 Donato
3064 2425 3329 2498 episcopo
3362 2431 3418 2484 et
3451 2434 3704 2501 martyre
3731 2446 3743 2484 :
3776 2426 3977 2501 Adest,

2264 2515 2643 2574 dilectissimi.
2677 2513 2758 2573 De
2805 2514 2863 2573 S.
2897 2514 3315 2574 Bartholomaeo
3344 2515 3599 2589 apostolo
3632 2539 3644 2573 :
3679 2514 3981 2576 Hodierna

2264 2606 2566 2665 festivitas.
2612 2604 2696 2663 De
2745 2610 2944 2664 sancto
2992 2603 3230 2664 Buﬂino
3261 2614 3550 2681 martyre:
3599 2604 3810 2676 Nostis,
3858 2607 3982 2665 fra-

2268 2702 2401 2756 tres.
2457 2696 2538 2753 De
2605 2694 2903 2752 nativitate
2956 2693 3020 2751 B.
3080 2693 3280 2752 Mariae
3345 2693 3640 2769 virginis:
3697 2693 3983 2753 Nativitas

2267 2785 2569 2846 hodierna.
2603 2782 2685 2841 De
2718 2780 2779 2843 S.
2822 2782 2979 2842 Luca
3018 2784 3412 2857 evangelista:
3456 2782 3604 2854 Quia
3642 2799 3743 2858 per
3784 2784 3982 2842 Evan-

2267 2874 2507 2950 gelium.
2547 2873 2631 2932 De
2672 2871 2729 2931 8.
2777 2870 2974 2931 Fidele
3003 2877 3259 2945 martyre
3295 2895 3308 2928 :
3346 2870 3559 2944 Nostis,
3598 2872 3803 2930 fratres
3842 2871 3984 2929 cha-

2272 2962 2509 3022 rissimi.
2561 2963 2972 3037 Fragmentum
3021 2961 3304 3020 sermonis
3352 2960 3423 3019 de
3482 2959 3540 3021 S.
3590 2958 3780 3019 Vitale
3825 2976 3983 3019 mar-

472 3051 782 3152 D'en‘edicto
816 3070 831 3108 :
872 3050 1036 3152 Dixit
1074 3050 1273 3150 Simon
1295 3052 1535 3152 Petrus.
1574 3051 1654 3108 De
1692 3065 1856 3148 aena
1901 3047 2133 3152 Domini
2165 3065 2177 3105 ε
2205 3091 2249 3152 C
2271 3061 2426 3152 tyre:
2452 3054 2595 3113 Ecce
2618 3052 2862 3128 liquido.
2888 3051 3390 3126 Homiliamsuper
3413 3050 3986 3149 Evangeliumindie

472 3141 660 3201 Hodie
716 3140 922 3197 fratres
982 3139 1329 3198 charissimi.
1390 3139 1471 3196 De
1523 3136 1970 3196 annuntiatione
2031 3136 2184 3193 divae
2207 3136 2249 3152 “⁴
2272 3141 2329 3202 8.
2356 3141 2613 3201 ΜᾶῐὼὲΒὶ
2641 3165 2655 3200 :
2688 3140 3033 3215 Evangelica
3058 3140 3243 3200 lectio.
3276 3142 3358 3199 De
3378 3140 3646 3200 silentio:
3685 3140 3832 3199 Cum
3853 3138 3983 3215 pius

475 3229 694 3289 Mariae.
732 3228 816 3287 De
846 3228 1268 3287 resurrectione
1304 3227 1582 3286 Domini:
1626 3225 1919 3286 Postulavi
1960 3225 2181 3283 Patrem

474 3335 695 3380 meum.
732 3318 817 3378 De
851 3326 1050 3378 sancto
1082 3317 1325 3392 Georgio
1366 3326 1619 3393 martyre
1647 3339 1659 3377 :
1690 3318 1985 3378 Hodierna
2028 3316 2185 3375 festi-

473 3408 644 3468 vitas.
700 3405 956 3481 Epistola
1008 3407 1081 3465 de
1141 3406 1274 3465 Vita
1331 3407 1512 3465 sancti
1584 3406 1881 3480 Rodulphi
1934 3405 2187 3479 episcopi

476 3494 798 3569 Eugubini,
839 3494 1076 3555 domino
1125 3495 1478 3553 Alexandro.
1519 3495 1602 3553 De
1642 3495 1701 3554 S.
1744 3495 1910 3553 Petro
1962 3498 2189 3568 aposto-

473 3585 534 3645 lo
567 3604 579 3644 :
612 3584 1079 3645 Adolescentulae
1110 3584 1467 3643 dilexerunt.
1500 3585 1584 3643 De
1614 3583 1720 3644 SS.
1752 3584 1918 3643 Petro
1948 3590 2004 3641 et
2036 3582 2189 3642 Pau-

473 3675 568 3735 lo:
598 3674 889 3736 Hodierna
926 3675 1068 3735 dies.
1109 3674 1191 3735 De
1230 3674 1289 3736 S.
1330 3674 1665 3751 Apollinare
1696 3695 1709 3734 :
1744 3675 2039 3735 Hodierna
2074 3674 2188 3746 die,

474 3764 697 3823 fratres.
725 3763 895 3822 Alius
921 3763 993 3823 de
1027 3760 1086 3822 S.
1119 3763 1460 3837 Apollinare
1489 3782 1503 3820 :
1543 3763 1858 3838 Apostolici
1898 3762 2189 3835 martyris.

475 3854 648 3913 Alius
679 3853 750 3911 de
780 3853 1022 3913 eodem:
1067 3853 1424 3915 Audivimus
1470 3853 1662 3912 hodie.
1708 3853 1791 3912 De
1829 3859 2025 3912 sancto
2053 3852 2192 3911 Casa

477 3944 642 4002 siano
668 3948 921 4016 martyre
947 3966 961 4000 :
1000 3943 1403 4003 Admirabilis.
1436 3944 1520 4002 De
1556 3944 1951 4018 assumptione
1974 3943 2041 4001 B.
2071 3943 2194 4002 Ma-

478 4032 583 4094 riae
636 4056 649 4091 :
718 4031 829 4090 Hic
881 4037 1068 4091 totum
1116 4032 1382 4091 decurrat
1431 4034 1742 4107 sapphicus
1813 4035 2073 4108 hymnus
2125 4035 2197 4092 de

483 4121 685 4179 eadem
710 4120 882 4179 :item
911 4125 966 4179 et
984 4120 1087 4180 alii
1119 4137 1324 4180 versus
1354 4128 1409 4180 et
1447 4122 1730 4197 rhythmi.
1765 4122 1830 4180 D.
1863 4122 1923 4183 S.
1953 4123 2196 4182 Bartho-

479 4211 692 4271 lomzeo
729 4209 986 4282 apostolo
1016 4228 1029 4267 :
1066 4209 1383 4281 Laatamur,
1411 4218 1466 4274 et
1516 4212 1850 4285 gloriamur.
1882 4213 1961 4271 De
2000 4211 2057 4270 S.
2092 4210 2198 4268 Vi-

484 4307 674 4360 ctore:
706 4299 818 4358 Hic
844 4298 945 4358 ille
970 4314 1237 4373 magnus.
1278 4302 1360 4360 De
1400 4302 1460 4363 S.
1504 4302 1780 4361 Michaele
1816 4300 2194 4374 archangelo:

483 4391 647 4451 Circa
673 4407 872 4451 rerum
901 4392 1195 4451 cardinem
1236 4410 1557 4454 versamur.
1601 4394 1682 4453 De
1714 4394 1771 4453 S.
1808 4392 2003 4452 Fidele
2043 4409 2194 4451 mar-

483 4487 627 4558 tyre,
669 4497 858 4540 sermo
897 4481 1228 4553 historicus,
1267 4482 1339 4542 28
1378 4482 1639 4543 Octobris
1671 4508 1684 4541 :
1729 4482 1940 4554 Nostis,
2000 4459 2264 4541 fratresD

483 4572 832 4633 charissimi.
864 4572 947 4631 De
978 4574 1201 4647 eodem,
1244 4577 1523 4650 hymnus.
1566 4576 1649 4634 De
1694 4575 1753 4635 S.
1797 4575 2044 4635 Martino
2077 4576 2198 4650 epi—

484 4678 693 4735 scopo:
734 4661 959 4722 Nobilis
998 4663 1097 4723 ille
1137 4666 1448 4726 confessor.
1496 4667 1576 4725 De
1617 4665 1674 4724 S.
1708 4665 1946 4723 Andrea
1973 4673 2201 4739 aposto-

488 4753 581 4811 lo:
612 4752 820 4827 Hodie,
855 4753 1063 4813 fratres
1098 4754 1447 4814 charissimi.
1487 4757 1570 4814 De
1604 4754 1662 4813 S.
1706 4754 1942 4813 Nicolao
1981 4753 2200 4828 episco-

485 4860 597 4920 po:
640 4845 912 4906 Nicolaus
948 4846 1057 4906 iste
1091 4864 1278 4908 meus.
1311 4848 1391 4905 De
1432 4847 1490 4906 S.
1536 4846 1835 4920 Stephano
1866 4849 2196 4919 protomart.

486 4935 699 4996 Adhuc
755 4937 942 4997 ﬁlium
1001 4937 1270 5012 virginis.
1325 4938 1408 4998 De
1453 4936 1798 4997 excellentia
1853 4935 1909 4994 S.
1960 4935 2203 4994 Joannis

486 5027 900 5103 evangelistze:
950 5030 1157 5103 Hodie,
1206 5029 1592 5090 dilectissimi.
1637 5029 1719 5087 De
1766 5028 2009 5087 eodem:
2054 5027 2203 5087 Gau-

486 5121 750 5194 deamus,
795 5120 1021 5181 fratres.
1068 5122 1152 5182 De
1189 5120 1547 5181 dedicatione
1587 5118 1870 5191 ecclesiae,
1922 5124 2035 5176 tres
2080 5134 2201 5177 ser-

488 5226 731 5269 mones:
800 5210 851 5282 1,
884 5208 1016 5273 Post
1055 5225 1327 5282 crucem;
1373 5209 1429 5281 2,
1479 5206 1725 5266 Immola
1762 5208 1918 5275 Deo;
1954 5206 2006 5277 3,
2048 5205 2205 5265 Fecit

490 5300 647 5359 Deus
701 5301 819 5360 duo
870 5318 1101 5377 magna.
1153 5303 1235 5361 De
1259 5300 1624 5375 quibusdam
1660 5297 1959 5358 miraculis
2008 5305 2204 5359 tracta-

489 5394 584 5447 tus
612 5413 624 5446 :
657 5387 805 5449 Cum
828 5392 893 5449 in
918 5407 1068 5451 meo.
1100 5390 1434 5465 Apologetic
1447 5403 1550 5447 um
1570 5389 1641 5447 de
1669 5395 2000 5463 contemptu
2025 5406 2205 5450 siccu-

491 5475 557 5547 li,
591 5477 876 5550 capitibus
903 5480 993 5539 33.
1037 5482 1122 5539 De
1156 5482 1498 5551 contemptu
1544 5476 1745 5537 swculi
1780 5480 1978 5554 hujus.
2012 5478 2204 5538 Vitam

493 5563 557 5624 S.
588 5564 851 5627 Odilonis
875 5569 1117 5641 abbatis,
1149 5568 1174 5625 1
1206 5564 1500 5628 Januarii.
1530 5564 1612 5624 De
1651 5566 1711 5627 8.
1756 5566 1945 5631 Vitale
1982 5574 2199 5645 marty-

2271 3240 2522 3291 exactor.
2581 3232 2662 3290 De
2705 3231 2950 3305 spiritali
3001 3230 3359 3289 certamine:
3409 3228 3472 3289 Si
3528 3229 3858 3306 diligenter.
3905 3231 3985 3291 De

2274 3325 2335 3387 S.
2365 3324 2665 3384 Anastasio
2692 3330 2941 3397 martyre
2969 3346 2981 3381 :
3012 3323 3103 3381 Ad
3130 3320 3442 3397 pulchrum
3471 3321 3873 3381 convenimus.

2344 3416 2427 3474 De
2451 3413 2774 3488 disciplina,
2810 3420 2865 3471 et
2900 3412 3305 3472 observatione
3343 3418 3521 3471 sextae
3550 3411 3732 3485 feriae,
3770 3413 3985 3472 sanctis

2274 3505 2570 3565 fratribus.
2602 3503 2808 3561 Contra
2851 3500 2974 3561 vini
3010 3501 3241 3561 bibulos
3276 3507 3331 3559 et
3369 3516 3578 3575 aquam
3618 3503 3984 3561 stomachan-

2275 3601 2398 3653 tes:
2445 3593 2639 3664 Miror,
2675 3590 3047 3651 dilectissime
3076 3591 3268 3649 frater.
3308 3591 3397 3649 Ad
3440 3590 3636 3649 fratres
3667 3590 3985 3665 Gamugni,

2275 3684 2345 3742 de
2404 3683 2647 3742 Sabbato
2703 3680 3025 3756 jejunando
3077 3699 3090 3738 :
3147 3678 3524 3739 Pensualium
3587 3681 3986 3742 conductores.

2276 3775 2365 3835 Ad
2408 3774 2681 3832 Blanram
2739 3772 3091 3831 comitissam
3131 3771 3200 3829 ad
3251 3770 3566 3831 Dominum
3602 3788 3983 3832 conversam:

2279 3865 2510 3925 Blancze
2554 3862 2716 3922 olim.
2760 3861 2836 3919 Hi
2876 3877 3077 3920 omnes
3116 3876 3432 3934 sermones,
3473 3861 3733 3920 homilize
3772 3868 3826 3921 et
3862 3861 3992 3937 epi-

2281 3954 2441 4015 stolae
2488 3952 2857 4028 reperiuntur
2896 3966 3036 4010 mss.
3082 3950 3235 4025 apud
3280 3967 3394 4023 me,
3428 3957 3481 4010 et
3529 3951 3682 4026 apud
3728 3949 3798 4009 D.
3834 3952 3992 4011 Con—

2279 4045 2601 4105 stantinum
2646 4042 2987 4118 Cajetanum
3026 4040 3490 4115 Syracusanum,
3536 4042 3909 4114 monachum,
3939 4048 3993 4100 et

2281 4151 2493 4210 magna
2531 4133 2705 4192 etiam
2750 4148 2824 4190 ex
2864 4138 3023 4205 parte
3065 4132 3124 4188 in
3168 4130 3468 4189 Casinensi
3512 4128 3882 4200 bibliotheca,
3939 4138 3999 4191 et

2280 4225 2441 4282 alibi.
2472 4224 2553 4283 De
2578 4222 2876 4281 miraculis
2907 4221 2964 4281 S.
3001 4222 3061 4280 P.
3094 4221 3165 4281 N.
3206 4221 3500 4280 Benedicti
3535 4220 3638 4281 lib.
3671 4234 3709 4279 I.
3744 4220 3828 4279 De
3866 4239 3997 4296 pa)-

2282 4311 2531 4370 nitentia
2572 4331 2584 4369 :
2634 4310 3002 4368 Pensandum
3048 4310 3279 4384 quippe.
3329 4309 3531 4370 Sermo
3573 4316 3768 4368 contra
3810 4310 3998 4370 simo-

2286 4401 2519 4458 niacos:
2569 4397 2773 4456 Mundi
2822 4398 2987 4456 turba
3033 4399 3389 4459 turbulenta.
3439 4400 3522 4458 De
3561 4398 3896 4457 ammnitate
3943 4407 4001 4457 et

2286 4490 2514 4563 gaudiis
2544 4488 2681 4547 vitze
2710 4494 2982 4546 aeternae:
3015 4487 3102 4545 Ad
3133 4489 3404 4561 perennis
3441 4488 3577 4547 vita:
3624 4489 3863 4546 fontem.
3912 4487 4000 4547 De

2282 4579 2472 4654 pcenis
2499 4578 2755 4637 inferni:
2792 4577 2836 4637 Ο
2866 4593 3042 4652 quam
3080 4577 3229 4648 dira,
3277 4593 3452 4650 quam
3496 4577 3799 4636 horrenda.
3850 4578 3998 4651 Epi-

2284 4671 2427 4729 stola
2457 4670 2527 4728 de
2557 4669 2650 4728 die
2677 4669 2924 4743 judicii:
2959 4668 3174 4727 Dilecto
3212 4667 3377 4726 fratri
3413 4669 3577 4739 Adae,
3617 4666 3821 4726 Petrus
3858 4683 3998 4742 pec-

2284 4768 2458 4820 cator.
2507 4759 2657 4819 Sunt
2699 4761 2854 4833 apud
2906 4776 3000 4818 me
3046 4775 3183 4819 mss.
3240 4767 3296 4818 et
3338 4759 3473 4817 item
3531 4758 3597 4816 in
3643 4758 3999 4819 bibliotheca

2283 4856 2480 4909 nostra
2534 4849 2728 4908 Sancti
2783 4847 3078 4907 Benedicti
3136 4846 3456 4906 Mantuani.
3511 4846 3577 4905 In
3646 4848 4002 4911 bibliotheca

2285 4936 2581 4998 Casinensi
2610 4951 2769 5008 vero,
2800 4935 2863 4992 in
2905 4949 3139 4994 scamno
3189 4942 3352 4994 sexto
3400 4935 3470 4994 ad
3511 4934 3824 5006 sinistram,
3873 4937 4003 4999 hzec

2284 5028 2657 5102 reperiuntur
2685 5039 2826 5082 mss.
2864 5021 3067 5083 Sermo
3094 5024 3330 5099 quidam
3361 5031 3417 5083 et
3441 5024 3699 5100 rhythmi
3727 5025 3799 5084 ad
3822 5026 4004 5087 Cada-

2287 5116 2447 5174 loum
2494 5113 2849 5187 episcopum.
2904 5110 3249 5185 Disceptatio
3299 5110 3594 5185 synodalia
3643 5110 3793 5169 inter
3846 5113 4002 5186 regis

2286 5205 2648 5273 advocatum,
2691 5208 2746 5258 et
2789 5199 3062 5259 Ecclesia}
3107 5201 3385 5260 Romana:
3431 5202 3812 5260 defensorem.
3865 5188 4023 5261 Dis?

2284 5293 2505 5370 putatio
2536 5307 2707 5364 super
2736 5292 3095 5365 quaestione:
3134 5290 3195 5350 Si
3223 5290 3379 5350 Deus
3409 5297 3512 5350 est.
3548 5290 3820 5365 Epistola:
3851 5308 4002 5351 non-

2286 5387 2489 5457 nullas,
2514 5391 2571 5444 et
2596 5380 2698 5443 alii
2735 5382 2974 5457 quidem
3001 5382 3164 5457 parvi
3195 5387 3484 5442 tractatus.
3519 5383 3601 5443 De
3632 5383 4002 5458 processione

2290 5477 2540 5554 Spiritus
2577 5473 2758 5535 sancti
2788 5490 2824 5533 a
2861 5473 3025 5532 Patre
3058 5479 3115 5531 et
3152 5474 3320 5534 Filio.
3363 5473 3563 5534 Sermo
3599 5474 3671 5533 de
3710 5473 3769 5534 S.
3804 5474 3999 5535 Marco

2289 5566 2660 5641 evangelista.
2688 5563 2773 5623 De
2803 5562 2864 5622 S.
2890 5563 3099 5624 Alexio
3133 5564 3475 5624 confessore.
3510 5565 3591 5628 De
3628 5563 3832 5624 officiis
3858 5581 4004 5640 pon-
