4140 6454
579 396 691 456 205

1419 399 1476 457 S.
1509 399 1784 458 PETRUS
1817 399 2171 459 DAMIANUS
2211 402 2269 460 S.
2298 403 2364 460 Β.
2405 402 2466 461 Ε.
2511 405 2951 465 CARDINALIS.

3732 414 3842 472 2οι

500 492 517 578 ξ
577 511 845 578 Damiani,
871 511 942 568 ab
966 511 1082 583 ejus
1103 525 1322 568 nomine
1340 525 1420 567 sic
1446 512 1748 584 usurpavit,
1777 520 1913 568 utse
1932 510 2154 568 Petrum
2181 520 2226 580 Α
2260 513 2477 568 (ιὶθηιίω
2507 517 3013 586 promptitudinem,
3060 525 3116 573 et
3153 531 3341 574 verum
3371 519 3555 575 mundi
3599 532 3844 577 contem-

575 601 821 658 Damiani
850 611 1066 672 semper
1097 601 1486 666 subscriberet,
1516 612 1624 656 etc.

667 831 754 886 Ea:
792 833 882 887 lib.
915 849 948 885 v
979 831 1337 954 Historiam]?
1362 832 1736 955 banennatum
1773 833 2084 905 Hieronymi

826 954 831 955 ,
1325 919 1357 954 ιι
1393 918 1461 955 et.

1325 918 1461 956 uoca.

647 1011 1010 1067 Alexandrum
1060 1009 1366 1080 pontificem
1421 1010 1602 1082 gravis
1650 1011 1859 1078 interea
1899 1011 2161 1084 fatigabat

575 1102 838 1158 dissensio
857 1101 1074 1156 Cadaloi
1100 1101 1433 1166 Parmensis,
1457 1116 1617 1172 quem
1645 1099 1902 1157 Germani
1930 1103 2160 1172 pseudo-

571 1193 880 1262 pontificem
917 1209 1039 1248 cum
1083 1193 1361 1257 fecissent,
1407 1207 1437 1248 a
1467 1194 1723 1248 Romanis
1761 1195 1924 1249 etiam
1964 1210 2156 1265 proce-

573 1287 724 1342 ribus
745 1287 911 1357 recipi
940 1287 1250 1342 studebant.
1286 1285 1336 1340 ls
1356 1301 1483 1340 vero
1511 1301 1820 1356 quanquam
1849 1286 1903 1341 in
1929 1288 2158 1344 concilio

570 1376 827 1441 Mantuae,
856 1392 1001 1431 anno
1029 1376 1166 1431 1064
1206 1377 1412 1440 habito,
1448 1390 1556 1445 quo
1594 1384 1650 1430 et
1693 1375 2002 1431 Alexander
2043 1377 2158 1447 ipse

570 1477 818 1534 venerat,
845 1470 1101 1539 rejectus,
1133 1477 1312 1523 tamen
1351 1468 1581 1539 insignia
1607 1468 1883 1538 pontificis
1911 1468 2154 1523 retinuit.

572 1559 935 1627 Quamobrem
963 1559 1158 1616 Petrus
1197 1559 1446 1614 Damiani
1495 1558 1754 1614 Ecclesia!
1804 1557 1902 1614 Dei
1951 1565 2156 1614 tantam

574 1653 1040 1720 perturbationem
1056 1653 1366 1717 miseratus,
1381 1652 1446 1706 ad
1469 1651 1744 1709 hominem
1772 1649 1963 1707 scribit
1984 1650 2158 1706 tribus

571 1743 722 1797 illum
739 1743 852 1814 jam
882 1743 1236 1799 conventibus
1257 1759 1378 1800 esse
1404 1742 1804 1816 damnatum,et
1825 1750 1929 1807 ter,
1973 1740 2020 1797 si
2047 1755 2156 1796 non

565 1832 771 1899 judicio
798 1834 1163 1900 sacerdotum,
1193 1842 1251 1889 at
1275 1833 1465 1890 saltem
1493 1831 1672 1900 legum
1703 1831 2027 1888 auctoritate
2049 1832 2152 1887 ab-

569 1923 834 1978 dicatum.

570 2149 871 2214 Anonymus
896 2143 1269 2214 Beneaictinus
1292 2143 1453 2214 (circa
1483 2160 1574 2214 qn.
1608 2144 1838 2212 ll25)in
1869 2142 1986 2198 Vita
2018 2145 2155 2214 beati

638 2212 860 2285 Joannis
881 2212 1192 2285 gaudenda,
1215 2212 1450 2283 ejusdem
1476 2212 1534 2268 S.
1563 2215 1792 2268 doctoris
1833 2213 2077 2285 discipuli
2106 2223 2154 2269 et

638 2283 865 2352 episcopi
893 2282 1177 2352 Eugubini.

633 2393 732 2464 illo
754 2408 986 2464 namque
1017 2403 1258 2463 tempore
1297 2397 1380 2450 vir
1415 2397 1756 2462 venerabilis,
1802 2406 1857 2450 et
1895 2399 2152 2454 sacerdos

565 2483 660 2538 Dei
713 2483 958 2540 altissimi
1006 2485 1238 2540 domnus
1295 2485 1488 2541 Petrus
1537 2486 1807 2551 Damiani,
1861 2489 2151 2544 virtutibus

565 2581 792 2627 ornatus
821 2581 877 2627 et
902 2573 1073 2628 sacris
1104 2573 1402 2644 Seripturis
1444 2572 1708 2639 ern‘ditns,
1755 2574 1982 2631 ﬂorebat
2021 2591 2149 2642 San-

564 2663 773 2730 ctitate,
822 2675 878 2718 et
912 2663 1137 2718 scientia
1174 2665 1227 2719 in
1279 2679 1464 2720 eremo
1503 2665 1810 2720 vastissima
1857 2665 1914 2720 S.
1961 2665 2150 2742 Crucis

568 2753 757 2809 Fontis
779 2753 1072 2809 Avellanae.
1108 2755 1173 2808 Et
1202 2755 1316 2824 ipse
1344 2754 1558 2820 Petrus,
1580 2771 1703 2810 cum
1725 2765 1868 2811 esset
1896 2754 1954 2811 S.
1983 2756 2048 2811 Κ.
2080 2755 2147 2812 Ε.

564 2842 876 2905 cardinalis,
927 2852 982 2896 et
1010 2843 1214 2912 legatus
1243 2843 1434 2898 fuisset
1463 2843 1816 2898 transmissus
1861 2859 1892 2896 a
1931 2844 2149 2900 domino

456 2922 463 2929 ’
564 2945 728 3001 papa,
768 2941 825 2985 et
851 2931 1110 2986 circuiret
1151 2947 1248 3000 per
1290 2932 1631 2998 comitatum,
1680 2941 1737 2986 et
1780 2933 2146 3002 episcopatum

565 3021 932 3092 Eugubinum,
971 3035 1028 3078 et
1077 3023 1426 3090 Nucerinum,
1477 3032 1533 3078 et
1578 3023 1900 3088 Callensem,
1950 3035 2006 3080 et
2051 3039 2148 3095 per

565 3113 998 3180 Romandiolam,
1045 3123 1103 3170 et
1156 3114 1475 3180 Marcbiam,
1523 3130 1647 3170 cum
1693 3117 1760 3170 de
1816 3115 2146 3186 perfectione

564 3204 796 3260 fratrum
813 3221 1111 3277 pauperum
1128 3205 1316 3261 Fontis
1330 3206 1602 3262 Avellanae
1629 3208 1946 3264 admiranda
1977 3208 2142 3275 dicta,

561 3304 618 3348 et
662 3311 827 3365 opera
876 3297 1230 3367 percepisset,
1276 3313 1464 3354 eorum
1498 3298 1767 3369 colloquio
1815 3309 1871 3355 et
1904 3301 2145 3372 angelica

561 3385 974 3440 conversatione
1007 3395 1290 3450 attractus,
1330 3387 1696 3444 cardinalatus
1725 3388 1950 3459 gloriam
1989 3391 2144 3445 dese-

562 3472 696 3538 ruit,
728 3481 783 3528 et
809 3487 931 3528 cum
978 3473 1196 3530 licentia
1241 3475 1442 3531 domini
1474 3491 1623 3546 papa:
1662 3476 1717 3555 in
1745 3492 1930 3533 eremo
1958 3477 2146 3535 Fontis

557 3563 830 3619 Avellana:
859 3579 919 3620 se
940 3564 1178 3628 reclusit,
1214 3565 1456 3642 serviens
1481 3568 1590 3622 Deo
1627 3567 1714 3622 die
1742 3581 1806 3622 ac
1841 3577 2019 3623 nocte.
2062 3567 2146 3622 Ad

559 3654 712 3724 cujus
737 3655 1043 3726 exemplum
1065 3655 1280 3727 plurimi
1303 3657 1510 3713 incitati
1533 3658 1716 3713 mundi
1737 3658 1962 3728 gloriam
1991 3675 2146 3730 spre-

558 3757 752 3801 verunt
778 3755 835 3802 et
879 3747 946 3800 ad
978 3747 1318 3803 serviendum
1367 3748 1480 3804 Deo
1525 3763 1584 3803 se
1614 3750 1853 3804 letaliter
1904 3751 2141 3806 tradide-

556 3843 702 3889 runt.
729 3835 825 3890 Vir
851 3846 1032 3891 autem
1083 3837 1176 3893 Dei
1202 3835 1467 3904 Joannes,
1504 3837 1638 3892 tanti
1677 3839 1777 3893 viri
1823 3838 1966 3894 fama
1995 3854 2144 3894 com-

553 3933 731 3994 perta,
766 3925 1012 3995 exemplo
1054 3926 1169 3996 ejus
1207 3927 1500 3993 animatus,
1549 3927 1790 3997 confugit
1839 3929 1907 3983 ad
1942 3928 2139 3999 ipsum,

557 4021 615 4067 et
642 4012 912 4083 elongavit
937 4030 996 4071 se
1015 4030 1048 4070 a
1076 4016 1276 4070 mundo
1297 4015 1540 4088 fugiens;
1570 4025 1626 4072 et
1658 4017 1724 4072 de
1759 4026 1901 4072 terra
1924 4019 2140 4088 propria

555 4111 612 4159 et
636 4105 956 4174 cognatione
1000 4107 1273 4172 recedens,
1329 4107 1481 4162 venit
1515 4107 1570 4162 in
1621 4116 1844 4173 terram,
1891 4125 2054 4178 quam
2088 4111 2139 4164 ei

555 4191 818 4250 Dominus
863 4194 1139 4260 revelavit,
1181 4203 1236 4251 et
1277 4197 1570 4252 venerabili
1621 4196 1769 4252 Patri
1823 4196 1984 4253 Petro
2030 4198 2136 4252 Da-

555 4281 722 4337 miani
751 4283 920 4352 priori
947 4283 1116 4340 eremi
1158 4293 1214 4340 et
1252 4284 1566 4340 devotorum
1605 4285 1834 4340 fratrum
1877 4286 2138 4356 magistro

551 4389 616 4430 se
645 4375 840 4430 obtulit
870 4376 1168 4444 humiliter,
1197 4377 1425 4448 genibus
1446 4376 1600 4434 ﬂexis
1625 4392 1823 4448 rogans
1848 4377 2133 4442 instanter,

2263 611 2412 674 ptum
2443 602 2648 673 inipso,
2674 605 2846 674 ipsum
2872 605 3103 677 benigne
3127 607 3351 676 recepit.
3381 606 3474 679 (Et
3495 609 3654 677 paulo
3682 612 3844 683 post).

2265 693 2391 746 Duae
2440 706 2570 749 vero
2614 694 2877 750 columna:
2922 695 3112 752 lucida:
3161 696 3388 751 fratrum
3439 699 3608 752 eremi
3658 699 3848 755 Fontis

2259 779 2568 847 Avellanw,
2626 785 2951 839 reverendus
3015 785 3165 852 prior
3210 784 3441 849 Petrus,
3498 795 3552 842 et
3609 787 3846 845 clericus

2261 871 2356 926 Dei
2385 872 2640 940 Joannes,
2689 876 2828 930 sicut
2873 876 2982 930 duo
3027 858 3311 947 Seraphim
3364 877 3547 932 divina
3577 879 3848 937 cbaritate

2260 961 2599 1029 inﬂammati,
2643 965 2807 1020 corde
2851 974 2908 1019 et
2949 981 3045 1020 ore
3067 965 3270 1038 jugiter
3296 967 3464 1021 Deum
3519 969 3846 1026 altissimum

2257 1052 2661 1120 collaudabant,
2691 1063 2747 1109 et
2771 1053 3000 1110 fratrum
3041 1066 3251 1111 mentes
3280 1065 3335 1112 et
3359 1058 3523 1114 corda
3549 1068 3604 1114 et
3645 1074 3741 1116 ora
3775 1063 3845 1116 ad

2262 1143 2356 1198 Dei
2387 1145 2634 1200 timorem
2665 1156 2724 1201 et
2767 1145 3060 1201 fraternam
3100 1149 3419 1204 charitatem
3447 1153 3841 1209 accendebant.

2253 1235 2491 1306 Oquam
2523 1238 2721 1292 bonum
2764 1246 2820 1292 et
2863 1253 3022 1307 quam
3065 1239 3366 1309 jucundum
3411 1252 3533 1296 erat
3571 1242 3704 1298 tales
3733 1243 3847 1297 fra-

2261 1336 2375 1382 tres
2397 1327 2644 1382 habitare
2680 1327 2734 1382 in
2767 1331 2967 1383 unum!
3021 1330 3073 1384 in
3122 1330 3300 1386 medio
3331 1348 3562 1402 quorum
3591 1333 3845 1391 Christus

2257 1415 2417 1472 Jesus
2466 1425 2585 1470 erat
2636 1417 2894 1474 Dominus
2949 1427 3007 1474 et
3063 1422 3340 1493 magister.
3397 1423 3533 1478 Cum
3571 1439 3702 1480 vero
3727 1425 3842 1493 jam

2259 1508 2598 1580 omnipotens
2623 1508 2784 1566 'Deus
2811 1509 3175 1566 venerabilem
3215 1511 3436 1568 Petrum
3490 1529 3845 1572 remunerare

2260 1601 2327 1657 de
2353 1601 2467 1657 suis
2491 1602 2764 1660 laboribus
2801 1603 3152 1673 decrevisset,
3178 1621 3302 1662 cum
3353 1608 3554 1664 absens
3595 1621 3745 1665 esset
3773 1610 3844 1665 ab

2257 1706 2462 1758 eremo,
2501 1700 2556 1747 et
2603 1706 2724 1747 cum
2769 1691 3030 1749 fratribus
3069 1704 3375 1751 moraretur
3405 1697 3495 1752 —ad
3539 1707 3751 1770 tempus
3785 1701 3841 1756 in

2259 1783 2588 1839 monasterio
2629 1781 2948 1849 Faventino,
2985 1784 3152 1839 vitam
3201 1784 3318 1854 ejus
3360 1787 3501 1843 Deus
3538 1788 3681 1844 bono
3736 1791 3843 1847 line

2183 1903 2232 1964 Β
2256 1873 2561 1929 conclusit:
2591 1881 2648 1928 et
2679 1875 2792 1943 ipse
2833 1875 2918 1928 vir
2954 1873 3049 1930 Dei
3080 1874 3311 1932 feliciter
3351 1877 3591 1948 migrans
3631 1881 3696 1935 de
3739 1897 3846 1937 ste-

2257 1963 2398 2028 culo,
2427 1964 2496 2018 ad
2542 1962 2782 2018 caelestia
2812 1964 3067 2030 evolavit,
3115 1973 3171 2020 et
3209 1965 3344 2020 vivit
3388 1982 3509 2022 cum
3537 1967 3755 2023 Christo
3785 1972 3839 2025 in

2255 2063 2536 2110 aeternum.
2559 2053 2636 2108 De
2660 2051 2816 2123 cujus
2840 2069 3057 2111 recessu
3096 2057 3296 2113 fratres
3323 2073 3534 2124 omnes,
3563 2059 3688 2116 licet
3715 2061 3837 2117 feli-

2255 2145 2403 2199 citati
2453 2144 2569 2215 ejus
2596 2145 2886 2214 plurimum
2913 2148 3339 2217 congaudcrent,
3389 2157 3568 2204 tamen
3616 2151 3683 2206 de
3737 2167 3836 2206 sua

2255 2235 2502 2290 absentia
2531 2235 2726 2290 damna
2774 2236 2874 2292 sibi
2905 2236 3135 2306 plurima
3182 2240 3404 2294 evenire
3465 2241 3833 2310 deplorabant.

2255 2326 2361 2382 Sed
2397 2342 2504 2382 non
2535 2325 2710 2381 defuit
2735 2327 2814 2382 eis
2843 2327 3024 2382 divina
3048 2331 3408 2398 providentia.
3430 2330 3564 2386 Nam
3589 2333 3837 2402 inspirati

2253 2432 2284 2471 a
2315 2413 2562 2482 Domino,
2589 2419 2931 2472 concorditer
2957 2421 3355 2476 etunanimiter
3383 2431 3632 2477 sanctum
3658 2423 3835 2476 virum

2252 2507 2505 2561 donmum
2531 2505 2795 2561 Joannem
2822 2508 2889 2561 de
2918 2508 3106 2563 Laudo
3135 2508 3186 2562 in
3218 2510 3452 2577 priorem
3501 2511 3835 2580 praecipuum

2250 2595 2561 2666 elegerunt,
2608 2603 2668 2649 ut
2715 2596 2855 2650 sicut
2905 2605 3096 2651 sancto
3135 2596 3282 2651 Patri
3315 2597 3475 2654 Petro
3503 2599 3747 2654 Damiani
3779 2600 3834 2656 in

2249 2686 2537 2740 sanctitate
2587 2693 2645 2740 et
2688 2686 2950 2754 sapientia
2994 2685 3289 2742 consimilis
3337 2697 3477 2755 erat,
3531 2689 3606 2743 ita
3665 2689 3715 2744 ei
3775 2689 3835 2745 in

2247 2762 2493 2845 prioratu
2515 2777 2853 2832 succederet.

2283 2963 2539 3033 Antiqua:
2586 2971 2772 3017 auctor
2815 2960 3436 3102 Chroni’cgagupldensis.
3483 2979 3582 3018 ms.
3631 2962 3794 3035 (circa

2889 3049 2979 3086 an.
3117 3067 3167 3086 ο.

2889 3049 2979 3086 an.
3012 3049 3032 3086 ‘I
3044 3049 3167 3086 02$).

2241 3115 2245 3119 ’
2317 3123 2654 3180 Venerabilis
2678 3123 2975 3178 cardinalis
2998 3124 3058 3177 S.
3084 3123 3151 3178 Β.
3184 3124 3227 3178 Ε
3255 3164 3271 3190 ,
3304 3125 3394 3179 Dei
3425 3140 3614 3180 servus
3635 3126 3833 3184 Petrus

2249 3217 2492 3271 Damiani
2554 3219 2606 3271 in
2659 3216 2874 3271 fervore
2925 3215 2983 3270 S.
3036 3214 3275 3285 Spiritus
3315 3217 3418 3270 sibi
3458 3217 3569 3272 dati
3616 3233 3648 3271 a
3684 3217 3825 3284 Deo,

2249 3310 2475 3381 gloriam
2519 3317 2574 3365 et
2601 3309 2919 3379 dignitatem
2945 3309 3206 3363 ltonmnar
3235 3309 3399 3363 curia:
3425 3309 3735 3379 dereliquit,
3773 3319 3832 3366 et

2248 3401 2386 3456 infra
2409 3400 2718 3469 Apennines
2753 3407 2963 3452 montes
3004 3397 3241 3453 Calhria:
3281 3398 3588 3452 venerabile
3632 3399 3832 3452 eremi-

2248 3493 2443 3548 torium
2466 3492 2523 3547 S.
2547 3491 2736 3546 Crucis
2763 3483 2916 3559 juxta
2951 3488 3154 3544 fontem
3182 3488 3456 3542 Avellanaz
3495 3487 3826 3554 construxit,

2245 3593 2301 3640 et
2323 3590 2647 3639 conventum
2674 3581 2870 3637 ibidem
2904 3579 3147 3650 pluribus
3187 3579 3391 3634 sanctis
3421 3577 3678 3634 fratribus
3709 3593 3828 3632 mo-

2244 3675 2436 3730 nachis
2485 3673 2717 3729 instituit
2763 3673 2815 3727 in
2869 3681 3055 3726 sancta
3101 3669 3455 3741 perfectione,
3497 3681 3554 3724 et
3595 3668 3824 3723 multum

2244 3776 2394 3821 arcta
2450 3765 2559 3818 vita
2590 3773 2647 3819 et
2680 3763 2952 3827 ordinata,
2983 3762 3072 3816 ubi
3109 3771 3165 3816 et
3213 3762 3328 3831 ipse
3369 3775 3468 3829 per
3507 3761 3658 3830 plura
3688 3767 3826 3813 lem-

2241 3870 2372 3927 pora
2403 3855 2457 3910 in
2488 3867 2681 3921 magna
2708 3853 2846 3907 vixit
2877 3851 3194 3917 sanctitate,
3247 3859 3303 3904 et
3330 3849 3574 3920 pluribus
3623 3848 3825 3904 claruit

2242 3946 2536 4002 miraculis.

2994 4031 3038 4089 γ

2274 4127 2439 4184 Card.
2464 4127 2726 4183 Batonius
2752 4066 3140 4250 Annal.1
3176 4133 3315 4179 tome
3347 4121 3431 4176 XI
3451 4161 3468 4190 ,
3512 4122 3582 4177 ad
3612 4123 3676 4176 Α.
3717 4121 3781 4178 C.

3026 4219 3042 4248 ι
3090 4233 3106 4250 .

3026 4219 3106 4250 ΑΖ.

2307 4287 2398 4344 Sic
2413 4287 2556 4343 Deus
2583 4287 2687 4343 hoc
2714 4286 3146 4357 deploratissimo
3165 4284 3509 4350 saeculo,cum
3539 4283 3818 4338 excrevis-

2237 4388 2320 4436 set
2349 4379 2415 4434 ad
2457 4377 2757 4434 Ecclesiam
2794 4377 3126 4432 obruendam
3156 4376 3413 4430 diluvium
3444 4376 3645 4441 carnis,
3672 4374 3824 4429 dedit

551 4475 613 4520 ut
635 4465 810 4536 ipsum
835 4467 936 4522 sub
959 4467 1240 4538 disciplina
1272 4483 1442 4525 sacra:
1469 4468 1668 4538 regula:
1705 4467 2004 4523 beatissimi
2031 4469 2135 4523 Pa~
2234 4471 2436 4524 mundo
2465 4479 2674 4525 tantum
2713 4467 2908 4531 virum,
2937 4467 3032 4537 qui
3058 4466 3442 4522 austerissimat
3483 4465 3608 4519 vitae
3633 4479 3820 4519 exem-

550 4556 655 4612 tris
675 4554 953 4613 Benedicti
988 4559 1285 4630 susciperet
1333 4561 1387 4615 in
1426 4560 1747 4632 discipulum
1796 4568 1854 4617 et
1905 4559 2130 4615 fratrem
2230 4559 2338 4630 plo,
2371 4557 2631 4629 verbique
2678 4556 3079 4628 praedicatione,
3137 4565 3192 4610 et
3240 4556 3460 4626 scriptis
3511 4555 3816 4610 exsiccaret

550 4645 620 4701 ad
645 4646 757 4718 regi
785 4646 1002 4704 Christo
1028 4659 1288 4720 perpetuo
1317 4649 1682 4706 serviendum.
1719 4649 1791 4704 At
1818 4665 1943 4705 vero
1979 4663 2131 4706 reve-
2157 4635 2209 4696 Β
2236 4659 2438 4705 tantam
2483 4648 2822 4718 putredinem
2877 4648 3192 4718 pariterque
3237 4655 3502 4717 pugnaret
3551 4647 3816 4702 adversus

551 4739 754 4794 rendus
775 4741 870 4796 Dei
895 4741 1149 4797 sacerdos
1167 4741 1361 4797 Petrus
1393 4741 1642 4796 Damiani
1679 4741 1870 4797 videns
1899 4740 2128 4797 Joannis
2233 4737 2583 4795 simoniacam
2625 4736 2897 4806 heresim,
2939 4751 3060 4808 qua:
3100 4737 3299 4808 ubique
3331 4737 3569 4794 locorum
3595 4751 3819 4808 grassa-

483 4818 510 4838 ν
549 4826 847 4898 simplicem
885 4831 1054 4888 animi
1091 4833 1404 4904 puritatem,
1435 4831 1699 4889 fervorem
1727 4830 1970 4901 spiritus,
1998 4829 2128 4887 obe-
2231 4827 2392 4884 batur
2411 4827 2649 4901 impune.

1418 5013 1423 5019 _
1446 4970 1477 5010 ,Α
