4140 6460
267 267 374 320 205

625 259 779 316 OI’P.
820 254 999 312 PARS
1039 254 1172 311 SEU
1227 252 1390 310 ΤΟΜ.
1432 253 1474 306 Ιι.
1507 280 1571 293 —-
1598 248 1818 306 EPIST.
1859 249 1986 306 LIB.
2032 250 2166 308 VIII.
2205 275 2275 292 --
2315 243 2510 300 LlBltZIl
2546 237 2831 328 ‘PRIMUS.
2872 233 3088 291 EPIST.
3129 232 3169 286 I.

3420 229 3532 285 206

795 579 1094 762 S-

1278 572 1863 788 ETRI
1995 450 3050 734 ΒΑΜΙΑΜ

1519 859 1579 917 S.
1619 860 1686 916 Β.
1723 857 1788 915 Ε.
1819 854 2238 916 CARDINALIS

596 1001 1951 1252 EPISTOLARUM
2060 1077 2576 1235 LIBRI
2683 1075 3248 1236 OCTO.

1717 1385 2126 1414 M-

1449 1570 1811 1666 LIBER
1896 1570 2388 1661 PRIMUS.

517 1809 608 1873 AD
637 1803 922 1870 SUMMOS
959 1796 1401 1864 CIIRISTIANIE
1456 1789 1889 1851 REIPUBLICIE
1929 1785 2312 1851 PASTORES,
2352 1783 2442 1840 ET
2479 1782 2858 1841 CADAI.OUM
2896 1779 3315 1839 ANTIPAPAM.

1683 1959 2148 1992 M—n—hi—

697 2156 741 2233 Ῑ
753 2161 830 2232 -2
868 2145 1196 2215 EPISTOLA
1238 2141 1470 2206 PRIMA.

505 2266 573 2312 An
604 2266 906 2311 cascomuu
934 2265 986 2303 νι
1023 2258 1278 2301 nonnum
1317 2240 1660 2294 pou-mrtem.

293 2353 691 2408 Assenserunt.
723 2376 788 2386 —
809 2338 1073 2408 Gregorio
1096 2337 1159 2391 Vl
1190 2345 1468 2389 sacrorum
1496 2336 1552 2382 et
1577 2323 1883 2408 reipublicae

721 2394 1197 2470 ettra—comtttissa,
1232 2415 1558 2478 magnopere
1587 2412 1646 2451 se
1661 2394 1884 2474 exhila-

895 2464 952 2535 et
996 2464 1217 2548 sperare
1267 2464 1350 2548 in?
1371 2464 1647 2548 posterum
1673 2464 1884 2547 .onuti'a

592 2533 1041 2612 administratum
1058 2548 1142 2609 iri,
1159 2554 1215 2598 et
1237 2533 1482 2616 scelestis
1509 2533 1887 2616 negotiationi-

370 2608 1019 2694 ὖίιζῗὲῐῑάὶέῑιιοηιυιιξ
1065 2608 1352 2674 submotis,
1403 2608 1886 2694 γιιιμιιιεεειιιιιιειι-

373 2671 937 2756 "modoad-Ei;
954 2671 1234 2743 “Iviortatnr
1267 2671 1649 2756 principia-ut
1679 2671 1890 2756 castel-

374 2748 528 2835 laan
563 2748 955 2835 Fanensris,_et
998 2748 1345 2835 _P_isa_ureu§;is
1383 2748 1888 2835 Ετεὶριυείωβιιιιιιιιι

375 2816 815 2909 3633,30}.§.I_E":is
829 2816 914 2887 his
940 2829 1093 2885 initio
1121 2825 1287 2890 facto,
1319 2820 1468 2876 facili
1493 2816 1711 2888 negotio
1733 2822 1892 2870 caete-

375 2927 464 2968 ras
491 2907 686 2978 corrigi
718 2918 893 2975 posse.

378 3028 587 3082 Domno
615 3023 894 3078 GBEGORIO
925 3013 1266 3073 sanctissimo
1303 3024 1476 3081 papaz,
1507 3005 1726 3062 Parens
1765 3016 1894 3073 pec—

309 3127 463 3173 cator
481 3114 780 3169 monachus
804 3109 998 3164 debitae
1025 3103 1306 3161 servitutis
1335 3097 1681 3168 obsequium.

380 3201 853 3260 Revercndissime
877 3197 1116 3259 domine,
1146 3192 1260 3264 regi
1297 3205 1487 3262 regqu
1519 3187 1738 3242 Christo
1768 3196 1899 3254 gra-

199 3321 212 3332 ι
315 3296 418 3352 tias
443 3292 644 3358 refero,
667 3290 792 3359 quia
813 3289 878 3343 de
906 3283 1205 3357 apostolica
1233 3281 1363 3338 sede
1386 3281 1527 3334 bona
1558 3276 1903 3344 semperau-

314 3387 433 3442 dire
480 3383 649 3438 aridis
702 3377 955 3436 desiderii
1009 3375 1118 3430 mei
1164 3372 1411 3428 faucibus
1468 3368 1626 3432 sitio;
1687 3363 1899 3435 largum

1901 2129 1950 2188 Α
1980 2137 2195 2209 (Matth.
2230 2151 2344 2202 xxi,
2370 2134 2541 2188 Marc.
2572 2147 2648 2196 χι,
2675 2129 2837 2184 Joan.
2864 2127 2950 2198 tt).
2974 2125 3357 2182 Verumtamen
3382 2129 3565 2178 utrum

1981 2231 2106 2294 ista,
2156 2241 2277 2297 quae
2327 2224 2636 2287 scribimus,
2674 2219 2876 2274 mundo
2926 2229 3145 2286 sperare
3196 2214 3268 2269 sit
3317 2213 3521 2284 licitum
3550 2246 3564 2266 δ

1981 2321 2158 2392 primo
2187 2315 2528 2372 Pisaurensis
2554 2311 2794 2368 Ecclesia
2823 2310 2980 2364 bonae
3025 2305 3139 2376 spei
3187 2303 3392 2359 clarum
3421 2303 3570 2356 dabit

1984 2391 2263 2465 indicium.
2291 2405 2402 2460 Nisi
2425 2405 2570 2459 enim
2599 2400 2854 2473 praedicta
2883 2396 3125 2453 Ecclesia
3148 2395 3216 2449 de
3243 2407 3402 2448 manu
3431 2391 3573 2446 illius

1986 2497 2238 2562 adulteri,
2270 2494 2586 2559 ince‘sluosi,
2619 2489 2845 2563 perjuri,
2884 2496 3046 2558 atqtte
3088 2485 3323 2555 repletis
3359 2481 3574 2537 aufera-

1987 2601 2095 2655 tur,
2141 2590 2319 2646 omnis
2366 2586 2686 2658 populorum
2737 2597 2883 2653 spes,
2938 2594 3059 2649 qua:
3111 2578 3178 2632 de
3229 2574 3574 2645 reparatione

1987 2681 2172 2737 mundi
2227 2687 2407 2734 erecta
2464 2675 2663 2739 fuerat,
2707 2671 2951 2726 funditus
3002 2674 3316 2724 euervatur.
3372 2663 3576 2719 Omnes

1990 2769 2256 2842 siquidem
2290 2767 2354 2822 ad
2394 2768 2538 2822 hunc
2564 2764 2727 2818 ﬁnem
2769 2760 2956 2818 oculos
2997 2757 3246 2821 tendunt,
3290 2768 3482 2809 omnes
3507 2751 3576 2805 ad

1992 2862 2132 2917 hanc
2153 2870 2316 2912 unam
2351 2868 2540 2911 vocem
2579 2867 2740 2906 aures
2767 2850 3003 2919 erigunt.
3045 2835 3114 2902 Et
3155 2846 3198 2901 si
3243 2842 3333 2899 ille
3371 2848 3451 2898 tot
3478 2840 3579 2896 cri-

1992 2950 2229 3008 minibus
2255 2945 2542 3003 obvolutus
2574 2943 2642 3000 ad
2663 2943 3007 3014 episcopatus
3031 2953 3214 2994 arcem
3252 2933 3579 3000 restituitur,
3613 2999 3620 3002 _

1995 3042 2064 3097 ab
2090 3037 2385 3110 apestolica
2412 3037 2542 3092 sede
2576 3033 2705 3091 boni
2734 3031 2939 3103 aliquid
2980 3028 3210 3085 ulterius
3242 3041 3402 3097 posse
3437 3025 3579 3089 ﬁeri,

1996 3132 2213 3202 penitus
2257 3129 2574 3199 denegatur.
2624 3124 2760 3179 Tres
2795 3122 3047 3194 equidem
3094 3127 3244 3186 sunt,
3278 3131 3400 3188 qua:
3429 3115 3584 3172 testi-

1999 3221 2240 3276 monium
2288 3218 2516 3282 dabunt,
2576 3213 2882 3285 Castellana
2939 3210 3116 3275 sedes,
3173 3206 3462 3270 Fanensis,
3529 3213 3586 3258 et

2001 3308 2377 3376 Pisaurensis;
2418 3314 2480 3361 ut
2507 3305 2561 3360 in
2601 3318 2696 3359 ore
2727 3303 2978 3368 duorum,
3019 3297 3106 3352 vel
3148 3296 3309 3352 trium
3361 3293 3582 3349 testium

2004 3416 2110 3464 stet
2135 3418 2297 3461 omne
2321 3403 2545 3457 verbum
2567 3397 2748 3470 (Deut.
2778 3411 2891 3458 11x,
2923 3393 3114 3447 Matth.
3156 3388 3334 3461 xvm).
3383 3387 3444 3442 ln
3498 3385 3585 3441 his

313 3491 571 3550 pmom'
601 3473 766 3529 “sm
793 3469 1067 3564 Mm“
1100 3466 1284 3564 ""“l‘s
1313 3456 1896 3564 μωΡὟρίιῗθξηηῖδωῖ
1929 3479 1976 3537 Β
2004 3456 2452 3564 ῖιῖὶιιιζέιιιίθιιιθι·
2471 3456 2776 3545 ostenditur
2805 3456 2934 3555 quid
2958 3481 3073 3552 spei
3097 3481 3165 3536 de
3191 3456 3396 3536 caetero
3420 3475 3586 3532 relina

315 3548 462 3626 bibo.
477 3567 578 3635 Qui
595 3565 845 3620 videlicet
867 3563 1093 3616 haustus
1122 3561 1268 3612 tanta
1300 3553 1585 3610 suavitatis
1614 3548 1899 3605 dulcedine

319 3655 516 3716 mentis
538 3672 673 3712 mea:
691 3649 1033 3710 stomachum
1058 3656 1294 3712 recreat,
1327 3653 1385 3700 ut
1419 3644 1545 3698 dum
1574 3655 1728 3696 mens
1761 3639 1903 3693 inte-

321 3749 435 3804 rius
456 3747 675 3818 jubilat,
712 3738 908 3815 lingua
955 3740 1205 3812 protinus
1237 3738 1291 3792 in
1333 3736 1475 3791 hanc
1503 3747 1690 3789 vocem
1729 3728 1904 3786 laudis

319 3849 570 3912 erumpat
599 3859 614 3895 :
658 3858 677 3891 ι
707 3835 893 3894 Gloria
922 3836 976 3890 in
1003 3832 1234 3890 excelsis
1262 3830 1394 3897 Deo,
1434 3835 1490 3883 et
1534 3826 1586 3883 in
1621 3834 1770 3881 terra
1796 3837 1906 3895 pax

323 3933 627 4006 hominibus
667 3930 823 3984 bonae
862 3924 1157 3982 voluntatis
1187 3918 1338 3994 (Luc.
1372 3917 1453 3991 ll).
1502 3936 1522 3970 ι
1568 3915 1709 3972 Vere
1757 3913 1905 3969 enim

331 4021 464 4090 ipse,
499 4019 640 4074 sicut
681 4015 945 4087 scriptum
975 4020 1081 4077 est,
1115 4018 1286 4068 mutat
1331 4021 1595 4075 tempora,
1629 4012 1684 4062 et
1713 4012 1901 4059 trans.

332 4113 434 4169 fert
463 4127 631 4175 regna
649 4110 667 4168 ί
675 4109 812 4164 Dan.
831 4107 1080 4180 It).Vere,
1105 4105 1246 4176 quod
1285 4119 1378 4174 per
1403 4102 1716 4173 prophetam
1743 4107 1900 4152 suum

338 4207 509 4261 multo
543 4213 670 4260 ante
704 4202 977 4273 praedixit,
1015 4215 1155 4254 nunc
1185 4207 1322 4252 teste
1349 4195 1551 4249 mundo
1580 4189 1902 4247 mirabiliter

337 4297 649 4369 adimplevit
672 4314 686 4350 :
714 4312 734 4347 ι
759 4293 894 4372 Quia
917 4293 1230 4347 dominatur
1253 4289 1513 4344 Excelsus
1531 4282 1584 4340 in
1609 4297 1778 4356 regno
1798 4280 1901 4339 ho-

334 4392 562 4458 minum,
583 4399 638 4443 et
662 4386 744 4443 cui
773 4385 1001 4441 voluerit
1029 4384 1146 4452 ipse
1165 4385 1253 4436 dat
1274 4382 1405 4436 illud
1427 4372 1594 4452 (Dan.
1614 4380 1708 4446 tv).
1735 4395 1755 4428 ι
1782 4374 1902 4430 Lze-

225 4517 246 4542 .
332 4476 510 4535 tentur
542 4457 672 4548 ergo
702 4471 853 4540 coeli,
883 4481 940 4528 et
960 4465 1199 4528 exsultet
1222 4473 1391 4529 terra,
1434 4473 1490 4519 et
1525 4462 1806 4530 antiquum
1834 4457 1918 4512 sui

233 4645 243 4660 .
326 4571 464 4644 juris
487 4547 826 4641 privilegium
858 4579 919 4620 se
949 4561 1221 4631 recepiSSe
1251 4565 1441 4613 sancta
1467 4551 1771 4625 gratuletur
1811 4547 1912 4603 Ec-

333 4639 518 4722 clesia.
564 4662 889 4718 Conteratur
913 4657 1026 4729 jam
1078 4648 1402 4709 milleforme
1455 4653 1620 4716 caput
1667 4639 1921 4697 venenati

335 4754 632 4826 scrpentis;
663 4757 842 4807 cesset
891 4743 1276 4802 commercium
1304 4752 1575 4812 perversa:
1604 4732 1923 4806 negotiatio-

335 4821 449 4915 nis;
472 4846 675 4902 nullam
707 4844 820 4915 jam
851 4845 1123 4895 monetam
1163 4834 1415 4890 falsarios
1442 4829 1632 4915 Simon
1661 4825 1714 4915 in
1738 4821 1924 4878 Eccle-
1949 4839 1998 4905 ρ
2042 4893 2045 4895 _

334 4939 412 4994 sia
434 4909 669 4992 Iabricet
697 4909 835 5004 (Act.
863 4927 1014 5000 Vm);
1060 4924 1114 4998 3
1155 4923 1298 4979 nulla
1327 4919 1478 4977 Giezi
1509 4916 1560 4990 (1
1576 4913 1616 4968 V
1664 4913 1795 4983 Reg.
1838 4909 1916 4982 ν),

336 5036 605 5100 praesente
651 5003 859 5095 providi
907 5017 1146 5076 doctoris
1198 5013 1464 5076 absentia,
1524 5007 1724 5063 furtiva
1779 5003 1922 5058 dona

340 5093 599 5192 reportet.
639 5093 758 5171 Iam
786 5112 1036 5168 columba
1065 5113 1371 5164 revertatur
1399 5102 1465 5157 ad
1507 5109 1710 5160 arcam,
1759 5102 1812 5150 et
1842 5093 1921 5147 vi-

338 5188 587 5270 rentibus
618 5210 773 5264 olivte
807 5204 966 5268 foliis,
999 5214 1185 5273 pacem
1215 5197 1427 5253 nuntiet
1465 5189 1732 5248 redditam
1764 5188 1923 5243 terris

343 5303 496 5378 (Gen.
541 5301 686 5373 vm).
729 5299 1037 5368 Beparetur
1085 5305 1230 5346 nunc
1276 5299 1501 5344 aureum
1555 5281 1924 5353 apostolorum

343 5371 620 5458 saeculum,
644 5371 721 5445 ret
758 5387 1090 5461 praesidente
1117 5390 1298 5436 vestra
1327 5375 1633 5446 prudentia,
1666 5371 1925 5428 ecclesia»

345 5483 480 5544 stica
531 5460 783 5540 reﬂoreat
826 5476 1128 5548 disciplina.
1173 5468 1522 5540 Reprimatur
1581 5462 1808 5518 avaritia
1863 5460 1928 5514 ad

345 5575 680 5650 episcopales
749 5570 945 5626 infulas
1005 5560 1413 5626 anhelantium;
1480 5562 1797 5611 evertantur
1841 5567 1928 5605 ca-

352 5663 557 5723 thedrae
638 5659 916 5719 columbas
997 5651 1345 5712 vendentium
1445 5641 1929 5701 nummulariorum

1999 3595 2219 3658 quatur.

2071 3676 2425 3746 Omnipotens
2449 3674 2588 3729 Deus
2606 3680 2676 3737 te,
2700 3683 2909 3725 summe
2928 3666 3108 3731 Pater,
3127 3663 3193 3718 ad
3213 3657 3588 3717 conservanda

2003 3768 2261 3828 Ecclesize
2313 3780 2424 3820 suae
2471 3763 2594 3834 jura
2646 3759 2950 3821 custodiat,
3004 3765 3061 3811 et
3115 3751 3368 3824 populum
3427 3761 3588 3803 suum

2006 3876 2076 3918 ne
2103 3857 2376 3916 immerito
2403 3855 2506 3910 sub
2541 3861 2692 3908 tanto
2718 3848 2972 3920 pontiﬁce
2998 3846 3234 3918 gaudere
3261 3841 3558 3912 permittat.

2573 3961 2909 4020 EPISTOLA
2955 3959 3018 4016 Il.

2635 4074 2702 4113 AD
2729 4068 2970 4112 EUIIDEII.

2011 4158 2405 4214 Anouuearuu.
2427 4181 2498 4193 —
2523 4148 2726 4205 Scribit
2755 4145 3040 4216 quemdam
3061 4183 3088 4216 ,_
3106 4139 3212 4216 ⁸(ιιιὶ
3252 4138 3538 4216 episcopus
3567 4141 3600 4189 a

2082 4210 2195 4283 suis
2223 4210 2449 4289 electus,
2491 4221 2742 4284 Romam,
2770 4210 2831 4272 ut
2869 4230 2901 4270 a
2941 4210 3197 4285 pontifice
3248 4210 3600 4289 continuare:

2016 4316 2036 4325 ‘
2225 4276 2540 4364 accedebat,
2563 4290 2665 4346 sibi
2704 4276 2816 4364 non
2847 4276 3235 4364 usquequaque
3263 4277 3479 4364 probari
3506 4293 3522 4364 ξ
3553 4276 3602 4358 si

2086 4338 2264 4424 tanien
2291 4381 2416 4421 cum
2445 4338 2565 4434 aliis
2593 4338 3062 4434 confera‘tu_r,‘not't
3093 4338 3388 4434 indignum
3429 4338 3602 4434 videri

2086 4416 2468 4508 ial'ﬁiédjiﬁe.
2502 4431 2663 4508 Petit,
2695 4437 2753 4483 ut
2777 4429 2823 4482 si
2855 4416 3002 4508 illum
3031 4416 3302 4494 reiecerit,
3335 4431 3507 4488 usque
3531 4416 3601 4469 ad

2087 4495 2558 4566 suumvadventum
2589 4503 2728 4556 hanc
2756 4513 2872 4553 rem
2899 4495 3134 4551 diﬂ'erat.
3571 4525 3582 4533 .
3649 4513 3654 4536 ;

2089 4621 2296 4678 Domno
2332 4617 2610 4674 Gneoonto
2647 4609 2994 4668 sanctissimo
3032 4617 3204 4678 papae,
3235 4603 3452 4658 Peraus
3476 4609 3604 4668 pec-

2021 4721 2175 4769 cator
2203 4707 2499 4764 monachus
2527 4699 2890 4758 devotissimos
2919 4695 3197 4754 servitutis
3220 4689 3563 4759 obsequium.

2095 4798 2320 4857 Noverit
2341 4791 2623 4853 b‘eatltudo
2658 4801 2864 4857 vestra,
2917 4788 3160 4860 piissime
3191 4785 3430 4848 domine,
3477 4779 3607 4848 quia

2027 4893 2130 4969 pro
2151 4891 2389 4964 peccatis
2428 4887 2632 4944 nostris
2652 4883 2838 4941 clerici
2873 4880 3020 4952 digni
3061 4877 3406 4948 episcOpatus
3427 4870 3606 4928 ofﬁcio

2027 4963 2082 5045 in
2111 4963 2313 5044 nostris
2356 4981 2603 5054 partibus
2650 4993 2758 5036 non
2805 4973 3174 5031 inveniuntur.
3207 4966 3409 5024 Omnes
3463 4963 3608 5017 enim

2028 5086 2280 5151 quaerunt
2321 5051 2442 5146 quae
2485 5085 2583 5126 sua
2619 5076 2766 5132 sunt,
2816 5075 2871 5120 et
2913 5077 3021 5118 non
3067 5075 3186 5131 qua:
3229 5057 3356 5115 Jesu
3403 5051 3610 5109 Christi

2032 5150 2285 5243 (Philipp.
2317 5171 2400 5236 ιι).
2437 5161 2694 5217 Avaritia:
2715 5158 2914 5228 quippe
2938 5163 2995 5210 et
3044 5151 3293 5208 elatlonis
3324 5150 3447 5219 igne
3491 5155 3613 5197 suci

2031 5235 2475 5328 censui-ambiunt
2503 5253 2723 5325 quidem
2758 5250 2827 5307 ad
2871 5247 3238 5306 sacerdotium
3280 5235 3610 5312 promoveri.

2031 5355 2126 5412 sed
2160 5365 2268 5408 non
2302 5352 2522 5406 student
2549 5347 2694 5418 digni
2724 5343 3029 5401 sacerdotio
3069 5338 3208 5393 ﬁeri.
3248 5335 3486 5388 Prrecsse
3527 5329 3614 5382 iul-

2033 5450 2204 5511 hiant,
2236 5443 2492 5516 prodesse
2535 5455 2644 5495 non
2692 5442 2905 5492 curant.
2947 5433 3330 5487 Verumtamen
3361 5435 3460 5492 pro
3487 5433 3618 5488 qua-

2034 5542 2185 5596 litate
2213 5511 2490 5607 temporis,
2505 5541 2560 5588 et
2584 5531 2809 5602 penuria
2836 5531 3214 5598 personarum,
3243 5515 3458 5572 videtur
3483 5511 3618 5567 mihi

2035 5633 2126 5689 hic
2150 5629 2585 5700 archipresbyter
2607 5637 2767 5694 posse
2789 5621 2854 5676 ad
2879 5616 3224 5688 episcopatus
3249 5609 3454 5683 apicem
3495 5615 3620 5676 pro-
