4140 6478
442 372 447 376 δ
495 290 602 347 cm

1077 286 1134 344 s.
1175 274 1381 343 PETRI
1419 279 1702 338 DAMIANI
1741 280 1890 338 ore.
1930 244 2111 334 rans
2151 273 2284 332 seu
2326 271 2563 330 Touus
2600 274 2638 328 l.
2683 304 2750 315 -
2787 271 3005 328 EPIST.
3046 270 3175 326 LIB.
3210 269 3345 327 vut.

3670 273 3777 329 eos

441 372 449 411 ί
497 408 641 473 vehi.
680 406 726 462 si
776 412 968 461 vestra:
1020 400 1324 457 sanctitatis
1362 397 1417 454 id
1464 396 1721 453 decernat
1755 394 2074 450 auctoritas.
2108 399 2153 454 Α
2176 387 2420 442 tenebris
2442 385 2824 442 remanemus?
2849 360 2987 452 Quid
3013 381 3189 452 juvat,
3214 383 3259 437 si
3280 382 3382 438 sub
3404 394 3528 437 sera
3550 383 3780 452 quilibet

494 500 759 569 Excepto,
796 494 936 566 quod
963 492 1194 553 avaritia
1217 491 1440 547 honoris
1461 495 1686 553 atstuat;
1716 483 2085 542 conscendere

440 642 447 655 ,
500 591 567 645 ad
591 586 875 659 pastoralis
889 582 1276 642 oﬂiciiculmen
1308 579 1541 639 anhelat.
1566 577 1876 637 [leuantem
1902 582 2085 661 vestro

498 679 838 748 relinquatur
865 675 1094 746 judicio.
1118 673 1225 735 Sed
1256 674 1300 736 si
1330 673 1435 729 hoc
1453 680 1557 731 non
1580 668 1744 735 obsit,I
1770 676 1894 729 cum
1929 663 2087 729 Serm-

496 770 804 842 prouicnsis
839 767 1097 824 Ecclesia:
1127 764 1395 822 clericalis
1421 761 1487 834 4·
1500 761 1634 818 ordo
1663 761 1716 815 in
1744 773 1863 814 mea
1905 766 2086 813 mente

501 859 819 925 revolvitur,
851 859 942 914 hic
985 857 1265 928 aliquanto
1293 853 1507 909 creteris
1534 850 1688 922 quasi
1736 847 2087 911 meliusculus

500 950 791 1006 invenitur.
823 946 1243 1018 Quapropterﬁi
1281 942 1715 1015 prudentissimae
1742 948 1936 996 vestrae
1964 954 2090 995 san-

502 1041 678 1096 ctitati
733 1038 948 1109 placere
974 1044 1172 1111 potest,
1208 1043 1495 1107 postquam
1543 1048 1572 1087 a
1615 1032 1765 1087 clero
1806 1038 1861 1086 et
1889 1028 2090 1101 populo

507 1142 593 1188 est
648 1131 877 1196 electus,
926 1137 1209 1200 postquam
1253 1124 1322 1183 ad
1366 1126 1471 1182 hoc
1515 1122 1748 1193 ofﬁcium
1782 1134 1813 1177 a
1849 1119 2091 1192 pluribus

502 1235 774 1292 utcunque
823 1221 1100 1290 judicatur
1151 1220 1380 1275 idoneus
1417 1258 1434 1283 ,
1508 1217 1576 1271 de
1635 1214 1934 1270 ambitione
1993 1216 2092 1266 Sua

502 1313 879 1385 pceuitentiam
958 1322 1123 1381 agat,
1157 1312 1238 1364 "et
1302 1294 1738 1363 benedictionem
1800 1317 2092 1360 consecra-

504 1409 667 1464 tionis
688 1407 939 1477 aecipiat.
973 1392 1363 1460 Verumtamen
1390 1399 1730 1470 omnipotens
1771 1397 1933 1460 Deus,
1961 1393 2091 1464 quid

502 1499 656 1554 Vobis
692 1513 857 1569 super
879 1497 983 1552 hac
1010 1510 1069 1551 re
1105 1493 1416 1550 faciendum
1462 1491 1565 1557 sit,
1601 1504 1699 1560 per
1724 1489 1807 1544 sui
1858 1487 2094 1558 Spiritus

508 1588 743 1659 gratiam
783 1587 994 1650 doceat,
1027 1584 1161 1639 etin
1204 1581 1405 1651 templo
1435 1580 1672 1651 pectoris
1708 1576 1899 1639 vestri
1924 1576 2095 1659 mani-

506 1656 643 1737 festa
670 1679 964 1736 voluntatis
990 1693 1099 1732 su:e
1118 1676 1240 1746 jura
1266 1674 1543 1737 decernat.
1569 1671 1746 1728 Unum
1776 1678 1958 1725 autem
1984 1656 2090 1733 est;

2187 479 2369 536 vitalis
2414 478 2655 534 alimenti
2706 477 2921 548 copiam
2970 476 3205 541 claudat,
3247 474 3363 544 ipse
3404 480 3588 529 tamen
3632 474 3781 529 fame

2185 572 2655 647 depereanuuid
2701 573 2876 646 juvat,
2922 575 3051 635 tum
3096 569 3217 639 quis
3267 568 3449 629 limati
3502 569 3784 624 mucronis

2185 648 2331 725 ferro
2350 663 2708 733 minuitur.
2734 661 2781 722 ai
2804 654 3150 721 circumfusis
3176 654 3421 717 hostium
3452 658 3643 714 cuneis
3665 672 3777 713 non

2186 753 2471 807 vibratur?
2508 752 2584 806 Te
2620 751 2791 817 enim,
2833 749 3179 819 omnipotens
3207 747 3373 813 Deus,
3420 748 3543 803 vice
3584 747 3669 803 sui
3726 748 3781 802 in

2186 841 2385 913 populo
2419 841 2822 913 quodammodo
2866 841 3044 896 cibum
3088 839 3306 909 posuit;
3355 854 3426 894 ex
3476 848 3530 893 te
3582 849 3779 895 contra

2188 949 2379 991 omnes
2421 933 2855 990 adversariorum
2896 933 3128 1001 impetus
3170 930 3429 987 Ecclesiae
3475 945 3589 986 sua:
3638 931 3785 987 latus

2189 1025 2421 1081 armavit
2446 1040 2461 1091 ;
2492 1034 2762 1097 quatenus
2791 1032 2848 1079 et
2873 1022 2984 1079 Deo
3015 1021 3387 1078 resistentium
3427 1032 3621 1093 pectus
3665 1030 3786 1077 stu-

2191 1116 2320 1185 deas
2347 1114 2553 1171 ewlesti
2582 1115 2782 1171 virtute
2803 1112 3114 1180 confodere,
3148 1121 3212 1168 et
3251 1112 3554 1171 famelicum
3586 1122 3789 1171 nostra:

2186 1206 2515 1262 humilitatis
2542 1204 2881 1261 stomachum
2922 1204 3063 1260 sacri
3091 1204 3244 1260 verbi
3285 1205 3512 1274 dapibus
3553 1206 3784 1260 satiare.

2193 1296 2297 1352 Sed
2319 1312 2440 1351 cum
2470 1296 2753 1352 videamus
2776 1295 3081 1351 Fanensem
3101 1295 3369 1351 latronem
3396 1299 3463 1351 ab
3490 1297 3575 1351 his
3596 1296 3786 1360 etiam,

2191 1386 2283 1456 qui
2314 1400 2421 1440 non
2463 1394 2642 1451 erant,
2697 1384 2795 1441 sed
2840 1383 3161 1455 dicebantur
3207 1385 3515 1454 apostolici.
3558 1385 3786 1440 maledi-

2192 1486 2341 1532 ctum
2372 1485 2427 1532 et
2467 1475 3031 1542 excommunicatum;
3063 1475 3428 1529 Auxitnauum
3458 1490 3675 1546 quoque
3704 1484 3787 1528 tot

2194 1578 2250 1623 et
2288 1567 2453 1623 tantis
2498 1566 2762 1622 inauditis
2809 1564 3133 1621 criminibus
3186 1563 3514 1632 involutum,
3545 1564 3791 1634 aliosque

2195 1661 2359 1716 simili
2388 1659 2655 1716 sententia
2679 1659 3140 1722 condemnandos,
3186 1672 3217 1711 a
3260 1657 3415 1713 vobis
3464 1672 3587 1713 cum
3635 1668 3787 1711 tanta

503 1772 649 1828 unde
676 1770 896 1842 pietatis
923 1745 1130 1825 vestrae
1146 1767 1379 1836 deposco
1402 1763 1763 1826 clementiam,
1796 1769 1858 1817 ut
1875 1760 1921 1816 si
1947 1760 2092 1816 hunc
2120 1745 2167 1809 Β
2192 1750 2501 1823 arrogantia
2522 1758 2578 1805 et
2602 1748 2964 1807 exsultatione
3013 1748 3234 1812 reverti,
3256 1748 3472 1818 cogitur
3502 1747 3557 1802 in
3579 1747 3787 1801 Iuclttut

503 1879 613 1919 non
640 1859 1110 1924 consecraveritis,
1129 1858 1301 1913 donec
1318 1869 1403 1910 me
1427 1862 1646 1912 servum
1674 1859 1913 1906 vestrum
1942 1848 2094 1904 vide-

504 1953 645 2013 ritis.
670 1952 801 2008 nulli
826 1948 1069 2021 praedicti
1099 1947 1442 2016 episcopatus
1472 1941 1789 1998 cathedram
1817 1939 2091 1996 tribuatis.

1072 2057 1404 2114 EPISTOLA
1437 2055 1524 2111 III.

714 2169 782 2208 AD
813 2165 1131 2208 CLEMENTE)!
1169 2164 1206 2204 ιι
1244 2162 1499 2204 ROUANU!
1524 2159 1871 2202 PONTIHCEI.

505 2272 906 2325 Ancuusuruu.
956 2293 1027 2304 —
1059 2261 1249 2317 Jussus
1294 2262 1360 2314 ab
1406 2259 1735 2328 imperatore
1776 2257 2092 2326 pontiﬁcem

579 2339 753 2403 adire,
785 2344 843 2388 ut
896 2333 1043 2388 illum
1074 2332 1142 2408 de
1167 2329 1522 2408 quarumdam
1575 2327 1938 2408 Ecclesiarum
1973 2340 2098 2408 pes.

579 2399 903 2465 simo'statu
953 2399 1241 2458 certiorem
1278 2399 1502 2465 faceret,
1528 2413 1652 2454 eum
1683 2399 1797 2464 jam
1846 2406 1990 2454 esset
2040 2399 2095 2451 in

580 2479 795 2539 itinere,
822 2474 1033 2529 litteras
1063 2470 1304 2540 ejusdem
1322 2469 1686 2540 imperatoris,
1703 2482 1839 2540 quas
1855 2466 2095 2540 pontiﬁci

575 2538 833 2604 traderet,
880 2538 1108 2612 accepit.
1162 2540 1269 2595 Has
1297 2540 1351 2594 in
1400 2539 1689 2612 praesentia
1741 2538 1819 2612 ad
1848 2539 2096 2612 eumdem

584 2617 775 2681 mittit,
795 2606 1076 2682 rogatque,
1104 2618 1164 2665 ttt
1186 2612 1252 2664 ad
1276 2624 1335 2665 se
1353 2606 1574 2682 scribat,
1598 2617 1777 2663 utrum
1798 2607 1909 2662 iter
1930 2606 2098 2660 semel

586 2679 896 2754 susceptum
940 2679 1043 2737 sibi
1101 2679 1535 2754 prosequendum
1569 2685 1833 2754 censeat,
1889 2690 2095 2754 necne;

584 2747 761 2813 simul
783 2755 946 2810 etiam
975 2747 1192 2818 munus,
1230 2747 1517 2821 quod_sib_i
1551 2747 2093 2821 demandatumfue-

579 2836 684 2892 rat,
712 2825 999 2895 diligenter
1018 2816 1356 2895 essequiiur,
1381 2816 1854 2895 Ecclesiarumque
1876 2816 2098 2871 calami~

580 2887 746 2959 tates,
775 2887 837 2949 ei
875 2887 1331 2963 perturbationes,
1379 2898 1600 2963 propter
1636 2887 1945 2963 antistitum
1977 2900 2098 2963 sce-

580 2956 741 3025 καλέ
758 2971 814 3019 et
837 2956 1058 3031 flagitia,
1090 2961 1174 3014 vir
1196 2960 1340 3030 pius,
1372 2956 1493 3013 non'
1518 2958 1637 3031 siue
1674 2972 1873 3031 magno
1912 2956 2100 3031 dolore

581 3034 851 3103 deplorat.
881 3027 1216 3095 (iblestatur'
1229 3043 1363 3098 ergo
1383 3027 1716 3103 pontificem,
1746 3038 1806 3083 ut
1833 3027 1966 3098 ipse,
2010 3027 2098 3103 cui

584 3097 841 3182 universa
893 3114 1184 3182 sacrorum
1224 3114 1383 3182 cura.
1414 3097 1725 3182 commissa,
1752 3107 1838 3151 est
1860 3097 1883 3178 ε
1928 3099 2102 3152 sacris
2129 3121 2176 3182 ρ

580 3174 843 3252 ’βροιθεῇξξ
865 3173 933 3226 ab
954 3169 1218 3252 improbis
1238 3166 1549 3252 hominibus
1577 3164 1918 3252 labefactans
1941 3180 2101 3252 opem

582 3243 746 3307 ferat,
775 3243 1005 3310 illasque
1033 3236 1087 3294 in
1118 3239 1399 3311 pristinam
1445 3236 1894 3307 tranquillitatem
1942 3236 2104 3292 rest-i-

584 3324 740 3370 tuere
766 3320 1014 3368 conetur.
1526 3379 1534 3384 Δ
1791 3363 1799 3375 Ι

583 3422 796 3476 Damno
835 3419 1115 3476 Causam
1150 3430 1376 3471 summa:
1407 3414 1553 3470 sedis
1600 3413 1852 3479 antisti-ti,
1888 3414 2115 3470 Psrnus

515 3518 773 3582 peccator
793 3507 1092 3564 monachus
1106 3504 1420 3565 humillima:
1438 3504 1740 3560 devotionis
1761 3504 2103 3574 obsequium.

589 3599 813 3656 Noverit
876 3597 1155 3654 beatitudo
1210 3603 1390 3651 vestra
1417 3635 1433 3659 ,
1493 3593 1947 3650 excellentissime
2006 3596 2105 3655 do:

518 3670 703 3758 mine,
734 3691 863 3762 quia
902 3689 1154 3745 dominus
1204 3687 1597 3743 invictissimus
1647 3687 1945 3756 imperator
1995 3700 2102 3741 non

517 3784 713 3851 semei,
738 3784 832 3839 sed
858 3796 1000 3853 saepe
1021 3779 1151 3835 mihi.
1180 3779 1435 3850 praecepit
1461 3796 1475 3832 :
1509 3787 1585 3845 et,
1616 3778 1661 3835 si
1690 3779 1871 3833 dicere
1911 3778 2103 3843 audeo,

518 3888 713 3944 rogare
743 3873 998 3944 dignatus
1025 3879 1134 3936 est,
1163 3879 1223 3925 ut
1253 3869 1321 3923 ad
1363 3884 1457 3925 vos
1491 3868 1751 3934 venirem,
1788 3876 1845 3925 et
1883 3881 2004 3936 qua:
2050 3865 2106 3920 in

525 3963 784 4019 Ecclesiis
842 3972 1157 4019 nostrarum
1219 3962 1454 4032 partium
1507 3971 1832 4032 agerentur,
1880 3975 2109 4031 quisque

525 4053 663 4108 mihi
684 4054 993 4108 necessaria
1029 4067 1056 4105 a
1082 4052 1237 4107 vobis
1278 4052 1393 4109 fieri
1422 4051 1756 4115 viderentur,
1784 4036 1980 4106 vestris
2012 4065 2108 4105 au-

520 4143 675 4198 ribus
698 4141 1025 4197 intimarem.
1042 4140 1288 4209 Cumque
1303 4154 1403 4211 ego
1423 4148 1480 4196 et
1498 4139 1864 4195 difﬁcultatem
1897 4128 2108 4196 itineris

520 4232 1014 4304 perhorrescerem,
1069 4241 1125 4286 et
1173 4231 1242 4285 ad
1281 4247 1377 4286 vos
1404 4232 1590 4286 venire
1629 4231 1845 4301 penitus
1890 4248 2107 4288 recusa-

520 4339 660 4390 rem,
693 4322 781 4378 ille
812 4339 840 4378 a
885 4337 982 4377 sua
1011 4323 1311 4378 intentione
1340 4338 1448 4378 non
1478 4323 1718 4389 destitit;
1751 4323 1867 4383 sed,
1901 4333 1961 4377 ut
2002 4325 2108 4379 iter

525 4417 851 4488 arriperent,
892 4414 1138 4471 absoluta
1165 4414 1477 4470 definitione
1508 4415 1787 4486 praecepit.
1817 4413 2108 4484 Postquam

529 4518 710 4565 autem
746 4480 942 4563 itinere
979 4507 1186 4562 dierum
1233 4507 1396 4562 trium
1439 4506 1507 4562 ad
1535 4521 1776 4564 creatum
1830 4520 2113 4578 regressus

527 4617 670 4669 sum,
702 4616 829 4658 ecce
870 4600 986 4655 istm
1031 4599 1150 4671 ejus
1194 4599 1392 4659 littera:
1441 4599 1613 4655 sacris
1636 4599 1831 4655 vestris
1862 4598 2108 4656 manibus

521 4693 832 4759 oll'ereudre,
878 4691 1037 4747 nobis
1075 4691 1256 4749 allatae
1296 4699 1446 4753 sunt,
1488 4704 1626 4760 quas
1681 4705 1783 4745 nos
1825 4704 1998 4761 usque
2041 4689 2113 4746 ad

521 4793 801 4854 aspectum
828 4793 1067 4840 vestrum
1093 4798 1201 4837 non
1229 4781 1611 4852 praesumimus
1637 4790 1927 4847 temerare,
1949 4796 2107 4851 quas,

523 4877 569 4931 si
595 4876 794 4948 placet,
814 4892 912 4931 vos
927 4876 1091 4946 prius
1129 4875 1394 4945 inspicite.
1421 4883 1478 4939 et
1519 4889 1644 4932 cum
1674 4873 1760 4930 his
1806 4872 1967 4931 simul
2010 4889 2110 4947 per

522 4976 735 5025 vestras
766 4983 980 5038 quoque
1025 4954 1260 5037 litteras,
1312 4968 1495 5021 utrum
1532 4967 1603 5020 ad
1634 4980 1733 5021 vos
1777 4965 1965 5021 venire
2012 4966 2112 5023 tle-

524 5061 705 5127 beam,
737 5071 929 5127 necne,
961 5057 1090 5112 mihi
1113 5057 1303 5127 jubere
1319 5057 1635 5139 dignemini.
1664 5056 1776 5128 Ego
1799 5057 1947 5113 enim
1973 5057 2114 5113 inter

525 5159 822 5221 utrumque
848 5146 1076 5227 ppsitus,
1111 5156 1169 5203 et
1187 5148 1306 5205 dies
1327 5163 1478 5204 meos
1503 5147 1609 5203 huc
1632 5147 1871 5216 illucque
1904 5148 2115 5204 discur-

530 5240 721 5305 rendo,
772 5237 1002 5308 perdere
1058 5236 1247 5303 timeo,
1298 5248 1353 5293 et
1384 5246 1565 5293 tamen
1609 5236 1865 5293 Ecclesia:
1903 5234 1956 5307 5
1994 5237 2117 5303 Dei,

525 5329 728 5399 quaein
748 5326 952 5383 nostris
986 5327 1233 5396 partibus
1275 5342 1372 5397 per
1401 5328 1571 5383 malos
1619 5329 1899 5399 episcopos
1932 5337 1986 5384 et
2023 5329 2116 5382 ab-

529 5422 683 5479 bate:
717 5419 942 5477 omnino
988 5418 1229 5477 confusae
1276 5430 1425 5487 sunt,
1462 5422 1843 5490 compatiendo
1879 5435 2117 5479 mterore

528 5509 702 5565 nimio
736 5519 792 5565 et
824 5511 1043 5567 tristitia
1076 5511 1423 5571 contabesco.
1480 5511 1548 5565 Et
1574 5511 1704 5582 quid
1737 5512 1982 5581 prodest,
2013 5513 2116 5569 do-

531 5600 676 5656 mine
703 5600 799 5665 uti,
849 5602 992 5671 quod
1020 5601 1370 5671 apostolicam
1424 5602 1608 5657 sedem
1642 5602 1710 5658 de
1762 5604 2002 5665 tenebris
2048 5605 2115 5663 ad

531 5691 705 5747 lucem
747 5706 1019 5749 remeasse
1056 5692 1316 5758 dicimus,
1360 5690 1411 5747 si
1455 5705 1553 5747 nos
1603 5692 1780 5751 adhuc
1808 5693 1865 5749 in
1904 5693 2112 5752 eisdem

2136 4469 2189 4530 Ι)

2196 1842 2309 1911 spei
2341 1851 2540 1897 nostra:
2568 1841 2822 1911 gaudium
2851 1840 3202 1895 commutari.
3246 1837 3355 1895 Nos
3396 1839 3539 1894 enim
3590 1854 3783 1909 spera-

2193 1932 2412 1997 bamus,
2430 1931 2574 2000 quod
2602 1939 2657 1985 tu
2681 1945 2831 1986 esses
2854 1930 3233 1999 redempturus
3263 1929 3429 1985 Israel
3458 1928 3781 1999 (Lummr).

2196 2021 2562 2092 Quapropter,
2603 2020 2914 2077 beatissime
2944 2020 3194 2085 Domine,
3224 2020 3304 2075 sic
3333 2018 3703 2076 conculcatam
3732 2028 3792 2074 et

2196 2113 2461 2184 abjectam
2492 2111 2649 2169 stude
2687 2112 2931 2169 relevare
2961 2110 3234 2181 justitiam
3273 2129 3287 2166 :
3320 2113 3401 2167 sic
3435 2110 3788 2166 ecclesiastici

2198 2205 2402 2276 vigoris
2430 2205 2628 2261 exhibe
2650 2204 3014 2275 disciplinam,
3047 2214 3107 2261 ut
3130 2213 3185 2259 et
3213 2219 3342 2277 pars
3370 2203 3555 2273 iniqua
3583 2218 3615 2259 a
3639 2212 3788 2258 statu

2198 2296 2469 2367 superbia:
2491 2304 2733 2367 corruat,
2770 2304 2827 2353 et
2871 2310 3025 2351 mens
3070 2294 3354 2351 humilium
3404 2297 3471 2351 ad
3520 2298 3791 2368 Sperauda

2200 2387 2342 2442 bona
2371 2385 2673 2444 fiducialius
2701 2387 3067 2444 convalescat.

2764 2480 3098 2538 EPISTOLA
3138 2481 3227 2536 IV.

2450 2587 2518 2628 AD
2555 2586 2766 2629 LEONEM
2802 2589 2858 2629 IX
2900 2587 3153 2628 ROMANIS)!
3194 2587 3539 2628 PONTIFICEM.

2200 2662 2595 2734 Amenanus.
2620 2693 2692 2734 ε-
2719 2663 2831 2719 Hac
2851 2663 3078 2734 epistola
3106 2672 3250 2719 totus
3274 2663 3328 2718 in
3351 2677 3417 2719 eo
3439 2672 3709 2728 versatur,
3733 2675 3793 2718 ut

2270 2734 2523 2790 ostendat
2560 2733 2697 2789 falso
2742 2749 2802 2788 se
2848 2734 3014 2789 fuisse
3055 2733 3124 2791 de
3169 2734 3489 2803 quibusdam
3539 2734 3792 2787 crimini~

2273 2806 2372 2860 bus
2397 2817 2729 2861 accusatum.
2750 2803 2990 2865 Leonem
3013 2818 3140 2859 vero
3162 2805 3472 2874 pontiﬁcem
3497 2803 3792 2858 lilaxinuun

2230 2918 2237 2923 .
2271 2877 2342 2945 ad
2377 2889 2439 2945 ea
2468 2874 2735 2945 credenda
2785 2874 2946 2945 nimis
2992 2875 3286 2945 proclivem
3322 2875 3514 2929 leviter
3538 2886 3790 2945 excuSat.

2270 2943 2453 2999 Facile
2479 2944 2622 2999 enim
2653 2944 2840 3008 fuisse,
2866 2944 2961 3010 ait,
2988 2943 3192 2999 homini
3222 2944 3386 2998 tantis
3416 2943 3793 3010 occupationi-

2278 3014 2377 3068 bus
2404 3013 2663 3083 impedito
2694 3029 2723 3069 a
2754 3014 3239 3069 calumniatoribus
3268 3014 3545 3084 paulisper
3571 3014 3795 3082 imponi,

2277 3085 2419 3153 quod
2449 3085 2612 3139 etiam
2656 3084 2906 3154 exemplo
2938 3084 3158 3141 Davidis
3202 3086 3542 3154 comprobat.
3594 3085 3802 3140 Deinde

2276 3154 2579 3211 rationibus
2622 3169 2688 3210 es
2736 3156 2912 3210 sacris
2960 3154 3155 3211 litteris
3199 3154 3384 3224 petitis
3435 3156 3796 3210 dcnmustt-at.

2278 3239 2438 3295 quam
2471 3233 2625 3280 cattle
2656 3225 2727 3278 sit
2756 3224 2944 3279 alienis
2964 3225 3434 3280 ‘criminatiouihtts
3467 3225 3601 3295 fides
3634 3225 3795 3278 adhi-

2276 3294 2470 3350 benda.
2519 3294 2802 3350 Postremo
2866 3294 3033 3348 Deum
3089 3309 3200 3349 sua:
3248 3294 3570 3350 iunoc’entim
3605 3302 3799 3349 testem

2275 3366 2526 3428 advocat,
2553 3364 2811 3433 additque
2848 3379 2907 3420 se
2934 3365 3216 3435 (siquidem
3249 3379 3463 3419 summo
3496 3365 3692 3435 rectori
3720 3365 3797 3417 ita

2277 3434 2561 3505 placuerit)
2604 3436 2836 3507 quodvis
2876 3434 3223 3506 supplicium,
3254 3435 3505 3507 quamvis
3546 3434 3802 3493 innocen-

2280 3514 2407 3570 tem,
2442 3505 2646 3575 perpeti
2679 3514 2925 3576 paratum
2950 3519 3093 3560 esse.

2279 3596 2488 3652 Domuo
2509 3595 2674 3651 Lsoxr
2722 3597 3037 3652 beatissimo
3084 3612 3259 3668 papae,
3300 3597 3517 3655 Prz'raus
3547 3607 3803 3669 peccator

2211 3689 2507 3746 monachus
2537 3689 2902 3745 devotissimze
2936 3688 3215 3747 servitutis
3244 3691 3585 3763 obsequium.

2282 3781 2393 3836 lloc
2417 3780 2606 3836 saltem
2635 3782 2812 3835 dicant
2841 3781 3250 3838 accusatoribus
3278 3783 3413 3838 meis
3436 3823 3453 3850 ,
3483 3784 3625 3852 quod
3654 3782 3805 3852 plebs

2209 3869 2508 3926 Israelitica
2557 3868 2695 3924 dixit
2726 3870 3324 3940 prtedicatoribussuis
3357 3890 3371 3927 :
3409 3893 3429 3925 ι
3462 3872 3654 3927 Videat
3697 3873 3804 3928 Do-

2211 3962 2415 4039 minus,
2448 3969 2504 4021 et
2528 3952 2747 4032 judicel,
2799 3961 3052 4029 quoniam
3103 3960 3296 4016 {uetere
3341 3960 3546 4019 fecistis
3578 3965 3805 4019 odorem

2211 4066 2456 4114 nostrum
2514 4069 2695 4110 coram
2751 4053 3031 4109 Pharaone
3060 4093 3074 4119 ,
3121 4064 3176 4107 et
3220 4053 3394 4109 servis
3441 4055 3558 4123 ejus
3603 4052 3805 4124 (Exod.

2213 4155 2323 4214 xv).
2373 4166 2392 4200 ι
2437 4146 2709 4218 Antiquus
2766 4160 3001 4215 namque
3060 4145 3233 4201 hostis
3292 4146 3533 4210 timens,
3586 4161 3653 4200 ne
3704 4160 3807 4215 ego

2212 4251 2423 4307 possem
2455 4236 2612 4292 vobis
2644 4237 3001 4307 suggerendo
3049 4236 3330 4291 destruere
3359 4277 3374 4302 ,
3420 4236 3562 4306 quod
3610 4235 3699 4290 ille
3753 4238 3805 4293 in

2214 4329 2334 4383 istis
2377 4329 2624 4398 partibus
2650 4345 2754 4384 non
2790 4328 2985 4383 desinit
3011 4328 3252 4399 quotidie
3288 4329 3441 4384 novis
3471 4327 3804 4385 adinventio.
3900 4347 3911 4350 ‘

2214 4407 2374 4475 uibus
2406 4417 2695 4486 fabricare,
2727 4417 3135 4490 malignautium
3165 4419 3450 4475 adversum
3481 4434 3567 4475 me
3594 4418 3805 4490 linguas

2212 4510 2452 4578 exacuit,
2484 4509 2775 4581 cornplices
2815 4511 2873 4582 6
2893 4524 3026 4567 suos
3055 4512 3123 4566 ad
3166 4513 3541 4581 componenda
3577 4511 3805 4567 menda-

2215 4604 2330 4671 cia,
2353 4603 2625 4675 quoddam
2664 4603 2767 4660 sibi
2797 4603 2945 4662 velut
2968 4618 3232 4681 organum
3258 4604 3391 4660 fecit
3412 4644 3429 4672 ,
3456 4619 3557 4675 per
3584 4602 3804 4659 vascula

2213 4712 2309 4754 sua
2345 4697 2581 4767 crepuit,
2608 4706 2662 4753 et
2696 4696 2919 4753 malitiae
2953 4711 3067 4754 sua:
3095 4697 3248 4759 virus
3273 4697 3445 4753 sacris
3474 4696 3696 4752 auribus
3724 4696 3808 4750 in-

2213 4786 2456 4844 stillavit.
2486 4787 2554 4843 Et
2586 4787 2716 4859 quid
2746 4787 2965 4853 mirum,
2999 4787 3044 4842 si
3075 4787 3305 4844 Domino
3337 4804 3458 4843 meo
3507 4786 3667 4843 tantis
3709 4802 3808 4856 op.

2214 4892 2402 4947 presso
2422 4878 2656 4948 negotiis
2683 4888 2903 4933 versuta
2926 4877 3192 4934 calliditas
3212 4879 3490 4934 hominum
3515 4877 3808 4947 subrepere

2214 4971 2414 5040 potuit,
2462 4984 2588 5025 cum
2633 4979 2689 5025 et
2737 4969 2929 5036 David,
2977 4971 3070 5043 qui
3121 4971 3653 5043 propheticoplenus
3686 4981 3809 5027 erat

2213 5060 2435 5130 spiritu,
2455 5059 2581 5115 dum
2616 5046 2759 5115 Sibte
2788 5060 3149 5117 inconsultius
3176 5062 3425 5133 credidit,
3458 5062 3807 5118 innocentem

2214 5150 2463 5222 protinus
2527 5150 2886 5221 Miphiboseth
2935 5151 3216 5209 sententia:
3257 5151 3671 5224 proscriptionis
3712 5151 3803 5206 ad-

2217 5239 2393 5294 dixit?
2429 5238 2515 5308 (ΙΙ
2552 5238 2679 5310 Reg.
2730 5241 2866 5312 xvt.)
2904 5238 3248 5313 Tantumque
3302 5243 3443 5312 apud
3488 5256 3611 5298 eum
3661 5241 3809 5296 falsae

2219 5329 2584 5386 accusationis
2613 5344 2792 5385 sermo
2818 5326 3126 5401 praevaluit,
3152 5342 3211 5388 ut
3236 5329 3565 5402 plectibilem
3589 5347 3810 5388 servum

2219 5424 2272 5477 iu
2309 5422 2498 5478 herilis
2538 5417 2871 5477 consortium
2901 5421 3237 5478 haereditatis
3272 5423 3583 5488 asciSceret,
3632 5431 3687 5477 et
3718 5420 3806 5476 in-

2220 5512 2495 5568 fidelitatis
2528 5528 2679 5568 reum
2708 5511 2980 5569 libertatis
3013 5513 3234 5584 dignum
3263 5514 3487 5584 praemio
3513 5513 3805 5585 judicaret.

2218 5602 2601 5659 Verumtamen
2646 5602 2690 5657 si
2736 5604 2996 5658 creatoris
3033 5604 3212 5659 nostri
3242 5602 3383 5660 facta
3413 5602 3699 5677 vigilanter
3726 5610 3810 5657 at-

2222 5696 2520 5764 tendimus,
2545 5698 2612 5753 ad
2650 5696 2919 5753 credenda
2961 5694 3249 5766 cujuslibet
3276 5697 3417 5754 mala
3452 5698 3621 5755 iidem
3653 5694 3809 5753 adbi-
