4140 6450
444 271 551 327 215

1567 271 1767 327 LIBER
1797 273 2078 340 PRIMUS,
2113 273 2328 331 EPIS’I.
2371 275 2485 331 XII.

3571 284 3676 338 ‘2'“

443 383 643 453 scopali
668 383 928 454 dignitate
948 383 1214 454 deposuit.
1256 382 1314 439 Si
1356 397 1484 454 ergo
1506 385 1699 439 summi
1730 385 1802 440 illi
1826 387 2005 456 ponti-
2033 397 2082 458 Α
2110 387 2196 442 isti
2223 387 2314 456 qui
2339 400 2515 442 meum
2565 389 2806 459 deposcit
2833 389 3112 455 auxilium,
3146 405 3244 461 pro
3281 400 3467 458 nostro
3493 408 3677 451 amore

442 475 593 540 ﬁet-'5,
623 475 804 545 _Aaron
831 474 1079 531 videlicet
1126 484 1181 530 et
1207 473 1471 547 Cyrillus,
1501 483 1623 544 post
1665 477 2012 532 amissionem

440 565 671 619 vestium
704 565 1059 634 perdiderunt
1082 566 1248 620 etiam
1283 574 1678 636 consequenter
1707 567 2012 622 sacerdota-

441 655 570 710 lium
597 655 795 710 infulas
844 657 1187 726 dignitatum,
1215 656 1342 724 quid
1371 655 1499 711 mihi
1543 655 1765 726 parvulo
1793 664 1848 710 et
1873 656 2013 711 indi-

438 761 544 817 gno
568 746 711 801 aliud
732 746 893 801 datur
914 747 1159 818 intelligi,
1195 747 1296 803 nisi
1327 747 1454 817 quia
1498 746 1625 802 dum
1671 749 2011 803 ornamentis

439 836 870 893 sacerdotalibus
891 852 1085 905 exuor,
1109 835 1430 893 sacerdotali
1465 835 1815 907 proculdubio
1837 835 2010 907 digni-

441 937 553 984 tate
591 928 862 999 deponor?

509 1019 776 1075 Praeterea
804 1018 1191 1075 monasterium
1213 1018 1535 1088 hospitando
1555 1027 1605 1074 et
1637 1017 2011 1082 confiscando,

437 1111 752 1165 muneribus
765 1109 1090 1174 abstulistis;
1109 1108 1176 1165 de
1187 1109 1496 1179 episcopatu
1516 1121 1730 1179 quoque
1748 1096 2006 1176 quidquid

439 1207 728 1268 proventus
786 1198 1017 1253 inveniri
1067 1206 1308 1268 poterat,
1384 1195 1814 1266 consumpsistis.
1863 1194 2004 1262 Quid

437 1306 568 1360 ergo
601 1299 790 1355 restat,
838 1289 942 1346 nisi
991 1298 1051 1345 ut
1096 1290 1253 1346 miles
1296 1288 1556 1345 emeritus
1617 1288 1835 1359 abjiciat
1879 1303 2002 1344 eum

438 1381 718 1453 chlamyde
746 1380 1037 1452 cingulum,
1085 1381 1178 1451 qui
1223 1380 1475 1436 militaris
1495 1379 1748 1450 stipendii
1770 1378 2004 1450 perdidit

437 1473 786 1528 donativum?
812 1472 1020 1528 Cedant
1067 1473 1231 1542 igitur
1249 1471 1362 1542 jam
1401 1473 1455 1527 in
1484 1486 1614 1527 usus
1645 1480 1860 1527 vestros
1890 1471 2003 1540 epi-

437 1565 713 1633 scopaths,
745 1563 902 1618 simul
944 1573 1003 1618 et
1046 1563 1395 1628 monasteria,
1426 1577 1529 1618 nec
1569 1562 1700 1617 mihi
1731 1563 1999 1632 quispiam

437 1654 505 1708 de
533 1663 729 1708 caetero
781 1653 941 1708 inane
969 1653 1215 1708 beneﬁcii
1264 1667 1460 1708 nomen
1505 1651 1745 1720 objieiat,
1786 1654 1879 1708 sed
1909 1668 2001 1708 ve-

2110 479 2404 551 dignemini
2426 481 2735 547 subvenire,
2757 481 3095 553 rigoremque
3109 483 3336 554 iustitia:
3357 485 3502 540 circa
3527 486 3675 541 illum

2109 571 2392 636 studeatis,
2437 572 2491 626 in
2519 583 2782 643 quantum
2833 583 3015 630 tamen
3059 575 3169 632 Deo
3211 591 3318 632 non
3373 578 3674 648 displiceat,

2110 665 2436 728 temperare.
2731 717 2736 720 .

2179 748 2252 804 Ut
2275 758 2456 805 autem
2502 751 2647 807 scire
2684 752 2978 824 dignemini
3032 769 3154 825 qua
3197 757 3343 816 circa
3385 775 3480 815 me
3524 771 3673 828 sunt,

2107 839 2444 908 septuaginta
2473 839 2642 896 ferme
2685 841 2800 898 dies
2849 851 2999 910 sunt,
3022 859 3090 899 ex
3132 846 3326 916 quibus
3352 849 3441 903 vix
3464 848 3669 918 jacere,

2105 929 2190 984 vel
2217 933 2426 995 sedere,
2456 941 2657 1002 quanto
2683 933 2860 989 minus
2886 943 3053 1002 stare,
3081 936 3182 992 nisi
3204 951 3326 991 cum
3353 938 3672 996 diﬂlcultate

2103 1035 2342 1090 possum.
2365 1021 2504 1089 Quid
2543 1033 2721 1078 autem
2765 1025 2962 1090 dicam,
2990 1026 3115 1095 quia
3159 1027 3364 1092 vinum,
3389 1018 3668 1085 stomacho

2104 1121 2418 1178 nauseante,
2448 1113 2699 1169 fastidio:
2725 1109 2814 1184 qui
2851 1116 3064 1172 diversa
3090 1109 3306 1187 quoque
3335 1118 3550 1175 mellita:
3599 1135 3666 1175 ac

2067 1213 2074 1218 ·
2102 1201 2445 1272 pigmentatae
2473 1205 2704 1272 potionis
2753 1221 2947 1276 genera
3001 1208 3388 1277 perhorresco?
3414 1211 3522 1265 Sed
3553 1211 3670 1287 hinc

2102 1291 2322 1346 uberius
2347 1306 2453 1346 non
2481 1307 2770 1365 exaggero,
2801 1296 2925 1364 quia
2952 1295 3076 1350 dum
3122 1298 3379 1368 gemitum
3430 1308 3487 1354 et
3516 1315 3666 1355 com-

2101 1381 2406 1448 passionem
2432 1396 2498 1436 ex
2529 1381 2766 1438 fraterna
2796 1395 3115 1440 caeterorum
3145 1385 3407 1440 sodalium
3429 1376 3698 1444 meorum.

2102 1471 2368 1526 charitate
2397 1474 2636 1542 requiro,
2664 1463 2696 1528 a
2719 1489 2929 1529 summo
2969 1475 3266 1530 amicorum
3311 1492 3552 1532 meorum
3575 1479 3671 1534 do-

2100 1561 2247 1616 mino
2289 1562 2538 1618 videlicet
2583 1565 2984 1632 archidiacouo,
3032 1566 3200 1620 risum
3239 1568 3668 1637 extorquendum

2100 1663 2220 1704 esse
2249 1665 2354 1704 non
2380 1652 2616 1720 ambigo.

435 1743 565 1798 stris
584 1743 694 1812 (76)
717 1741 843 1800 luce
870 1743 1067 1798 clarius
1096 1743 1416 1798 innotescat.
1446 1741 1674 1798 Noverit
1697 1743 1878 1812 itaque
1902 1758 1995 1797 ve-
2028 1727 2075 1787 Β
2172 1739 2249 1795 De
2274 1741 2498 1810 praefato
2519 1753 2700 1797 autem
2725 1743 2976 1814 episcopo
3013 1743 3125 1810 sic,
3177 1759 3327 1816 rogo,
3357 1746 3664 1812 decernite;

435 1846 548 1890 stra
575 1836 851 1906 utriusque
897 1835 1216 1906 benignitas,
1245 1837 1371 1906 quia
1425 1836 1538 1892 haec
1583 1836 1737 1892 vobis
1764 1837 1838 1890 ita
1865 1836 2000 1891 irre-

435 1926 749 1982 vocabiliter
783 1928 966 1993 reddo,
1014 1927 1157 1997 quod
1210 1926 1382 1982 donec
1411 1927 1541 2003 lvita
1580 1940 1763 1983 comes
1812 1925 1997 1993 fuerit,

435 2016 663 2072 ulterius
684 2033 786 2071 non
817 2017 1028 2072 tenebo.

979 2114 1308 2170 EPISTOLA
1359 2115 1450 2169 IX.

535 2219 602 2259 ΑΒ
637 2219 853 2258 εωωειι
887 2218 1149 2259 κιοοιιλωι
1193 2220 1230 2258 ιι
1265 2218 1520 2260 ιιοιιΑΝυιι
1558 2217 1900 2260 PONTII-168'.

598 2293 858 2364 (Habctur
877 2305 1001 2348 tom.
1033 2293 1150 2359 III,
1174 2306 1345 2365 estque
1381 2295 1688 2365 opusculum
1720 2293 1835 2365 i9.)

993 2406 1324 2463 EPISTOLA
1359 2408 1429 2462 Χ.

433 2515 503 2554 ΔΙ)
540 2513 894 2575 Αιεηιωιιωι
933 2514 970 2553 ll
1018 2514 1273 2554 ROIANUI
1315 2513 1630 2553 PONTIFICEI
1656 2539 1671 2564 ,
1705 2514 1777 2553 ET
1813 2513 2001 2555 ιιιιυε-

527 2584 774 2624 BBANDUI!
812 2585 856 2624 8.
898 2585 953 2623 ll.
991 2583 1039 2621 Ε.
1081 2583 1417 2626 ῦΔΒοιΝΔιι-ῑιί
1454 2584 1902 2624 ARCHIDIACONUII.

599 2656 858 2729 (Habetur
881 2669 1008 2712 tom.
1037 2656 1156 2723 III,
1187 2667 1362 2728 estque
1391 2657 1696 2727 opusculum
1730 2659 1846 2742 29.)

911 2751 1009 2820 ιι
1057 2748 1389 2804 EPISTULA
1425 2747 1527 2803 an.
1575 2767 1582 2770 —
1945 2811 1957 2824 δ

486 2855 554 2892 ΑΙ)
592 2854 808 2895 ευιιυει
844 2854 1197 2894 Αωηιευιιωι
1235 2855 1273 2894 ιι
1312 2854 1566 2896 lOIANIJI
1604 2854 1942 2896 PONTIFICEI.

429 2952 822 3006 Anconsnrttu.
868 2949 1407 3006 —Aurelianensem
1453 2951 1796 3020 episc0pum,
1845 2949 2000 3021 cujus

501 3023 738 3076 Ecclesia
765 3022 833 3075 ab
873 3023 1130 3091 improbis
1169 3034 1358 3076 vexata
1405 3022 1588 3076 multis
1630 3021 1995 3091 Calamitatum

501 3092 782 3162 procellis,
848 3101 904 3146 et
949 3081 1278 3147 'turbinibus
1349 3093 1678 3163 agitabatur.
1753 3081 2070 3163 pontiiiciC

503 3160 1044 3232 inaximoiaccurate
1087 3160 1430 3216 commendat
1461 3179 1476 3215 :
1509 3170 1568 3214 ut
1619 3162 1734 3232 ejus
1795 3160 1996 3232 auxilio

413 3239 417 3242 ’
500 3246 566 3285 ex
611 3231 860 3286 fluctibus
899 3244 1108 3286 emersa
1148 3241 1206 3286 et
1256 3232 1552 3297 sublevate,
1593 3230 1659 3286 ini
1700 3230 1998 3300 tranquilli-

503 3303 628 3355 tatis
654 3304 866 3356 tandern
897 3309 1052 3372 portu
1081 3311 1137 3356 et
1163 3302 1471 3359 securitatis
1494 3300 1926 3371 conquiesceret.

501 3411 706 3467 Domno
749 3426 846 3466 suo
897 3413 1222 3466 ALEXANDRO
1270 3426 1494 3466 summae
1547 3410 1694 3466 sedis
1742 3409 1998 3478 antistiti,

429 3499 642 3556 Psrnus
669 3510 920 3571 peccator
945 3502 1241 3556 monachus
1269 3500 1605 3556 servitutem.

500 3595 719 3652 Noverit
742 3597 1018 3651 beatitudo
1063 3603 1260 3660 vestra,
1289 3593 1612 3648 venerabilis
1647 3590 1832 3660 Pater,
1863 3606 1999 3664 quo-

432 3687 574 3741 niam
600 3688 882 3757 episcopus
925 3687 1014 3741 hic
1050 3684 1459 3740 Aurelianensis
1494 3683 1746 3739 Ecclesiae
1784 3698 1882 3754 per
1911 3698 1999 3739 me

432 3778 597 3843 venit,
629 3791 820 3846 meque
868 3777 1278 3831 decumbentem
1333 3776 1387 3829 in
1429 3775 1654 3845 grabato
1699 3775 1994 3844 reperiens,

430 3873 554 3944 quia
585 3872 836 3941 sperabat
879 3885 963 3924 me
990 3870 1130 3940 apud
1170 3883 1267 3923 vos
1303 3869 1502 3937 aliquid
1531 3883 1709 3938 posse,
1745 3882 1878 3922 mea:
1909 3867 1995 3922 in-

433 3963 774 4018 tercessionis
800 3961 1058 4016 auxilium
1116 3959 1423 4031 postulavit.
1472 3959 1548 4013 Ex
1591 3957 1774 4012 multis
1801 3958 1998 4027 quippe

430 4055 824 4110 calamitatibus
873 4063 1034 4123 atque
1058 4051 1351 4123 pressuris,
1392 4065 1511 4119 quae
1540 4063 1645 4104 non
1680 4048 1841 4104 modo
1870 4047 1996 4114 sibi,

430 4147 521 4199 sed
545 4154 598 4199 et
626 4144 878 4198 Ecclesiae
903 4156 1015 4196 sua:
1041 4157 1070 4195 a
1103 4141 1284 4211 pravis
1336 4149 1499 4210 atque
1531 4137 1800 4208 perversis
1825 4135 2000 4190 homi-

431 4234 591 4289 nibus
619 4235 943 4299 inlcruntur,
971 4247 1027 4286 se
1053 4231 1266 4285 tandem
1313 4245 1419 4284 non
1459 4230 1576 4284 sine
1603 4243 1797 4298 magna
1830 4226 2000 4283 tribu~

433 4324 632 4378 latione
663 4323 998 4392 praeripiens,
1022 4320 1284 4390 optimum
1313 4320 1491 4386 duxit,
1517 4327 1577 4373 ut
1605 4328 1789 4388 spreto
1812 4317 1999 4374 mundi

431 4415 636 4469 fallacis
687 4415 909 4480 auxilio,
943 4399 1114 4468 scium
1163 4411 1310 4467 sedis
1349 4411 1658 4480 apostolicae
1699 4411 1996 4466 remedium

433 4515 660 4577 peteret,
716 4507 784 4560 ad
839 4515 1024 4560 sancta
1069 4504 1296 4576 vestigia
1343 4511 1522 4557 vestra
1580 4509 1896 4568 corrueret;
1944 4510 2002 4556 et

433 4609 687 4667 tanquam
735 4597 803 4651 ad
849 4596 1102 4652 tutissimi
1139 4605 1328 4666 portus
1354 4580 1546 4649 sinum‘
1568 4594 1634 4649 de
1664 4593 1848 4648 multis
1874 4605 2001 4662 pro-

431 4695 580 4749 cellis
619 4693 889 4761 llactivagi
938 4692 1124 4756 maris,
1174 4688 1411 4759 scepulis
1454 4695 1616 4758 atque
1666 4687 1994 4752 turbinibus,

432 4787 532 4840 sub
553 4794 752 4840 s:mctae
789 4783 1043 4837 Romana:
1087 4781 1342 4836 Ecclesia:
1390 4778 1762 4835 umbraculum
1802 4792 2005 4832 convo-

433 4875 585 4929 taret.
636 4873 853 4928 Scilicet
877 4883 930 4926 ut
958 4887 1078 4942 quae
1099 4886 1194 4941 per
1212 4869 1374 4925 divini
1399 4868 1638 4924 muneris
1659 4867 1998 4937 privilegium

357 4984 373 5002 ί
432 4965 764 5019 omnibusin
820 4963 1162 5016 tribulatione
1206 4963 1491 5023 succurrit,
1539 4972 1856 5030 sequoque
1885 4967 1993 5012 nta’

436 5067 586 5110 terna
610 5057 810 5126 pietate
835 5055 1113 5124 suscipiat,
1141 5063 1196 5107 et
1219 5057 1335 5120 eius
1358 5051 1653 5106 Ecclesiam
1682 5065 1712 5102 a
1735 5048 1993 5102 violento-

435 5165 553 5203 rum
582 5150 995 5216 iniquorumque
1039 5145 1316 5200 hominum
1362 5143 1681 5215 pervasione
1724 5138 1998 5199 defendat.

433 5241 771 5310 Quapropter
798 5246 1035 5292 sanctam
1060 5235 1403 5291 clementiam
1435 5241 1696 5295 vestram,
1729 5228 2002 5289 humiliter

433 5332 680 5398 obsecro,
728 5329 938 5384 hostilis
981 5326 1143 5382 etiam
1170 5324 1330 5379 amici
1360 5323 1464 5380 mei
1505 5320 1704 5378 domini
1735 5317 2003 5372 archidia-

435 5425 558 5478 coni
600 5421 744 5495 (77),
774 5429 1200 5488 caeterorumque
1246 5424 1555 5474 sanctorum
1617 5409 2000 5468 collateralium

435 5523 739 5568 vestrorum
784 5508 1176 5563 fraternitatem
1224 5504 1501 5560 humiliter
1551 5512 1704 5571 peto;
1739 5513 1797 5555 ut
1847 5499 2002 5554 fratri

508 5655 620 5728 (76)
662 5653 884 5711 Videtur
915 5650 1017 5706 hoc
1053 5649 1170 5704 loco
1202 5645 1404 5717 aliquid
1430 5631 1753 5699 desiderari;

2103 1838 2162 1883 ut
2189 1837 2245 1884 et
2277 1832 2614 1900 omnipotens
2642 1831 2785 1887 Deus
2831 1831 3035 1900 judicio
3081 1844 3276 1891 vestrae
3324 1837 3666 1892 discretionis

2099 1921 2418 1988 adgaudeat,
2447 1935 2502 1979 et
2529 1925 2616 1980 ille
2657 1924 2791 1980 fusis
2843 1941 3008 1996 super
3054 1943 3112 1982 se
3159 1931 3302 1983 sedis
3347 1929 3656 1999 apostolica

2102 2021 2356 2082 tanquam
2386 2023 2640 2072 maternae
2700 2018 2916 2084 pietatis
2971 2019 3297 2085 visceribus,
3350 2021 3658 2075 hilarescat.

2098 2101 2234 2168 Quia
2253 2103 2483 2174 sigillum
2537 2113 2788 2160 nostrum
2827 2107 2894 2161 ad
2919 2121 3156 2175 praesens
3185 2123 3294 2162 non
3341 2108 3532 2175 habeo,
3567 2124 3662 2163 ne-

2096 2191 2210 2258 poti
2241 2205 2364 2247 meo
2403 2190 2689 2260 Damiano,
2718 2203 2780 2274 ut
2825 2195 2983 2265 sigilli
3037 2195 3358 2255 certitudine
3403 2197 3660 2266 potiatur,

2099 2278 2340 2352 iniungo.

2585 2375 2688 2445 ιε
2735 2373 3068 2431 EPISTOLA
3097 2373 3211 2431 xu.

2706 2481 2775 2520 Αι)
2813 2479 3052 2521 ΕυΙΒΕΙ.

2097 2551 2773 2636 Αιιοωιεμτεκη-τῦυθε,
2804 2569 2926 2624 quae
2966 2564 3094 2609 tunc
3136 2554 3392 2636 temporis
3433 2555 3670 2610 inoleve—

2167 2634 2292 2678 rant
2319 2625 2372 2678 in
2400 2624 2660 2694 Ecclesia,
2701 2639 2897 2694 pravas
2941 2624 3355 2694 consuetudines
3398 2635 3665 2694 accusat:

2171 2701 2333 2762 atque
2353 2701 2410 2764 ut
2437 2692 2775 2754 aboleantur,
2803 2693 3054 2764 postulat.
3090 2693 3158 2764 Et
3189 2694 3422 2764 primum
3446 2692 3664 2763 quidem

2167 2761 2528 2844 periculosum
2550 2777 2672 2818 esse
2695 2763 2948 2844 ostendit,
2980 2771 3037 2817 et
3067 2761 3557 2844 aleai‘plenumiut
3587 2763 3664 2844 ita

2115 2876 2117 2879 .
2171 2831 2371 2904 dicam)
2409 2847 2564 2904 opus,
2619 2833 3025 2904 quibuscunque
3047 2831 3277 2904 decretis
3305 2831 3667 2888 anathemati:

2167 2901 2383 2972 poenam
2413 2901 2466 2982 in
2493 2904 2599 2956 line
2623 2902 2838 2982 apponi.
2867 2901 3122 2982 immane.
3145 2903 3287 2958 enim
3309 2916 3523 2982 pinnam
3549 2909 3663 2982 tan-

2171 2969 2331 3042 quam
2362 2972 2428 3042 ad
2457 2969 2752 3042 scopulum
2785 2970 3071 3042 levissimis
3092 2971 3157 3042 de
3185 2969 3364 3042 causis
3389 2969 3665 3042 oﬁ‘enden-

2170 3038 2254 3096 tes
2283 3041 2527 3096 homines
2550 3038 2848 3110 saepissime
2871 3039 3208 3110 naufragium
3234 3041 3491 3110 facturos.
3514 3038 3665 3094 Alte-

2169 3125 2286 3191 ram
2317 3109 2761 3191 consuetudinem
2790 3113 2956 3191 (quod
2987 3109 3193 3191 scilicet
3222 3109 3459 3191 episcopi
3487 3125 3516 3163 a
3545 3122 3666 3178 pre-

2167 3180 2404 3251 sbyteris
2428 3181 2568 3250 apud
2597 3181 3085 3251 archiepiscopum,
3116 3180 3489 3251 etprimatem
3507 3193 3662 3251 aceti:

2166 3248 2276 3306 sari
2307 3265 2411 3304 non
2439 3248 2676 3320 possent)
2716 3248 3005 3305 eﬂicaciter
3038 3248 3330 3320 redarguit.
3367 3248 3664 3320 parietum

2167 3320 2270 3374 hoc
2300 3317 2459 3374 modo
2503 3317 2785 3374 criminum
2841 3317 3228 3388 impunitatem,
3267 3327 3324 3374 et
3366 3318 3584 3374 liberius
3612 3317 3667 3378 in

2168 3391 2359 3460 quovis
2387 3388 2570 3460 ﬂagitii
2601 3403 2796 3460 genere
2826 3387 3195 3444 debacchandi
3223 3388 3524 3445 licentiam.
3645 3412 3648 3414 ν

2165 3499 2375 3557 Domno
2419 3516 2517 3557 suo
2563 3501 2888 3556 ALEXANDRO
2925 3513 3095 3572 papae,
3145 3496 3363 3556 Pmaus
3414 3508 3668 3570 peccator

2098 3591 2395 3646 monachus
2425 3579 2758 3647 servitutém.

2171 3682 2502 3754 Scripsistis,
2542 3693 2602 3738 ut
2651 3682 2968 3749 scriberem,
3019 3681 3372 3753 praecepistis,
3416 3692 3475 3737 ut
3525 3695 3668 3751 smpe

2097 3778 2273 3844 vobis,
2323 3777 2447 3832 licet
2473 3776 2728 3841 incultas,
2759 3775 2971 3845 ineptia:
3000 3787 3134 3828 mea:
3175 3771 3461 3828 schedulas
3503 3773 3666 3828 desti-

2092 3871 2287 3925 narem
2318 3885 2334 3922 :
2366 3882 2555 3922 verum
2582 3881 2669 3920 me
2692 3865 2861 3935 magis
2888 3863 3017 3919 libet
3039 3861 3188 3929 ﬂere,
3212 3878 3372 3932 quam
3394 3861 3672 3928 scribere;
3755 3907 3758 3916 .

2098 3958 2209 4014 imo
2239 3957 2364 4012 hinc
2394 3955 2610 4026 gravius
2654 3954 2776 4020 ﬂeo,
2807 3957 2935 4023 quia
2983 3952 3112 4009 ﬂere
3138 3968 3242 4006 non
3269 3951 3442 4007 valeo.
3469 3951 3547 4006 lta
3587 3951 3668 4011 ni-

2097 4046 2600 4118 mirumasynodo,
2639 4046 2725 4101 cui
2771 4053 2968 4100 vestra:
3015 4044 3320 4100 sanctitatis
3376 4044 3671 4104 auctoritas
3746 4076 3765 4115 >-

2097 4137 2334 4210 pmfuit,
2357 4136 2622 4192 contritus
2656 4147 2852 4205 nuper,
2901 4141 2958 4188 et
2989 4132 3265 4188 arefactus
3303 4131 3574 4198 abscessi,
3603 4140 3664 4188 ut
3728 4131 3754 4214 ι’

2100 4243 2254 4286 mens
2280 4243 2400 4284 mea
2428 4235 2508 4282 tot
2531 4240 2787 4296 oppressa
2831 4224 3082 4294 negotiis,
3111 4237 3262 4278 more
3308 4222 3475 4279 silicis
3503 4221 3670 4276 obdu-

2100 4328 2242 4385 rata,
2270 4334 2371 4375 nec
2409 4333 2508 4388 per
2540 4318 2767 4372 imbrem
2813 4330 2874 4370 se
2917 4313 3349 4385 compunctionis
3396 4311 3668 4379 emolliat,

2100 4428 2204 4469 nec
2228 4427 2289 4467 se
2308 4409 2704 4481 quantumlibet
2747 4423 2908 4476 super
2937 4421 2996 4463 se
3035 4406 3264 4480 gratiam
3295 4404 3499 4463 intima:
3543 4419 3672 4462 con-

2103 4481 2467 4572 templationis
2491 4498 2721 4554 attollat.
2749 4497 2862 4552 Hoc
2895 4497 3077 4572 itaque
3126 4496 3256 4550 mihi
3285 4496 3444 4552 datur
3468 4494 3534 4548 ad
3558 4507 3670 4567 pm-

2101 4606 2250 4657 nam,
2283 4591 2426 4662 quod
2456 4591 2782 4659 promissum
2807 4598 2892 4647 est
2928 4587 3133 4642 sanctis
3161 4585 3394 4646 dandum
3427 4598 3549 4641 esse
3572 4597 3665 4651 per

2099 4680 2357 4752 gratiam.
2400 4695 2419 4730 ι
2447 4677 2755 4746 Absterget,
2805 4675 3002 4744 inquit,
3051 4675 3192 4729 Deus
3245 4687 3458 4727 omnem
3499 4671 3672 4751 lacrx-

2099 4786 2244 4827 mam
2274 4771 2342 4826 ab
2361 4767 2532 4825 oculis
2545 4777 2852 4828 sanctorum
2877 4766 3059 4838 (Apoc.
3083 4764 3217 4834 xxi).
3239 4782 3257 4815 ι
3293 4763 3356 4816 Et
3375 4763 3430 4821 in
3450 4761 3667 4819 Psalmo

2101 4861 2403 4917 diciturtr‘
2434 4859 2536 4933 Qui
2586 4858 2789 4926 eripuit
2837 4857 3071 4909 animam
3133 4865 3306 4913 meam
3369 4852 3434 4910 de
3477 4858 3667 4913 morte,

2103 4951 2290 5008 oeulos
2314 4965 2462 5009 meos
2507 4963 2536 5002 a
2572 4948 2825 5020 lacrymis
2873 4942 3046 5016 (Psal.
3093 4941 3263 5012 cxnv).
3300 4961 3320 4994 ι
3363 4940 3515 5013 Quod
3542 4954 3670 5010 ergo

2104 5043 2309 5099 sanctis
2329 5041 2461 5095 viris
2486 5021 2822 5109 praerogatur
2848 5035 2916 5089 ad
2939 5033 3236 5108 praemium,
3272 5032 3374 5086 hoc
3405 5031 3538 5085 meis
3566 5038 3672 5091 me-

2105 5135 2227 5192 ritis
2256 5133 2514 5207 infligitur
2539 5131 2607 5185 ad
2645 5137 2990 5186 tormentum.
3021 5126 3359 5199 Quapropter
3388 5125 3503 5178 hzec
3523 5123 3664 5199 apud

2105 5239 2193 5278 me
2233 5221 2455 5280 delinita
2502 5218 2767 5274 sententia
2798 5225 2898 5282 est,
2929 5218 3052 5286 quia
3083 5220 3148 5271 de
3185 5225 3413 5277 czetero,
3447 5213 3548 5272 nisi
3583 5228 3670 5266 me

2105 5313 2402 5369 necessitas
2450 5308 2756 5367 inevitanda
2818 5303 3131 5382 compellat,
3192 5304 3361 5358 donec
3411 5300 3672 5363 advixero

2107 5404 2366 5461 Romanis
2387 5416 2472 5457 me
2501 5400 2741 5460 consiliis
2769 5398 3011 5453 funditus
3041 5394 3353 5451 abscntabo.

2175 5498 2441 5553 Pmterea
2464 5498 2568 5553 duo
2593 5495 2837 5565 quaedam
2888 5491 3028 5566 apud
3071 5489 3422 5566 aposwlicam
3488 5488 3672 5550 sedem

2177 5633 2289 5706 (Π)
2330 5630 2746 5693 llildcbrandum
2771 5623 3038 5695 intelligit.
