  <div class='ocr_page' id='page_1' title='image "/cluster/home/n/w/nwhite01/storage/ocr_20150623/144/umn.31951002477437p/133.png"; bbox 0 0 4140 6446; ppageno 0'>
   <div class='ocr_carea' id='block_1_1' title="bbox 474 245 3725 314">
    <p class='ocr_par' dir='ltr' id='par_1_1' title="bbox 474 245 3725 314">
     <span class='ocr_line' id='line_1_1' title="bbox 474 245 3725 314; baseline -0.002 -4"><span class='ocrx_word' id='word_1_1' title='bbox 474 250 582 314; x_wconf 57' lang='lat' dir='ltr'><strong>iii</strong></span> <span class='ocrx_word' id='word_1_2' title='bbox 1004 249 1061 307; x_wconf 90' lang='lat' dir='ltr'><strong>S.</strong></span> <span class='ocrx_word' id='word_1_3' title='bbox 1099 248 1304 307; x_wconf 66' lang='lat' dir='ltr'><strong>PETRI</strong></span> <span class='ocrx_word' id='word_1_4' title='bbox 1344 248 1626 307; x_wconf 78' lang='lat' dir='ltr'><strong>DAMIANI</strong></span> <span class='ocrx_word' id='word_1_5' title='bbox 1651 247 1803 310; x_wconf 78' lang='lat' dir='ltr'><strong>OPP.</strong></span> <span class='ocrx_word' id='word_1_6' title='bbox 1843 245 2024 305; x_wconf 66' lang='lat' dir='ltr'><strong>PARS</strong></span> <span class='ocrx_word' id='word_1_7' title='bbox 2060 245 2193 305; x_wconf 77' lang='lat' dir='ltr'><strong>SEU</strong></span> <span class='ocrx_word' id='word_1_8' title='bbox 2233 246 2472 305; x_wconf 72' lang='lat' dir='ltr'><strong>TOMUS</strong></span> <span class='ocrx_word' id='word_1_9' title='bbox 2499 248 2539 304; x_wconf 90' lang='grc' dir='ltr'><strong>Ι.</strong></span> <span class='ocrx_word' id='word_1_10' title='bbox 2567 277 2640 289; x_wconf 83' lang='lat'><strong>---</strong></span> <span class='ocrx_word' id='word_1_11' title='bbox 2677 248 2895 306; x_wconf 85' lang='lat' dir='ltr'><strong>EPlST.</strong></span> <span class='ocrx_word' id='word_1_12' title='bbox 2926 248 3056 304; x_wconf 89' lang='lat' dir='ltr'><strong>LIB.</strong></span> <span class='ocrx_word' id='word_1_13' title='bbox 3100 250 3232 306; x_wconf 80' lang='lat' dir='ltr'><strong>\‘lll.</strong></span> <span class='ocrx_word' id='word_1_14' title='bbox 3617 246 3725 304; x_wconf 71' lang='lat' dir='ltr'><strong>2l6</strong></span> 
     </span>
    </p>
   </div>
   <div class='ocr_carea' id='block_1_2' title="bbox 474 362 3732 437">
    <p class='ocr_par' dir='ltr' id='par_1_2' title="bbox 474 362 3732 437">
     <span class='ocr_line' id='line_1_2' title="bbox 474 362 3732 437; baseline -0.002 -14"><span class='ocrx_word' id='word_1_15' title='bbox 474 364 734 436; x_wconf 71' lang='lat' dir='ltr'><strong>frequens</strong></span> <span class='ocrx_word' id='word_1_16' title='bbox 775 378 908 426; x_wconf 86' lang='lat' dir='ltr'><strong>usus</strong></span> <span class='ocrx_word' id='word_1_17' title='bbox 956 365 1213 433; x_wconf 80' lang='lat' dir='ltr'><strong>obtinuit,</strong></span> <span class='ocrx_word' id='word_1_18' title='bbox 1260 379 1385 437; x_wconf 72' lang='lat' dir='ltr'><strong>quin</strong></span> <span class='ocrx_word' id='word_1_19' title='bbox 1430 367 1478 424; x_wconf 82' lang='lat' dir='ltr'><strong>si</strong></span> <span class='ocrx_word' id='word_1_20' title='bbox 1529 375 1718 423; x_wconf 80' lang='lat' dir='ltr'><strong>saneta</strong></span> <span class='ocrx_word' id='word_1_21' title='bbox 1760 362 2050 436; x_wconf 71' lang='lat' dir='ltr'><strong>prudentia</strong></span> <span class='ocrx_word' id='word_1_22' title='bbox 2077 364 2129 425; x_wconf 74' lang='grc' dir='ltr'><strong>Α</strong></span> <span class='ocrx_word' id='word_1_23' title='bbox 2157 370 2243 418; x_wconf 82' lang='lat' dir='ltr'><strong>tur</strong></span> <span class='ocrx_word' id='word_1_24' title='bbox 2267 363 2576 421; x_wconf 83' lang='lat' dir='ltr'><strong>adversum.</strong></span> <span class='ocrx_word' id='word_1_25' title='bbox 2607 363 2742 421; x_wconf 86' lang='lat' dir='ltr'><strong>Nam</strong></span> <span class='ocrx_word' id='word_1_26' title='bbox 2766 362 2854 420; x_wconf 92' lang='lat' dir='ltr'><strong>cui</strong></span> <span class='ocrx_word' id='word_1_27' title='bbox 2883 362 3076 421; x_wconf 84' lang='lat' dir='ltr'><strong>melius</strong></span> <span class='ocrx_word' id='word_1_28' title='bbox 3115 362 3342 429; x_wconf 88' lang='lat' dir='ltr'><strong>dicitur,</strong></span> <span class='ocrx_word' id='word_1_29' title='bbox 3379 362 3521 434; x_wconf 85' lang='lat' dir='ltr'><strong>quod</strong></span> <span class='ocrx_word' id='word_1_30' title='bbox 3559 363 3732 418; x_wconf 85' lang='lat' dir='ltr'><strong>delin-</strong></span> 
     </span>
    </p>
   </div>
   <div class='ocr_carea' id='block_1_3' title="bbox 482 457 2054 535">
    <p class='ocr_par' dir='ltr' id='par_1_3' title="bbox 482 457 2054 535">
     <span class='ocr_line' id='line_1_3' title="bbox 482 457 2054 535; baseline -0.001 -22"><span class='ocrx_word' id='word_1_31' title='bbox 482 467 663 515; x_wconf 86' lang='lat' dir='ltr'><strong>vestra</strong></span> <span class='ocrx_word' id='word_1_32' title='bbox 685 457 914 529; x_wconf 77' lang='lat' dir='ltr'><strong>indicat,</strong></span> <span class='ocrx_word' id='word_1_33' title='bbox 943 466 1002 513; x_wconf 91' lang='lat' dir='ltr'><strong>ut</strong></span> <span class='ocrx_word' id='word_1_34' title='bbox 1025 458 1181 514; x_wconf 77' lang='lat' dir='ltr'><strong>nobis</strong></span> <span class='ocrx_word' id='word_1_35' title='bbox 1206 458 1443 524; x_wconf 77' lang='lat' dir='ltr'><strong>videtur,</strong></span> <span class='ocrx_word' id='word_1_36' title='bbox 1464 459 1685 517; x_wconf 82' lang='lat' dir='ltr'><strong>omnino</strong></span> <span class='ocrx_word' id='word_1_37' title='bbox 1724 458 1891 535; x_wconf 64' lang='lat' dir='ltr'><strong>digna</strong></span> <span class='ocrx_word' id='word_1_38' title='bbox 1923 465 2054 512; x_wconf 84' lang='lat' dir='ltr'><strong>sunt</strong></span> 
     </span>
    </p>
   </div>
   <div class='ocr_carea' id='block_1_4' title="bbox 483 546 2055 618">
    <p class='ocr_par' dir='ltr' id='par_1_4' title="bbox 483 546 2055 618">
     <span class='ocr_line' id='line_1_4' title="bbox 483 546 2055 618; baseline -0.004 -12"><span class='ocrx_word' id='word_1_39' title='bbox 483 548 704 618; x_wconf 79' lang='lat' dir='ltr'><strong>corrigi.</strong></span> <span class='ocrx_word' id='word_1_40' title='bbox 734 547 933 615; x_wconf 77' lang='lat' dir='ltr'><strong>Unum,</strong></span> <span class='ocrx_word' id='word_1_41' title='bbox 969 547 1096 617; x_wconf 83' lang='lat' dir='ltr'><strong>quia</strong></span> <span class='ocrx_word' id='word_1_42' title='bbox 1141 549 1352 607; x_wconf 85' lang='lat' dir='ltr'><strong>cunctis</strong></span> <span class='ocrx_word' id='word_1_43' title='bbox 1399 546 1515 605; x_wconf 78' lang='lat' dir='ltr'><strong>fere</strong></span> <span class='ocrx_word' id='word_1_44' title='bbox 1559 546 1926 604; x_wconf 87' lang='lat' dir='ltr'><strong>Decretalibus</strong></span> <span class='ocrx_word' id='word_1_45' title='bbox 1959 559 2055 616; x_wconf 81' lang='lat' dir='ltr'><strong>pa-</strong></span> 
     </span>
    </p>
   </div>
   <div class='ocr_carea' id='block_1_5' title="bbox 482 631 2056 708">
    <p class='ocr_par' dir='ltr' id='par_1_5' title="bbox 482 631 2056 708">
     <span class='ocr_line' id='line_1_5' title="bbox 482 631 2056 708; baseline -0.002 -16"><span class='ocrx_word' id='word_1_46' title='bbox 482 638 622 708; x_wconf 85' lang='lat' dir='ltr'><strong>ginis</strong></span> <span class='ocrx_word' id='word_1_47' title='bbox 646 636 932 691; x_wconf 77' lang='lat' dir='ltr'><strong>anathema</strong></span> <span class='ocrx_word' id='word_1_48' title='bbox 961 634 1329 706; x_wconf 89' lang='lat' dir='ltr'><strong>subjungitur;</strong></span> <span class='ocrx_word' id='word_1_49' title='bbox 1373 636 1621 701; x_wconf 81' lang='lat' dir='ltr'><strong>alterum,</strong></span> <span class='ocrx_word' id='word_1_50' title='bbox 1665 634 1793 705; x_wconf 85' lang='lat' dir='ltr'><strong>quia</strong></span> <span class='ocrx_word' id='word_1_51' title='bbox 1836 631 2056 703; x_wconf 87' lang='lat' dir='ltr'><strong>cujusli-</strong></span> 
     </span>
    </p>
   </div>
   <div class='ocr_carea' id='block_1_6' title="bbox 423 723 2053 823">
    <p class='ocr_par' dir='ltr' id='par_1_6' title="bbox 423 723 2053 823">
     <span class='ocr_line' id='line_1_6' title="bbox 423 723 2053 823; baseline 0.001 -44"><span class='ocrx_word' id='word_1_52' title='bbox 423 738 444 823; x_wconf 51' lang='lat' dir='ltr'><strong>j&#39;</strong></span> <span class='ocrx_word' id='word_1_53' title='bbox 478 728 577 784; x_wconf 81' lang='lat' dir='ltr'><strong>bet</strong></span> <span class='ocrx_word' id='word_1_54' title='bbox 603 725 861 783; x_wconf 77' lang='lat' dir='ltr'><strong>Ecclesia:</strong></span> <span class='ocrx_word' id='word_1_55' title='bbox 910 723 1074 791; x_wconf 80' lang='lat' dir='ltr'><strong>ﬁlius,</strong></span> <span class='ocrx_word' id='word_1_56' title='bbox 1123 725 1239 789; x_wconf 81' lang='lat' dir='ltr'><strong>sive</strong></span> <span class='ocrx_word' id='word_1_57' title='bbox 1290 725 1520 787; x_wconf 78' lang='lat' dir='ltr'><strong>clericus</strong></span> <span class='ocrx_word' id='word_1_58' title='bbox 1560 725 1653 789; x_wconf 86' lang='lat' dir='ltr'><strong>sit,</strong></span> <span class='ocrx_word' id='word_1_59' title='bbox 1702 724 1819 783; x_wconf 82' lang='lat' dir='ltr'><strong>sive</strong></span> <span class='ocrx_word' id='word_1_60' title='bbox 1857 723 2053 788; x_wconf 79' lang='lat' dir='ltr'><strong>laicus.</strong></span> 
     </span>
    </p>
   </div>
   <div class='ocr_carea' id='block_1_7' title="bbox 421 814 2052 887">
    <p class='ocr_par' dir='ltr' id='par_1_7' title="bbox 421 814 2052 887">
     <span class='ocr_line' id='line_1_7' title="bbox 421 814 2052 887; baseline -0.007 -8"><span class='ocrx_word' id='word_1_61' title='bbox 421 814 439 879; x_wconf 73' lang='grc' dir='ltr'><strong>ἱ</strong></span> <span class='ocrx_word' id='word_1_62' title='bbox 483 830 757 887; x_wconf 86' lang='lat' dir='ltr'><strong>exponere</strong></span> <span class='ocrx_word' id='word_1_63' title='bbox 799 816 1002 886; x_wconf 79' lang='lat' dir='ltr'><strong>proprii</strong></span> <span class='ocrx_word' id='word_1_64' title='bbox 1065 830 1321 872; x_wconf 80' lang='lat' dir='ltr'><strong>excessus</strong></span> <span class='ocrx_word' id='word_1_65' title='bbox 1388 815 1651 872; x_wconf 83' lang='lat' dir='ltr'><strong>antistitis</strong></span> <span class='ocrx_word' id='word_1_66' title='bbox 1697 814 2052 885; x_wconf 68' lang='lat' dir='ltr'><strong>prohibetur;</strong></span> 
     </span>
    </p>
   </div>
   <div class='ocr_carea' id='block_1_8' title="bbox 485 905 2057 980">
    <p class='ocr_par' dir='ltr' id='par_1_8' title="bbox 485 905 2057 980">
     <span class='ocr_line' id='line_1_8' title="bbox 485 905 2057 980; baseline -0.001 -17"><span class='ocrx_word' id='word_1_67' title='bbox 485 922 720 980; x_wconf 82' lang='lat' dir='ltr'><strong>quorum</strong></span> <span class='ocrx_word' id='word_1_68' title='bbox 748 907 981 978; x_wconf 82' lang='lat' dir='ltr'><strong>primum</strong></span> <span class='ocrx_word' id='word_1_69' title='bbox 1001 921 1165 976; x_wconf 89' lang='lat' dir='ltr'><strong>quam</strong></span> <span class='ocrx_word' id='word_1_70' title='bbox 1202 907 1273 962; x_wconf 92' lang='lat' dir='ltr'><strong>sit</strong></span> <span class='ocrx_word' id='word_1_71' title='bbox 1316 905 1567 962; x_wconf 66' lang='lat' dir='ltr'><strong>humana:</strong></span> <span class='ocrx_word' id='word_1_72' title='bbox 1598 905 1790 961; x_wconf 86' lang='lat' dir='ltr'><strong>salutis</strong></span> <span class='ocrx_word' id='word_1_73' title='bbox 1818 906 2057 963; x_wconf 80' lang='lat' dir='ltr'><strong>immane</strong></span> 
     </span>
    </p>
   </div>
   <div class='ocr_carea' id='block_1_9' title="bbox 485 997 2059 1074">
    <p class='ocr_par' dir='ltr' id='par_1_9' title="bbox 485 997 2059 1074">
     <span class='ocr_line' id='line_1_9' title="bbox 485 997 2059 1074; baseline -0.003 -17"><span class='ocrx_word' id='word_1_74' title='bbox 485 1001 808 1074; x_wconf 84' lang='lat' dir='ltr'><strong>periculum,</strong></span> <span class='ocrx_word' id='word_1_75' title='bbox 839 1008 898 1062; x_wconf 85' lang='lat' dir='ltr'><strong>et</strong></span> <span class='ocrx_word' id='word_1_76' title='bbox 921 998 1130 1054; x_wconf 81' lang='lat' dir='ltr'><strong>inﬁnite</strong></span> <span class='ocrx_word' id='word_1_77' title='bbox 1159 1005 1348 1069; x_wconf 87' lang='lat' dir='ltr'><strong>patens</strong></span> <span class='ocrx_word' id='word_1_78' title='bbox 1384 1011 1584 1069; x_wconf 86' lang='lat' dir='ltr'><strong>vorago</strong></span> <span class='ocrx_word' id='word_1_79' title='bbox 1633 997 1952 1064; x_wconf 77' lang='lat' dir='ltr'><strong>labentium,</strong></span> <span class='ocrx_word' id='word_1_80' title='bbox 1991 1010 2059 1053; x_wconf 74' lang='lat' dir='ltr'><strong>ac</strong></span> 
     </span>
    </p>
   </div>
   <div class='ocr_carea' id='block_1_10' title="bbox 482 1089 2058 1165">
    <p class='ocr_par' dir='ltr' id='par_1_10' title="bbox 482 1089 2058 1165">
     <span class='ocr_line' id='line_1_10' title="bbox 482 1089 2058 1165; baseline -0.005 -13"><span class='ocrx_word' id='word_1_81' title='bbox 482 1094 754 1165; x_wconf 79' lang='lat' dir='ltr'><strong>pernicies</strong></span> <span class='ocrx_word' id='word_1_82' title='bbox 781 1092 1108 1158; x_wconf 87' lang='lat' dir='ltr'><strong>animarum,</strong></span> <span class='ocrx_word' id='word_1_83' title='bbox 1161 1089 1462 1146; x_wconf 79' lang='lat' dir='ltr'><strong>clementia:</strong></span> <span class='ocrx_word' id='word_1_84' title='bbox 1490 1099 1687 1146; x_wconf 63' lang='lat' dir='ltr'><strong>vestrae</strong></span> <span class='ocrx_word' id='word_1_85' title='bbox 1731 1089 1907 1160; x_wconf 81' lang='lat' dir='ltr'><strong>pietas</strong></span> <span class='ocrx_word' id='word_1_86' title='bbox 1951 1104 2058 1145; x_wconf 84' lang='lat' dir='ltr'><strong>non</strong></span> 
     </span>
    </p>
   </div>
   <div class='ocr_carea' id='block_1_11' title="bbox 485 1177 2062 1257">
    <p class='ocr_par' dir='ltr' id='par_1_11' title="bbox 485 1177 2062 1257">
     <span class='ocr_line' id='line_1_11' title="bbox 485 1177 2062 1257; baseline -0.006 -14"><span class='ocrx_word' id='word_1_87' title='bbox 485 1188 720 1257; x_wconf 77' lang='lat' dir='ltr'><strong>ignorat.</strong></span> <span class='ocrx_word' id='word_1_88' title='bbox 748 1185 955 1248; x_wconf 84' lang='lat' dir='ltr'><strong>Dicitur</strong></span> <span class='ocrx_word' id='word_1_89' title='bbox 977 1182 1121 1240; x_wconf 89' lang='lat' dir='ltr'><strong>enim</strong></span> <span class='ocrx_word' id='word_1_90' title='bbox 1152 1182 1397 1253; x_wconf 74' lang='lat' dir='ltr'><strong>quisquis</strong></span> <span class='ocrx_word' id='word_1_91' title='bbox 1421 1181 1560 1248; x_wconf 84' lang='lat' dir='ltr'><strong>haec,</strong></span> <span class='ocrx_word' id='word_1_92' title='bbox 1587 1179 1670 1238; x_wconf 88' lang='lat' dir='ltr'><strong>vel</strong></span> <span class='ocrx_word' id='word_1_93' title='bbox 1702 1180 1791 1236; x_wconf 81' lang='lat' dir='ltr'><strong>illa</strong></span> <span class='ocrx_word' id='word_1_94' title='bbox 1837 1194 1946 1236; x_wconf 90' lang='lat' dir='ltr'><strong>non</strong></span> <span class='ocrx_word' id='word_1_95' title='bbox 1980 1177 2062 1235; x_wconf 82' lang='lat' dir='ltr'><strong>fe-</strong></span> 
     </span>
    </p>
   </div>
   <div class='ocr_carea' id='block_1_12' title="bbox 484 1270 2059 1342">
    <p class='ocr_par' dir='ltr' id='par_1_12' title="bbox 484 1270 2059 1342">
     <span class='ocr_line' id='line_1_12' title="bbox 484 1270 2059 1342; baseline -0.005 -10"><span class='ocrx_word' id='word_1_96' title='bbox 484 1275 623 1333; x_wconf 90' lang='lat' dir='ltr'><strong>cerit</strong></span> <span class='ocrx_word' id='word_1_97' title='bbox 638 1292 654 1341; x_wconf 86' lang='lat'><strong>;</strong></span> <span class='ocrx_word' id='word_1_98' title='bbox 667 1275 783 1331; x_wconf 85' lang='lat' dir='ltr'><strong>sive</strong></span> <span class='ocrx_word' id='word_1_99' title='bbox 797 1283 944 1330; x_wconf 86' lang='lat' dir='ltr'><strong>certe</strong></span> <span class='ocrx_word' id='word_1_100' title='bbox 958 1272 1205 1342; x_wconf 75' lang='lat' dir='ltr'><strong>quisquis</strong></span> <span class='ocrx_word' id='word_1_101' title='bbox 1224 1272 1351 1336; x_wconf 86' lang='lat' dir='ltr'><strong>hoc,</strong></span> <span class='ocrx_word' id='word_1_102' title='bbox 1365 1270 1510 1341; x_wconf 89' lang='lat' dir='ltr'><strong>quod</strong></span> <span class='ocrx_word' id='word_1_103' title='bbox 1530 1270 1778 1340; x_wconf 76' lang='lat' dir='ltr'><strong>superius</strong></span> <span class='ocrx_word' id='word_1_104' title='bbox 1799 1276 2059 1325; x_wconf 88' lang='lat' dir='ltr'><strong>statutum</strong></span> 
     </span>
    </p>
   </div>
   <div class='ocr_carea' id='block_1_13' title="bbox 486 1360 2060 1433">
    <p class='ocr_par' dir='ltr' id='par_1_13' title="bbox 486 1360 2060 1433">
     <span class='ocr_line' id='line_1_13' title="bbox 486 1360 2060 1433; baseline -0.005 -9"><span class='ocrx_word' id='word_1_105' title='bbox 486 1376 591 1430; x_wconf 86' lang='lat' dir='ltr'><strong>est,</strong></span> <span class='ocrx_word' id='word_1_106' title='bbox 610 1366 823 1425; x_wconf 88' lang='lat' dir='ltr'><strong>irritum</strong></span> <span class='ocrx_word' id='word_1_107' title='bbox 837 1364 1073 1427; x_wconf 82' lang='lat' dir='ltr'><strong>duxerit,</strong></span> <span class='ocrx_word' id='word_1_108' title='bbox 1089 1361 1177 1417; x_wconf 90' lang='lat' dir='ltr'><strong>vel</strong></span> <span class='ocrx_word' id='word_1_109' title='bbox 1192 1362 1246 1418; x_wconf 91' lang='lat' dir='ltr'><strong>in</strong></span> <span class='ocrx_word' id='word_1_110' title='bbox 1261 1361 1442 1433; x_wconf 86' lang='lat' dir='ltr'><strong>aliquo</strong></span> <span class='ocrx_word' id='word_1_111' title='bbox 1453 1360 1757 1425; x_wconf 83' lang='lat' dir='ltr'><strong>violaverit,</strong></span> <span class='ocrx_word' id='word_1_112' title='bbox 1773 1361 2060 1417; x_wconf 78' lang='lat' dir='ltr'><strong>anathema</strong></span> 
     </span>
    </p>
   </div>
   <div class='ocr_carea' id='block_1_14' title="bbox 485 1449 2062 1524">
    <p class='ocr_par' dir='ltr' id='par_1_14' title="bbox 485 1449 2062 1524">
     <span class='ocr_line' id='line_1_14' title="bbox 485 1449 2062 1524; baseline -0.006 -9"><span class='ocrx_word' id='word_1_113' title='bbox 485 1461 578 1515; x_wconf 76' lang='lat' dir='ltr'><strong>sit.</strong></span> <span class='ocrx_word' id='word_1_114' title='bbox 594 1456 695 1514; x_wconf 87' lang='lat' dir='ltr'><strong>Ubi</strong></span> <span class='ocrx_word' id='word_1_115' title='bbox 711 1455 1006 1511; x_wconf 89' lang='lat' dir='ltr'><strong>notandum</strong></span> <span class='ocrx_word' id='word_1_116' title='bbox 1019 1466 1181 1524; x_wconf 83' lang='lat' dir='ltr'><strong>quam</strong></span> <span class='ocrx_word' id='word_1_117' title='bbox 1199 1449 1426 1516; x_wconf 87' lang='lat' dir='ltr'><strong>lubrica,</strong></span> <span class='ocrx_word' id='word_1_118' title='bbox 1445 1463 1607 1520; x_wconf 68' lang='lat' dir='ltr'><strong>quam</strong></span> <span class='ocrx_word' id='word_1_119' title='bbox 1628 1464 1867 1520; x_wconf 63' lang='lat' dir='ltr'><strong>praeceps</strong></span> <span class='ocrx_word' id='word_1_120' title='bbox 1884 1450 2062 1505; x_wconf 87' lang='lat' dir='ltr'><strong>subito</strong></span> 
     </span>
    </p>
   </div>
   <div class='ocr_carea' id='block_1_15' title="bbox 485 1531 2062 1616">
    <p class='ocr_par' dir='ltr' id='par_1_15' title="bbox 485 1531 2062 1616">
     <span class='ocr_line' id='line_1_15' title="bbox 485 1531 2062 1616; baseline -0.007 -8"><span class='ocrx_word' id='word_1_121' title='bbox 485 1549 676 1609; x_wconf 82' lang='lat' dir='ltr'><strong>ruendi</strong></span> <span class='ocrx_word' id='word_1_122' title='bbox 690 1547 798 1602; x_wconf 87' lang='lat' dir='ltr'><strong>illic</strong></span> <span class='ocrx_word' id='word_1_123' title='bbox 810 1553 1130 1616; x_wconf 78' lang='lat' dir='ltr'><strong>procuretur</strong></span> <span class='ocrx_word' id='word_1_124' title='bbox 1142 1544 1381 1609; x_wconf 89' lang='lat' dir='ltr'><strong>occasio,</strong></span> <span class='ocrx_word' id='word_1_125' title='bbox 1394 1552 1456 1598; x_wconf 87' lang='lat' dir='ltr'><strong>ut</strong></span> <span class='ocrx_word' id='word_1_126' title='bbox 1474 1551 1602 1598; x_wconf 86' lang='lat' dir='ltr'><strong>ante</strong></span> <span class='ocrx_word' id='word_1_127' title='bbox 1624 1542 1747 1612; x_wconf 89' lang='lat' dir='ltr'><strong>quis</strong></span> <span class='ocrx_word' id='word_1_128' title='bbox 1767 1542 1821 1596; x_wconf 91' lang='lat' dir='ltr'><strong>in</strong></span> <span class='ocrx_word' id='word_1_129' title='bbox 1843 1531 2062 1597; x_wconf 70' lang='lat' dir='ltr'><strong>mternie</strong></span> 
     </span>
    </p>
   </div>
   <div class='ocr_carea' id='block_1_16' title="bbox 2153 454 3733 526">
    <p class='ocr_par' dir='ltr' id='par_1_16' title="bbox 2153 454 3733 526">
     <span class='ocr_line' id='line_1_16' title="bbox 2153 454 3733 526; baseline 0.002 -19"><span class='ocrx_word' id='word_1_130' title='bbox 2153 455 2273 524; x_wconf 79' lang='lat' dir='ltr'><strong>quit</strong></span> <span class='ocrx_word' id='word_1_131' title='bbox 2297 455 2603 526; x_wconf 82' lang='lat' dir='ltr'><strong>cpiscopus,</strong></span> <span class='ocrx_word' id='word_1_132' title='bbox 2631 471 2794 526; x_wconf 87' lang='lat' dir='ltr'><strong>quam</strong></span> <span class='ocrx_word' id='word_1_133' title='bbox 2820 456 2918 522; x_wconf 85' lang='lat' dir='ltr'><strong>illi,</strong></span> <span class='ocrx_word' id='word_1_134' title='bbox 2954 457 3045 526; x_wconf 88' lang='lat' dir='ltr'><strong>qui</strong></span> <span class='ocrx_word' id='word_1_135' title='bbox 3077 456 3318 526; x_wconf 78' lang='lat' dir='ltr'><strong>magistri</strong></span> <span class='ocrx_word' id='word_1_136' title='bbox 3355 454 3529 510; x_wconf 78' lang='lat' dir='ltr'><strong>cilicio</strong></span> <span class='ocrx_word' id='word_1_137' title='bbox 3556 454 3733 526; x_wconf 70' lang='lat' dir='ltr'><strong>fringi-</strong></span> 
     </span>
    </p>
   </div>
   <div class='ocr_carea' id='block_1_17' title="bbox 2156 544 3732 618">
    <p class='ocr_par' dir='ltr' id='par_1_17' title="bbox 2156 544 3732 618">
     <span class='ocr_line' id='line_1_17' title="bbox 2156 544 3732 618; baseline 0.001 -19"><span class='ocrx_word' id='word_1_138' title='bbox 2156 544 2282 601; x_wconf 67' lang='grc' dir='ltr'><strong>ιυτῖ</strong></span> <span class='ocrx_word' id='word_1_139' title='bbox 2320 545 2387 600; x_wconf 88' lang='lat' dir='ltr'><strong>Et</strong></span> <span class='ocrx_word' id='word_1_140' title='bbox 2431 545 2552 603; x_wconf 81' lang='lat' dir='ltr'><strong>ideo</strong></span> <span class='ocrx_word' id='word_1_141' title='bbox 2582 546 2727 602; x_wconf 88' lang='lat' dir='ltr'><strong>inter</strong></span> <span class='ocrx_word' id='word_1_142' title='bbox 2768 546 2968 602; x_wconf 81' lang='lat' dir='ltr'><strong>fratres</strong></span> <span class='ocrx_word' id='word_1_143' title='bbox 3007 546 3244 616; x_wconf 84' lang='lat' dir='ltr'><strong>reliquos</strong></span> <span class='ocrx_word' id='word_1_144' title='bbox 3284 545 3630 618; x_wconf 61' lang='lat' dir='ltr'><strong>praeminet,</strong></span> <span class='ocrx_word' id='word_1_145' title='bbox 3671 552 3732 600; x_wconf 92' lang='lat' dir='ltr'><strong>ut</strong></span> 
     </span>
    </p>
   </div>
   <div class='ocr_carea' id='block_1_18' title="bbox 2155 634 3732 706">
    <p class='ocr_par' dir='ltr' id='par_1_18' title="bbox 2155 634 3732 706">
     <span class='ocr_line' id='line_1_18' title="bbox 2155 634 3732 706; baseline 0.002 -17"><span class='ocrx_word' id='word_1_146' title='bbox 2155 636 2303 706; x_wconf 84' lang='lat' dir='ltr'><strong>quod</strong></span> <span class='ocrx_word' id='word_1_147' title='bbox 2336 634 2459 692; x_wconf 85' lang='lat' dir='ltr'><strong>aliis</strong></span> <span class='ocrx_word' id='word_1_148' title='bbox 2503 651 2611 692; x_wconf 87' lang='lat' dir='ltr'><strong>non</strong></span> <span class='ocrx_word' id='word_1_149' title='bbox 2657 636 2805 703; x_wconf 90' lang='lat' dir='ltr'><strong>licet,</strong></span> <span class='ocrx_word' id='word_1_150' title='bbox 2842 637 2959 706; x_wconf 86' lang='lat' dir='ltr'><strong>ipse</strong></span> <span class='ocrx_word' id='word_1_151' title='bbox 2993 636 3140 693; x_wconf 82' lang='lat' dir='ltr'><strong>solus</strong></span> <span class='ocrx_word' id='word_1_152' title='bbox 3182 650 3280 706; x_wconf 81' lang='lat' dir='ltr'><strong>per</strong></span> <span class='ocrx_word' id='word_1_153' title='bbox 3314 636 3544 705; x_wconf 62' lang='lat' dir='ltr'><strong>propriae</strong></span> <span class='ocrx_word' id='word_1_154' title='bbox 3583 635 3732 692; x_wconf 83' lang='lat' dir='ltr'><strong>sedis</strong></span> 
     </span>
    </p>
   </div>
   <div class='ocr_carea' id='block_1_19' title="bbox 2155 725 3737 800">
    <p class='ocr_par' dir='ltr' id='par_1_19' title="bbox 2155 725 3737 800">
     <span class='ocr_line' id='line_1_19' title="bbox 2155 725 3737 800; baseline 0.003 -21"><span class='ocrx_word' id='word_1_155' title='bbox 2155 725 2493 797; x_wconf 65' lang='lat' dir='ltr'><strong>privilegium:</strong></span> <span class='ocrx_word' id='word_1_156' title='bbox 2540 740 2720 783; x_wconf 87' lang='lat' dir='ltr'><strong>errata</strong></span> <span class='ocrx_word' id='word_1_157' title='bbox 2767 728 3008 800; x_wconf 80' lang='lat' dir='ltr'><strong>corrigat</strong></span> <span class='ocrx_word' id='word_1_158' title='bbox 3050 730 3413 785; x_wconf 79' lang='lat' dir='ltr'><strong>sacerdotum.</strong></span> <span class='ocrx_word' id='word_1_159' title='bbox 3464 727 3597 796; x_wconf 75' lang='lat' dir='ltr'><strong>Quis</strong></span> <span class='ocrx_word' id='word_1_160' title='bbox 3650 737 3737 783; x_wconf 87' lang='lat' dir='ltr'><strong>est</strong></span> 
     </span>
    </p>
   </div>
   <div class='ocr_carea' id='block_1_20' title="bbox 2157 818 3737 898">
    <p class='ocr_par' dir='ltr' id='par_1_20' title="bbox 2157 818 3737 898">
     <span class='ocr_line' id='line_1_20' title="bbox 2157 818 3737 898; baseline 0.001 -26"><span class='ocrx_word' id='word_1_161' title='bbox 2157 818 2300 876; x_wconf 89' lang='lat' dir='ltr'><strong>enim</strong></span> <span class='ocrx_word' id='word_1_162' title='bbox 2343 819 2433 874; x_wconf 87' lang='lat' dir='ltr'><strong>hic</strong></span> <span class='ocrx_word' id='word_1_163' title='bbox 2466 819 2789 891; x_wconf 68' lang='lat' dir='ltr'><strong>arrogantiae</strong></span> <span class='ocrx_word' id='word_1_164' title='bbox 2830 822 3037 877; x_wconf 72' lang='lat' dir='ltr'><strong>tumori</strong></span> <span class='ocrx_word' id='word_1_165' title='bbox 3074 822 3195 890; x_wconf 87' lang='lat' dir='ltr'><strong>quis</strong></span> <span class='ocrx_word' id='word_1_166' title='bbox 3236 820 3486 875; x_wconf 81' lang='lat' dir='ltr'><strong>elationis</strong></span> <span class='ocrx_word' id='word_1_167' title='bbox 3526 818 3737 898; x_wconf 67' lang='lat' dir='ltr'><strong>fastus?</strong></span> 
     </span>
    </p>
   </div>
   <div class='ocr_carea' id='block_1_21' title="bbox 2157 909 3739 981">
    <p class='ocr_par' dir='ltr' id='par_1_21' title="bbox 2157 909 3739 981">
     <span class='ocr_line' id='line_1_21' title="bbox 2157 909 3739 981; baseline 0 -18"><span class='ocrx_word' id='word_1_168' title='bbox 2157 924 2278 979; x_wconf 74' lang='lat' dir='ltr'><strong>quae</strong></span> <span class='ocrx_word' id='word_1_169' title='bbox 2298 909 2531 979; x_wconf 91' lang='lat' dir='ltr'><strong>denique</strong></span> <span class='ocrx_word' id='word_1_170' title='bbox 2554 920 2700 966; x_wconf 89' lang='lat' dir='ltr'><strong>tanta</strong></span> <span class='ocrx_word' id='word_1_171' title='bbox 2733 912 3004 981; x_wconf 89' lang='lat' dir='ltr'><strong>superbia,</strong></span> <span class='ocrx_word' id='word_1_172' title='bbox 3031 922 3091 966; x_wconf 90' lang='lat' dir='ltr'><strong>ut</strong></span> <span class='ocrx_word' id='word_1_173' title='bbox 3122 911 3281 966; x_wconf 88' lang='lat' dir='ltr'><strong>liceat</strong></span> <span class='ocrx_word' id='word_1_174' title='bbox 3303 912 3614 981; x_wconf 89' lang='lat' dir='ltr'><strong>episcopum</strong></span> <span class='ocrx_word' id='word_1_175' title='bbox 3640 924 3739 980; x_wconf 88' lang='lat' dir='ltr'><strong>per</strong></span> 
     </span>
    </p>
   </div>
   <div class='ocr_carea' id='block_1_22' title="bbox 2160 988 3736 1073">
    <p class='ocr_par' dir='ltr' id='par_1_22' title="bbox 2160 988 3736 1073">
     <span class='ocr_line' id='line_1_22' title="bbox 2160 988 3736 1073; baseline -0.001 -16"><span class='ocrx_word' id='word_1_176' title='bbox 2160 1000 2243 1057; x_wconf 81' lang='lat' dir='ltr'><strong>fas</strong></span> <span class='ocrx_word' id='word_1_177' title='bbox 2279 1009 2338 1057; x_wconf 90' lang='lat' dir='ltr'><strong>et</strong></span> <span class='ocrx_word' id='word_1_178' title='bbox 2363 1002 2514 1056; x_wconf 74' lang='lat' dir='ltr'><strong>nefas</strong></span> <span class='ocrx_word' id='word_1_179' title='bbox 2539 1001 2607 1056; x_wconf 84' lang='lat' dir='ltr'><strong>ad</strong></span> <span class='ocrx_word' id='word_1_180' title='bbox 2643 988 2874 1073; x_wconf 62' lang='lat' dir='ltr'><strong>piopriae</strong></span> <span class='ocrx_word' id='word_1_181' title='bbox 2896 1002 3190 1058; x_wconf 82' lang='lat' dir='ltr'><strong>voluntatis</strong></span> <span class='ocrx_word' id='word_1_182' title='bbox 3213 1001 3497 1057; x_wconf 81' lang='lat' dir='ltr'><strong>arbitrium</strong></span> <span class='ocrx_word' id='word_1_183' title='bbox 3522 1001 3736 1066; x_wconf 85' lang='lat' dir='ltr'><strong>vivere;</strong></span> 
     </span>
    </p>
   </div>
   <div class='ocr_carea' id='block_1_23' title="bbox 2159 1088 3739 1161">
    <p class='ocr_par' dir='ltr' id='par_1_23' title="bbox 2159 1088 3739 1161">
     <span class='ocr_line' id='line_1_23' title="bbox 2159 1088 3739 1161; baseline -0.001 -16"><span class='ocrx_word' id='word_1_184' title='bbox 2159 1099 2216 1145; x_wconf 88' lang='lat' dir='ltr'><strong>et</strong></span> <span class='ocrx_word' id='word_1_185' title='bbox 2242 1090 2387 1161; x_wconf 88' lang='lat' dir='ltr'><strong>quod</strong></span> <span class='ocrx_word' id='word_1_186' title='bbox 2413 1089 2709 1147; x_wconf 88' lang='lat' dir='ltr'><strong>insolenter</strong></span> <span class='ocrx_word' id='word_1_187' title='bbox 2743 1104 3028 1148; x_wconf 80' lang='lat' dir='ltr'><strong>excessum</strong></span> <span class='ocrx_word' id='word_1_188' title='bbox 3052 1099 3137 1146; x_wconf 88' lang='lat' dir='ltr'><strong>est</strong></span> <span class='ocrx_word' id='word_1_189' title='bbox 3164 1106 3194 1145; x_wconf 89' lang='lat' dir='ltr'><strong>a</strong></span> <span class='ocrx_word' id='word_1_190' title='bbox 3221 1088 3478 1160; x_wconf 76' lang='lat' dir='ltr'><strong>subjectis</strong></span> <span class='ocrx_word' id='word_1_191' title='bbox 3503 1090 3617 1145; x_wconf 85' lang='lat' dir='ltr'><strong>suis</strong></span> <span class='ocrx_word' id='word_1_192' title='bbox 3645 1088 3739 1144; x_wconf 81' lang='lat' dir='ltr'><strong>de-</strong></span> 
     </span>
    </p>
   </div>
   <div class='ocr_carea' id='block_1_24' title="bbox 2161 1179 3741 1255">
    <p class='ocr_par' dir='ltr' id='par_1_24' title="bbox 2161 1179 3741 1255">
     <span class='ocr_line' id='line_1_24' title="bbox 2161 1179 3741 1255; baseline -0.001 -20"><span class='ocrx_word' id='word_1_193' title='bbox 2161 1179 2410 1253; x_wconf 83' lang='lat' dir='ltr'><strong>dignetur</strong></span> <span class='ocrx_word' id='word_1_194' title='bbox 2448 1180 2669 1236; x_wconf 84' lang='lat' dir='ltr'><strong>audire?</strong></span> <span class='ocrx_word' id='word_1_195' title='bbox 2712 1180 3022 1237; x_wconf 65' lang='lat' dir='ltr'><strong>Prmeertim</strong></span> <span class='ocrx_word' id='word_1_196' title='bbox 3065 1196 3187 1236; x_wconf 91' lang='lat' dir='ltr'><strong>cum</strong></span> <span class='ocrx_word' id='word_1_197' title='bbox 3234 1181 3309 1236; x_wconf 90' lang='lat' dir='ltr'><strong>illi</strong></span> <span class='ocrx_word' id='word_1_198' title='bbox 3360 1192 3468 1236; x_wconf 88' lang='lat' dir='ltr'><strong>non</strong></span> <span class='ocrx_word' id='word_1_199' title='bbox 3505 1179 3741 1255; x_wconf 72' lang='lat' dir='ltr'><strong>adierint</strong></span> 
     </span>
    </p>
   </div>
   <div class='ocr_carea' id='block_1_25' title="bbox 2161 1269 3742 1342">
    <p class='ocr_par' dir='ltr' id='par_1_25' title="bbox 2161 1269 3742 1342">
     <span class='ocr_line' id='line_1_25' title="bbox 2161 1269 3742 1342; baseline 0 -16"><span class='ocrx_word' id='word_1_200' title='bbox 2161 1269 2447 1326; x_wconf 76' lang='lat' dir='ltr'><strong>tribunalia</strong></span> <span class='ocrx_word' id='word_1_201' title='bbox 2474 1270 2787 1339; x_wconf 68' lang='lat' dir='ltr'><strong>praesidum.</strong></span> <span class='ocrx_word' id='word_1_202' title='bbox 2809 1284 2916 1327; x_wconf 89' lang='lat' dir='ltr'><strong>non</strong></span> <span class='ocrx_word' id='word_1_203' title='bbox 2943 1270 3242 1327; x_wconf 81' lang='lat' dir='ltr'><strong>forensium</strong></span> <span class='ocrx_word' id='word_1_204' title='bbox 3264 1270 3594 1342; x_wconf 79' lang='lat' dir='ltr'><strong>pulsaverint</strong></span> <span class='ocrx_word' id='word_1_205' title='bbox 3614 1284 3742 1327; x_wconf 83' lang='lat' dir='ltr'><strong>exa-</strong></span> 
     </span>
    </p>
   </div>
   <div class='ocr_carea' id='block_1_26' title="bbox 2162 1360 3741 1434">
    <p class='ocr_par' dir='ltr' id='par_1_26' title="bbox 2162 1360 3741 1434">
     <span class='ocr_line' id='line_1_26' title="bbox 2162 1360 3741 1434; baseline 0.001 -18"><span class='ocrx_word' id='word_1_206' title='bbox 2162 1361 2306 1416; x_wconf 85' lang='lat' dir='ltr'><strong>mina</strong></span> <span class='ocrx_word' id='word_1_207' title='bbox 2337 1360 2713 1431; x_wconf 76' lang='lat' dir='ltr'><strong>cognitorum:</strong></span> <span class='ocrx_word' id='word_1_208' title='bbox 2754 1362 2854 1418; x_wconf 87' lang='lat' dir='ltr'><strong>sed</strong></span> <span class='ocrx_word' id='word_1_209' title='bbox 2887 1363 3174 1419; x_wconf 83' lang='lat' dir='ltr'><strong>ecclesiam</strong></span> <span class='ocrx_word' id='word_1_210' title='bbox 3216 1364 3398 1434; x_wconf 85' lang='lat' dir='ltr'><strong>potius</strong></span> <span class='ocrx_word' id='word_1_211' title='bbox 3437 1363 3650 1429; x_wconf 81' lang='lat' dir='ltr'><strong>adeant,</strong></span> <span class='ocrx_word' id='word_1_212' title='bbox 3683 1372 3741 1417; x_wconf 89' lang='lat' dir='ltr'><strong>et</strong></span> 
     </span>
    </p>
   </div>
   <div class='ocr_carea' id='block_1_27' title="bbox 2162 1450 3743 1522">
    <p class='ocr_par' dir='ltr' id='par_1_27' title="bbox 2162 1450 3743 1522">
     <span class='ocr_line' id='line_1_27' title="bbox 2162 1450 3743 1522; baseline 0.001 -17"><span class='ocrx_word' id='word_1_213' title='bbox 2162 1450 2535 1505; x_wconf 81' lang='lat' dir='ltr'><strong>sacerdotibus</strong></span> <span class='ocrx_word' id='word_1_214' title='bbox 2547 1451 2863 1522; x_wconf 85' lang='lat' dir='ltr'><strong>judicabilia</strong></span> <span class='ocrx_word' id='word_1_215' title='bbox 2893 1454 2975 1508; x_wconf 92' lang='lat' dir='ltr'><strong>sui</strong></span> <span class='ocrx_word' id='word_1_216' title='bbox 3003 1453 3302 1508; x_wconf 83' lang='lat' dir='ltr'><strong>sacerdotis</strong></span> <span class='ocrx_word' id='word_1_217' title='bbox 3330 1462 3640 1522; x_wconf 80' lang='lat' dir='ltr'><strong>exponant:</strong></span> <span class='ocrx_word' id='word_1_218' title='bbox 3680 1462 3743 1508; x_wconf 86' lang='lat' dir='ltr'><strong>nt</strong></span> 
     </span>
    </p>
   </div>
   <div class='ocr_carea' id='block_1_28' title="bbox 2162 1540 3742 1614">
    <p class='ocr_par' dir='ltr' id='par_1_28' title="bbox 2162 1540 3742 1614">
     <span class='ocr_line' id='line_1_28' title="bbox 2162 1540 3742 1614; baseline 0.003 -21"><span class='ocrx_word' id='word_1_219' title='bbox 2162 1540 2307 1609; x_wconf 88' lang='lat' dir='ltr'><strong>quod</strong></span> <span class='ocrx_word' id='word_1_220' title='bbox 2336 1540 2684 1597; x_wconf 77' lang='lat' dir='ltr'><strong>saecularibus</strong></span> <span class='ocrx_word' id='word_1_221' title='bbox 2709 1542 2898 1597; x_wconf 89' lang='lat' dir='ltr'><strong>venire</strong></span> <span class='ocrx_word' id='word_1_222' title='bbox 2922 1552 3135 1613; x_wconf 81' lang='lat' dir='ltr'><strong>poterat</strong></span> <span class='ocrx_word' id='word_1_223' title='bbox 3173 1543 3228 1597; x_wconf 90' lang='lat' dir='ltr'><strong>in</strong></span> <span class='ocrx_word' id='word_1_224' title='bbox 3260 1542 3521 1607; x_wconf 88' lang='lat' dir='ltr'><strong>derisum,</strong></span> <span class='ocrx_word' id='word_1_225' title='bbox 3562 1543 3742 1614; x_wconf 86' lang='lat' dir='ltr'><strong>gravi-</strong></span> 
     </span>
    </p>
   </div>
   <div class='ocr_carea' id='block_1_29' title="bbox 487 1631 3738 1704">
    <p class='ocr_par' dir='ltr' id='par_1_29' title="bbox 487 1631 3738 1704">
     <span class='ocr_line' id='line_1_29' title="bbox 487 1631 3738 1704; baseline -0.003 -7"><span class='ocrx_word' id='word_1_226' title='bbox 487 1640 682 1697; x_wconf 88' lang='lat' dir='ltr'><strong>mortis</strong></span> <span class='ocrx_word' id='word_1_227' title='bbox 699 1637 1016 1692; x_wconf 84' lang='lat' dir='ltr'><strong>barathrum</strong></span> <span class='ocrx_word' id='word_1_228' title='bbox 1039 1643 1277 1700; x_wconf 78' lang='lat' dir='ltr'><strong>corruat,</strong></span> <span class='ocrx_word' id='word_1_229' title='bbox 1295 1649 1456 1703; x_wconf 90' lang='lat' dir='ltr'><strong>quam</strong></span> <span class='ocrx_word' id='word_1_230' title='bbox 1490 1647 1550 1688; x_wconf 91' lang='lat' dir='ltr'><strong>se</strong></span> <span class='ocrx_word' id='word_1_231' title='bbox 1576 1633 1661 1687; x_wconf 88' lang='lat' dir='ltr'><strong>vel</strong></span> <span class='ocrx_word' id='word_1_232' title='bbox 1688 1632 2060 1702; x_wconf 79' lang='lat' dir='ltr'><strong>leviterimpe-</strong></span> <span class='ocrx_word' id='word_1_233' title='bbox 2098 1699 2128 1704; x_wconf 34' lang='grc' dir='ltr'><strong>Α</strong></span> <span class='ocrx_word' id='word_1_234' title='bbox 2171 1640 2252 1685; x_wconf 67' lang='lat' dir='ltr'><strong>ter</strong></span> <span class='ocrx_word' id='word_1_235' title='bbox 2293 1639 2351 1685; x_wconf 87' lang='lat' dir='ltr'><strong>et</strong></span> <span class='ocrx_word' id='word_1_236' title='bbox 2384 1631 2608 1687; x_wconf 87' lang='lat' dir='ltr'><strong>honeste</strong></span> <span class='ocrx_word' id='word_1_237' title='bbox 2632 1647 2729 1701; x_wconf 87' lang='lat' dir='ltr'><strong>per</strong></span> <span class='ocrx_word' id='word_1_238' title='bbox 2764 1632 3102 1687; x_wconf 82' lang='lat' dir='ltr'><strong>sacerdotale</strong></span> <span class='ocrx_word' id='word_1_239' title='bbox 3144 1633 3447 1704; x_wconf 78' lang='lat' dir='ltr'><strong>corrigatur</strong></span> <span class='ocrx_word' id='word_1_240' title='bbox 3482 1633 3738 1687; x_wconf 81' lang='lat' dir='ltr'><strong>cilicium.</strong></span> 
     </span>
    </p>
   </div>
   <div class='ocr_carea' id='block_1_30' title="bbox 487 1699 3738 1803">
    <p class='ocr_par' dir='ltr' id='par_1_30' title="bbox 487 1699 3738 1803">
     <span class='ocr_line' id='line_1_30' title="bbox 487 1699 3738 1803; baseline -0.002 -18"><span class='ocrx_word' id='word_1_241' title='bbox 487 1730 634 1803; x_wconf 81' lang='lat' dir='ltr'><strong>gisse</strong></span> <span class='ocrx_word' id='word_1_242' title='bbox 659 1729 762 1803; x_wconf 84' lang='lat'><strong>13</strong></span> <span class='ocrx_word' id='word_1_243' title='bbox 789 1734 1117 1796; x_wconf 78' lang='lat' dir='ltr'><strong>cognoscat:</strong></span> <span class='ocrx_word' id='word_1_244' title='bbox 1144 1734 1199 1779; x_wconf 90' lang='lat' dir='ltr'><strong>et</strong></span> <span class='ocrx_word' id='word_1_245' title='bbox 1220 1699 1508 1782; x_wconf 65' lang='lat' dir='ltr'><strong>substratus</strong></span> <span class='ocrx_word' id='word_1_246' title='bbox 1532 1723 1926 1794; x_wconf 84' lang='lat' dir='ltr'><strong>quodammodo</strong></span> <span class='ocrx_word' id='word_1_247' title='bbox 1952 1699 2066 1779; x_wconf 65' lang='lat' dir='ltr'><strong>ten-</strong></span> <span class='ocrx_word' id='word_1_248' title='bbox 2097 1699 2139 1760; x_wconf 76' lang='grc' dir='ltr'><strong>Β</strong></span> <span class='ocrx_word' id='word_1_249' title='bbox 2168 1717 2271 1777; x_wconf 88' lang='lat' dir='ltr'><strong>Ubi</strong></span> <span class='ocrx_word' id='word_1_250' title='bbox 2297 1721 2535 1792; x_wconf 80' lang='lat' dir='ltr'><strong>profecto</strong></span> <span class='ocrx_word' id='word_1_251' title='bbox 2558 1699 2776 1791; x_wconf 76' lang='lat' dir='ltr'><strong>dignum</strong></span> <span class='ocrx_word' id='word_1_252' title='bbox 2800 1731 2903 1796; x_wconf 81' lang='lat' dir='ltr'><strong>est,</strong></span> <span class='ocrx_word' id='word_1_253' title='bbox 2925 1731 2986 1778; x_wconf 92' lang='lat' dir='ltr'><strong>ut</strong></span> <span class='ocrx_word' id='word_1_254' title='bbox 3025 1722 3068 1778; x_wconf 92' lang='lat' dir='ltr'><strong>is</strong></span> <span class='ocrx_word' id='word_1_255' title='bbox 3107 1724 3196 1792; x_wconf 86' lang='lat' dir='ltr'><strong>qui</strong></span> <span class='ocrx_word' id='word_1_256' title='bbox 3239 1699 3534 1793; x_wconf 69' lang='lat' dir='ltr'><strong>impetitur,</strong></span> <span class='ocrx_word' id='word_1_257' title='bbox 3557 1722 3643 1777; x_wconf 90' lang='lat' dir='ltr'><strong>vel</strong></span> <span class='ocrx_word' id='word_1_258' title='bbox 3668 1737 3738 1778; x_wconf 87' lang='lat' dir='ltr'><strong>ex</strong></span> 
     </span>
    </p>
   </div>
   <div class='ocr_carea' id='block_1_31' title="bbox 487 1813 2065 1887">
    <p class='ocr_par' dir='ltr' id='par_1_31' title="bbox 487 1813 2065 1887">
     <span class='ocr_line' id='line_1_31' title="bbox 487 1813 2065 1887; baseline -0.005 -11"><span class='ocrx_word' id='word_1_259' title='bbox 487 1818 678 1877; x_wconf 77' lang='lat' dir='ltr'><strong>dicatae</strong></span> <span class='ocrx_word' id='word_1_260' title='bbox 697 1818 810 1887; x_wconf 87' lang='lat' dir='ltr'><strong>jam</strong></span> <span class='ocrx_word' id='word_1_261' title='bbox 846 1830 942 1885; x_wconf 91' lang='lat' dir='ltr'><strong>pes</strong></span> <span class='ocrx_word' id='word_1_262' title='bbox 968 1813 1085 1884; x_wconf 84' lang='lat' dir='ltr'><strong>ejus</strong></span> <span class='ocrx_word' id='word_1_263' title='bbox 1113 1814 1428 1878; x_wconf 86' lang='lat' dir='ltr'><strong>innectitur,</strong></span> <span class='ocrx_word' id='word_1_264' title='bbox 1452 1813 1577 1869; x_wconf 85' lang='lat' dir='ltr'><strong>dum</strong></span> <span class='ocrx_word' id='word_1_265' title='bbox 1603 1828 1662 1868; x_wconf 91' lang='lat' dir='ltr'><strong>se</strong></span> <span class='ocrx_word' id='word_1_266' title='bbox 1681 1813 1867 1868; x_wconf 90' lang='lat' dir='ltr'><strong>liberis</strong></span> <span class='ocrx_word' id='word_1_267' title='bbox 1888 1813 2065 1868; x_wconf 73' lang='lat' dir='ltr'><strong>adhuc</strong></span> 
     </span>
    </p>
   </div>
   <div class='ocr_carea' id='block_1_32' title="bbox 486 1905 2062 1978">
    <p class='ocr_par' dir='ltr' id='par_1_32' title="bbox 486 1905 2062 1978">
     <span class='ocr_line' id='line_1_32' title="bbox 486 1905 2062 1978; baseline -0.004 -13"><span class='ocrx_word' id='word_1_268' title='bbox 486 1908 739 1970; x_wconf 81' lang='lat' dir='ltr'><strong>incedere</strong></span> <span class='ocrx_word' id='word_1_269' title='bbox 762 1906 1039 1978; x_wconf 72' lang='lat' dir='ltr'><strong>gressibus</strong></span> <span class='ocrx_word' id='word_1_270' title='bbox 1068 1906 1384 1962; x_wconf 80' lang='lat' dir='ltr'><strong>arbitratur.</strong></span> <span class='ocrx_word' id='word_1_271' title='bbox 1416 1905 1687 1974; x_wconf 88' lang='lat' dir='ltr'><strong>Delinquit</strong></span> <span class='ocrx_word' id='word_1_272' title='bbox 1711 1905 1895 1974; x_wconf 84' lang='lat' dir='ltr'><strong>itaque</strong></span> <span class='ocrx_word' id='word_1_273' title='bbox 1917 1905 2062 1973; x_wconf 86' lang='lat' dir='ltr'><strong>quis-</strong></span> 
     </span>
    </p>
   </div>
   <div class='ocr_carea' id='block_1_33' title="bbox 487 1996 2063 2071">
    <p class='ocr_par' dir='ltr' id='par_1_33' title="bbox 487 1996 2063 2071">
     <span class='ocr_line' id='line_1_33' title="bbox 487 1996 2063 2071; baseline -0.002 -17"><span class='ocrx_word' id='word_1_274' title='bbox 487 2001 613 2071; x_wconf 89' lang='lat' dir='ltr'><strong>quis</strong></span> <span class='ocrx_word' id='word_1_275' title='bbox 650 1998 738 2056; x_wconf 85' lang='lat' dir='ltr'><strong>illo</strong></span> <span class='ocrx_word' id='word_1_276' title='bbox 760 2007 862 2065; x_wconf 88' lang='lat' dir='ltr'><strong>est,</strong></span> <span class='ocrx_word' id='word_1_277' title='bbox 895 2000 951 2054; x_wconf 90' lang='lat' dir='ltr'><strong>in</strong></span> <span class='ocrx_word' id='word_1_278' title='bbox 985 1997 1114 2055; x_wconf 91' lang='lat' dir='ltr'><strong>illud</strong></span> <span class='ocrx_word' id='word_1_279' title='bbox 1156 1998 1466 2067; x_wconf 66' lang='lat' dir='ltr'><strong>apostolicae</strong></span> <span class='ocrx_word' id='word_1_280' title='bbox 1507 1997 1908 2053; x_wconf 81' lang='lat' dir='ltr'><strong>constitutionis</strong></span> <span class='ocrx_word' id='word_1_281' title='bbox 1944 1996 2063 2051; x_wconf 84' lang='lat' dir='ltr'><strong>edi-</strong></span> 
     </span>
    </p>
   </div>
   <div class='ocr_carea' id='block_1_34' title="bbox 486 2085 2064 2161">
    <p class='ocr_par' dir='ltr' id='par_1_34' title="bbox 486 2085 2064 2161">
     <span class='ocr_line' id='line_1_34' title="bbox 486 2085 2064 2161; baseline -0.002 -15"><span class='ocrx_word' id='word_1_282' title='bbox 486 2102 655 2156; x_wconf 88' lang='lat' dir='ltr'><strong>ctum,</strong></span> <span class='ocrx_word' id='word_1_283' title='bbox 682 2098 738 2145; x_wconf 86' lang='lat' dir='ltr'><strong>et</strong></span> <span class='ocrx_word' id='word_1_284' title='bbox 761 2089 1050 2161; x_wconf 83' lang='lat' dir='ltr'><strong>aliquando</strong></span> <span class='ocrx_word' id='word_1_285' title='bbox 1074 2088 1179 2144; x_wconf 78' lang='lat' dir='ltr'><strong>levi</strong></span> <span class='ocrx_word' id='word_1_286' title='bbox 1227 2089 1461 2158; x_wconf 84' lang='lat' dir='ltr'><strong>quadam</strong></span> <span class='ocrx_word' id='word_1_287' title='bbox 1491 2103 1554 2143; x_wconf 86' lang='lat' dir='ltr'><strong>ac</strong></span> <span class='ocrx_word' id='word_1_288' title='bbox 1582 2088 1873 2157; x_wconf 80' lang='lat' dir='ltr'><strong>perexigua</strong></span> <span class='ocrx_word' id='word_1_289' title='bbox 1893 2085 2064 2143; x_wconf 77' lang='lat' dir='ltr'><strong>oll‘en-</strong></span> 
     </span>
    </p>
   </div>
   <div class='ocr_carea' id='block_1_35' title="bbox 486 2177 2066 2261">
    <p class='ocr_par' dir='ltr' id='par_1_35' title="bbox 486 2177 2066 2261">
     <span class='ocr_line' id='line_1_35' title="bbox 486 2177 2066 2261; baseline -0.001 -26"><span class='ocrx_word' id='word_1_290' title='bbox 486 2182 639 2243; x_wconf 76' lang='lat' dir='ltr'><strong>sione</strong></span> <span class='ocrx_word' id='word_1_291' title='bbox 666 2178 1099 2251; x_wconf 74' lang='lat' dir='ltr'><strong>transgreditur:</strong></span> <span class='ocrx_word' id='word_1_292' title='bbox 1138 2186 1193 2233; x_wconf 83' lang='lat' dir='ltr'><strong>et</strong></span> <span class='ocrx_word' id='word_1_293' title='bbox 1227 2177 1486 2261; x_wconf 80' lang='lat' dir='ltr'><strong>continuo</strong></span> <span class='ocrx_word' id='word_1_294' title='bbox 1503 2178 1652 2232; x_wconf 87' lang='lat' dir='ltr'><strong>velut</strong></span> <span class='ocrx_word' id='word_1_295' title='bbox 1676 2178 1980 2244; x_wconf 63' lang='lat' dir='ltr'><strong>hereticus,</strong></span> <span class='ocrx_word' id='word_1_296' title='bbox 2009 2186 2066 2233; x_wconf 91' lang='lat' dir='ltr'><strong>et</strong></span> 
     </span>
    </p>
   </div>
   <div class='ocr_carea' id='block_1_36' title="bbox 370 2267 2063 2345">
    <p class='ocr_par' dir='ltr' id='par_1_36' title="bbox 370 2267 2063 2345">
     <span class='ocr_line' id='line_1_36' title="bbox 370 2267 2063 2345; baseline -0.002 -19"><span class='ocrx_word' id='word_1_297' title='bbox 370 2332 391 2345; x_wconf 31' lang='grc' dir='ltr'>δ</span> <span class='ocrx_word' id='word_1_298' title='bbox 488 2280 745 2341; x_wconf 87' lang='lat' dir='ltr'><strong>tauquam</strong></span> <span class='ocrx_word' id='word_1_299' title='bbox 774 2270 982 2326; x_wconf 90' lang='lat' dir='ltr'><strong>cunctis</strong></span> <span class='ocrx_word' id='word_1_300' title='bbox 1010 2267 1325 2325; x_wconf 79' lang='lat' dir='ltr'><strong>criminibus</strong></span> <span class='ocrx_word' id='word_1_301' title='bbox 1348 2276 1591 2323; x_wconf 88' lang='lat' dir='ltr'><strong>teneatur</strong></span> <span class='ocrx_word' id='word_1_302' title='bbox 1615 2268 1901 2333; x_wconf 74' lang='lat' dir='ltr'><strong>obnoxius;</strong></span> <span class='ocrx_word' id='word_1_303' title='bbox 1926 2281 2063 2324; x_wconf 85' lang='lat' dir='ltr'><strong>ana-</strong></span> 
     </span>
    </p>
   </div>
   <div class='ocr_carea' id='block_1_37' title="bbox 489 2357 2060 2424">
    <p class='ocr_par' dir='ltr' id='par_1_37' title="bbox 489 2357 2060 2424">
     <span class='ocr_line' id='line_1_37' title="bbox 489 2357 2060 2424; baseline -0.001 -8"><span class='ocrx_word' id='word_1_304' title='bbox 489 2361 743 2423; x_wconf 84' lang='lat' dir='ltr'><strong>thematis</strong></span> <span class='ocrx_word' id='word_1_305' title='bbox 771 2359 1038 2416; x_wconf 84' lang='lat' dir='ltr'><strong>sententia</strong></span> <span class='ocrx_word' id='word_1_306' title='bbox 1087 2358 1496 2416; x_wconf 71' lang='lat' dir='ltr'><strong>Condenmatur.</strong></span> <span class='ocrx_word' id='word_1_307' title='bbox 1533 2357 1601 2421; x_wconf 80' lang='lat' dir='ltr'><strong>Et</strong></span> <span class='ocrx_word' id='word_1_308' title='bbox 1651 2373 1794 2424; x_wconf 91' lang='lat' dir='ltr'><strong>cum,</strong></span> <span class='ocrx_word' id='word_1_309' title='bbox 1824 2359 2060 2415; x_wconf 85' lang='lat' dir='ltr'><strong>dictante</strong></span> 
     </span>
    </p>
   </div>
   <div class='ocr_carea' id='block_1_38' title="bbox 483 2447 2063 2523">
    <p class='ocr_par' dir='ltr' id='par_1_38' title="bbox 483 2447 2063 2523">
     <span class='ocr_line' id='line_1_38' title="bbox 483 2447 2063 2523; baseline -0.004 -18"><span class='ocrx_word' id='word_1_310' title='bbox 483 2449 719 2523; x_wconf 78' lang='lat' dir='ltr'><strong>justitia,</strong></span> <span class='ocrx_word' id='word_1_311' title='bbox 745 2450 849 2509; x_wconf 82' lang='lat' dir='ltr'><strong>alia</strong></span> <span class='ocrx_word' id='word_1_312' title='bbox 878 2449 950 2505; x_wconf 87' lang='lat' dir='ltr'><strong>sit</strong></span> <span class='ocrx_word' id='word_1_313' title='bbox 974 2448 1179 2504; x_wconf 76' lang='lat' dir='ltr'><strong>ultione</strong></span> <span class='ocrx_word' id='word_1_314' title='bbox 1217 2447 1565 2518; x_wconf 80' lang='lat' dir='ltr'><strong>piectendus,</strong></span> <span class='ocrx_word' id='word_1_315' title='bbox 1597 2447 1688 2517; x_wconf 90' lang='lat' dir='ltr'><strong>qui</strong></span> <span class='ocrx_word' id='word_1_316' title='bbox 1731 2447 1849 2519; x_wconf 90' lang='lat' dir='ltr'><strong>plus</strong></span> <span class='ocrx_word' id='word_1_317' title='bbox 1888 2447 2063 2505; x_wconf 62' lang='lat' dir='ltr'><strong>deliri.</strong></span> 
     </span>
    </p>
   </div>
   <div class='ocr_carea' id='block_1_39' title="bbox 487 2529 2066 2612">
    <p class='ocr_par' dir='ltr' id='par_1_39' title="bbox 487 2529 2066 2612">
     <span class='ocr_line' id='line_1_39' title="bbox 487 2529 2066 2612; baseline 0.001 -17"><span class='ocrx_word' id='word_1_318' title='bbox 487 2529 627 2610; x_wconf 69' lang='lat' dir='ltr'><strong>quit,</strong></span> <span class='ocrx_word' id='word_1_319' title='bbox 653 2540 759 2594; x_wconf 78' lang='lat' dir='ltr'><strong>alia</strong></span> <span class='ocrx_word' id='word_1_320' title='bbox 783 2539 877 2609; x_wconf 89' lang='lat' dir='ltr'><strong>qui</strong></span> <span class='ocrx_word' id='word_1_321' title='bbox 904 2538 1082 2594; x_wconf 89' lang='lat' dir='ltr'><strong>minus</strong></span> <span class='ocrx_word' id='word_1_322' title='bbox 1108 2537 1350 2596; x_wconf 65' lang='lat' dir='ltr'><strong>excedit:</strong></span> <span class='ocrx_word' id='word_1_323' title='bbox 1377 2538 1467 2594; x_wconf 87' lang='lat' dir='ltr'><strong>hic</strong></span> <span class='ocrx_word' id='word_1_324' title='bbox 1489 2540 1744 2609; x_wconf 78' lang='lat' dir='ltr'><strong>graviter,</strong></span> <span class='ocrx_word' id='word_1_325' title='bbox 1766 2539 2066 2612; x_wconf 81' lang='lat' dir='ltr'><strong>leviterque</strong></span> 
     </span>
    </p>
   </div>
   <div class='ocr_carea' id='block_1_40' title="bbox 488 2626 2066 2714">
    <p class='ocr_par' dir='ltr' id='par_1_40' title="bbox 488 2626 2066 2714">
     <span class='ocr_line' id='line_1_40' title="bbox 488 2626 2066 2714; baseline 0.001 -29"><span class='ocrx_word' id='word_1_326' title='bbox 488 2628 835 2714; x_wconf 78' lang='lat' dir='ltr'><strong>peccantibus</strong></span> <span class='ocrx_word' id='word_1_327' title='bbox 860 2643 1012 2700; x_wconf 64' lang='lat' dir='ltr'><strong>requa</strong></span> <span class='ocrx_word' id='word_1_328' title='bbox 1041 2628 1267 2691; x_wconf 80' lang='lat' dir='ltr'><strong>eunetis,</strong></span> <span class='ocrx_word' id='word_1_329' title='bbox 1298 2635 1352 2685; x_wconf 91' lang='lat' dir='ltr'><strong>et</strong></span> <span class='ocrx_word' id='word_1_330' title='bbox 1378 2628 1689 2685; x_wconf 68' lang='lat' dir='ltr'><strong>indifferens</strong></span> <span class='ocrx_word' id='word_1_331' title='bbox 1711 2626 2066 2705; x_wconf 67' lang='lat' dir='ltr'><strong>ptena,solius</strong></span> 
     </span>
    </p>
   </div>
   <div class='ocr_carea' id='block_1_41' title="bbox 487 2716 2063 2790">
    <p class='ocr_par' dir='ltr' id='par_1_41' title="bbox 487 2716 2063 2790">
     <span class='ocr_line' id='line_1_41' title="bbox 487 2716 2063 2790; baseline 0.001 -16"><span class='ocrx_word' id='word_1_332' title='bbox 487 2719 693 2784; x_wconf 74' lang='lat' dir='ltr'><strong>scilicet</strong></span> <span class='ocrx_word' id='word_1_333' title='bbox 749 2716 1150 2785; x_wconf 86' lang='lat' dir='ltr'><strong>anathemalis,</strong></span> <span class='ocrx_word' id='word_1_334' title='bbox 1204 2718 1495 2790; x_wconf 80' lang='lat' dir='ltr'><strong>irrogatur.</strong></span> <span class='ocrx_word' id='word_1_335' title='bbox 1546 2716 1664 2775; x_wconf 82' lang='lat' dir='ltr'><strong>Non</strong></span> <span class='ocrx_word' id='word_1_336' title='bbox 1713 2716 2063 2781; x_wconf 84' lang='lat' dir='ltr'><strong>tribunalium</strong></span> 
     </span>
    </p>
   </div>
   <div class='ocr_carea' id='block_1_42' title="bbox 486 2797 2062 2881">
    <p class='ocr_par' dir='ltr' id='par_1_42' title="bbox 486 2797 2062 2881">
     <span class='ocr_line' id='line_1_42' title="bbox 486 2797 2062 2881; baseline -0.003 -14"><span class='ocrx_word' id='word_1_337' title='bbox 486 2824 678 2875; x_wconf 75' lang='lat' dir='ltr'><strong>more,</strong></span> <span class='ocrx_word' id='word_1_338' title='bbox 724 2809 808 2864; x_wconf 84' lang='lat' dir='ltr'><strong>vel</strong></span> <span class='ocrx_word' id='word_1_339' title='bbox 852 2797 1084 2869; x_wconf 83' lang='lat' dir='ltr'><strong>forensis</strong></span> <span class='ocrx_word' id='word_1_340' title='bbox 1112 2810 1400 2874; x_wconf 77' lang='lat' dir='ltr'><strong>examinis,</strong></span> <span class='ocrx_word' id='word_1_341' title='bbox 1440 2820 1531 2866; x_wconf 79' lang='lat' dir='ltr'><strong>aut</strong></span> <span class='ocrx_word' id='word_1_342' title='bbox 1556 2808 1780 2866; x_wconf 86' lang='lat' dir='ltr'><strong>libertas</strong></span> <span class='ocrx_word' id='word_1_343' title='bbox 1809 2811 2062 2881; x_wconf 57' lang='grc' dir='ltr'><strong>(παίδων,</strong></span> 
     </span>
    </p>
   </div>
   <div class='ocr_carea' id='block_1_43' title="bbox 489 2900 2064 2972">
    <p class='ocr_par' dir='ltr' id='par_1_43' title="bbox 489 2900 2064 2972">
     <span class='ocr_line' id='line_1_43' title="bbox 489 2900 2064 2972; baseline 0.004 -20"><span class='ocrx_word' id='word_1_344' title='bbox 489 2909 584 2965; x_wconf 61' lang='lat' dir='ltr'><strong>aut</strong></span> <span class='ocrx_word' id='word_1_345' title='bbox 629 2902 896 2970; x_wconf 83' lang='lat' dir='ltr'><strong>possessio</strong></span> <span class='ocrx_word' id='word_1_346' title='bbox 939 2900 1284 2967; x_wconf 69' lang='lat' dir='ltr'><strong>cautuscatur,</strong></span> <span class='ocrx_word' id='word_1_347' title='bbox 1334 2911 1435 2958; x_wconf 83' lang='lat' dir='ltr'><strong>nec</strong></span> <span class='ocrx_word' id='word_1_348' title='bbox 1477 2901 1802 2972; x_wconf 74' lang='lat' dir='ltr'><strong>pecuniaria:</strong></span> <span class='ocrx_word' id='word_1_349' title='bbox 1852 2902 2064 2958; x_wconf 74' lang='lat' dir='ltr'><strong>mulera:</strong></span> 
     </span>
    </p>
   </div>
   <div class='ocr_carea' id='block_1_44' title="bbox 490 2986 2063 3065">
    <p class='ocr_par' dir='ltr' id='par_1_44' title="bbox 490 2986 2063 3065">
     <span class='ocr_line' id='line_1_44' title="bbox 490 2986 2063 3065; baseline 0.003 -18"><span class='ocrx_word' id='word_1_350' title='bbox 490 3002 619 3053; x_wconf 80' lang='lat' dir='ltr'><strong>rens</strong></span> <span class='ocrx_word' id='word_1_351' title='bbox 644 2986 953 3055; x_wconf 71' lang='lat' dir='ltr'><strong>adducitur,</strong></span> <span class='ocrx_word' id='word_1_352' title='bbox 995 2992 1089 3048; x_wconf 88' lang='lat' dir='ltr'><strong>sed</strong></span> <span class='ocrx_word' id='word_1_353' title='bbox 1115 2990 1225 3047; x_wconf 84' lang='lat' dir='ltr'><strong>Deo</strong></span> <span class='ocrx_word' id='word_1_354' title='bbox 1257 2988 1436 3065; x_wconf 85' lang='lat' dir='ltr'><strong>potius</strong></span> <span class='ocrx_word' id='word_1_355' title='bbox 1464 2992 1704 3050; x_wconf 85' lang='lat' dir='ltr'><strong>omnium</strong></span> <span class='ocrx_word' id='word_1_356' title='bbox 1735 2990 1940 3050; x_wconf 88' lang='lat' dir='ltr'><strong>scilicet</strong></span> <span class='ocrx_word' id='word_1_357' title='bbox 1969 2992 2063 3051; x_wconf 89' lang='lat' dir='ltr'><strong>bo-</strong></span> 
     </span>
    </p>
   </div>
   <div class='ocr_carea' id='block_1_45' title="bbox 490 3082 2063 3154">
    <p class='ocr_par' dir='ltr' id='par_1_45' title="bbox 490 3082 2063 3154">
     <span class='ocr_line' id='line_1_45' title="bbox 490 3082 2063 3154; baseline 0.001 -13"><span class='ocrx_word' id='word_1_358' title='bbox 490 3096 685 3143; x_wconf 72' lang='lat' dir='ltr'><strong>narum</strong></span> <span class='ocrx_word' id='word_1_359' title='bbox 733 3092 954 3141; x_wconf 82' lang='lat' dir='ltr'><strong>auctore</strong></span> <span class='ocrx_word' id='word_1_360' title='bbox 1005 3082 1267 3152; x_wconf 86' lang='lat' dir='ltr'><strong>p:ivatnr.</strong></span> <span class='ocrx_word' id='word_1_361' title='bbox 1295 3082 1445 3141; x_wconf 81' lang='lat' dir='ltr'><strong>Hane</strong></span> <span class='ocrx_word' id='word_1_362' title='bbox 1476 3085 1657 3154; x_wconf 82' lang='lat' dir='ltr'><strong>itaque</strong></span> <span class='ocrx_word' id='word_1_363' title='bbox 1687 3085 1848 3141; x_wconf 80' lang='lat' dir='ltr'><strong>homo</strong></span> <span class='ocrx_word' id='word_1_364' title='bbox 1871 3087 1939 3142; x_wconf 88' lang='lat' dir='ltr'><strong>de</strong></span> <span class='ocrx_word' id='word_1_365' title='bbox 1962 3087 2063 3142; x_wconf 92' lang='lat' dir='ltr'><strong>bo-</strong></span> 
     </span>
    </p>
   </div>
   <div class='ocr_carea' id='block_1_46' title="bbox 390 3160 2065 3248">
    <p class='ocr_par' dir='ltr' id='par_1_46' title="bbox 390 3160 2065 3248">
     <span class='ocr_line' id='line_1_46' title="bbox 390 3160 2065 3248; baseline 0.005 -23"><span class='ocrx_word' id='word_1_366' title='bbox 390 3222 393 3225; x_wconf 89' lang='lat'><strong>.</strong></span> <span class='ocrx_word' id='word_1_367' title='bbox 490 3177 645 3238; x_wconf 80' lang='lat' dir='ltr'><strong>mine</strong></span> <span class='ocrx_word' id='word_1_368' title='bbox 682 3186 895 3245; x_wconf 61' lang='lat' dir='ltr'><strong>prauam</strong></span> <span class='ocrx_word' id='word_1_369' title='bbox 944 3175 1139 3240; x_wconf 81' lang='lat' dir='ltr'><strong>sumit,</strong></span> <span class='ocrx_word' id='word_1_370' title='bbox 1187 3160 1347 3246; x_wconf 77' lang='lat' dir='ltr'><strong>quam</strong></span> <span class='ocrx_word' id='word_1_371' title='bbox 1397 3177 1464 3231; x_wconf 84' lang='lat' dir='ltr'><strong>de</strong></span> <span class='ocrx_word' id='word_1_372' title='bbox 1505 3177 1588 3231; x_wconf 87' lang='lat' dir='ltr'><strong>sui</strong></span> <span class='ocrx_word' id='word_1_373' title='bbox 1640 3178 2065 3248; x_wconf 78' lang='lat' dir='ltr'><strong>transgressione</strong></span> 
     </span>
    </p>
   </div>
   <div class='ocr_carea' id='block_1_47' title="bbox 491 3261 2062 3338">
    <p class='ocr_par' dir='ltr' id='par_1_47' title="bbox 491 3261 2062 3338">
     <span class='ocr_line' id='line_1_47' title="bbox 491 3261 2062 3338; baseline 0 -20"><span class='ocrx_word' id='word_1_374' title='bbox 491 3261 727 3330; x_wconf 78' lang='lat' dir='ltr'><strong>mandati</strong></span> <span class='ocrx_word' id='word_1_375' title='bbox 755 3265 867 3337; x_wconf 89' lang='lat' dir='ltr'><strong>ipse</strong></span> <span class='ocrx_word' id='word_1_376' title='bbox 887 3275 1099 3334; x_wconf 85' lang='lat' dir='ltr'><strong>quoque</strong></span> <span class='ocrx_word' id='word_1_377' title='bbox 1119 3265 1260 3321; x_wconf 77' lang='lat' dir='ltr'><strong>Deus</strong></span> <span class='ocrx_word' id='word_1_378' title='bbox 1284 3264 1746 3337; x_wconf 86' lang='lat' dir='ltr'><strong>omnipotens‘non</strong></span> <span class='ocrx_word' id='word_1_379' title='bbox 1768 3268 2062 3338; x_wconf 64' lang='lat' dir='ltr'><strong>prietumit.</strong></span> 
     </span>
    </p>
   </div>
   <div class='ocr_carea' id='block_1_48' title="bbox 494 3355 2064 3430">
    <p class='ocr_par' dir='ltr' id='par_1_48' title="bbox 494 3355 2064 3430">
     <span class='ocr_line' id='line_1_48' title="bbox 494 3355 2064 3430; baseline 0.003 -21"><span class='ocrx_word' id='word_1_380' title='bbox 494 3375 516 3417; x_wconf 66' lang='grc' dir='ltr'><strong>ε</strong></span> <span class='ocrx_word' id='word_1_381' title='bbox 546 3355 646 3425; x_wconf 85' lang='lat' dir='ltr'><strong>Qui</strong></span> <span class='ocrx_word' id='word_1_382' title='bbox 690 3367 868 3423; x_wconf 75' lang='lat' dir='ltr'><strong>autat.</strong></span> <span class='ocrx_word' id='word_1_383' title='bbox 896 3356 1102 3428; x_wconf 80' lang='lat' dir='ltr'><strong>inquit,</strong></span> <span class='ocrx_word' id='word_1_384' title='bbox 1146 3364 1374 3428; x_wconf 78' lang='lat' dir='ltr'><strong>patrem,</strong></span> <span class='ocrx_word' id='word_1_385' title='bbox 1404 3367 1499 3419; x_wconf 81' lang='lat' dir='ltr'><strong>aut</strong></span> <span class='ocrx_word' id='word_1_386' title='bbox 1527 3370 1763 3417; x_wconf 83' lang='lat' dir='ltr'><strong>matrem-</strong></span> <span class='ocrx_word' id='word_1_387' title='bbox 1783 3359 2064 3430; x_wconf 67' lang='lat' dir='ltr'><strong>plusquam</strong></span> 
     </span>
    </p>
   </div>
   <div class='ocr_carea' id='block_1_49' title="bbox 492 3450 2067 3522">
    <p class='ocr_par' dir='ltr' id='par_1_49' title="bbox 492 3450 2067 3522">
     <span class='ocr_line' id='line_1_49' title="bbox 492 3450 2067 3522; baseline -0.001 -14"><span class='ocrx_word' id='word_1_388' title='bbox 492 3464 600 3522; x_wconf 80' lang='lat' dir='ltr'><strong>me,</strong></span> <span class='ocrx_word' id='word_1_389' title='bbox 630 3468 651 3509; x_wconf 67' lang='grc' dir='ltr'><strong><em>ι</em></strong></span> <span class='ocrx_word' id='word_1_390' title='bbox 683 3464 787 3504; x_wconf 88' lang='lat' dir='ltr'><strong>non</strong></span> <span class='ocrx_word' id='word_1_391' title='bbox 815 3450 1069 3507; x_wconf 84' lang='lat' dir='ltr'><strong>continuo</strong></span> <span class='ocrx_word' id='word_1_392' title='bbox 1092 3450 1319 3518; x_wconf 82' lang='lat' dir='ltr'><strong>addidit,</strong></span> <span class='ocrx_word' id='word_1_393' title='bbox 1345 3451 1417 3508; x_wconf 85' lang='lat' dir='ltr'><strong>sit</strong></span> <span class='ocrx_word' id='word_1_394' title='bbox 1444 3451 1953 3519; x_wconf 82' lang='lat' dir='ltr'><strong>anathematizatns,</strong></span> <span class='ocrx_word' id='word_1_395' title='bbox 1983 3452 2067 3508; x_wconf 88' lang='lat' dir='ltr'><strong>vel</strong></span> 
     </span>
    </p>
   </div>
   <div class='ocr_carea' id='block_1_50' title="bbox 490 3530 2067 3615">
    <p class='ocr_par' dir='ltr' id='par_1_50' title="bbox 490 3530 2067 3615">
     <span class='ocr_line' id='line_1_50' title="bbox 490 3530 2067 3615; baseline 0.005 -22"><span class='ocrx_word' id='word_1_396' title='bbox 490 3530 839 3609; x_wconf 81' lang='lat' dir='ltr'><strong>malediclus,</strong></span> <span class='ocrx_word' id='word_1_397' title='bbox 884 3540 978 3595; x_wconf 90' lang='lat' dir='ltr'><strong>sed</strong></span> <span class='ocrx_word' id='word_1_398' title='bbox 1025 3546 1230 3595; x_wconf 86' lang='lat' dir='ltr'><strong>tantum</strong></span> <span class='ocrx_word' id='word_1_399' title='bbox 1270 3541 1384 3595; x_wconf 88' lang='lat' dir='ltr'><strong>ait:</strong></span> <span class='ocrx_word' id='word_1_400' title='bbox 1418 3561 1437 3593; x_wconf 79' lang='grc' dir='ltr'>ι</span> <span class='ocrx_word' id='word_1_401' title='bbox 1484 3557 1589 3597; x_wconf 90' lang='lat' dir='ltr'><strong>non</strong></span> <span class='ocrx_word' id='word_1_402' title='bbox 1630 3552 1716 3598; x_wconf 79' lang='lat' dir='ltr'><strong>est</strong></span> <span class='ocrx_word' id='word_1_403' title='bbox 1743 3558 1831 3598; x_wconf 89' lang='lat' dir='ltr'><strong>me</strong></span> <span class='ocrx_word' id='word_1_404' title='bbox 1873 3543 2067 3615; x_wconf 83' lang='lat' dir='ltr'><strong>dignus</strong></span> 
     </span>
    </p>
   </div>
   <div class='ocr_carea' id='block_1_51' title="bbox 490 3618 2068 3709">
    <p class='ocr_par' dir='ltr' id='par_1_51' title="bbox 490 3618 2068 3709">
     <span class='ocr_line' id='line_1_51' title="bbox 490 3618 2068 3709; baseline 0.004 -25"><span class='ocrx_word' id='word_1_405' title='bbox 490 3629 707 3704; x_wconf 78' lang='lat' dir='ltr'><strong>(Matth.</strong></span> <span class='ocrx_word' id='word_1_406' title='bbox 731 3630 807 3701; x_wconf 72' lang='grc' dir='ltr'><strong>χ).</strong></span> <span class='ocrx_word' id='word_1_407' title='bbox 842 3650 863 3683; x_wconf 72' lang='grc' dir='ltr'><strong>ο</strong></span> <span class='ocrx_word' id='word_1_408' title='bbox 897 3630 965 3686; x_wconf 81' lang='lat' dir='ltr'><strong>Et</strong></span> <span class='ocrx_word' id='word_1_409' title='bbox 992 3632 1047 3694; x_wconf 90' lang='lat' dir='ltr'><strong>in</strong></span> <span class='ocrx_word' id='word_1_410' title='bbox 1075 3632 1191 3703; x_wconf 88' lang='lat' dir='ltr'><strong>lege</strong></span> <span class='ocrx_word' id='word_1_411' title='bbox 1233 3618 1428 3703; x_wconf 66' lang='lat' dir='ltr'><strong>(Exod.</strong></span> <span class='ocrx_word' id='word_1_412' title='bbox 1466 3633 1619 3703; x_wconf 70' lang='lat' dir='ltr'><strong>XXI):</strong></span> <span class='ocrx_word' id='word_1_413' title='bbox 1671 3652 1691 3686; x_wconf 70' lang='grc' dir='ltr'>ι</span> <span class='ocrx_word' id='word_1_414' title='bbox 1735 3633 1934 3691; x_wconf 88' lang='lat' dir='ltr'><strong>Oculus</strong></span> <span class='ocrx_word' id='word_1_415' title='bbox 1970 3652 2068 3709; x_wconf 89' lang='lat' dir='ltr'><strong>pro</strong></span> 
     </span>
    </p>
   </div>
   <div class='ocr_carea' id='block_1_52' title="bbox 490 3716 2064 3796">
    <p class='ocr_par' dir='ltr' id='par_1_52' title="bbox 490 3716 2064 3796">
     <span class='ocr_line' id='line_1_52' title="bbox 490 3716 2064 3796; baseline 0.003 -20"><span class='ocrx_word' id='word_1_416' title='bbox 490 3720 665 3787; x_wconf 81' lang='lat' dir='ltr'><strong>oculo,</strong></span> <span class='ocrx_word' id='word_1_417' title='bbox 692 3716 825 3777; x_wconf 90' lang='lat' dir='ltr'><strong>dens</strong></span> <span class='ocrx_word' id='word_1_418' title='bbox 852 3737 950 3793; x_wconf 88' lang='lat' dir='ltr'><strong>pro</strong></span> <span class='ocrx_word' id='word_1_419' title='bbox 995 3722 1174 3790; x_wconf 81' lang='lat' dir='ltr'><strong>deme,</strong></span> <span class='ocrx_word' id='word_1_420' title='bbox 1209 3738 1529 3793; x_wconf 78' lang='lat' dir='ltr'><strong>percussum</strong></span> <span class='ocrx_word' id='word_1_421' title='bbox 1574 3739 1670 3796; x_wconf 90' lang='lat' dir='ltr'><strong>pro</strong></span> <span class='ocrx_word' id='word_1_422' title='bbox 1709 3739 2064 3795; x_wconf 88' lang='lat' dir='ltr'><strong>percussura,</strong></span> 
     </span>
    </p>
   </div>
   <div class='ocr_carea' id='block_1_53' title="bbox 492 3804 2070 3888">
    <p class='ocr_par' dir='ltr' id='par_1_53' title="bbox 492 3804 2070 3888">
     <span class='ocr_line' id='line_1_53' title="bbox 492 3804 2070 3888; baseline 0.004 -22"><span class='ocrx_word' id='word_1_423' title='bbox 492 3812 705 3877; x_wconf 78' lang='lat' dir='ltr'><strong>adustio</strong></span> <span class='ocrx_word' id='word_1_424' title='bbox 732 3830 828 3884; x_wconf 88' lang='lat' dir='ltr'><strong>pro</strong></span> <span class='ocrx_word' id='word_1_425' title='bbox 853 3810 1154 3878; x_wconf 88' lang='lat' dir='ltr'><strong>adustione,</strong></span> <span class='ocrx_word' id='word_1_426' title='bbox 1183 3834 1203 3868; x_wconf 85' lang='grc'>›</span> <span class='ocrx_word' id='word_1_427' title='bbox 1239 3813 1503 3875; x_wconf 74' lang='lat' dir='ltr'><strong>duntaxat</strong></span> <span class='ocrx_word' id='word_1_428' title='bbox 1528 3816 1785 3888; x_wconf 77' lang='lat' dir='ltr'><strong>exigitur,</strong></span> <span class='ocrx_word' id='word_1_429' title='bbox 1814 3804 1914 3872; x_wconf 84' lang='lat' dir='ltr'><strong>nec</strong></span> <span class='ocrx_word' id='word_1_430' title='bbox 1941 3832 2070 3873; x_wconf 65' lang='lat' dir='ltr'><strong>cono</strong></span> 
     </span>
    </p>
   </div>
   <div class='ocr_carea' id='block_1_54' title="bbox 494 3898 2070 3981">
    <p class='ocr_par' dir='ltr' id='par_1_54' title="bbox 494 3898 2070 3981">
     <span class='ocr_line' id='line_1_54' title="bbox 494 3898 2070 3981; baseline 0.004 -28"><span class='ocrx_word' id='word_1_431' title='bbox 494 3902 642 3963; x_wconf 83' lang='lat' dir='ltr'><strong>tinuo</strong></span> <span class='ocrx_word' id='word_1_432' title='bbox 665 3901 754 3972; x_wconf 86' lang='lat' dir='ltr'><strong>qui</strong></span> <span class='ocrx_word' id='word_1_433' title='bbox 786 3917 909 3957; x_wconf 91' lang='lat' dir='ltr'><strong>reus</strong></span> <span class='ocrx_word' id='word_1_434' title='bbox 934 3912 1041 3975; x_wconf 82' lang='lat' dir='ltr'><strong>est,</strong></span> <span class='ocrx_word' id='word_1_435' title='bbox 1066 3898 1130 3960; x_wconf 88' lang='lat' dir='ltr'><strong>de</strong></span> <span class='ocrx_word' id='word_1_436' title='bbox 1156 3919 1426 3975; x_wconf 83' lang='lat' dir='ltr'><strong>synagoga</strong></span> <span class='ocrx_word' id='word_1_437' title='bbox 1454 3903 1757 3977; x_wconf 84' lang='lat' dir='ltr'><strong>projicitur.</strong></span> <span class='ocrx_word' id='word_1_438' title='bbox 1789 3906 1877 3961; x_wconf 88' lang='lat' dir='ltr'><strong>vel</strong></span> <span class='ocrx_word' id='word_1_439' title='bbox 1903 3905 2070 3981; x_wconf 63' lang='lat' dir='ltr'><strong>male.</strong></span> 
     </span>
    </p>
   </div>
   <div class='ocr_carea' id='block_1_55' title="bbox 494 3981 2065 4066">
    <p class='ocr_par' dir='ltr' id='par_1_55' title="bbox 494 3981 2065 4066">
     <span class='ocr_line' id='line_1_55' title="bbox 494 3981 2065 4066; baseline 0.007 -24"><span class='ocrx_word' id='word_1_440' title='bbox 494 3987 727 4057; x_wconf 77' lang='lat' dir='ltr'><strong>dictique</strong></span> <span class='ocrx_word' id='word_1_441' title='bbox 769 3981 1081 4051; x_wconf 63' lang='lat' dir='ltr'><strong>damnatur.</strong></span> <span class='ocrx_word' id='word_1_442' title='bbox 1119 3992 1235 4048; x_wconf 85' lang='lat' dir='ltr'><strong>Non</strong></span> <span class='ocrx_word' id='word_1_443' title='bbox 1281 3996 1464 4065; x_wconf 84' lang='lat' dir='ltr'><strong>enim,</strong></span> <span class='ocrx_word' id='word_1_444' title='bbox 1512 3998 1805 4053; x_wconf 85' lang='lat' dir='ltr'><strong>secundum</strong></span> <span class='ocrx_word' id='word_1_445' title='bbox 1847 3997 2065 4066; x_wconf 89' lang='lat' dir='ltr'><strong>stoicos,</strong></span> 
     </span>
    </p>
   </div>
   <div class='ocr_carea' id='block_1_56' title="bbox 495 4079 2068 4154">
    <p class='ocr_par' dir='ltr' id='par_1_56' title="bbox 495 4079 2068 4154">
     <span class='ocr_line' id='line_1_56' title="bbox 495 4079 2068 4154; baseline 0.004 -16"><span class='ocrx_word' id='word_1_446' title='bbox 495 4079 674 4138; x_wconf 86' lang='lat' dir='ltr'><strong>omnia</strong></span> <span class='ocrx_word' id='word_1_447' title='bbox 704 4091 921 4150; x_wconf 87' lang='lat' dir='ltr'><strong>peccata</strong></span> <span class='ocrx_word' id='word_1_448' title='bbox 949 4091 1078 4137; x_wconf 83' lang='lat' dir='ltr'><strong>sunt</strong></span> <span class='ocrx_word' id='word_1_449' title='bbox 1108 4083 1284 4153; x_wconf 88' lang='lat' dir='ltr'><strong>paria,</strong></span> <span class='ocrx_word' id='word_1_450' title='bbox 1314 4093 1476 4154; x_wconf 86' lang='lat' dir='ltr'><strong>atque.</strong></span> <span class='ocrx_word' id='word_1_451' title='bbox 1508 4086 1711 4144; x_wconf 85' lang='lat' dir='ltr'><strong>idcirco</strong></span> <span class='ocrx_word' id='word_1_452' title='bbox 1741 4088 2068 4145; x_wconf 77' lang='lat' dir='ltr'><strong>indiﬂ‘erenti</strong></span> 
     </span>
    </p>
   </div>
   <div class='ocr_carea' id='block_1_57' title="bbox 495 4165 2070 4249">
    <p class='ocr_par' dir='ltr' id='par_1_57' title="bbox 495 4165 2070 4249">
     <span class='ocr_line' id='line_1_57' title="bbox 495 4165 2070 4249; baseline 0.004 -18"><span class='ocrx_word' id='word_1_453' title='bbox 495 4178 622 4231; x_wconf 74' lang='lat' dir='ltr'><strong>sunt</strong></span> <span class='ocrx_word' id='word_1_454' title='bbox 646 4165 846 4226; x_wconf 85' lang='lat' dir='ltr'><strong>ultione</strong></span> <span class='ocrx_word' id='word_1_455' title='bbox 873 4169 1172 4240; x_wconf 88' lang='lat' dir='ltr'><strong>plectenda,</strong></span> <span class='ocrx_word' id='word_1_456' title='bbox 1203 4176 1295 4230; x_wconf 91' lang='lat' dir='ltr'><strong>sed</strong></span> <span class='ocrx_word' id='word_1_457' title='bbox 1319 4174 1474 4244; x_wconf 83' lang='lat' dir='ltr'><strong>juxta</strong></span> <span class='ocrx_word' id='word_1_458' title='bbox 1504 4179 1721 4233; x_wconf 90' lang='lat' dir='ltr'><strong>modum</strong></span> <span class='ocrx_word' id='word_1_459' title='bbox 1744 4179 1914 4249; x_wconf 84' lang='lat' dir='ltr'><strong>culpae</strong></span> <span class='ocrx_word' id='word_1_460' title='bbox 1935 4190 2070 4238; x_wconf 83' lang='lat' dir='ltr'><strong>tem-</strong></span> 
     </span>
    </p>
   </div>
   <div class='ocr_carea' id='block_1_58' title="bbox 496 4259 2093 4342">
    <p class='ocr_par' dir='ltr' id='par_1_58' title="bbox 496 4259 2093 4342">
     <span class='ocr_line' id='line_1_58' title="bbox 496 4259 2093 4342; baseline 0.009 -29"><span class='ocrx_word' id='word_1_461' title='bbox 496 4259 735 4333; x_wconf 85' lang='lat' dir='ltr'><strong>peranda</strong></span> <span class='ocrx_word' id='word_1_462' title='bbox 758 4276 972 4332; x_wconf 82' lang='lat' dir='ltr'><strong>semper</strong></span> <span class='ocrx_word' id='word_1_463' title='bbox 984 4273 1067 4318; x_wconf 91' lang='lat' dir='ltr'><strong>est</strong></span> <span class='ocrx_word' id='word_1_464' title='bbox 1084 4278 1331 4320; x_wconf 88' lang='lat' dir='ltr'><strong>mensura</strong></span> <span class='ocrx_word' id='word_1_465' title='bbox 1345 4266 1596 4324; x_wconf 75' lang='lat' dir='ltr'><strong>vindicta:</strong></span> <span class='ocrx_word' id='word_1_466' title='bbox 1610 4268 1745 4338; x_wconf 78' lang='lat' dir='ltr'><strong>(Cic.</strong></span> <span class='ocrx_word' id='word_1_467' title='bbox 1768 4267 1972 4326; x_wconf 83' lang='lat' dir='ltr'><strong>Parad.</strong></span> <span class='ocrx_word' id='word_1_468' title='bbox 1987 4272 2064 4342; x_wconf 78' lang='grc'><strong>5).</strong></span> <span class='ocrx_word' id='word_1_469' title='bbox 2090 4286 2093 4293; x_wconf 82' lang='lat'><em>‘</em></span> 
     </span>
    </p>
   </div>
   <div class='ocr_carea' id='block_1_59' title="bbox 2089 3040 2137 3105">
    <p class='ocr_par' dir='ltr' id='par_1_59' title="bbox 2089 3040 2137 3105">
     <span class='ocr_line' id='line_1_59' title="bbox 2089 3040 2137 3105; baseline 0 0"><span class='ocrx_word' id='word_1_470' title='bbox 2089 3040 2137 3105; x_wconf 91' lang='lat' dir='ltr'><strong>C</strong></span> 
     </span>
    </p>
   </div>
   <div class='ocr_carea' id='block_1_60' title="bbox 2167 1815 3743 1881">
    <p class='ocr_par' dir='ltr' id='par_1_60' title="bbox 2167 1815 3743 1881">
     <span class='ocr_line' id='line_1_60' title="bbox 2167 1815 3743 1881; baseline 0 -13"><span class='ocrx_word' id='word_1_471' title='bbox 2167 1815 2376 1870; x_wconf 86' lang='lat' dir='ltr'><strong>ratione</strong></span> <span class='ocrx_word' id='word_1_472' title='bbox 2411 1829 2470 1870; x_wconf 89' lang='lat' dir='ltr'><strong>se</strong></span> <span class='ocrx_word' id='word_1_473' title='bbox 2502 1815 2758 1870; x_wconf 76' lang='lat' dir='ltr'><strong>exhibeat</strong></span> <span class='ocrx_word' id='word_1_474' title='bbox 2796 1816 3160 1881; x_wconf 87' lang='lat' dir='ltr'><strong>innocentem,</strong></span> <span class='ocrx_word' id='word_1_475' title='bbox 3182 1815 3264 1869; x_wconf 87' lang='lat' dir='ltr'><strong>vel</strong></span> <span class='ocrx_word' id='word_1_476' title='bbox 3296 1815 3622 1870; x_wconf 77' lang='lat' dir='ltr'><strong>confiteatur</strong></span> <span class='ocrx_word' id='word_1_477' title='bbox 3642 1816 3743 1869; x_wconf 84' lang='lat' dir='ltr'><strong>hu-</strong></span> 
     </span>
    </p>
   </div>
   <div class='ocr_carea' id='block_1_61' title="bbox 2165 1904 3742 1978">
    <p class='ocr_par' dir='ltr' id='par_1_61' title="bbox 2165 1904 3742 1978">
     <span class='ocr_line' id='line_1_61' title="bbox 2165 1904 3742 1978; baseline -0.001 -17"><span class='ocrx_word' id='word_1_478' title='bbox 2165 1906 2367 1961; x_wconf 83' lang='lat' dir='ltr'><strong>militer</strong></span> <span class='ocrx_word' id='word_1_479' title='bbox 2406 1914 2768 1975; x_wconf 82' lang='lat' dir='ltr'><strong>peecatorem.</strong></span> <span class='ocrx_word' id='word_1_480' title='bbox 2807 1905 2919 1961; x_wconf 88' lang='lat' dir='ltr'><strong>Nec</strong></span> <span class='ocrx_word' id='word_1_481' title='bbox 2953 1905 3040 1961; x_wconf 89' lang='lat' dir='ltr'><strong>bis</strong></span> <span class='ocrx_word' id='word_1_482' title='bbox 3078 1906 3491 1975; x_wconf 83' lang='lat' dir='ltr'><strong>allegationibus</strong></span> <span class='ocrx_word' id='word_1_483' title='bbox 3533 1904 3637 1978; x_wconf 58' lang='grc' dir='ltr'><strong>ιε</strong></span> <span class='ocrx_word' id='word_1_484' title='bbox 3670 1905 3742 1960; x_wconf 88' lang='lat' dir='ltr'><strong>vi-</strong></span> 
     </span>
    </p>
   </div>
   <div class='ocr_carea' id='block_1_62' title="bbox 2163 1993 3742 2068">
    <p class='ocr_par' dir='ltr' id='par_1_62' title="bbox 2163 1993 3742 2068">
     <span class='ocr_line' id='line_1_62' title="bbox 2163 1993 3742 2068; baseline 0.001 -19"><span class='ocrx_word' id='word_1_485' title='bbox 2163 1996 2395 2049; x_wconf 88' lang='lat' dir='ltr'><strong>vendum</strong></span> <span class='ocrx_word' id='word_1_486' title='bbox 2434 1993 2498 2067; x_wconf 82' lang='lat' dir='ltr'><strong>[f.</strong></span> <span class='ocrx_word' id='word_1_487' title='bbox 2546 1994 2827 2068; x_wconf 89' lang='lat' dir='ltr'><strong>utendum]</strong></span> <span class='ocrx_word' id='word_1_488' title='bbox 2864 2005 2981 2061; x_wconf 89' lang='lat' dir='ltr'><strong>est,</strong></span> <span class='ocrx_word' id='word_1_489' title='bbox 3016 2004 3082 2050; x_wconf 88' lang='lat' dir='ltr'><strong>ut</strong></span> <span class='ocrx_word' id='word_1_490' title='bbox 3117 1996 3264 2051; x_wconf 87' lang='lat' dir='ltr'><strong>dicat</strong></span> <span class='ocrx_word' id='word_1_491' title='bbox 3300 2010 3359 2051; x_wconf 88' lang='lat' dir='ltr'><strong>se</strong></span> <span class='ocrx_word' id='word_1_492' title='bbox 3396 2009 3504 2050; x_wconf 89' lang='lat' dir='ltr'><strong>non</strong></span> <span class='ocrx_word' id='word_1_493' title='bbox 3541 1996 3742 2050; x_wconf 83' lang='lat' dir='ltr'><strong>debere</strong></span> 
     </span>
    </p>
   </div>
   <div class='ocr_carea' id='block_1_63' title="bbox 2166 2084 3743 2154">
    <p class='ocr_par' dir='ltr' id='par_1_63' title="bbox 2166 2084 3743 2154">
     <span class='ocr_line' id='line_1_63' title="bbox 2166 2084 3743 2154; baseline 0 -15"><span class='ocrx_word' id='word_1_494' title='bbox 2166 2085 2235 2140; x_wconf 88' lang='lat' dir='ltr'><strong>ab</strong></span> <span class='ocrx_word' id='word_1_495' title='bbox 2264 2085 2368 2149; x_wconf 89' lang='lat' dir='ltr'><strong>bis,</strong></span> <span class='ocrx_word' id='word_1_496' title='bbox 2393 2085 2484 2154; x_wconf 87' lang='lat' dir='ltr'><strong>qui</strong></span> <span class='ocrx_word' id='word_1_497' title='bbox 2513 2084 2614 2140; x_wconf 88' lang='lat' dir='ltr'><strong>sibi</strong></span> <span class='ocrx_word' id='word_1_498' title='bbox 2646 2084 2868 2152; x_wconf 82' lang='lat' dir='ltr'><strong>subjecti</strong></span> <span class='ocrx_word' id='word_1_499' title='bbox 2913 2084 3073 2149; x_wconf 88' lang='lat' dir='ltr'><strong>sunt&#39;,</strong></span> <span class='ocrx_word' id='word_1_500' title='bbox 3101 2086 3369 2150; x_wconf 87' lang='lat' dir='ltr'><strong>accusari,</strong></span> <span class='ocrx_word' id='word_1_501' title='bbox 3404 2101 3469 2139; x_wconf 92' lang='lat' dir='ltr'><strong>ne</strong></span> <span class='ocrx_word' id='word_1_502' title='bbox 3497 2084 3743 2139; x_wconf 85' lang='lat' dir='ltr'><strong>videatur</strong></span> 
     </span>
    </p>
   </div>
   <div class='ocr_carea' id='block_1_64' title="bbox 2164 2174 3743 2245">
    <p class='ocr_par' dir='ltr' id='par_1_64' title="bbox 2164 2174 3743 2245">
     <span class='ocr_line' id='line_1_64' title="bbox 2164 2174 3743 2245; baseline -0.001 -13"><span class='ocrx_word' id='word_1_503' title='bbox 2164 2178 2475 2233; x_wconf 83' lang='lat' dir='ltr'><strong>excessibus</strong></span> <span class='ocrx_word' id='word_1_504' title='bbox 2500 2177 2612 2231; x_wconf 84' lang='lat' dir='ltr'><strong>suis</strong></span> <span class='ocrx_word' id='word_1_505' title='bbox 2638 2176 2880 2231; x_wconf 84' lang='lat' dir='ltr'><strong>velamen</strong></span> <span class='ocrx_word' id='word_1_506' title='bbox 2906 2176 3217 2240; x_wconf 80' lang='lat' dir='ltr'><strong>obtendere,</strong></span> <span class='ocrx_word' id='word_1_507' title='bbox 3251 2186 3308 2231; x_wconf 87' lang='lat' dir='ltr'><strong>et</strong></span> <span class='ocrx_word' id='word_1_508' title='bbox 3329 2174 3593 2245; x_wconf 87' lang='lat' dir='ltr'><strong>judicium</strong></span> <span class='ocrx_word' id='word_1_509' title='bbox 3619 2175 3743 2231; x_wconf 86' lang='lat' dir='ltr'><strong>sub-</strong></span> 
     </span>
    </p>
   </div>
   <div class='ocr_carea' id='block_1_65' title="bbox 2167 2266 3745 2338">
    <p class='ocr_par' dir='ltr' id='par_1_65' title="bbox 2167 2266 3745 2338">
     <span class='ocr_line' id='line_1_65' title="bbox 2167 2266 3745 2338; baseline 0 -17"><span class='ocrx_word' id='word_1_510' title='bbox 2167 2266 2455 2338; x_wconf 82' lang='lat' dir='ltr'><strong>terfugere,</strong></span> <span class='ocrx_word' id='word_1_511' title='bbox 2493 2266 2619 2322; x_wconf 87' lang='lat' dir='ltr'><strong>dum</strong></span> <span class='ocrx_word' id='word_1_512' title='bbox 2662 2275 2892 2321; x_wconf 89' lang='lat' dir='ltr'><strong>conatur</strong></span> <span class='ocrx_word' id='word_1_513' title='bbox 2932 2267 2986 2320; x_wconf 90' lang='lat' dir='ltr'><strong>in</strong></span> <span class='ocrx_word' id='word_1_514' title='bbox 3031 2266 3197 2321; x_wconf 89' lang='lat' dir='ltr'><strong>alium</strong></span> <span class='ocrx_word' id='word_1_515' title='bbox 3241 2275 3403 2321; x_wconf 84' lang='lat' dir='ltr'><strong>motae</strong></span> <span class='ocrx_word' id='word_1_516' title='bbox 3435 2266 3745 2335; x_wconf 65' lang='lat' dir='ltr'><strong>quaestionis</strong></span> 
     </span>
    </p>
   </div>
   <div class='ocr_carea' id='block_1_66' title="bbox 2166 2356 3731 2428">
    <p class='ocr_par' dir='ltr' id='par_1_66' title="bbox 2166 2356 3731 2428">
     <span class='ocr_line' id='line_1_66' title="bbox 2166 2356 3731 2428; baseline 0 -17"><span class='ocrx_word' id='word_1_517' title='bbox 2166 2357 2419 2427; x_wconf 89' lang='lat' dir='ltr'><strong>injuriam</strong></span> <span class='ocrx_word' id='word_1_518' title='bbox 2464 2365 2799 2426; x_wconf 89' lang='lat' dir='ltr'><strong>retorquere.</strong></span> <span class='ocrx_word' id='word_1_519' title='bbox 2833 2356 2964 2424; x_wconf 83' lang='lat' dir='ltr'><strong>Quis</strong></span> <span class='ocrx_word' id='word_1_520' title='bbox 2993 2358 3137 2413; x_wconf 88' lang='lat' dir='ltr'><strong>enim</strong></span> <span class='ocrx_word' id='word_1_521' title='bbox 3182 2358 3388 2415; x_wconf 89' lang='lat' dir='ltr'><strong>nesciat</strong></span> <span class='ocrx_word' id='word_1_522' title='bbox 3421 2358 3562 2428; x_wconf 89' lang='lat' dir='ltr'><strong>quod</strong></span> <span class='ocrx_word' id='word_1_523' title='bbox 3595 2357 3731 2427; x_wconf 69' lang='lat' dir='ltr'><strong>prin</strong></span> 
     </span>
    </p>
   </div>
   <div class='ocr_carea' id='block_1_67' title="bbox 2165 2447 3746 2521">
    <p class='ocr_par' dir='ltr' id='par_1_67' title="bbox 2165 2447 3746 2521">
     <span class='ocr_line' id='line_1_67' title="bbox 2165 2447 3746 2521; baseline 0.001 -19"><span class='ocrx_word' id='word_1_524' title='bbox 2165 2461 2292 2517; x_wconf 90' lang='lat' dir='ltr'><strong>ceps</strong></span> <span class='ocrx_word' id='word_1_525' title='bbox 2319 2447 2685 2515; x_wconf 87' lang='lat' dir='ltr'><strong>apostolorum</strong></span> <span class='ocrx_word' id='word_1_526' title='bbox 2731 2447 2927 2504; x_wconf 88' lang='lat' dir='ltr'><strong>Petrus</strong></span> <span class='ocrx_word' id='word_1_527' title='bbox 2956 2457 3279 2519; x_wconf 88' lang='lat' dir='ltr'><strong>potestatem</strong></span> <span class='ocrx_word' id='word_1_528' title='bbox 3314 2449 3464 2521; x_wconf 87' lang='lat' dir='ltr'><strong>regni</strong></span> <span class='ocrx_word' id='word_1_529' title='bbox 3509 2448 3746 2505; x_wconf 60' lang='lat' dir='ltr'><strong>caelestis</strong></span> 
     </span>
    </p>
   </div>
   <div class='ocr_carea' id='block_1_68' title="bbox 2165 2532 3751 2607">
    <p class='ocr_par' dir='ltr' id='par_1_68' title="bbox 2165 2532 3751 2607">
     <span class='ocr_line' id='line_1_68' title="bbox 2165 2532 3751 2607; baseline 0.001 -17"><span class='ocrx_word' id='word_1_530' title='bbox 2165 2532 2411 2604; x_wconf 85' lang='lat' dir='ltr'><strong>accepit?</strong></span> <span class='ocrx_word' id='word_1_531' title='bbox 2449 2532 2716 2591; x_wconf 86' lang='lat' dir='ltr'><strong>Virtutem</strong></span> <span class='ocrx_word' id='word_1_532' title='bbox 2752 2535 2977 2606; x_wconf 87' lang='lat' dir='ltr'><strong>ligandi,</strong></span> <span class='ocrx_word' id='word_1_533' title='bbox 3010 2537 3125 2591; x_wconf 87' lang='lat' dir='ltr'><strong>sive</strong></span> <span class='ocrx_word' id='word_1_534' title='bbox 3153 2537 3394 2592; x_wconf 85' lang='lat' dir='ltr'><strong>solvendi</strong></span> <span class='ocrx_word' id='word_1_535' title='bbox 3421 2538 3564 2607; x_wconf 86' lang='lat' dir='ltr'><strong>quod</strong></span> <span class='ocrx_word' id='word_1_536' title='bbox 3588 2535 3751 2592; x_wconf 83' lang='lat' dir='ltr'><strong>vellet</strong></span> 
     </span>
    </p>
   </div>
   <div class='ocr_carea' id='block_1_69' title="bbox 2166 2624 3747 2697">
    <p class='ocr_par' dir='ltr' id='par_1_69' title="bbox 2166 2624 3747 2697">
     <span class='ocr_line' id='line_1_69' title="bbox 2166 2624 3747 2697; baseline 0.001 -18"><span class='ocrx_word' id='word_1_537' title='bbox 2166 2624 2219 2679; x_wconf 91' lang='lat' dir='ltr'><strong>in</strong></span> <span class='ocrx_word' id='word_1_538' title='bbox 2241 2624 2395 2680; x_wconf 63' lang='lat' dir='ltr'><strong>scalis</strong></span> <span class='ocrx_word' id='word_1_539' title='bbox 2421 2640 2487 2680; x_wconf 90' lang='lat' dir='ltr'><strong>ac</strong></span> <span class='ocrx_word' id='word_1_540' title='bbox 2535 2626 2694 2680; x_wconf 89' lang='lat' dir='ltr'><strong>terris</strong></span> <span class='ocrx_word' id='word_1_541' title='bbox 2720 2625 2988 2681; x_wconf 88' lang='lat' dir='ltr'><strong>obtinuit?</strong></span> <span class='ocrx_word' id='word_1_542' title='bbox 3012 2625 3185 2696; x_wconf 84' lang='lat' dir='ltr'><strong>Supra</strong></span> <span class='ocrx_word' id='word_1_543' title='bbox 3212 2641 3364 2682; x_wconf 88' lang='lat' dir='ltr'><strong>mare</strong></span> <span class='ocrx_word' id='word_1_544' title='bbox 3383 2627 3608 2697; x_wconf 86' lang='lat' dir='ltr'><strong>pedibus</strong></span> <span class='ocrx_word' id='word_1_545' title='bbox 3632 2641 3747 2681; x_wconf 81' lang='lat' dir='ltr'><strong>am-</strong></span> 
     </span>
    </p>
   </div>
   <div class='ocr_carea' id='block_1_70' title="bbox 2164 2715 3748 2788">
    <p class='ocr_par' dir='ltr' id='par_1_70' title="bbox 2164 2715 3748 2788">
     <span class='ocr_line' id='line_1_70' title="bbox 2164 2715 3748 2788; baseline 0.001 -17"><span class='ocrx_word' id='word_1_546' title='bbox 2164 2715 2404 2771; x_wconf 86' lang='lat' dir='ltr'><strong>bulavit?</strong></span> <span class='ocrx_word' id='word_1_547' title='bbox 2439 2715 2561 2771; x_wconf 90' lang='lat' dir='ltr'><strong>Sola</strong></span> <span class='ocrx_word' id='word_1_548' title='bbox 2595 2716 2679 2770; x_wconf 90' lang='lat' dir='ltr'><strong>sui</strong></span> <span class='ocrx_word' id='word_1_549' title='bbox 2710 2717 2956 2786; x_wconf 83' lang='lat' dir='ltr'><strong>corporis</strong></span> <span class='ocrx_word' id='word_1_550' title='bbox 2975 2718 3167 2771; x_wconf 86' lang='lat' dir='ltr'><strong>umbra</strong></span> <span class='ocrx_word' id='word_1_551' title='bbox 3189 2726 3517 2788; x_wconf 67' lang='lat' dir='ltr'><strong>tegmtantes</strong></span> <span class='ocrx_word' id='word_1_552' title='bbox 3535 2716 3748 2773; x_wconf 80' lang='lat' dir='ltr'><strong>erexit?</strong></span> 
     </span>
    </p>
   </div>
   <div class='ocr_carea' id='block_1_71' title="bbox 2164 2804 3812 2875">
    <p class='ocr_par' dir='ltr' id='par_1_71' title="bbox 2164 2804 3812 2875">
     <span class='ocr_line' id='line_1_71' title="bbox 2164 2804 3812 2875; baseline 0.003 -15"><span class='ocrx_word' id='word_1_553' title='bbox 2164 2805 2486 2863; x_wconf 84' lang='lat' dir='ltr'><strong>Mentienles</strong></span> <span class='ocrx_word' id='word_1_554' title='bbox 2521 2804 2704 2875; x_wconf 88' lang='lat' dir='ltr'><strong>jaeulo</strong></span> <span class='ocrx_word' id='word_1_555' title='bbox 2737 2807 2887 2863; x_wconf 78' lang='lat' dir='ltr'><strong>nudi-</strong></span> <span class='ocrx_word' id='word_1_556' title='bbox 2915 2810 3187 2864; x_wconf 84' lang='lat' dir='ltr'><strong>sermonis</strong></span> <span class='ocrx_word' id='word_1_557' title='bbox 3215 2808 3451 2865; x_wconf 79' lang='lat' dir='ltr'><strong>occidit?</strong></span> <span class='ocrx_word' id='word_1_558' title='bbox 3491 2809 3747 2865; x_wconf 79' lang='lat' dir='ltr'><strong>Oratione</strong></span> <span class='ocrx_word' id='word_1_559' title='bbox 3808 2821 3812 2825; x_wconf 87' lang='lat'><strong><em>&#39;</em></strong></span> 
     </span>
    </p>
   </div>
   <div class='ocr_carea' id='block_1_72' title="bbox 2165 2898 3747 2975">
    <p class='ocr_par' dir='ltr' id='par_1_72' title="bbox 2165 2898 3747 2975">
     <span class='ocr_line' id='line_1_72' title="bbox 2165 2898 3747 2975; baseline 0.001 -22"><span class='ocrx_word' id='word_1_560' title='bbox 2165 2911 2406 2956; x_wconf 88' lang='lat' dir='ltr'><strong>mortuos</strong></span> <span class='ocrx_word' id='word_1_561' title='bbox 2432 2898 2742 2955; x_wconf 71' lang='lat' dir='ltr'><strong>suscitavit?</strong></span> <span class='ocrx_word' id='word_1_562' title='bbox 2771 2898 2988 2972; x_wconf 81' lang='lat' dir='ltr'><strong>(Matth.</strong></span> <span class='ocrx_word' id='word_1_563' title='bbox 3018 2910 3132 2975; x_wconf 72' lang='lat' dir='ltr'><strong>xvn,</strong></span> <span class='ocrx_word' id='word_1_564' title='bbox 3153 2909 3276 2963; x_wconf 68' lang='grc' dir='ltr'>ιινς</span> <span class='ocrx_word' id='word_1_565' title='bbox 3303 2899 3419 2956; x_wconf 83' lang='lat' dir='ltr'><strong>Act.</strong></span> <span class='ocrx_word' id='word_1_566' title='bbox 3449 2898 3611 2971; x_wconf 81' lang='lat' dir='ltr'><strong>v,tx.)</strong></span> <span class='ocrx_word' id='word_1_567' title='bbox 3647 2899 3747 2955; x_wconf 83' lang='lat' dir='ltr'><strong>llic</strong></span> 
     </span>
    </p>
   </div>
   <div class='ocr_carea' id='block_1_73' title="bbox 2168 2989 3747 3059">
    <p class='ocr_par' dir='ltr' id='par_1_73' title="bbox 2168 2989 3747 3059">
     <span class='ocr_line' id='line_1_73' title="bbox 2168 2989 3747 3059; baseline -0.001 -14"><span class='ocrx_word' id='word_1_568' title='bbox 2168 2991 2348 3059; x_wconf 87' lang='lat' dir='ltr'><strong>itaque</strong></span> <span class='ocrx_word' id='word_1_569' title='bbox 2376 2998 2484 3043; x_wconf 84' lang='lat' dir='ltr'><strong>tam</strong></span> <span class='ocrx_word' id='word_1_570' title='bbox 2511 2989 2760 3047; x_wconf 87' lang='lat' dir='ltr'><strong>sublimis</strong></span> <span class='ocrx_word' id='word_1_571' title='bbox 2796 2990 2977 3045; x_wconf 87' lang='lat' dir='ltr'><strong>meriti</strong></span> <span class='ocrx_word' id='word_1_572' title='bbox 3014 2990 3099 3045; x_wconf 88' lang='lat' dir='ltr'><strong>vir</strong></span> <span class='ocrx_word' id='word_1_573' title='bbox 3134 3005 3258 3045; x_wconf 89' lang='lat' dir='ltr'><strong>cum</strong></span> <span class='ocrx_word' id='word_1_574' title='bbox 3284 3005 3352 3044; x_wconf 81' lang='lat' dir='ltr'><strong>ex</strong></span> <span class='ocrx_word' id='word_1_575' title='bbox 3378 2990 3747 3047; x_wconf 88' lang='lat' dir='ltr'><strong>admonitione</strong></span> 
     </span>
    </p>
   </div>
   <div class='ocr_carea' id='block_1_74' title="bbox 2168 3078 3746 3151">
    <p class='ocr_par' dir='ltr' id='par_1_74' title="bbox 2168 3078 3746 3151">
     <span class='ocr_line' id='line_1_74' title="bbox 2168 3078 3746 3151; baseline -0.001 -17"><span class='ocrx_word' id='word_1_576' title='bbox 2168 3079 2341 3134; x_wconf 78' lang='lat' dir='ltr'><strong>sancti</strong></span> <span class='ocrx_word' id='word_1_577' title='bbox 2370 3079 2606 3148; x_wconf 83' lang='lat' dir='ltr'><strong>Spiritus</strong></span> <span class='ocrx_word' id='word_1_578' title='bbox 2636 3079 2705 3135; x_wconf 86' lang='lat' dir='ltr'><strong>ad</strong></span> <span class='ocrx_word' id='word_1_579' title='bbox 2731 3078 3058 3146; x_wconf 81' lang='lat' dir='ltr'><strong>Cernelium,</strong></span> <span class='ocrx_word' id='word_1_580' title='bbox 3087 3079 3338 3151; x_wconf 77' lang='lat' dir='ltr'><strong>gentileni</strong></span> <span class='ocrx_word' id='word_1_581' title='bbox 3372 3079 3617 3133; x_wconf 89' lang='lat' dir='ltr'><strong>videlicet</strong></span> <span class='ocrx_word' id='word_1_582' title='bbox 3642 3078 3746 3136; x_wconf 64' lang='lat' dir='ltr'><strong>hoc</strong></span> 
     </span>
    </p>
   </div>
   <div class='ocr_carea' id='block_1_75' title="bbox 2169 3167 3747 3242">
    <p class='ocr_par' dir='ltr' id='par_1_75' title="bbox 2169 3167 3747 3242">
     <span class='ocr_line' id='line_1_75' title="bbox 2169 3167 3747 3242; baseline 0.001 -18"><span class='ocrx_word' id='word_1_583' title='bbox 2169 3171 2390 3238; x_wconf 82' lang='lat' dir='ltr'><strong>minem,</strong></span> <span class='ocrx_word' id='word_1_584' title='bbox 2424 3167 2613 3227; x_wconf 82' lang='lat' dir='ltr'><strong>fuisset</strong></span> <span class='ocrx_word' id='word_1_585' title='bbox 2644 3171 2940 3242; x_wconf 76' lang='lat' dir='ltr'><strong>ingressus,</strong></span> <span class='ocrx_word' id='word_1_586' title='bbox 2970 3169 3230 3227; x_wconf 82' lang='lat' dir='ltr'><strong>adversus</strong></span> <span class='ocrx_word' id='word_1_587' title='bbox 3259 3184 3381 3226; x_wconf 90' lang='lat' dir='ltr'><strong>eum</strong></span> <span class='ocrx_word' id='word_1_588' title='bbox 3411 3170 3638 3241; x_wconf 82' lang='lat' dir='ltr'><strong>quaestio</strong></span> <span class='ocrx_word' id='word_1_589' title='bbox 3666 3170 3747 3225; x_wconf 75' lang='lat' dir='ltr'><strong>fa-</strong></span> 
     </span>
    </p>
   </div>
   <div class='ocr_carea' id='block_1_76' title="bbox 2167 3264 3745 3334">
    <p class='ocr_par' dir='ltr' id='par_1_76' title="bbox 2167 3264 3745 3334">
     <span class='ocr_line' id='line_1_76' title="bbox 2167 3264 3745 3334; baseline 0.002 -16"><span class='ocrx_word' id='word_1_590' title='bbox 2167 3272 2251 3321; x_wconf 82' lang='lat' dir='ltr'><strong>cla</strong></span> <span class='ocrx_word' id='word_1_591' title='bbox 2283 3268 2368 3319; x_wconf 86' lang='lat' dir='ltr'><strong>est</strong></span> <span class='ocrx_word' id='word_1_592' title='bbox 2389 3264 2457 3320; x_wconf 87' lang='lat' dir='ltr'><strong>ab</strong></span> <span class='ocrx_word' id='word_1_593' title='bbox 2481 3265 2587 3331; x_wconf 89' lang='lat' dir='ltr'><strong>his,</strong></span> <span class='ocrx_word' id='word_1_594' title='bbox 2615 3265 2707 3334; x_wconf 87' lang='lat' dir='ltr'><strong>qui</strong></span> <span class='ocrx_word' id='word_1_595' title='bbox 2733 3275 2893 3320; x_wconf 83' lang='lat' dir='ltr'><strong>erant</strong></span> <span class='ocrx_word' id='word_1_596' title='bbox 2914 3280 2980 3321; x_wconf 79' lang='lat' dir='ltr'><strong>ex</strong></span> <span class='ocrx_word' id='word_1_597' title='bbox 3013 3265 3446 3329; x_wconf 82' lang='lat' dir='ltr'><strong>circumcisione.</strong></span> <span class='ocrx_word' id='word_1_598' title='bbox 3477 3265 3745 3331; x_wconf 80' lang='lat' dir='ltr'><strong>ﬁdelibus,</strong></span> 
     </span>
    </p>
   </div>
   <div class='ocr_carea' id='block_1_77' title="bbox 2166 3356 3747 3431">
    <p class='ocr_par' dir='ltr' id='par_1_77' title="bbox 2166 3356 3747 3431">
     <span class='ocr_line' id='line_1_77' title="bbox 2166 3356 3747 3431; baseline 0.003 -21"><span class='ocrx_word' id='word_1_599' title='bbox 2166 3357 2311 3429; x_wconf 88' lang='lat' dir='ltr'><strong>quod</strong></span> <span class='ocrx_word' id='word_1_600' title='bbox 2336 3357 2402 3413; x_wconf 88' lang='lat' dir='ltr'><strong>ad</strong></span> <span class='ocrx_word' id='word_1_601' title='bbox 2435 3356 2764 3429; x_wconf 83' lang='lat' dir='ltr'><strong>alienigenas</strong></span> <span class='ocrx_word' id='word_1_602' title='bbox 2791 3358 3092 3426; x_wconf 86' lang='lat' dir='ltr'><strong>introisset,</strong></span> <span class='ocrx_word' id='word_1_603' title='bbox 3124 3368 3287 3431; x_wconf 84' lang='lat' dir='ltr'><strong>atque</strong></span> <span class='ocrx_word' id='word_1_604' title='bbox 3316 3375 3437 3415; x_wconf 90' lang='lat' dir='ltr'><strong>cum</strong></span> <span class='ocrx_word' id='word_1_605' title='bbox 3464 3359 3546 3414; x_wconf 86' lang='lat' dir='ltr'><strong>eis</strong></span> <span class='ocrx_word' id='word_1_606' title='bbox 3564 3374 3747 3416; x_wconf 81' lang='lat' dir='ltr'><strong>come-</strong></span> 
     </span>
    </p>
   </div>
   <div class='ocr_carea' id='block_1_78' title="bbox 2167 3432 3746 3520">
    <p class='ocr_par' dir='ltr' id='par_1_78' title="bbox 2167 3432 3746 3520">
     <span class='ocr_line' id='line_1_78' title="bbox 2167 3432 3746 3520; baseline 0.004 -22"><span class='ocrx_word' id='word_1_607' title='bbox 2167 3432 2296 3503; x_wconf 79' lang='lat' dir='ltr'><strong>dere</strong></span> <span class='ocrx_word' id='word_1_608' title='bbox 2334 3446 2801 3517; x_wconf 72' lang='lat' dir='ltr'><strong>przesumpsisset,</strong></span> <span class='ocrx_word' id='word_1_609' title='bbox 2830 3447 3052 3518; x_wconf 87' lang='lat' dir='ltr'><strong>insuper</strong></span> <span class='ocrx_word' id='word_1_610' title='bbox 3079 3457 3136 3503; x_wconf 89' lang='lat' dir='ltr'><strong>et</strong></span> <span class='ocrx_word' id='word_1_611' title='bbox 3163 3448 3217 3503; x_wconf 89' lang='lat' dir='ltr'><strong>in</strong></span> <span class='ocrx_word' id='word_1_612' title='bbox 3247 3447 3567 3520; x_wconf 87' lang='lat' dir='ltr'><strong>baptismate</strong></span> <span class='ocrx_word' id='word_1_613' title='bbox 3591 3463 3746 3505; x_wconf 86' lang='lat' dir='ltr'><strong>recc-</strong></span> 
     </span>
    </p>
   </div>
   <div class='ocr_carea' id='block_1_79' title="bbox 2166 3536 3748 3610">
    <p class='ocr_par' dir='ltr' id='par_1_79' title="bbox 2166 3536 3748 3610">
     <span class='ocr_line' id='line_1_79' title="bbox 2166 3536 3748 3610; baseline 0.004 -20"><span class='ocrx_word' id='word_1_614' title='bbox 2166 3537 2334 3607; x_wconf 88' lang='lat' dir='ltr'><strong>pisset</strong></span> <span class='ocrx_word' id='word_1_615' title='bbox 2360 3536 2499 3609; x_wconf 80' lang='lat' dir='ltr'><strong>(Art.</strong></span> <span class='ocrx_word' id='word_1_616' title='bbox 2527 3554 2583 3605; x_wconf 69' lang='grc' dir='ltr'><strong>ι,</strong></span> <span class='ocrx_word' id='word_1_617' title='bbox 2619 3539 2726 3608; x_wconf 79' lang='lat' dir='ltr'><strong>xi).</strong></span> <span class='ocrx_word' id='word_1_618' title='bbox 2753 3537 2873 3605; x_wconf 89' lang='lat' dir='ltr'><strong>llic,</strong></span> <span class='ocrx_word' id='word_1_619' title='bbox 2904 3541 3142 3610; x_wconf 82' lang='lat' dir='ltr'><strong>inquam,</strong></span> <span class='ocrx_word' id='word_1_620' title='bbox 3187 3550 3268 3596; x_wconf 91' lang='lat' dir='ltr'><strong>tot</strong></span> <span class='ocrx_word' id='word_1_621' title='bbox 3292 3540 3557 3597; x_wconf 91' lang='lat' dir='ltr'><strong>donorum</strong></span> <span class='ocrx_word' id='word_1_622' title='bbox 3586 3540 3748 3597; x_wconf 68' lang='lat' dir='ltr'><strong>cccle-</strong></span> 
     </span>
    </p>
   </div>
   <div class='ocr_carea' id='block_1_80' title="bbox 2166 3628 3750 3699">
    <p class='ocr_par' dir='ltr' id='par_1_80' title="bbox 2166 3628 3750 3699">
     <span class='ocr_line' id='line_1_80' title="bbox 2166 3628 3750 3699; baseline 0.004 -17"><span class='ocrx_word' id='word_1_623' title='bbox 2166 3628 2330 3683; x_wconf 90' lang='lat' dir='ltr'><strong>stium</strong></span> <span class='ocrx_word' id='word_1_624' title='bbox 2374 3628 2778 3698; x_wconf 87' lang='lat' dir='ltr'><strong>incomparabili</strong></span> <span class='ocrx_word' id='word_1_625' title='bbox 2804 3631 3004 3687; x_wconf 88' lang='lat' dir='ltr'><strong>virtute</strong></span> <span class='ocrx_word' id='word_1_626' title='bbox 3038 3629 3319 3699; x_wconf 79' lang='lat' dir='ltr'><strong>suﬂ‘ultus,</strong></span> <span class='ocrx_word' id='word_1_627' title='bbox 3355 3641 3435 3688; x_wconf 91' lang='lat' dir='ltr'><strong>tot</strong></span> <span class='ocrx_word' id='word_1_628' title='bbox 3459 3631 3750 3689; x_wconf 85' lang='lat' dir='ltr'><strong>miraculo-</strong></span> 
     </span>
    </p>
   </div>
   <div class='ocr_carea' id='block_1_81' title="bbox 2169 3721 3746 3794">
    <p class='ocr_par' dir='ltr' id='par_1_81' title="bbox 2169 3721 3746 3794">
     <span class='ocr_line' id='line_1_81' title="bbox 2169 3721 3746 3794; baseline 0.004 -21"><span class='ocrx_word' id='word_1_629' title='bbox 2169 3735 2286 3773; x_wconf 91' lang='lat' dir='ltr'><strong>rum</strong></span> <span class='ocrx_word' id='word_1_630' title='bbox 2340 3721 2647 3776; x_wconf 89' lang='lat' dir='ltr'><strong>ostensione</strong></span> <span class='ocrx_word' id='word_1_631' title='bbox 2698 3722 3057 3789; x_wconf 70' lang='lat' dir='ltr'><strong>conspicuus,</strong></span> <span class='ocrx_word' id='word_1_632' title='bbox 3105 3723 3339 3794; x_wconf 80' lang='lat' dir='ltr'><strong>querela:</strong></span> <span class='ocrx_word' id='word_1_633' title='bbox 3383 3723 3746 3794; x_wconf 86' lang='lat' dir='ltr'><strong>subjectorum</strong></span> 
     </span>
    </p>
   </div>
   <div class='ocr_carea' id='block_1_82' title="bbox 2171 3812 3748 3881">
    <p class='ocr_par' dir='ltr' id='par_1_82' title="bbox 2171 3812 3748 3881">
     <span class='ocr_line' id='line_1_82' title="bbox 2171 3812 3748 3881; baseline 0.004 -16"><span class='ocrx_word' id='word_1_634' title='bbox 2171 3825 2275 3865; x_wconf 88' lang='lat' dir='ltr'><strong>non</strong></span> <span class='ocrx_word' id='word_1_635' title='bbox 2325 3824 2388 3864; x_wconf 90' lang='lat' dir='ltr'><strong>ex</strong></span> <span class='ocrx_word' id='word_1_636' title='bbox 2438 3820 2703 3880; x_wconf 86' lang='lat' dir='ltr'><strong>potestate</strong></span> <span class='ocrx_word' id='word_1_637' title='bbox 2749 3812 2986 3881; x_wconf 77' lang='lat' dir='ltr'><strong>restitit,</strong></span> <span class='ocrx_word' id='word_1_638' title='bbox 3030 3814 3126 3869; x_wconf 52' lang='lat' dir='ltr'><strong>sed</strong></span> <span class='ocrx_word' id='word_1_639' title='bbox 3173 3815 3433 3871; x_wconf 86' lang='lat' dir='ltr'><strong>rationem</strong></span> <span class='ocrx_word' id='word_1_640' title='bbox 3476 3816 3748 3872; x_wconf 82' lang='lat' dir='ltr'><strong>reddendo</strong></span> 
     </span>
    </p>
   </div>
   <div class='ocr_carea' id='block_1_83' title="bbox 2170 3902 3750 3981">
    <p class='ocr_par' dir='ltr' id='par_1_83' title="bbox 2170 3902 3750 3981">
     <span class='ocr_line' id='line_1_83' title="bbox 2170 3902 3750 3981; baseline 0.001 -23"><span class='ocrx_word' id='word_1_641' title='bbox 2170 3902 2445 3963; x_wconf 87' lang='lat' dir='ltr'><strong>luuniiiter</strong></span> <span class='ocrx_word' id='word_1_642' title='bbox 2483 3903 2765 3981; x_wconf 59' lang='lat' dir='ltr'><strong>satisfecit,</strong></span> <span class='ocrx_word' id='word_1_643' title='bbox 2793 3919 3121 3976; x_wconf 87' lang='lat' dir='ltr'><strong>causamque</strong></span> <span class='ocrx_word' id='word_1_644' title='bbox 3158 3922 3252 3978; x_wconf 89' lang='lat' dir='ltr'><strong>per</strong></span> <span class='ocrx_word' id='word_1_645' title='bbox 3277 3908 3519 3964; x_wconf 89' lang='lat' dir='ltr'><strong>ordinem</strong></span> <span class='ocrx_word' id='word_1_646' title='bbox 3549 3909 3750 3963; x_wconf 74' lang='lat' dir='ltr'><strong>veridi.</strong></span> 
     </span>
    </p>
   </div>
   <div class='ocr_carea' id='block_1_84' title="bbox 2168 3993 3748 4068">
    <p class='ocr_par' dir='ltr' id='par_1_84' title="bbox 2168 3993 3748 4068">
     <span class='ocr_line' id='line_1_84' title="bbox 2168 3993 3748 4068; baseline 0.003 -20"><span class='ocrx_word' id='word_1_647' title='bbox 2168 4009 2264 4048; x_wconf 76' lang='lat' dir='ltr'><strong>cus</strong></span> <span class='ocrx_word' id='word_1_648' title='bbox 2310 3993 2506 4048; x_wconf 85' lang='lat' dir='ltr'><strong>relator</strong></span> <span class='ocrx_word' id='word_1_649' title='bbox 2549 3995 2830 4063; x_wconf 82' lang='lat' dir='ltr'><strong>exposuit;</strong></span> <span class='ocrx_word' id='word_1_650' title='bbox 2869 3995 3142 4066; x_wconf 86' lang='lat' dir='ltr'><strong>quomodo</strong></span> <span class='ocrx_word' id='word_1_651' title='bbox 3182 3997 3429 4052; x_wconf 78' lang='lat' dir='ltr'><strong>videlicet</strong></span> <span class='ocrx_word' id='word_1_652' title='bbox 3459 4013 3552 4056; x_wconf 88' lang='lat' dir='ltr'><strong>vas</strong></span> <span class='ocrx_word' id='word_1_653' title='bbox 3577 3999 3748 4068; x_wconf 82' lang='lat' dir='ltr'><strong>qued-</strong></span> 
     </span>
    </p>
   </div>
   <div class='ocr_carea' id='block_1_85' title="bbox 2169 4082 3748 4157">
    <p class='ocr_par' dir='ltr' id='par_1_85' title="bbox 2169 4082 3748 4157">
     <span class='ocr_line' id='line_1_85' title="bbox 2169 4082 3748 4157; baseline 0.005 -22"><span class='ocrx_word' id='word_1_654' title='bbox 2169 4083 2292 4136; x_wconf 76' lang='lat' dir='ltr'><strong>tlam</strong></span> <span class='ocrx_word' id='word_1_655' title='bbox 2325 4082 2470 4137; x_wconf 89' lang='lat' dir='ltr'><strong>velut</strong></span> <span class='ocrx_word' id='word_1_656' title='bbox 2498 4082 2718 4140; x_wconf 87' lang='lat' dir='ltr'><strong>linteum</strong></span> <span class='ocrx_word' id='word_1_657' title='bbox 2747 4085 2799 4139; x_wconf 91' lang='lat' dir='ltr'><strong>in</strong></span> <span class='ocrx_word' id='word_1_658' title='bbox 2825 4100 2933 4153; x_wconf 92' lang='lat' dir='ltr'><strong>quo</strong></span> <span class='ocrx_word' id='word_1_659' title='bbox 2962 4082 3325 4155; x_wconf 87' lang='lat' dir='ltr'><strong>quadrupedia</strong></span> <span class='ocrx_word' id='word_1_660' title='bbox 3364 4096 3551 4153; x_wconf 70' lang='lat' dir='ltr'><strong>terrae,</strong></span> <span class='ocrx_word' id='word_1_661' title='bbox 3582 4087 3748 4157; x_wconf 57' lang='lat' dir='ltr'><strong>reptiv</strong></span> 
     </span>
    </p>
   </div>
   <div class='ocr_carea' id='block_1_86' title="bbox 2171 4158 3745 4243">
    <p class='ocr_par' dir='ltr' id='par_1_86' title="bbox 2171 4158 3745 4243">
     <span class='ocr_line' id='line_1_86' title="bbox 2171 4158 3745 4243; baseline 0.004 -18"><span class='ocrx_word' id='word_1_662' title='bbox 2171 4158 2239 4228; x_wconf 88' lang='lat' dir='ltr'><strong>lia</strong></span> <span class='ocrx_word' id='word_1_663' title='bbox 2270 4182 2432 4242; x_wconf 90' lang='lat' dir='ltr'><strong>atque</strong></span> <span class='ocrx_word' id='word_1_664' title='bbox 2462 4174 2697 4229; x_wconf 89' lang='lat' dir='ltr'><strong>volatilia</strong></span> <span class='ocrx_word' id='word_1_665' title='bbox 2750 4175 2986 4242; x_wconf 88' lang='lat' dir='ltr'><strong>inerant,</strong></span> <span class='ocrx_word' id='word_1_666' title='bbox 3013 4176 3079 4231; x_wconf 89' lang='lat' dir='ltr'><strong>de</strong></span> <span class='ocrx_word' id='word_1_667' title='bbox 3107 4176 3244 4231; x_wconf 85' lang='lat' dir='ltr'><strong>coelo</strong></span> <span class='ocrx_word' id='word_1_668' title='bbox 3265 4176 3506 4232; x_wconf 84' lang='lat' dir='ltr'><strong>submitti</strong></span> <span class='ocrx_word' id='word_1_669' title='bbox 3529 4175 3745 4243; x_wconf 88' lang='lat' dir='ltr'><strong>viderit,</strong></span> 
     </span>
    </p>
   </div>
   <div class='ocr_carea' id='block_1_87' title="bbox 2169 4262 3742 4336">
    <p class='ocr_par' dir='ltr' id='par_1_87' title="bbox 2169 4262 3742 4336">
     <span class='ocr_line' id='line_1_87' title="bbox 2169 4262 3742 4336; baseline 0.003 -20"><span class='ocrx_word' id='word_1_670' title='bbox 2169 4278 2356 4318; x_wconf 90' lang='lat' dir='ltr'><strong>vocem</strong></span> <span class='ocrx_word' id='word_1_671' title='bbox 2381 4262 2611 4319; x_wconf 89' lang='lat' dir='ltr'><strong>audierit</strong></span> <span class='ocrx_word' id='word_1_672' title='bbox 2629 4283 2691 4319; x_wconf 66' lang='grc' dir='ltr'><strong>εκ(</strong></span> <span class='ocrx_word' id='word_1_673' title='bbox 2715 4263 2906 4336; x_wconf 89' lang='lat' dir='ltr'><strong>Surge,</strong></span> <span class='ocrx_word' id='word_1_674' title='bbox 2923 4266 3101 4330; x_wconf 87' lang='lat' dir='ltr'><strong>Petre,</strong></span> <span class='ocrx_word' id='word_1_675' title='bbox 3121 4275 3320 4333; x_wconf 88' lang='lat' dir='ltr'><strong>macta,</strong></span> <span class='ocrx_word' id='word_1_676' title='bbox 3342 4276 3393 4322; x_wconf 90' lang='lat' dir='ltr'><strong>et</strong></span> <span class='ocrx_word' id='word_1_677' title='bbox 3415 4268 3699 4326; x_wconf 85' lang='lat' dir='ltr'><strong>manduca.</strong></span> <span class='ocrx_word' id='word_1_678' title='bbox 3719 4287 3742 4320; x_wconf 74' lang='grc' dir='ltr'><strong><em>ι</em></strong></span> 
     </span>
    </p>
   </div>
   <div class='ocr_carea' id='block_1_88' title="bbox 497 4344 3747 4443">
    <p class='ocr_par' dir='ltr' id='par_1_88' title="bbox 497 4344 3747 4443">
     <span class='ocr_line' id='line_1_88' title="bbox 497 4344 3747 4443; baseline 0.002 -34"><span class='ocrx_word' id='word_1_679' title='bbox 497 4344 668 4409; x_wconf 79' lang='lat' dir='ltr'><strong>Porro</strong></span> <span class='ocrx_word' id='word_1_680' title='bbox 693 4365 793 4407; x_wconf 77' lang='lat' dir='ltr'><strong>nec</strong></span> <span class='ocrx_word' id='word_1_681' title='bbox 816 4348 1008 4409; x_wconf 88' lang='lat' dir='ltr'><strong>beatus</strong></span> <span class='ocrx_word' id='word_1_682' title='bbox 1035 4368 1168 4432; x_wconf 88' lang='lat' dir='ltr'><strong>papa</strong></span> <span class='ocrx_word' id='word_1_683' title='bbox 1198 4344 1510 4428; x_wconf 83' lang='lat' dir='ltr'><strong>Gregorius,</strong></span> <span class='ocrx_word' id='word_1_684' title='bbox 1551 4359 1635 4414; x_wconf 86' lang='lat' dir='ltr'><strong>vel</strong></span> <span class='ocrx_word' id='word_1_685' title='bbox 1674 4361 1850 4416; x_wconf 71' lang='lat' dir='ltr'><strong>ueteri</strong></span> <span class='ocrx_word' id='word_1_686' title='bbox 1881 4361 2068 4419; x_wconf 85' lang='lat' dir='ltr'><strong>Patres</strong></span> <span class='ocrx_word' id='word_1_687' title='bbox 2098 4384 2144 4443; x_wconf 78' lang='grc' dir='ltr'>ι)</span> <span class='ocrx_word' id='word_1_688' title='bbox 2171 4355 2413 4423; x_wconf 88' lang='lat' dir='ltr'><strong>Qualiter</strong></span> <span class='ocrx_word' id='word_1_689' title='bbox 2433 4355 2595 4411; x_wconf 89' lang='lat' dir='ltr'><strong>etiam</strong></span> <span class='ocrx_word' id='word_1_690' title='bbox 2627 4364 2738 4412; x_wconf 89' lang='lat' dir='ltr'><strong>tres</strong></span> <span class='ocrx_word' id='word_1_691' title='bbox 2765 4358 2863 4412; x_wconf 87' lang='lat' dir='ltr'><strong>viri</strong></span> <span class='ocrx_word' id='word_1_692' title='bbox 2892 4358 3171 4415; x_wconf 86' lang='lat' dir='ltr'><strong>venientes</strong></span> <span class='ocrx_word' id='word_1_693' title='bbox 3192 4375 3315 4415; x_wconf 87' lang='lat' dir='ltr'><strong>eum</strong></span> <span class='ocrx_word' id='word_1_694' title='bbox 3342 4361 3408 4414; x_wconf 86' lang='lat' dir='ltr'><strong>ad</strong></span> <span class='ocrx_word' id='word_1_695' title='bbox 3435 4360 3747 4417; x_wconf 81' lang='lat' dir='ltr'><strong>Cornelium</strong></span> 
     </span>
    </p>
   </div>
   <div class='ocr_carea' id='block_1_89' title="bbox 493 4434 2067 4529">
    <p class='ocr_par' dir='ltr' id='par_1_89' title="bbox 493 4434 2067 4529">
     <span class='ocr_line' id='line_1_89' title="bbox 493 4434 2067 4529; baseline 0.008 -35"><span class='ocrx_word' id='word_1_696' title='bbox 493 4434 586 4526; x_wconf 76' lang='lat' dir='ltr'><strong>qui</strong></span> <span class='ocrx_word' id='word_1_697' title='bbox 616 4441 845 4497; x_wconf 87' lang='lat' dir='ltr'><strong>diversis</strong></span> <span class='ocrx_word' id='word_1_698' title='bbox 869 4441 1197 4529; x_wconf 86' lang='lat' dir='ltr'><strong>temporibus</strong></span> <span class='ocrx_word' id='word_1_699' title='bbox 1225 4445 1276 4500; x_wconf 90' lang='lat' dir='ltr'><strong>in</strong></span> <span class='ocrx_word' id='word_1_700' title='bbox 1302 4447 1608 4529; x_wconf 78' lang='lat' dir='ltr'><strong>apostolica:</strong></span> <span class='ocrx_word' id='word_1_701' title='bbox 1643 4450 1786 4505; x_wconf 87' lang='lat' dir='ltr'><strong>sedis</strong></span> <span class='ocrx_word' id='word_1_702' title='bbox 1809 4450 2067 4523; x_wconf 83' lang='lat' dir='ltr'><strong>regimine</strong></span> 
     </span>
    </p>
   </div>
   <div class='ocr_carea' id='block_1_90' title="bbox 495 4528 2065 4608">
    <p class='ocr_par' dir='ltr' id='par_1_90' title="bbox 495 4528 2065 4608">
     <span class='ocr_line' id='line_1_90' title="bbox 495 4528 2065 4608; baseline 0.005 -21"><span class='ocrx_word' id='word_1_703' title='bbox 495 4529 815 4601; x_wconf 72' lang='lat' dir='ltr'><strong>ﬂoruerunt,</strong></span> <span class='ocrx_word' id='word_1_704' title='bbox 839 4532 981 4587; x_wconf 88' lang='lat' dir='ltr'><strong>hunc</strong></span> <span class='ocrx_word' id='word_1_705' title='bbox 1018 4528 1225 4589; x_wconf 86' lang='lat' dir='ltr'><strong>morem</strong></span> <span class='ocrx_word' id='word_1_706' title='bbox 1266 4535 1321 4595; x_wconf 85' lang='lat' dir='ltr'><strong>in</strong></span> <span class='ocrx_word' id='word_1_707' title='bbox 1344 4528 1473 4591; x_wconf 86' lang='lat' dir='ltr'><strong>suis</strong></span> <span class='ocrx_word' id='word_1_708' title='bbox 1510 4538 1849 4608; x_wconf 82' lang='lat' dir='ltr'><strong>reperiuntur</strong></span> <span class='ocrx_word' id='word_1_709' title='bbox 1875 4539 2065 4595; x_wconf 88' lang='lat' dir='ltr'><strong>obser-</strong></span> 
     </span>
    </p>
   </div>
   <div class='ocr_carea' id='block_1_91' title="bbox 496 4618 2064 4697">
    <p class='ocr_par' dir='ltr' id='par_1_91' title="bbox 496 4618 2064 4697">
     <span class='ocr_line' id='line_1_91' title="bbox 496 4618 2064 4697; baseline 0.008 -23"><span class='ocrx_word' id='word_1_710' title='bbox 496 4626 655 4678; x_wconf 81' lang='lat' dir='ltr'><strong>vaSse</strong></span> <span class='ocrx_word' id='word_1_711' title='bbox 678 4618 930 4687; x_wconf 88' lang='lat' dir='ltr'><strong>decretis,</strong></span> <span class='ocrx_word' id='word_1_712' title='bbox 952 4633 1008 4679; x_wconf 91' lang='lat' dir='ltr'><strong>et</strong></span> <span class='ocrx_word' id='word_1_713' title='bbox 1034 4627 1118 4680; x_wconf 89' lang='lat' dir='ltr'><strong>vix</strong></span> <span class='ocrx_word' id='word_1_714' title='bbox 1158 4640 1344 4682; x_wconf 88' lang='lat' dir='ltr'><strong>eorum</strong></span> <span class='ocrx_word' id='word_1_715' title='bbox 1364 4627 1664 4697; x_wconf 49' lang='lat' dir='ltr'><strong>,‘aliquando</strong></span> <span class='ocrx_word' id='word_1_716' title='bbox 1688 4631 1906 4685; x_wconf 86' lang='lat' dir='ltr'><strong>statutis</strong></span> <span class='ocrx_word' id='word_1_717' title='bbox 1930 4646 2064 4685; x_wconf 83' lang='lat' dir='ltr'><strong>ana-</strong></span> 
     </span>
    </p>
   </div>
   <div class='ocr_carea' id='block_1_92' title="bbox 498 4706 2065 4783">
    <p class='ocr_par' dir='ltr' id='par_1_92' title="bbox 498 4706 2065 4783">
     <span class='ocr_line' id='line_1_92' title="bbox 498 4706 2065 4783; baseline 0.006 -14"><span class='ocrx_word' id='word_1_718' title='bbox 498 4706 677 4781; x_wconf 78' lang='lat' dir='ltr'><strong>tltema</strong></span> <span class='ocrx_word' id='word_1_719' title='bbox 709 4715 1059 4783; x_wconf 87' lang='lat' dir='ltr'><strong>subnectitur,</strong></span> <span class='ocrx_word' id='word_1_720' title='bbox 1097 4718 1197 4773; x_wconf 85' lang='lat' dir='ltr'><strong>nisi</strong></span> <span class='ocrx_word' id='word_1_721' title='bbox 1224 4733 1345 4776; x_wconf 86' lang='lat' dir='ltr'><strong>cum</strong></span> <span class='ocrx_word' id='word_1_722' title='bbox 1369 4721 1645 4777; x_wconf 80' lang='lat' dir='ltr'><strong>catholica:</strong></span> <span class='ocrx_word' id='word_1_723' title='bbox 1678 4723 1798 4780; x_wconf 82' lang='lat' dir='ltr'><strong>ﬁdei</strong></span> <span class='ocrx_word' id='word_1_724' title='bbox 1827 4722 2065 4779; x_wconf 85' lang='lat' dir='ltr'><strong>clausula</strong></span> 
     </span>
    </p>
   </div>
   <div class='ocr_carea' id='block_1_93' title="bbox 496 4804 2066 4882">
    <p class='ocr_par' dir='ltr' id='par_1_93' title="bbox 496 4804 2066 4882">
     <span class='ocr_line' id='line_1_93' title="bbox 496 4804 2066 4882; baseline 0.01 -27"><span class='ocrx_word' id='word_1_725' title='bbox 496 4804 831 4861; x_wconf 84' lang='lat' dir='ltr'><strong>terminatur.</strong></span> <span class='ocrx_word' id='word_1_726' title='bbox 861 4804 1217 4872; x_wconf 80' lang='lat' dir='ltr'><strong>Quamobrem</strong></span> <span class='ocrx_word' id='word_1_727' title='bbox 1248 4811 1293 4866; x_wconf 92' lang='lat' dir='ltr'><strong>si</strong></span> <span class='ocrx_word' id='word_1_728' title='bbox 1321 4820 1520 4867; x_wconf 84' lang='lat' dir='ltr'><strong>sanctae</strong></span> <span class='ocrx_word' id='word_1_729' title='bbox 1552 4814 1849 4882; x_wconf 65' lang='lat' dir='ltr'><strong>prudentiae</strong></span> <span class='ocrx_word' id='word_1_730' title='bbox 1872 4824 2066 4871; x_wconf 69' lang='lat' dir='ltr'><strong>vestrae</strong></span> 
     </span>
    </p>
   </div>
   <div class='ocr_carea' id='block_1_94' title="bbox 495 4893 2073 4973">
    <p class='ocr_par' dir='ltr' id='par_1_94' title="bbox 495 4893 2073 4973">
     <span class='ocr_line' id='line_1_94' title="bbox 495 4893 2073 4973; baseline 0.009 -25"><span class='ocrx_word' id='word_1_731' title='bbox 495 4893 691 4967; x_wconf 88' lang='lat' dir='ltr'><strong>placet,</strong></span> <span class='ocrx_word' id='word_1_732' title='bbox 719 4897 859 4951; x_wconf 85' lang='lat' dir='ltr'><strong>hunc</strong></span> <span class='ocrx_word' id='word_1_733' title='bbox 878 4913 1083 4957; x_wconf 85' lang='lat' dir='ltr'><strong>morem</strong></span> <span class='ocrx_word' id='word_1_734' title='bbox 1106 4900 1172 4955; x_wconf 91' lang='lat' dir='ltr'><strong>de</strong></span> <span class='ocrx_word' id='word_1_735' title='bbox 1199 4910 1394 4958; x_wconf 87' lang='lat' dir='ltr'><strong>caetero</strong></span> <span class='ocrx_word' id='word_1_736' title='bbox 1416 4917 1448 4957; x_wconf 89' lang='lat' dir='ltr'><strong>a</strong></span> <span class='ocrx_word' id='word_1_737' title='bbox 1470 4900 1836 4965; x_wconf 84' lang='lat' dir='ltr'><strong>Decretalibus</strong></span> <span class='ocrx_word' id='word_1_738' title='bbox 1856 4904 2073 4973; x_wconf 77' lang='lat' dir='ltr'><strong>paginis-</strong></span> 
     </span>
    </p>
   </div>
   <div class='ocr_carea' id='block_1_95' title="bbox 496 4985 2067 5065">
    <p class='ocr_par' dir='ltr' id='par_1_95' title="bbox 496 4985 2067 5065">
     <span class='ocr_line' id='line_1_95' title="bbox 496 4985 2067 5065; baseline 0.008 -25"><span class='ocrx_word' id='word_1_739' title='bbox 496 4985 731 5040; x_wconf 86' lang='lat' dir='ltr'><strong>amoveri</strong></span> <span class='ocrx_word' id='word_1_740' title='bbox 752 4988 1049 5056; x_wconf 63' lang='lat' dir='ltr'><strong>praecipiat,</strong></span> <span class='ocrx_word' id='word_1_741' title='bbox 1075 5000 1129 5045; x_wconf 92' lang='lat' dir='ltr'><strong>et</strong></span> <span class='ocrx_word' id='word_1_742' title='bbox 1148 4991 1234 5046; x_wconf 89' lang='lat' dir='ltr'><strong>vel</strong></span> <span class='ocrx_word' id='word_1_743' title='bbox 1256 4989 1436 5057; x_wconf 86' lang='lat' dir='ltr'><strong>damni</strong></span> <span class='ocrx_word' id='word_1_744' title='bbox 1458 4994 1717 5065; x_wconf 64' lang='lat' dir='ltr'><strong>pecuniae,</strong></span> <span class='ocrx_word' id='word_1_745' title='bbox 1739 4994 1822 5050; x_wconf 89' lang='lat' dir='ltr'><strong>vel</strong></span> <span class='ocrx_word' id='word_1_746' title='bbox 1846 4994 2067 5054; x_wconf 84' lang='lat' dir='ltr'><strong>alterius</strong></span> 
     </span>
    </p>
   </div>
   <div class='ocr_carea' id='block_1_96' title="bbox 495 5074 2066 5154">
    <p class='ocr_par' dir='ltr' id='par_1_96' title="bbox 495 5074 2066 5154">
     <span class='ocr_line' id='line_1_96' title="bbox 495 5074 2066 5154; baseline 0.007 -24"><span class='ocrx_word' id='word_1_747' title='bbox 495 5074 781 5146; x_wconf 87' lang='lat' dir='ltr'><strong>cujuslibet</strong></span> <span class='ocrx_word' id='word_1_748' title='bbox 812 5076 1028 5133; x_wconf 88' lang='lat' dir='ltr'><strong>ultionis</strong></span> <span class='ocrx_word' id='word_1_749' title='bbox 1053 5079 1314 5135; x_wconf 90' lang='lat' dir='ltr'><strong>calculum</strong></span> <span class='ocrx_word' id='word_1_750' title='bbox 1342 5082 1396 5140; x_wconf 92' lang='lat' dir='ltr'><strong>in</strong></span> <span class='ocrx_word' id='word_1_751' title='bbox 1425 5097 1611 5137; x_wconf 89' lang='lat' dir='ltr'><strong>earum</strong></span> <span class='ocrx_word' id='word_1_752' title='bbox 1642 5084 2066 5154; x_wconf 78' lang='lat' dir='ltr'><strong>transgressione</strong></span> 
     </span>
    </p>
   </div>
   <div class='ocr_carea' id='block_1_97' title="bbox 407 5166 2065 5241">
    <p class='ocr_par' dir='ltr' id='par_1_97' title="bbox 407 5166 2065 5241">
     <span class='ocr_line' id='line_1_97' title="bbox 407 5166 2065 5241; baseline 0.007 -22"><span class='ocrx_word' id='word_1_753' title='bbox 407 5236 412 5241; x_wconf 28' lang='lat'><strong><em>.</em></strong></span> <span class='ocrx_word' id='word_1_754' title='bbox 497 5166 775 5238; x_wconf 80' lang='lat' dir='ltr'><strong>praeligat;</strong></span> <span class='ocrx_word' id='word_1_755' title='bbox 819 5182 888 5222; x_wconf 88' lang='lat' dir='ltr'><strong>ne</strong></span> <span class='ocrx_word' id='word_1_756' title='bbox 915 5171 1056 5237; x_wconf 89' lang='lat' dir='ltr'><strong>quod</strong></span> <span class='ocrx_word' id='word_1_757' title='bbox 1093 5169 1210 5228; x_wconf 91' lang='lat' dir='ltr'><strong>aliis</strong></span> <span class='ocrx_word' id='word_1_758' title='bbox 1234 5181 1317 5228; x_wconf 90' lang='lat' dir='ltr'><strong>est</strong></span> <span class='ocrx_word' id='word_1_759' title='bbox 1355 5174 1421 5228; x_wconf 89' lang='lat' dir='ltr'><strong>ad</strong></span> <span class='ocrx_word' id='word_1_760' title='bbox 1460 5174 1698 5231; x_wconf 87' lang='lat' dir='ltr'><strong>tuitionis</strong></span> <span class='ocrx_word' id='word_1_761' title='bbox 1734 5174 2065 5231; x_wconf 88' lang='lat' dir='ltr'><strong>munimenta</strong></span> 
     </span>
    </p>
   </div>
   <div class='ocr_carea' id='block_1_98' title="bbox 494 5258 1990 5337">
    <p class='ocr_par' dir='ltr' id='par_1_98' title="bbox 494 5258 1990 5337">
     <span class='ocr_line' id='line_1_98' title="bbox 494 5258 1990 5337; baseline 0.007 -25"><span class='ocrx_word' id='word_1_762' title='bbox 494 5260 789 5337; x_wconf 88' lang='lat' dir='ltr'><strong>provisum,</strong></span> <span class='ocrx_word' id='word_1_763' title='bbox 821 5260 940 5318; x_wconf 90' lang='lat' dir='ltr'><strong>aliis</strong></span> <span class='ocrx_word' id='word_1_764' title='bbox 960 5262 1027 5317; x_wconf 89' lang='lat' dir='ltr'><strong>ad</strong></span> <span class='ocrx_word' id='word_1_765' title='bbox 1051 5265 1341 5334; x_wconf 86' lang='lat' dir='ltr'><strong>perniciem</strong></span> <span class='ocrx_word' id='word_1_766' title='bbox 1362 5258 1643 5336; x_wconf 78' lang='lat' dir='ltr'><strong>proveniat</strong></span> <span class='ocrx_word' id='word_1_767' title='bbox 1670 5269 1990 5330; x_wconf 87' lang='lat' dir='ltr'><strong>animarum.</strong></span> 
     </span>
    </p>
   </div>
   <div class='ocr_carea' id='block_1_99' title="bbox 567 5348 2067 5429">
    <p class='ocr_par' dir='ltr' id='par_1_99' title="bbox 567 5348 2067 5429">
     <span class='ocr_line' id='line_1_99' title="bbox 567 5348 2067 5429; baseline 0.007 -26"><span class='ocrx_word' id='word_1_768' title='bbox 567 5348 703 5405; x_wconf 84' lang='lat' dir='ltr'><strong>Illud</strong></span> <span class='ocrx_word' id='word_1_769' title='bbox 731 5351 894 5406; x_wconf 87' lang='lat' dir='ltr'><strong>etiam</strong></span> <span class='ocrx_word' id='word_1_770' title='bbox 913 5391 928 5410; x_wconf 89' lang='lat'><strong>.</strong></span> <span class='ocrx_word' id='word_1_771' title='bbox 953 5355 1095 5424; x_wconf 90' lang='lat' dir='ltr'><strong>quod</strong></span> <span class='ocrx_word' id='word_1_772' title='bbox 1125 5354 1359 5410; x_wconf 88' lang='lat' dir='ltr'><strong>dicitur:</strong></span> <span class='ocrx_word' id='word_1_773' title='bbox 1401 5374 1420 5406; x_wconf 87' lang='grc'><strong><em>‹</em></strong></span> <span class='ocrx_word' id='word_1_774' title='bbox 1458 5357 1572 5411; x_wconf 77' lang='lat' dir='ltr'><strong>Non</strong></span> <span class='ocrx_word' id='word_1_775' title='bbox 1598 5358 1760 5414; x_wconf 88' lang='lat' dir='ltr'><strong>licere</strong></span> <span class='ocrx_word' id='word_1_776' title='bbox 1780 5358 2067 5429; x_wconf 87' lang='lat' dir='ltr'><strong>cujuslibet</strong></span> 
     </span>
    </p>
   </div>
   <div class='ocr_carea' id='block_1_100' title="bbox 497 5436 2065 5516">
    <p class='ocr_par' dir='ltr' id='par_1_100' title="bbox 497 5436 2065 5516">
     <span class='ocr_line' id='line_1_100' title="bbox 497 5436 2065 5516; baseline 0.007 -24"><span class='ocrx_word' id='word_1_777' title='bbox 497 5436 752 5496; x_wconf 76' lang='lat' dir='ltr'><strong>Ecclesia:</strong></span> <span class='ocrx_word' id='word_1_778' title='bbox 774 5441 938 5496; x_wconf 85' lang='lat' dir='ltr'><strong>lilium</strong></span> <span class='ocrx_word' id='word_1_779' title='bbox 971 5442 1040 5497; x_wconf 92' lang='lat' dir='ltr'><strong>ad</strong></span> <span class='ocrx_word' id='word_1_780' title='bbox 1064 5442 1320 5512; x_wconf 88' lang='lat' dir='ltr'><strong>majorem</strong></span> <span class='ocrx_word' id='word_1_781' title='bbox 1342 5445 1635 5501; x_wconf 76' lang='lat' dir='ltr'><strong>Ecclesium</strong></span> <span class='ocrx_word' id='word_1_782' title='bbox 1658 5448 1855 5516; x_wconf 87' lang='lat' dir='ltr'><strong>preprii</strong></span> <span class='ocrx_word' id='word_1_783' title='bbox 1881 5459 2065 5503; x_wconf 89' lang='lat' dir='ltr'><strong>reatus</strong></span> 
     </span>
    </p>
   </div>
   <div class='ocr_carea' id='block_1_101' title="bbox 496 5528 2060 5604">
    <p class='ocr_par' dir='ltr' id='par_1_101' title="bbox 496 5528 2060 5604">
     <span class='ocr_line' id='line_1_101' title="bbox 496 5528 2060 5604; baseline 0.009 -23"><span class='ocrx_word' id='word_1_784' title='bbox 496 5528 751 5599; x_wconf 77' lang='lat' dir='ltr'><strong>episcopi,</strong></span> <span class='ocrx_word' id='word_1_785' title='bbox 775 5542 829 5587; x_wconf 92' lang='lat' dir='ltr'><strong>et</strong></span> <span class='ocrx_word' id='word_1_786' title='bbox 849 5548 1073 5604; x_wconf 74' lang='lat' dir='ltr'><strong>quaeque</strong></span> <span class='ocrx_word' id='word_1_787' title='bbox 1092 5542 1219 5590; x_wconf 90' lang='lat' dir='ltr'><strong>sunt</strong></span> <span class='ocrx_word' id='word_1_788' title='bbox 1238 5536 1572 5604; x_wconf 82' lang='lat' dir='ltr'><strong>corrigenda,</strong></span> <span class='ocrx_word' id='word_1_789' title='bbox 1597 5536 1827 5602; x_wconf 83' lang='lat' dir='ltr'><strong>deferre,</strong></span> <span class='ocrx_word' id='word_1_790' title='bbox 1851 5556 1869 5590; x_wconf 77' lang='grc' dir='ltr'><strong>ι</strong></span> <span class='ocrx_word' id='word_1_791' title='bbox 1900 5538 2060 5595; x_wconf 86' lang='lat' dir='ltr'><strong>nimis</strong></span> 
     </span>
    </p>
   </div>
   <div class='ocr_carea' id='block_1_102' title="bbox 500 5620 2062 5700">
    <p class='ocr_par' dir='ltr' id='par_1_102' title="bbox 500 5620 2062 5700">
     <span class='ocr_line' id='line_1_102' title="bbox 500 5620 2062 5700; baseline 0.01 -30"><span class='ocrx_word' id='word_1_792' title='bbox 500 5620 760 5676; x_wconf 88' lang='lat' dir='ltr'><strong>absonum</strong></span> <span class='ocrx_word' id='word_1_793' title='bbox 814 5633 862 5679; x_wconf 91' lang='lat' dir='ltr'><strong>et</strong></span> <span class='ocrx_word' id='word_1_794' title='bbox 894 5642 1112 5689; x_wconf 77' lang='lat' dir='ltr'><strong>prorsus</strong></span> <span class='ocrx_word' id='word_1_795' title='bbox 1136 5627 1510 5686; x_wconf 71' lang='lat' dir='ltr'><strong>ecclesiasticae</strong></span> <span class='ocrx_word' id='word_1_796' title='bbox 1545 5628 1839 5699; x_wconf 58' lang='lat' dir='ltr'><strong>disciplinae</strong></span> <span class='ocrx_word' id='word_1_797' title='bbox 1865 5630 2062 5700; x_wconf 82' lang='lat' dir='ltr'><strong>probu-</strong></span> 
     </span>
    </p>
   </div>
   <div class='ocr_carea' id='block_1_103' title="bbox 2173 4448 3745 4521">
    <p class='ocr_par' dir='ltr' id='par_1_103' title="bbox 2173 4448 3745 4521">
     <span class='ocr_line' id='line_1_103' title="bbox 2173 4448 3745 4521; baseline 0.005 -24"><span class='ocrx_word' id='word_1_798' title='bbox 2173 4455 2497 4501; x_wconf 87' lang='lat' dir='ltr'><strong>vocaverunt</strong></span> <span class='ocrx_word' id='word_1_799' title='bbox 2523 4463 2535 4500; x_wconf 93' lang='lat'><strong>:</strong></span> <span class='ocrx_word' id='word_1_800' title='bbox 2568 4448 2802 4516; x_wconf 86' lang='lat' dir='ltr'><strong>qualiter</strong></span> <span class='ocrx_word' id='word_1_801' title='bbox 2826 4456 3099 4519; x_wconf 87' lang='lat' dir='ltr'><strong>postremo</strong></span> <span class='ocrx_word' id='word_1_802' title='bbox 3124 4450 3358 4521; x_wconf 84' lang='lat' dir='ltr'><strong>Spiritus</strong></span> <span class='ocrx_word' id='word_1_803' title='bbox 3380 4462 3598 4507; x_wconf 88' lang='lat' dir='ltr'><strong>sanctus</strong></span> <span class='ocrx_word' id='word_1_804' title='bbox 3619 4468 3745 4512; x_wconf 84' lang='lat' dir='ltr'><strong>eum</strong></span> 
     </span>
    </p>
   </div>
   <div class='ocr_carea' id='block_1_104' title="bbox 2172 4534 3747 4617">
    <p class='ocr_par' dir='ltr' id='par_1_104' title="bbox 2172 4534 3747 4617">
     <span class='ocr_line' id='line_1_104' title="bbox 2172 4534 3747 4617; baseline 0.001 -27"><span class='ocrx_word' id='word_1_805' title='bbox 2172 4549 2293 4590; x_wconf 90' lang='lat' dir='ltr'><strong>cum</strong></span> <span class='ocrx_word' id='word_1_806' title='bbox 2322 4534 2427 4589; x_wconf 90' lang='lat' dir='ltr'><strong>illis</strong></span> <span class='ocrx_word' id='word_1_807' title='bbox 2446 4535 2526 4589; x_wconf 90' lang='lat' dir='ltr'><strong>ire</strong></span> <span class='ocrx_word' id='word_1_808' title='bbox 2547 4539 2882 4608; x_wconf 82' lang='lat' dir='ltr'><strong>praeceperit,</strong></span> <span class='ocrx_word' id='word_1_809' title='bbox 2906 4545 2961 4592; x_wconf 91' lang='lat' dir='ltr'><strong>et</strong></span> <span class='ocrx_word' id='word_1_810' title='bbox 2980 4541 3431 4617; x_wconf 69' lang='lat' dir='ltr'><strong>quemadmodum</strong></span> <span class='ocrx_word' id='word_1_811' title='bbox 3459 4541 3598 4596; x_wconf 89' lang='lat' dir='ltr'><strong>idem</strong></span> <span class='ocrx_word' id='word_1_812' title='bbox 3624 4541 3747 4612; x_wconf 62' lang='lat' dir='ltr'><strong>Spi.</strong></span> 
     </span>
    </p>
   </div>
   <div class='ocr_carea' id='block_1_105' title="bbox 2173 4625 3746 4699">
    <p class='ocr_par' dir='ltr' id='par_1_105' title="bbox 2173 4625 3746 4699">
     <span class='ocr_line' id='line_1_105' title="bbox 2173 4625 3746 4699; baseline 0.004 -21"><span class='ocrx_word' id='word_1_813' title='bbox 2173 4625 2308 4682; x_wconf 88' lang='lat' dir='ltr'><strong>ritus</strong></span> <span class='ocrx_word' id='word_1_814' title='bbox 2333 4635 2576 4692; x_wconf 87' lang='lat' dir='ltr'><strong>sanctus,</strong></span> <span class='ocrx_word' id='word_1_815' title='bbox 2604 4627 2693 4697; x_wconf 90' lang='lat' dir='ltr'><strong>qui</strong></span> <span class='ocrx_word' id='word_1_816' title='bbox 2723 4628 3069 4697; x_wconf 84' lang='lat' dir='ltr'><strong>supervenire</strong></span> <span class='ocrx_word' id='word_1_817' title='bbox 3090 4628 3201 4696; x_wconf 83' lang='lat' dir='ltr'><strong>jam</strong></span> <span class='ocrx_word' id='word_1_818' title='bbox 3235 4630 3520 4699; x_wconf 82' lang='lat' dir='ltr'><strong>baptizatis</strong></span> <span class='ocrx_word' id='word_1_819' title='bbox 3558 4630 3611 4684; x_wconf 82' lang='lat' dir='ltr'><strong>in</strong></span> <span class='ocrx_word' id='word_1_820' title='bbox 3651 4630 3746 4685; x_wconf 83' lang='lat' dir='ltr'><strong>Ju-</strong></span> 
     </span>
    </p>
   </div>
   <div class='ocr_carea' id='block_1_106' title="bbox 2170 4717 3746 4791">
    <p class='ocr_par' dir='ltr' id='par_1_106' title="bbox 2170 4717 3746 4791">
     <span class='ocr_line' id='line_1_106' title="bbox 2170 4717 3746 4791; baseline 0.003 -18"><span class='ocrx_word' id='word_1_821' title='bbox 2170 4717 2283 4773; x_wconf 69' lang='lat' dir='ltr'><strong>dzea</strong></span> <span class='ocrx_word' id='word_1_822' title='bbox 2306 4728 2681 4786; x_wconf 82' lang='lat' dir='ltr'><strong>consueverat,</strong></span> <span class='ocrx_word' id='word_1_823' title='bbox 2714 4719 2765 4773; x_wconf 92' lang='lat' dir='ltr'><strong>in</strong></span> <span class='ocrx_word' id='word_1_824' title='bbox 2792 4722 3022 4790; x_wconf 86' lang='lat' dir='ltr'><strong>gentiles</strong></span> <span class='ocrx_word' id='word_1_825' title='bbox 3056 4730 3110 4775; x_wconf 88' lang='lat' dir='ltr'><strong>et</strong></span> <span class='ocrx_word' id='word_1_826' title='bbox 3151 4730 3275 4775; x_wconf 87' lang='lat' dir='ltr'><strong>ante</strong></span> <span class='ocrx_word' id='word_1_827' title='bbox 3303 4722 3625 4791; x_wconf 85' lang='lat' dir='ltr'><strong>baptismum</strong></span> <span class='ocrx_word' id='word_1_828' title='bbox 3656 4737 3746 4777; x_wconf 81' lang='lat' dir='ltr'><strong>ve-</strong></span> 
     </span>
    </p>
   </div>
   <div class='ocr_carea' id='block_1_107' title="bbox 2170 4809 3748 4893">
    <p class='ocr_par' dir='ltr' id='par_1_107' title="bbox 2170 4809 3748 4893">
     <span class='ocr_line' id='line_1_107' title="bbox 2170 4809 3748 4893; baseline 0.003 -27"><span class='ocrx_word' id='word_1_829' title='bbox 2170 4811 2269 4867; x_wconf 88' lang='lat' dir='ltr'><strong>nit.</strong></span> <span class='ocrx_word' id='word_1_830' title='bbox 2300 4809 2360 4867; x_wconf 89' lang='lat' dir='ltr'><strong>Si</strong></span> <span class='ocrx_word' id='word_1_831' title='bbox 2390 4811 2552 4882; x_wconf 87' lang='lat' dir='ltr'><strong>igitur</strong></span> <span class='ocrx_word' id='word_1_832' title='bbox 2580 4811 2680 4867; x_wconf 89' lang='lat' dir='ltr'><strong>iste</strong></span> <span class='ocrx_word' id='word_1_833' title='bbox 2705 4827 2826 4867; x_wconf 90' lang='lat' dir='ltr'><strong>cum</strong></span> <span class='ocrx_word' id='word_1_834' title='bbox 2851 4829 2882 4867; x_wconf 89' lang='lat' dir='ltr'><strong>a</strong></span> <span class='ocrx_word' id='word_1_835' title='bbox 2908 4815 3185 4893; x_wconf 76' lang='lat' dir='ltr'><strong>discipulis</strong></span> <span class='ocrx_word' id='word_1_836' title='bbox 3210 4815 3537 4884; x_wconf 82' lang='lat' dir='ltr'><strong>culparetur,</strong></span> <span class='ocrx_word' id='word_1_837' title='bbox 3559 4826 3748 4876; x_wconf 86' lang='lat' dir='ltr'><strong>aucto-</strong></span> 
     </span>
    </p>
   </div>
   <div class='ocr_carea' id='block_1_108' title="bbox 2170 4900 3743 4972">
    <p class='ocr_par' dir='ltr' id='par_1_108' title="bbox 2170 4900 3743 4972">
     <span class='ocr_line' id='line_1_108' title="bbox 2170 4900 3743 4972; baseline 0.003 -16"><span class='ocrx_word' id='word_1_838' title='bbox 2170 4900 2383 4956; x_wconf 84' lang='lat' dir='ltr'><strong>ritatem</strong></span> <span class='ocrx_word' id='word_1_839' title='bbox 2408 4941 2424 4967; x_wconf 93' lang='lat'><strong>,</strong></span> <span class='ocrx_word' id='word_1_840' title='bbox 2474 4915 2634 4970; x_wconf 88' lang='lat' dir='ltr'><strong>quam</strong></span> <span class='ocrx_word' id='word_1_841' title='bbox 2682 4901 2735 4956; x_wconf 91' lang='lat' dir='ltr'><strong>in</strong></span> <span class='ocrx_word' id='word_1_842' title='bbox 2767 4913 2953 4963; x_wconf 84' lang='lat' dir='ltr'><strong>sancta</strong></span> <span class='ocrx_word' id='word_1_843' title='bbox 2997 4904 3175 4960; x_wconf 85' lang='lat' dir='ltr'><strong>fuerat</strong></span> <span class='ocrx_word' id='word_1_844' title='bbox 3216 4907 3440 4963; x_wconf 87' lang='lat' dir='ltr'><strong>sortitus</strong></span> <span class='ocrx_word' id='word_1_845' title='bbox 3470 4905 3743 4972; x_wconf 87' lang='lat' dir='ltr'><strong>Ecclesia,</strong></span> 
     </span>
    </p>
   </div>
   <div class='ocr_carea' id='block_1_109' title="bbox 2170 4990 3745 5066">
    <p class='ocr_par' dir='ltr' id='par_1_109' title="bbox 2170 4990 3745 5066">
     <span class='ocr_line' id='line_1_109' title="bbox 2170 4990 3745 5066; baseline 0.006 -23"><span class='ocrx_word' id='word_1_846' title='bbox 2170 4990 2427 5046; x_wconf 88' lang='lat' dir='ltr'><strong>voluisset</strong></span> <span class='ocrx_word' id='word_1_847' title='bbox 2464 4991 2772 5057; x_wconf 90' lang='lat' dir='ltr'><strong>obtendere,</strong></span> <span class='ocrx_word' id='word_1_848' title='bbox 2804 4995 3130 5064; x_wconf 88' lang='lat' dir='ltr'><strong>respondere</strong></span> <span class='ocrx_word' id='word_1_849' title='bbox 3155 5005 3436 5066; x_wconf 84' lang='lat' dir='ltr'><strong>potuerat,</strong></span> <span class='ocrx_word' id='word_1_850' title='bbox 3467 5007 3526 5052; x_wconf 90' lang='lat' dir='ltr'><strong>ut</strong></span> <span class='ocrx_word' id='word_1_851' title='bbox 3562 5006 3745 5066; x_wconf 87' lang='lat' dir='ltr'><strong>pasto-</strong></span> 
     </span>
    </p>
   </div>
   <div class='ocr_carea' id='block_1_110' title="bbox 2170 5084 3741 5161">
    <p class='ocr_par' dir='ltr' id='par_1_110' title="bbox 2170 5084 3741 5161">
     <span class='ocr_line' id='line_1_110' title="bbox 2170 5084 3741 5161; baseline 0.003 -24"><span class='ocrx_word' id='word_1_852' title='bbox 2170 5097 2284 5137; x_wconf 86' lang='lat' dir='ltr'><strong>rem</strong></span> <span class='ocrx_word' id='word_1_853' title='bbox 2316 5098 2472 5137; x_wconf 90' lang='lat' dir='ltr'><strong>suum</strong></span> <span class='ocrx_word' id='word_1_854' title='bbox 2501 5098 2630 5138; x_wconf 84' lang='lat' dir='ltr'><strong>oves</strong></span> <span class='ocrx_word' id='word_1_855' title='bbox 2657 5098 2776 5151; x_wconf 81' lang='lat' dir='ltr'><strong>qua:</strong></span> <span class='ocrx_word' id='word_1_856' title='bbox 2801 5084 2904 5139; x_wconf 91' lang='lat' dir='ltr'><strong>sibi</strong></span> <span class='ocrx_word' id='word_1_857' title='bbox 2930 5087 3231 5142; x_wconf 83' lang='lat' dir='ltr'><strong>commissae</strong></span> <span class='ocrx_word' id='word_1_858' title='bbox 3275 5088 3520 5151; x_wconf 78' lang='lat' dir='ltr'><strong>fuerant,</strong></span> <span class='ocrx_word' id='word_1_859' title='bbox 3562 5103 3741 5161; x_wconf 81' lang='lat' dir='ltr'><strong>repre-</strong></span> 
     </span>
    </p>
   </div>
   <div class='ocr_carea' id='block_1_111' title="bbox 2170 5172 3740 5250">
    <p class='ocr_par' dir='ltr' id='par_1_111' title="bbox 2170 5172 3740 5250">
     <span class='ocr_line' id='line_1_111' title="bbox 2170 5172 3740 5250; baseline 0.003 -22"><span class='ocrx_word' id='word_1_860' title='bbox 2170 5172 2405 5228; x_wconf 89' lang='lat' dir='ltr'><strong>hendere</strong></span> <span class='ocrx_word' id='word_1_861' title='bbox 2449 5187 2555 5228; x_wconf 89' lang='lat' dir='ltr'><strong>non</strong></span> <span class='ocrx_word' id='word_1_862' title='bbox 2596 5174 2877 5232; x_wconf 90' lang='lat' dir='ltr'><strong>auderent.</strong></span> <span class='ocrx_word' id='word_1_863' title='bbox 2927 5175 3032 5233; x_wconf 91' lang='lat' dir='ltr'><strong>Sed</strong></span> <span class='ocrx_word' id='word_1_864' title='bbox 3072 5178 3116 5233; x_wconf 92' lang='lat' dir='ltr'><strong>si</strong></span> <span class='ocrx_word' id='word_1_865' title='bbox 3159 5179 3212 5233; x_wconf 92' lang='lat' dir='ltr'><strong>in</strong></span> <span class='ocrx_word' id='word_1_866' title='bbox 3243 5178 3460 5250; x_wconf 80' lang='lat' dir='ltr'><strong>querela</strong></span> <span class='ocrx_word' id='word_1_867' title='bbox 3503 5180 3740 5235; x_wconf 78' lang='lat' dir='ltr'><strong>ﬁdelium</strong></span> 
     </span>
    </p>
   </div>
   <div class='ocr_carea' id='block_1_112' title="bbox 2170 5262 3742 5341">
    <p class='ocr_par' dir='ltr' id='par_1_112' title="bbox 2170 5262 3742 5341">
     <span class='ocr_line' id='line_1_112' title="bbox 2170 5262 3742 5341; baseline 0.007 -23"><span class='ocrx_word' id='word_1_868' title='bbox 2170 5262 2453 5325; x_wconf 78' lang='lat' dir='ltr'><strong>potestatis</strong></span> <span class='ocrx_word' id='word_1_869' title='bbox 2499 5279 2612 5320; x_wconf 73' lang='lat' dir='ltr'><strong>sua:</strong></span> <span class='ocrx_word' id='word_1_870' title='bbox 2654 5265 2867 5322; x_wconf 90' lang='lat' dir='ltr'><strong>titulum</strong></span> <span class='ocrx_word' id='word_1_871' title='bbox 2906 5267 3461 5339; x_wconf 76' lang='lat' dir='ltr'><strong>objecisset,&#39;domor</strong></span> <span class='ocrx_word' id='word_1_872' title='bbox 3502 5271 3742 5341; x_wconf 78' lang='lat' dir='ltr'><strong>proiecto</strong></span> 
     </span>
    </p>
   </div>
   <div class='ocr_carea' id='block_1_113' title="bbox 2171 5355 3739 5431">
    <p class='ocr_par' dir='ltr' id='par_1_113' title="bbox 2171 5355 3739 5431">
     <span class='ocr_line' id='line_1_113' title="bbox 2171 5355 3739 5431; baseline 0.004 -23"><span class='ocrx_word' id='word_1_873' title='bbox 2171 5355 2596 5411; x_wconf 85' lang='lat' dir='ltr'><strong>mansuetudinis</strong></span> <span class='ocrx_word' id='word_1_874' title='bbox 2638 5372 2745 5412; x_wconf 91' lang='lat' dir='ltr'><strong>non</strong></span> <span class='ocrx_word' id='word_1_875' title='bbox 2774 5356 2981 5414; x_wconf 81' lang='lat' dir='ltr'><strong>fuisset.</strong></span> <span class='ocrx_word' id='word_1_876' title='bbox 3025 5358 3144 5414; x_wconf 77' lang='lat' dir='ltr'><strong>Non</strong></span> <span class='ocrx_word' id='word_1_877' title='bbox 3179 5376 3307 5428; x_wconf 83' lang='lat' dir='ltr'><strong>ergo</strong></span> <span class='ocrx_word' id='word_1_878' title='bbox 3336 5376 3430 5419; x_wconf 81' lang='lat' dir='ltr'><strong>eos</strong></span> <span class='ocrx_word' id='word_1_879' title='bbox 3475 5360 3739 5431; x_wconf 82' lang='lat' dir='ltr'><strong>privilegii</strong></span> 
     </span>
    </p>
   </div>
   <div class='ocr_carea' id='block_1_114' title="bbox 2168 5444 3745 5521">
    <p class='ocr_par' dir='ltr' id='par_1_114' title="bbox 2168 5444 3745 5521">
     <span class='ocr_line' id='line_1_114' title="bbox 2168 5444 3745 5521; baseline 0.003 -20"><span class='ocrx_word' id='word_1_880' title='bbox 2168 5444 2250 5501; x_wconf 87' lang='lat' dir='ltr'><strong>sui</strong></span> <span class='ocrx_word' id='word_1_881' title='bbox 2293 5448 2616 5501; x_wconf 89' lang='lat' dir='ltr'><strong>auctoritate</strong></span> <span class='ocrx_word' id='word_1_882' title='bbox 2644 5448 2919 5517; x_wconf 89' lang='lat' dir='ltr'><strong>repressit,</strong></span> <span class='ocrx_word' id='word_1_883' title='bbox 2959 5444 3054 5504; x_wconf 90' lang='lat' dir='ltr'><strong>sed</strong></span> <span class='ocrx_word' id='word_1_884' title='bbox 3098 5450 3284 5504; x_wconf 84' lang='lat' dir='ltr'><strong>humili</strong></span> <span class='ocrx_word' id='word_1_885' title='bbox 3322 5452 3499 5521; x_wconf 88' lang='lat' dir='ltr'><strong>potius</strong></span> <span class='ocrx_word' id='word_1_886' title='bbox 3527 5452 3745 5508; x_wconf 76' lang='lat' dir='ltr'><strong>satisfa-</strong></span> 
     </span>
    </p>
   </div>
   <div class='ocr_carea' id='block_1_115' title="bbox 2169 5538 3739 5618">
    <p class='ocr_par' dir='ltr' id='par_1_115' title="bbox 2169 5538 3739 5618">
     <span class='ocr_line' id='line_1_115' title="bbox 2169 5538 3739 5618; baseline 0.003 -25"><span class='ocrx_word' id='word_1_887' title='bbox 2169 5538 2347 5593; x_wconf 89' lang='lat' dir='ltr'><strong>ctione</strong></span> <span class='ocrx_word' id='word_1_888' title='bbox 2376 5538 2639 5609; x_wconf 85' lang='lat' dir='ltr'><strong>placavit;</strong></span> <span class='ocrx_word' id='word_1_889' title='bbox 2670 5547 2722 5593; x_wconf 91' lang='lat' dir='ltr'><strong>et</strong></span> <span class='ocrx_word' id='word_1_890' title='bbox 2752 5547 3007 5608; x_wconf 88' lang='lat' dir='ltr'><strong>tanquam</strong></span> <span class='ocrx_word' id='word_1_891' title='bbox 3037 5539 3186 5596; x_wconf 88' lang='lat' dir='ltr'><strong>solus</strong></span> <span class='ocrx_word' id='word_1_892' title='bbox 3213 5543 3322 5610; x_wconf 86' lang='lat' dir='ltr'><strong>ipse</strong></span> <span class='ocrx_word' id='word_1_893' title='bbox 3344 5543 3410 5597; x_wconf 88' lang='lat' dir='ltr'><strong>ad</strong></span> <span class='ocrx_word' id='word_1_894' title='bbox 3441 5544 3739 5618; x_wconf 77' lang='lat' dir='ltr'><strong>faciendam</strong></span> 
     </span>
    </p>
   </div>
   <div class='ocr_carea' id='block_1_116' title="bbox 2171 5628 3741 5699">
    <p class='ocr_par' dir='ltr' id='par_1_116' title="bbox 2171 5628 3741 5699">
     <span class='ocr_line' id='line_1_116' title="bbox 2171 5628 3741 5699; baseline 0.001 -13"><span class='ocrx_word' id='word_1_895' title='bbox 2171 5631 2327 5686; x_wconf 86' lang='lat' dir='ltr'><strong>iidem</strong></span> <span class='ocrx_word' id='word_1_896' title='bbox 2357 5646 2462 5686; x_wconf 77' lang='lat' dir='ltr'><strong>nou</strong></span> <span class='ocrx_word' id='word_1_897' title='bbox 2490 5628 2778 5699; x_wconf 78' lang='lat' dir='ltr'><strong>sullicaret,</strong></span> <span class='ocrx_word' id='word_1_898' title='bbox 2805 5631 2967 5688; x_wconf 86' lang='lat' dir='ltr'><strong>etiam</strong></span> <span class='ocrx_word' id='word_1_899' title='bbox 2998 5638 3163 5688; x_wconf 74' lang='lat' dir='ltr'><strong>teetes</strong></span> <span class='ocrx_word' id='word_1_900' title='bbox 3194 5633 3435 5690; x_wconf 79' lang='lat' dir='ltr'><strong>adhibuit</strong></span> <span class='ocrx_word' id='word_1_901' title='bbox 3462 5652 3473 5687; x_wconf 88' lang='lat'><strong>:</strong></span> <span class='ocrx_word' id='word_1_902' title='bbox 3510 5653 3527 5686; x_wconf 74' lang='grc' dir='ltr'><strong>ε</strong></span> <span class='ocrx_word' id='word_1_903' title='bbox 3570 5632 3741 5688; x_wconf 72' lang='grc' dir='ltr'><strong>νεηθ-</strong></span> 
     </span>
    </p>
   </div>
  </div>
