4140 6458
256 245 359 300 an
385 229 406 236 ““

1339 253 1540 312 LIBER
1580 255 1867 326 PRIMUS,
1899 257 2096 315 EPIST
2141 253 2280 316 XIII.

3421 268 3530 327 2i8

253 367 395 422 runt,
414 357 612 430 inquit,
629 375 840 417 mecum
866 371 922 419 et
946 379 1042 422 sex
1067 363 1268 424 fratres
1295 368 1405 424 isti.
1437 389 1455 420 ›
1481 369 1666 426 Discat
1687 387 1842 442 ergo,
1875 375 1917 432 Α
1945 386 2069 427 cum
2111 389 2269 429 Servo
2295 375 2566 448 meo-(Job
2594 378 2778 451 xui);
2809 395 2830 430 ι
2855 386 2910 434 et
2937 388 2990 435 ιιι
3021 380 3156 436 dicis
3181 397 3193 436 :
3235 379 3425 446 Absit,
3468 390 3531 436 ut

253 464 374 505 cum
403 451 470 507 de
497 453 611 509 suis
637 455 846 512 actibus
873 459 1198 514 convenitur
1229 461 1549 531 episcopus,
1576 462 1842 518 rationem

254 543 534 598 humiliter
570 546 821 613 reddere,
855 563 958 602 non
1007 549 1074 604 de
1119 551 1201 606 sui
1243 553 1507 621 primatus
1547 554 1843 609 eminentia

254 635 568 704 superbire;
602 652 701 692 nec
729 637 845 693 fieri
881 640 982 696 sibi
1011 642 1198 698 credat
1229 643 1499 711 iujuriam.
1531 661 1653 701 cum
1678 663 1709 700 a
1736 647 1839 701 mi-

253 724 368 779 nori
394 727 712 798 corripitur,
754 728 848 784 sed
875 731 1246 787 consulentem
1288 735 1497 804 potius,
1542 736 1625 791 vel.
1665 736 1840 791 medi-

253 830 375 870 cum
417 817 501 873 sui
535 818 775 876 vulneris
799 822 1112 881 arbitretur.
1153 823 1405 896 Nunquid
1443 829 1588 884 enim
1631 828 1840 885 Nathan

254 908 551 978 propheta,
603 926 727 966 cum
767 912 937 969 David
977 921 1084 970 tam
1123 925 1352 974 austerae
1402 919 1708 975 severitatis
1757 920 1842 976 in-

255 1002 503 1058 vectione
545 1004 838 1076 corripuit,
885 1006 1309 1082 indignationem
1355 1011 1485 1082 regii
1533 1019 1712 1066 motus
1757 1012 1841 1068 iu-

254 1091 466 1147 currit?
513 1091 765 1163 Nunquid
799 1095 886 1151 ille
923 1097 1117 1168 regalis
1143 1099 1474 1156 excellentiae
1504 1101 1714 1157 culmen
1743 1117 1839 1173 op-

253 1181 449 1251 posuit,
502 1199 568 1238 ac
613 1184 762 1240 velut
805 1185 1007 1244 illatam
1053 1203 1084 1244 a
1128 1189 1370 1259 subjecto
1415 1206 1512 1246 suo
1561 1200 1840 1249 contume-

255 1270 377 1326 liam
409 1273 788 1342 propnlsavit?
825 1275 932 1332 Sed
963 1293 1088 1334 mox
1113 1288 1174 1334 ut
1196 1295 1255 1335 se
1282 1283 1530 1352 cognovit
1552 1292 1838 1354 aegrotum,

255 1364 492 1430 suscepit
533 1363 764 1420 libenter
807 1368 1145 1425 antidotum:
1189 1370 1394 1426 detexit
1421 1372 1634 1438 vulnus,
1667 1385 1722 1428 et
1751 1389 1841 1429 se-

253 1453 448 1509 ctionis
479 1470 593 1510 sure
620 1472 728 1511 non
754 1459 1034 1516 exhorruit
1062 1460 1473 1519 ferramentum.
1504 1465 1639 1522 Vide
1665 1467 1841 1522 humi-

254 1541 355 1596 lem
387 1542 742 1613 languidum:
788 1566 806 1599 ι
849 1548 1094 1614 Peccavi,
1129 1552 1322 1622 inquit,
1355 1553 1600 1610 Domino.
1637 1576 1656 1609 ι
1698 1557 1838 1612 Audi

253 1634 416 1688 etiam
445 1633 603 1689 velox
643 1635 926 1693 medicina:
968 1641 1262 1695 remedium
1290 1659 1302 1694 :
1349 1662 1366 1693 ι
1397 1641 1694 1700 Transtulit
1728 1647 1835 1701 Do-

1945 461 2134 532 digner
2178 464 2245 518 ad
2292 479 2520 538 examen
2556 469 2742 523 venire
2789 483 2909 525 eum
2957 468 3156 526 clerico
3198 486 3340 526 meo.
3388 471 3532 526 Deus

1943 557 2284 624 omnipotens
2319 543 2416 628 per
2441 559 2636 613 Isaiam
2667 561 2904 616 clamat:
2949 580 2968 613 ι
2999 561 3246 618 iudicate
3290 561 3493 632 pupillo
3513 604 3527 625 .

1942 643 2215 702 defendite
2243 649 2460 703 viduam
2482 691 2497 714 ,
2526 659 2582 704 et
2607 651 2815 716 venite,
2855 653 3062 723 argnite
3119 669 3205 707 me
3248 651 3382 724 (Isa.
3414 651 3472 722 ι).
3506 671 3524 703 ι

1944 737 2000 794 Si
2031 739 2076 795 is
2107 741 2198 809 qui
2221 739 2431 808 judicat
2461 744 2664 808 omnia,
2704 761 2808 799 non
2839 746 3158 817 dedignatur
3187 762 3216 801 a
3248 746 3422 800 servis
3443 761 3532 796 ar-

1941 830 2060 900 gui;
2097 839 2151 884 ιιι
2182 846 2372 886 servus
2409 834 2593 903 utique
2618 851 2742 890 eum
2769 851 3032 892 conservo
3063 837 3116 891 in
3146 836 3407 904 judicium
3433 851 3532 890 vc-

1941 916 2060 973 nire
2089 917 2341 974 fa'stidis?
2381 921 2447 975 Et
2486 936 2606 977 cum
2651 923 2726 979 sis
2771 935 2914 979 terra
2951 933 3005 980 et
3038 926 3207 992 cinis,
3233 926 3434 981 vermis
3465 940 3531 979 ac

1939 1011 2134 1083 pulvis,
2152 1013 2439 1071 hnmiliare
2461 1025 2513 1071 te
2539 1017 2774 1089 despicis
2795 1019 2861 1072 ad
2884 1019 3170 1090 imaginem
3198 1018 3530 1074 conditoris?

1938 1101 2247 1159 Prtesertim
2278 1120 2400 1158 cum
2442 1105 2722 1178 Scriptura
2756 1109 2937 1164 dicat:
2973 1127 2990 1160 ι
3024 1109 3226 1165 Ducem
3259 1118 3309 1164 te
3335 1109 3528 1164 consti-

1941 1202 2196 1248 tuerunt:
2239 1195 2348 1250 noli
2376 1197 2582 1262 extolli,
2609 1199 2703 1254 sed
2735 1210 2851 1254 esto
2875 1199 2928 1253 in
2962 1200 3066 1254 illis
3094 1201 3248 1271 quasi
3286 1215 3425 1255 unus
3463 1215 3526 1254 ex
3594 1187 3600 1192 ’

1940 1278 2045 1339 illis
2072 1282 2261 1354 (Eccii.
2295 1286 2490 1357 xxxii).
2524 1305 2543 1338 ι
2576 1287 2677 1354 Qui
2703 1287 2860 1358 plane
2892 1287 3118 1354 nesciat,
3143 1289 3265 1358 quia
3289 1287 3527 1343 Samueli

1939 1371 2233 1431 lsraelitica
2285 1377 2435 1446 plebs
2486 1379 2850 1448 pracjudicium
2901 1379 3124 1445 intulit,
3177 1393 3408 1448 eumque
3464 1379 3530 1433 de

1939 1466 2242 1537 principatu
2289 1467 2484 1537 injuste
2530 1469 2758 1537 dcjccit?
2791 1470 2858 1525 Et
2890 1485 3010 1525 sum
3043 1485 3136 1525 eos
3165 1485 3388 1539 arguere
3416 1485 3531 1525 me—

1941 1561 2044 1614 rito
2073 1561 2355 1630 potuisset,
2390 1559 2531 1616 ultro
2567 1577 2626 1618 se
2653 1562 2988 1632 urguendum
3028 1561 3188 1616 nullis
3223 1559 3528 1615 accusantis

1938 1650 2040 1706 bus
2065 1652 2294 1717 obtulit;
2327 1669 2379 1707 et
2405 1663 2585 1708 utrum
2616 1669 2710 1708 cos
2743 1654 2792 1708 in
2822 1653 3002 1723 aliquo
3024 1653 3291 1708 violenter
3311 1669 3532 1723 oppres-

253 1726 436 1816 rninus
463 1739 746 1796 peccatum
783 1739 954 1794 tuum,
979 1746 1084 1786 non
1117 1733 1367 1788 morieris
1403 1733 1484 1804 (II
1521 1734 1648 1805 Reg.
1679 1736 1831 1807 1:11).»
1871 1732 1916 1792 Β
1942 1743 2095 1807 serit,
2129 1744 2445 1814 inquisivit:
2488 1764 2506 1796 ι
2527 1745 2686 1800 ‘Ecce
2713 1758 2908 1816 pnesto
2940 1761 3056 1800 smn
3077 1787 3090 1812 ,
3119 1745 3324 1815 inquit,
3354 1745 3527 1814 loqui-

252 1803 298 1872 Ε
317 1829 509 1874 contra
542 1835 635 1875 rex
661 1822 865 1884 Achab,
903 1825 994 1894 qui
1022 1803 1495 1895 corripientemse
1522 1803 1840 1898 prophetam

255 1911 443 1966 audire
473 1913 736 1982 despexit,
768 1914 986 1970 ultionis
1008 1916 1274 1987 gladium,
1314 1934 1473 1986 quem
1499 1918 1586 1972 ille
1607 1921 1843 1974 minatus

242 2011 360 2073 εει,
389 2019 497 2058 non
539 2003 730 2058 evasit.
762 2023 780 2056 ‹
811 2004 949 2070 Quia
989 2006 1279 2072 dimisisti,
1321 2008 1518 2078 inquit,
1546 2010 1721 2064 virum
1755 2009 1837 2063 di-

261 2113 424 2168 gnum
454 2106 630 2154 morte
653 2098 720 2154 de
746 2116 910 2154 manu
945 2109 1057 2166 tua,
1088 2102 1192 2155 erit
1213 2102 1393 2157 anima
1427 2111 1515 2155 tua
1542 2118 1640 2172 pro
1660 2103 1840 2159 anima

263 2189 400 2259 ejus,
430 2199 485 2244 et
511 2191 738 2261 populus
767 2202 889 2248 tuus
912 2208 1010 2262 pro
1040 2194 1236 2264 populo
1261 2195 1376 2266 ejus
1393 2193 1508 2266 (Ill
1531 2194 1661 2265 Reg.
1680 2194 1794 2265 xx).
1817 2213 1840 2246 ι

262 2279 427 2334 David
455 2295 586 2351 ergo
615 2281 827 2352 culpam
857 2298 1008 2337 suam
1037 2285 1413 2353 aequanimiter
1436 2285 1681 2351 audiens,
1714 2299 1842 2340 sen-

261 2371 481 2425 tentiam
519 2371 621 2444 15
651 2374 857 2436 mortis,
886 2389 1049 2444 quam
1079 2376 1408 2442 merebatur,
1432 2376 1632 2432 evasit:
1655 2375 1844 2432 Achab

259 2472 439 2515 autem
469 2464 828 2533 correptionis
851 2465 1161 2535 impatiens,
1201 2466 1381 2536 impia:
1404 2467 1654 2536 pietatis,
1681 2483 1843 2537 quam

259 2555 480 2623 indigno
525 2557 634 2624 regi
678 2557 1006 2619 contulerat,
1040 2558 1252 2612 veniam
1283 2573 1390 2612 non
1431 2559 1656 2614 invenit.
1691 2557 1846 2634 Nun-

257 2647 387 2720 quid
415 2656 471 2701 et
500 2647 754 2704 mulieres
789 2649 926 2715 illm,
963 2649 1190 2718 hospita:
1217 2649 1467 2704 videlicet
1512 2647 1843 2715 Salvatoris,

258 2737 492 2796 invicem
521 2739 665 2794 inter
693 2756 751 2796 se
776 2741 1142 2812 litigaverunt.
1178 2743 1306 2796 dum
1331 2742 1498 2797 altera
1527 2751 1847 2811 quereretur

258 2832 519 2885 adversus
546 2831 800 2898 alteram,
831 2832 958 2902 quia
983 2833 1153 2888 solam
1184 2848 1243 2888 se
1272 2833 1582 2888 ministrare
1610 2833 1848 2904 compel-

259 2919 428 2979 leret?
455 2921 611 2994 (Luc.
641 2925 721 2994 ι.)
752 2924 972 2980 Poterat
1013 2927 1155 2982 enim
1191 2925 1360 2982 Maria
1400 2927 1604 2992 dicere,
1634 2935 1848 2982 nostro-

261 3031 378 3077 rum
401 3034 556 3072 ntere
587 3012 902 3087 pontificum
932 3037 944 3072 :
984 3018 1265 3074 Accusasti
1305 3034 1412 3084 me,
1441 3029 1495 3075 et
1523 3019 1755 3090 torporis
1782 3033 1845 3075 ac

263 3107 603 3176 negligentia:
638 3108 1033 3163 condemnasti.
1085 3108 1200 3163 Non
1242 3123 1374 3163 sane
1407 3111 1584 3164 omnis
1625 3110 1843 3180 querela
1873 3092 1917 3155 (ἶ

260 3199 506 3268 protinus
535 3200 809 3254 accusatio
853 3200 1080 3255 dicenda
1123 3211 1226 3258 est.
1273 3200 1406 3256 Nam
1447 3201 1587 3258 aliud
1627 3203 1844 3272 querela

262 3289 676 3359 compassionis,
704 3289 848 3345 aliud
887 3292 1159 3348 accusatio
1185 3292 1472 3347 simultatis
1498 3304 1552 3347 et
1582 3295 1708 3350 odii.
1740 3293 1846 3348 ista

265 3380 524 3435 nimirum
572 3379 663 3447 lit,
697 3391 757 3434 nt
796 3380 1022 3436 offensio
1051 3383 1388 3453 corrigatur;
1433 3383 1520 3438 illa
1559 3399 1687 3438 vero
1716 3393 1774 3438 ut
1803 3385 1849 3439 is

263 3469 348 3538 qui
373 3467 694 3535 offenderat,
717 3472 1128 3526 condemnetur.
1157 3473 1374 3528 Petrum
1395 3472 1553 3542 plane
1573 3473 1627 3527 in
1651 3470 1844 3530 faciem

261 3563 522 3618 resistens
553 3562 754 3620 Paulus
778 3562 1044 3634 objurgat,
1082 3573 1140 3619 et
1172 3579 1356 3620 coram
1383 3565 1636 3622 omnibus
1668 3581 1847 3634 repre~

261 3651 578 3708 hensibilem
607 3651 819 3722 jndicat
863 3651 1062 3725 (Colat.
1167 3653 1253 3726 ιι).
1297 3655 1448 3722 Quod
1497 3656 1586 3712 ille
1635 3673 1740 3713 non
1792 3658 1846 3715 in

259 3745 628 3801 accusationis
656 3745 778 3802 tulit
803 3747 1078 3817 injuriam,
1108 3749 1204 3804 scd
1238 3748 1470 3820 benigne
1493 3761 1548 3804 et
1576 3751 1849 3820 patienter

261 3839 489 3909 accepit,
521 3840 666 3908 qt-od
697 3855 804 3895 non
833 3857 903 3896 ex
928 3840 1117 3907 livore,
1149 3841 1244 3897 sed
1269 3857 1336 3898 ex
1369 3843 1635 3899 charitate
1660 3857 1848 3912 proce—

260 3927 387 3983 dere
421 3931 710 4001 perspicue
751 3933 1082 4002 recognovit.
1133 3932 1239 3988 Sed
1287 3948 1415 3989 ecce
1457 3934 1692 3988 dicitur:
1735 3934 1848 4005 Ego

261 4033 376 4072 sum
399 4021 568 4090 cpise.
586 4035 706 4090 pus.
738 4035 840 4091 ego
860 4038 980 4078 sum
1010 4032 1198 4093 pastor
1233 4022 1508 4091 Ecclesia,
1543 4041 1649 4079 non
1677 4025 1847 4081 debeo

243 4128 292 4174 ta
321 4115 634 4172 commissis
670 4117 864 4172 ovibus
899 4118 1308 4174 accusationum
1336 4128 1523 4190 patere
1551 4119 1845 4184 molestiis;

263 4205 459 4265 etenim
509 4206 562 4260 in
603 4221 764 4262 causa
802 4207 924 4264 ﬁdei
955 4208 1150 4279 dignus
1187 4223 1308 4263 sum
1351 4209 1518 4265 etiam
1567 4209 1621 4263 in
1666 4208 1847 4278 pravis

262 4296 505 4352 moribus
529 4298 910 4368 aquanimiter
957 4299 1110 4356 ferri.
1160 4299 1266 4356 Sed
1310 4301 1396 4356 dic
1441 4301 1572 4356 mihi
1601 4301 1848 4371 quisquis

262 4403 341 4452 es,
373 4389 615 4458 nunquid
648 4405 768 4462 non
807 4390 986 4462 legisti
1011 4393 1153 4462 quod
1183 4392 1233 4446 in
1268 4392 1555 4464 Evangelia
1585 4391 1844 4461 scriptum

261 4488 380 4538 est:
417 4498 438 4531 ι
469 4480 527 4535 Si
557 4483 869 4549 peccaverit
912 4483 968 4538 in
1006 4504 1058 4540 tu
1098 4481 1269 4539 frater
1300 4495 1454 4548 tuus,
1486 4483 1698 4552 corripe
1721 4497 1849 4540 eum

262 4571 404 4626 inter
431 4582 488 4629 te
513 4587 568 4629 et
592 4573 767 4644 ipsum
791 4587 1002 4632 sctum:
1045 4579 1090 4632 si
1134 4588 1186 4633 te
1215 4577 1481 4643 audierit,
1507 4577 1749 4633 lucratus
1786 4593 1846 4634 es

262 4663 484 4721 fratrem
511 4679 693 4731 tuum;
718 4684 763 4722 st
789 4678 841 4722 te
863 4686 970 4723 non
991 4670 1246 4735 audierit,
1271 4669 1468 4724 adhibe
1487 4680 1664 4726 tecum
1687 4672 1844 4736 duos,

261 4757 342 4811 vel
373 4766 487 4813 tres
517 4767 717 4826 testes;
749 4768 806 4814 ιιι
833 4759 888 4816 in
917 4775 1014 4817 ore
1047 4762 1296 4827 duorum,
1320 4761 1402 4814 vel
1434 4761 1595 4815 trium
1626 4762 1843 4817 testium

260 4859 364 4905 Stet
394 4865 558 4906 omne
586 4851 846 4917 verbum;
893 4853 939 4909 si
967 4860 1148 4909 autem
1191 4868 1292 4909 eos
1326 4869 1434 4908 non
1463 4853 1724 4927 audierit,
1757 4853 1843 4909 die

262 4941 554 5006 Ewlesiae?
576 4961 594 4995 ι
615 4943 830 5014 (Matth.
848 4946 1030 5016 xvm.)
1050 4944 1109 5000 Si
1135 4944 1391 5001 Ecclesia:
1414 4958 1544 5014 ergo
1567 4943 1852 5002 referenda

261 5043 340 5089 est
367 5048 528 5090 causa
556 5036 921 5104 quorumlibet
960 5036 1224 5100 fratrum,
1251 5037 1524 5108 quomodo
1551 5051 1658 5093 non
1687 5037 1852 5094 etiam

261 5128 647 5183 sacerdotum!
683 5126 852 5184 Porro
891 5127 937 5186 si
979 5131 1235 5186 sacerdos
1260 5129 1354 5200 qui
1387 5129 1439 5184 in
1466 5128 1705 5187 Ecclesia
1729 5143 1857 5198 pce-

264 5229 370 5286 cat,
401 5222 727 5291 dedignatur
756 5223 810 5279 in
855 5223 1097 5280 Ecclesia
1137 5223 1370 5289 discuti,
1399 5223 1521 5292 quis
1555 5220 1668 5294 jam
1717 5223 1857 5277 ferat

266 5310 524 5368 Ecclesia:
546 5329 606 5369 se
635 5315 844 5386 legibus
874 5316 1155 5374 coerceri?
1182 5315 1352 5372 Porro
1377 5317 1419 5370 si
1462 5316 1715 5373 Ecclesia:
1753 5324 1856 5370 tua:

264 5401 418 5467 filiis,
467 5414 528 5458 ut
574 5407 804 5472 asset-is,
843 5407 1129 5462 adversum
1174 5414 1228 5462 te
1275 5405 1474 5461 mutire
1521 5421 1626 5461 non
1662 5405 1853 5470 liccat,

265 5494 506 5563 minquid
532 5496 752 5552 aliunde
780 5497 1108 5567 producendi
1147 5505 1276 5553 sunt
1321 5504 1516 5560 testes,
1549 5497 1640 5566 qui
1682 5504 1763 5562 te,
1797 5504 1853 5550 et

265 5592 356 5641 tua
401 5603 503 5658 per
545 5588 844 5647 absentiam
888 5590 1196 5646 domestica:
1238 5587 1655 5651 cohabitationis
1701 5588 1848 5658 igno-

271 5683 416 5741 rati?
452 5683 514 5740 Β.
552 5684 651 5742 Job
691 5684 858 5740 dicit:
903 5702 922 5736 ι
955 5683 1011 5738 Si
1040 5682 1338 5750 contttnpsi
1378 5679 1559 5735 subire
1585 5677 1848 5750 judicium

1944 1832 2078 1887 mini
2110 1833 2175 1887 de
2205 1850 2289 1888 me
2315 1851 2496 1889 coram
2542 1836 2771 1890 Domino
2814 1848 2867 1892 ct
2911 1837 3129 1891 Christo
3167 1837 3308 1907 ejus,
3353 1845 3535 1890 utrum

1943 1920 2135 1976 bovem
2170 1921 2485 1992 cujusquam
2522 1925 2765 1988 tulerim,
2808 1937 2900 1980 ant
2941 1927 3151 1980 asinum
3185 1943 3197 1978 :
3250 1926 3295 1979 si
3342 1942 3532 1996 quem~

1944 2025 2106 2084 quam
2145 2014 2509 2070 calumniatus
2537 2031 2676 2082 sum,
2706 2017 2752 2070 si
2792 2019 3033 2087 oppressi
3081 2017 3344 2086 aliquem,
3383 2020 3427 2072 si
3469 2019 3536 2073 de

1945 2119 2107 2158 manu
2136 2104 2433 2174 eujuspiam
2469 2124 2666 2163 munus
2695 2110 2877 2180 accepi
2907 2129 2920 2163 ι
2953 2119 3002 2164 et
3031 2119 3370 2164 contemnam
3405 2109 3535 2165 'llttd

1945 2198 2126 2263 hodie,
2169 2202 2561 2270 restitnanu‘jnc
2590 2202 2743 2257 vobis
2792 2202 2851 2273 (I
2903 2203 3034 2273 Reg.
3085 2203 3273 2275 xvnt).
3330 2223 3348 2254 ι
3402 2201 3536 2259 Cum

1945 2305 2076 2358 ergo
2127 2301 2235 2344 tam
2289 2293 2772 2362 incomparabiles,
2829 2303 2936 2348 tam
2991 2295 3326 2357 eminentes,
3380 2303 3538 2364 atque

1947 2380 2205 2436 sublimes
2249 2382 2348 2436 viri
2399 2384 2660 2455 subjectis
2714 2385 2827 2440 suis
2887 2386 3147 2440 rationem
3205 2385 3427 2439 reddere
3474 2385 3541 2439 de

1945 2473 2181 2547 propriis
2230 2476 2441 2531 actibus
2491 2493 2599 2533 non
2651 2478 2990 2546 despiciant,
3044 2478 3166 2546 quis
3216 2476 3539 2547 arrogantiae

1947 2570 2124 2634 typus,
2153 2565 2274 2634 quis
2308 2565 2409 2618 iste
2455 2574 2616 2620 lauta:
2654 2566 2920 2634 superbia:
2959 2564 3153 2632 fastus,
3184 2567 3325 2633 quod
3365 2578 3539 2618 sacer-

1946 2652 2043 2707 dos
2073 2652 2231 2723 hujus
2262 2655 2518 2723 temporis
2547 2655 2914 2709 intumescens
2936 2647 3190 2718 ,titulnm
3230 2654 3310 2707 sui
3342 2667 3542 2729 przcsug

1947 2741 2086 2799 latus
2116 2749 2380 2814 opponat;
2413 2755 2466 2799 ct
2490 2745 2745 2800 Ecclesiae.
2771 2762 2881 2800 sua:
2915 2747 3019 2816 16
3047 2745 3190 2808 liliis,
3221 2745 3310 2815 qui
3338 2757 3398 2798 se
3423 2759 3540 2814 gra-

1945 2845 2103 2889 vatos
2127 2846 2396 2893 asserunt.
2423 2851 2487 2890 ex
2518 2851 2672 2906 atquo
2704 2838 2756 2890 in
2782 2836 2987 2904 judicio
3015 2853 3119 2890 non
3151 2837 3517 2907 respondeat?

2018 2924 2502 2997 Exclndatnr-ergo
2533 2927 2601 2981 ab
2626 2927 2993 2982 ecclesiastica
3032 2926 3314 2995 disciplina
3358 2925 3542 2995 perni-

1949 3017 2111 3072 ciosm
2137 3018 2544 3072 consuetudinis
2586 3018 2786 3089 regula,
2829 3018 3050 3073 tollatur
3079 3019 3190 3072 lure
3219 3017 3535 3088 subterfugii

1949 3118 2164 3164 versuta
2193 3108 2500 3164 calliditas:
2541 3119 2599 3164 ut
2641 3111 2687 3166 is
2720 3110 2810 3182 qui
2856 3120 2966 3164 tam
3013 3109 3281 3180 perversis
3317 3109 3540 3164 audacis

1949 3202 2219 3272 superbia:
2262 3202 2676 3274 allegationibus
2719 3204 2925 3288 utitur,,
2969 3204 3362 3259 immunitatem
3391 3218 3542 3258 corn—

1951 3291 2100 3347 missi
2129 3292 2324 3363 piaculi
2355 3310 2460 3349 tton
2495 3295 2751 3352 lucretur.
2781 3295 2949 3350 Justis
2984 3310 3114 3366 ergo
3144 3293 3377 3364 querelis
3405 3292 3542 3348 liber

1949 3393 2132 3452 pateat
2159 3385 2361 3452 aditus,
2400 3385 2558 3442 liceat
2591 3387 2732 3455 apml
2776 3387 3060 3456 primatem
3089 3385 3384 3440 Ecclesiam
3410 3399 3542 3440 con-

1950 3473 2130 3540 queri,
2157 3487 2277 3544 qua:
2303 3490 2362 3528 se
2394 3491 2424 3528 :t
2452 3490 2551 3530 suo
2582 3475 2836 3547 pontifice
2871 3475 3068 3531 viderit
3091 3473 3439 3548 prwgravari,
3467 3487 3539 3532 ne

1949 3564 2016 3618 de
2042 3563 2290 3620 sublimis
2319 3567 2692 3636 praerogativa:
2720 3565 3096 3636 singularitate
3117 3565 3415 3636 superbiat,
3443 3562 3536 3632 qui

1949 3668 2008 3708 se
2034 3668 2129 3724 per
2157 3651 2484 3725 arrogantia:
2522 3651 2718 3709 fastum
2746 3651 3009 3708 fratribus
3041 3668 3146 3709 non
3171 3660 3433 3722 eomquat.
3470 3651 3540 3731 Et

1950 3745 2044 3816 qui
2090 3745 2393 3801 censoriam
2445 3760 2609 3816 super
2658 3745 2794 3801 alios
2846 3745 3088 3800 concutit
3129 3743 3372 3813 virgam,
3423 3741 3539 3811 ipse

1949 3856 2168 3912 quoque
2201 3856 2365 3912 super
2407 3853 2465 3896 se
2505 3841 2708 3910 vigoris
2748 3839 3102 3896 ecclesiastici
3143 3839 3344 3894 sentiat
3375 3837 3538 3893 disci-

1947 3933 2170 4004 plinam.
2223 3931 2436 4000 Quique
2483 3946 2590 3986 non
2640 3930 2936 3984 humanum
2989 3937 3183 3995 sonat,
3230 3927 3326 3983 sed
3375 3941 3539 3998 super

1948 4021 2084 4077 alios
2110 4023 2264 4092 quasi
2313 4022 2492 4092 fulgur
2524 4021 2840 4077 terribiliter
2874 4021 3112 4084 intonat,
3152 4019 3443 4088 aliquando
3480 4031 3542 4077 se

1950 4113 2225 4170 hominem
2269 4128 2694 4185 recognoscens,
2723 4114 2964 4170 htnnana
2992 4112 3155 4168 verba
3183 4109 3421 4166 formare
3444 4124 3542 4178 per

1953 4205 2317 4262 humilitatem
2345 4207 2547 4269 discat,
2580 4215 2850 4274 quatenus
2885 4206 3011 4259 dum
3038 4201 3292 4272 prmlatus
3317 4201 3543 4270 quilibet

1949 4315 2216 4378 arrogans
2258 4315 2288 4353 a
2332 4308 2543 4354 tumore
2586 4299 2838 4354 elationis
2879 4296 3236 4366 deprimitur,
3280 4295 3541 4367 subjectis

1951 4401 2134 4448 autem
2167 4407 2263 4462 per
2302 4391 2684 4448 auctoritatem
2731 4390 3026 4460 superioris
3065 4389 3324 4444 Ecclesia:
3348 4388 3543 4442 subve-

1955 4484 2125 4548 nitur,
2157 4481 2348 4554 sopitis
2377 4484 2613 4553 undique
2641 4481 2855 4553 jurgiis,
2890 4493 2945 4535 et
2973 4479 3249 4552 synodalis
3275 4477 3542 4533 examinis

1955 4586 2214 4645 concepta
2266 4571 2574 4641 formidine,
2603 4575 2786 4632 omnia
2815 4573 2977 4630 simul
3013 4572 3266 4628 Ecclesia:
3298 4568 3540 4624 membra

1952 4665 2388 4725 confmderentnr
2414 4666 2468 4720 in
2495 4681 2646 4737 pace.

2483 4777 2820 4835 EPISTOLA
2863 4776 3000 4833 Xlll.

2566 4888 2634 4930 AD
2662 4886 2902 4928 EUHDBM.

1957 4983 2341 5027 ancunsmun.
2368 4997 2439 5008 -—
2465 4966 2722 5027 Joannes,
2753 4974 2804 5019 et
2836 4959 3204 5022 Tutlethinus;
3245 4955 3333 5014 ille
3361 4954 3541 5027 Vene-t

2031 5026 2137 5107 tus,
2168 5041 2257 5095 hic
2281 5039 2552 5095 barbarus
2588 5026 2836 5107 natione,
2869 5041 3097 5107 uterque
3121 5029 3260 5100 apud
3292 5026 3544 5107 Gathfre:

2030 5095 2156 5166 dum
2212 5111 2403 5164 ducem
2459 5105 2746 5162 sacerdotii
2793 5095 3023 5158 munere
3067 5095 3374 5169 fungentes,
3420 5095 3542 5156 ausi

2031 5181 2320 5248 aliquando
2355 5180 2564 5234 fuerant
2599 5175 2949 5248 pertinaciter
2971 5185 3235 5248 asserere,
3274 5175 3544 5248 praesente

2030 5252 2089 5307 Β.
2118 5244 2278 5308 Petro
2309 5244 2713 5314 Damianopeos
2753 5245 2844 5314 qui
2875 5260 2906 5298 a
2951 5244 3166 5319 regibus
3202 5249 3296 5319 aut
3344 5244 3544 5319 princia

2033 5324 2190 5393 pibns
2219 5308 2980 5393 episcopatusmercarentur,
3013 5315 3066 5393 in
3103 5311 3410 5393 simoniaca:
3437 5308 3544 5360 has,

2031 5379 2168 5448 rosis
2207 5379 2417 5446 crimen
2445 5405 2549 5444 non
2591 5388 2859 5453 incidere;
2901 5379 3154 5456 quoniam
3202 5379 3406 5456 scilicet
3443 5393 3540 5446 per

2028 5447 2176 5518 illam
2228 5461 2620 5530 coemptionem
2665 5447 2931 5514 Ecclesia:
2962 5450 3330 5529 tantummodo
3370 5447 3541 5530 hono-

2027 5551 2169 5597 rnm,
2194 5544 2250 5586 et
2280 5527 2603 5602 prtediorum
2626 5530 3024 5602 possessionem
3057 5527 3535 5602 nanciscerentur:

2024 5620 2120 5676 per
2140 5589 2562 5676 .manunmvero
2585 5589 3014 5676 impositiouem,
3058 5608 3180 5676 qua:
3219 5608 3248 5644 a
3287 5589 3538 5676 sacculo.

2025 5669 2167 5736 libus
2194 5675 2378 5740 fiebat,
2409 5669 2676 5742 integrum
2692 5671 2780 5739 jus
2801 5669 3142 5744 episcopatus
3173 5669 3538 5734 nequiret-ent.
