4140 6448
586 278 692 336 219

1161 281 1218 338 S.
1246 281 1449 338 PETRI
1490 280 1770 336 DAMIANI
1803 277 1953 334 0P9.
1977 249 2167 331 'PARS
2193 273 2321 330 SEU
2350 274 2585 332 TOMUS
2623 272 2663 329 l.
2701 305 2769 316 ν-
2807 273 3030 330 EPIST.
3074 270 3201 328 LIB.
3244 267 3376 326 Vlll.

2438 129 2542 144 -Ν

3736 252 3858 324 ω.

657 396 1061 476 ilan_c__istorum
1095 413 1199 476 non
1232 399 1409 453 minus
1438 398 1680 468 impiam,
1711 411 1870 476 quam
1928 396 2164 476 ineptam
2195 397 2243 455 Α
2271 390 2642 462 conceptionis
2692 391 2936 455 initium,
2991 388 3148 460 plena
3197 387 3463 440 formetur
3500 382 3850 476 distinctione

655 479 709 520 et
743 467 1022 520 ridiculam
1048 468 1352 535 opinionem
1383 466 1663 539 postquam
1697 467 1952 539 praeclare
1981 466 2167 518 redar-

655 539 807 606 guit,
854 548 974 591 orat
1024 537 1394 591 Alexandrum
1438 538 1743 607 pontificem
1787 537 2080 589 maximum
2113 541 2172 587 ut.

658 609 965 675 priusquam
1014 608 1065 660 in
1115 611 1390 661 hominum
1431 606 1624 661 animis
1651 606 1814 660 latius
1843 614 2045 675 serpat,
2083 620 2170 658 sa-

654 688 952 731 crosmcta:
983 677 1263 746 potestatis
1297 678 1519 746 imperio
1547 677 1852 745 opprimere
1883 684 1936 746 et
1985 683 2168 729 exter-

658 747 866 800 minare
908 745 1220 801 contendat.
1267 745 1383 801 lloc’
1418 749 1580 801 etiam
1620 747 1793 799 eidem
1822 745 2171 799 vehementer

657 818 1024 880 commendat,
1056 833 1122 871 ne
1144 832 1303 886 quem
1335 817 1585 885 pecunia,
1615 825 1710 869 aut
1731 814 1891 870 aulici
1921 812 2168 886 obsequii

656 887 960 966 ministerio
979 887 1046 940 ad
1072 884 1438 966 episcopatum
1462 887 1707 956 perduci,
1731 893 1825 940 aut
1852 884 2171 955 perductum

659 959 713 1009 in
741 971 806 1010 eo
834 971 1154 1025 permanere
1184 959 1436 1025 patiatur.

663 1059 869 1113 Domno
899 1058 1227 1115 Διιιιιιιιιιιο
1253 1074 1479 1114 summa:
1500 1058 1642 1114 sedis
1671 1055 1922 1122 antistiti,
1952 1055 2175 1111 Psrnus

586 1158 842 1218 peccator
869 1148 1164 1203 monachus
1204 1149 1538 1204 servitutem.

659 1240 810 1295 Sicut
838 1241 904 1295 ad
933 1240 1378 1310 patremfamilias
1404 1240 1658 1309 qualibet
1680 1238 1992 1294 domesticae
2011 1235 2178 1292 facul—

589 1331 715 1386 tatis
737 1331 948 1402 jactura
984 1333 1238 1396 refertur,
1271 1333 1350 1387 sic
1380 1333 1543 1386 etiam
1573 1332 1792 1402 dignum
1819 1341 1921 1394 est,
1946 1339 2007 1385 ut
2032 1344 2176 1384 sum-

589 1435 679 1474 mo
709 1419 946 1489 pontifici
984 1421 1237 1492 patientis
1286 1420 1537 1476 Ecclesia:
1584 1420 1734 1475 laesio
1763 1421 2059 1474 nuntietur.
2101 1416 2175 1474 Ut

589 1515 730 1570 sicut
775 1515 843 1570 ab
892 1514 1002 1580 illo,
1046 1525 1205 1584 prout
1257 1515 1396 1569 vires
1442 1523 1766 1584 suppetunt,
1801 1511 2180 1583 ingruentibus

590 1607 770 1660 domui
802 1621 911 1660 suae
940 1605 1094 1659 malis
1119 1607 1456 1670 occurritur;
1505 1604 1579 1658 ita
1624 1603 1973 1658 nihilominus
2010 1609 2066 1656 et
2108 1599 2180 1654 ab

590 1698 697 1752 isto
728 1697 963 1751 nutantis
994 1697 1114 1750 ﬁdei
1144 1695 1574 1760 fundamentum,
1597 1695 1678 1750 vel
1707 1695 1866 1748 etiam
1895 1693 2026 1746 ordo
2053 1690 2178 1744 reli-

591 1789 802 1862 gionis,
853 1789 942 1857 qui
992 1789 1247 1871 confundi
1293 1797 1554 1859 coeperat,
1607 1788 1955 1842 instauretur.
1995 1783 2176 1850 Nova,

592 1879 730 1948 prob
756 1877 937 1932 dolor!
973 1888 1158 1931 nostro
1190 1886 1429 1950 tempore
1458 1876 1679 1931 haeresis
1696 1885 1814 1930 orta
1844 1884 1944 1938 est,
1970 1873 2180 1929 cuiuisi

597 1971 699 2041 17
726 1969 1046 2039 quantocius
1071 1968 1409 2023 auctoritatis
1438 1977 1634 2022 vestrae
1665 1982 1723 2022 se
1751 1967 1906 2038 vigor
1937 1964 2179 2036 objiciat,

592 2059 887 2113 timendum
918 2066 1001 2112 est
1030 2072 1097 2112 ne
1118 2056 1185 2111 ad
1213 2057 1489 2127 religionis
1512 2057 1832 2112 Christianae
1863 2057 2182 2126 perniciem,

590 2149 1004 2216 animarumque
1042 2147 1359 2217 periculum,
1391 2148 1537 2202 velut
1567 2163 1763 2202 cancer
1801 2146 2044 2202 feraliter
2070 2162 2186 2202 ser-

593 2246 705 2310 pat.
745 2235 996 2291 Nonnulli
1042 2235 1203 2306 plane
1232 2235 1551 2291 clericorum
1583 2237 1746 2292 vitam
1775 2251 1870 2307 per
1899 2237 2186 2292 exterioris

594 2328 812 2382 habitus
839 2325 1073 2396 speciem
1105 2326 1443 2390 mentientes,
1477 2342 1699 2398 prorsus
1729 2327 1864 2383 adeo
1900 2325 2055 2398 [Deo]
2083 2325 2187 2381 fri-

578 2418 737 2490 gidi,
788 2417 1100 2490 ambitionis
1146 2417 1525 2473 ecclesiasticae
1570 2418 1778 2474 facibus
1830 2417 2184 2486 inﬂammati,

596 2509 700 2562 hoc
726 2507 1080 2577 pertinaciter
1118 2508 1524 2579 dogmatizant:
1561 2508 1680 2564 Non
1725 2510 1792 2564 ad
1837 2509 2187 2565 simoniacam

595 2597 842 2651 haeresim
877 2598 1179 2668 pertinere,
1225 2598 1272 2652 si
1314 2598 1437 2667 quis
1464 2598 1805 2669 episcOpatus
1839 2615 1869 2654 a
1899 2614 2056 2669 rege,
2105 2598 2190 2655 vel

596 2685 834 2756 quolibet
869 2688 1052 2743 mundi
1084 2688 1348 2758 principe,
1375 2703 1469 2757 per
1507 2689 1872 2744 interventum
1893 2689 2191 2759 coemptio-

596 2778 682 2833 nis
710 2777 992 2848 acquirat,
1038 2777 1087 2833 si
1133 2779 1502 2834 tantummodo
1527 2779 1988 2835 conseerationem
2023 2779 2192 2850 gratis

600 2868 855 2936 accipiat.
905 2868 1055 2924 Unde
1095 2885 1219 2924 eum
1265 2885 1437 2939 nuper
1475 2871 1529 2924 in
1563 2870 2002 2925 excellentissimi
2039 2871 2192 2927 ducis

599 2956 879 3012 Gothfredi
903 2973 1245 3012 versaremur
1269 2958 1524 3029 alloquio,
1551 2960 1658 3014 duo
1677 2961 1895 3028 quidam
1920 2975 1988 3016 ex
2015 2962 2192 3033 capel-

601 3047 740 3102 lanis
767 3046 914 3115 ejus,
947 3063 1086 3102 unus
1112 3057 1170 3101 ut
1195 3057 1312 3102 erat
1342 3048 1627 3115 barbarus,
1667 3049 1945 3105 barbarico
1972 3051 2191 3108 nomine

602 3135 1000 3203 Tudetchiuus;
1037 3136 1174 3192 alter
1205 3153 1334 3193 vero
1379 3139 1597 3194 natione
1649 3137 1914 3206 Venetus,
1955 3139 2189 3198 Joannes

602 3225 935 3281 vocabatur:
967 3227 1020 3281 bi
1061 3227 1314 3282 nimirum
1340 3237 1604 3300 tanquam
1638 3228 1958 3301 Hymenaeus
1983 3241 2039 3287 et
2065 3230 2190 3287 Phi-

607 3328 742 3372 tetus
783 3318 837 3372 in
880 3319 1264 3388 pradicatione
1308 3319 1458 3374 Pauli
1500 3320 1583 3392 (II
1614 3320 1755 3376 Tim.
1788 3324 1882 3393 n);
1923 3323 2008 3378 vel
2043 3335 2190 3380 certe

605 3421 861 3480 tanquam
891 3411 1109 3467 Jamnes
1135 3421 1190 3468 et
1215 3411 1482 3468 Mambres
1511 3422 1750 3483 tempore
1776 3415 1995 3487 Moysi‘(
2013 3413 2188 3470 Exod.

604 3517 712 3566 vn;
744 3499 806 3554 11
840 3499 976 3556 Tim.
1004 3501 1124 3572 nr),-
1153 3501 1472 3558 resistentes
1499 3503 1734 3567 veritati,
1769 3505 1907 3559 banc
1936 3519 2042 3559 non
2068 3519 2188 3560 ces-

538 3629 550 3643 .
605 3595 803 3650 sabant
829 3594 1186 3650 disseminare
1213 3594 1551 3662 doctrinam,
1593 3596 1733 3652 hanc
1761 3596 2078 3652 catholicam
2107 3606 2191 3651 at-

603 3702 711 3761 que
740 3686 1052 3744 canonicam
1080 3685 1392 3746 fatebantur
1410 3702 1532 3743 esse
1559 3687 1914 3742 sententiam:
1945 3689 2196 3745 videlicet

607 3788 669 3832 ut
690 3779 814 3850 jure
842 3779 1174 3835 simoniacus
1197 3794 1304 3836 non
1337 3780 1552 3835 dicatur
1575 3781 1821 3853 quisquis
1844 3783 2049 3851 absque
2081 3797 2196 3838 nta-

606 3884 712 3922 nus
746 3868 1087 3936 imposltlone
1127 3870 1496 3940 episcopatum
1531 3885 1877 3939 comparasse
1920 3871 2194 3927 convinci-

609 3967 720 4010 tur.
753 3957 1011 4012 Dicebant
1031 3959 1196 4023 enim,
1219 3959 1346 4030 quia
1369 3975 1491 4015 cum
1514 3961 1617 4015 hoc
1639 3959 1720 4025 fit,
1745 3976 1854 4016 non
1877 3962 2198 4017 distrahitur

608 4047 871 4114 Ecclesia,
900 4050 994 4104 sed
1023 4048 1282 4116 facultas;
1317 4065 1416 4106 nec
1443 4052 1642 4106 emitur
1667 4053 2030 4107 sacerdotium
2052 4094 2067 4120 ,
2101 4054 2194 4109 sed

612 4137 885 4208 possessio
938 4139 1286 4209 praediorum.
1338 4139 1452 4194 Sub
1507 4143 1610 4195 hae
1659 4141 1804 4196 enim
1854 4143 2199 4212 praestatione

609 4227 881 4297 pecuniae,
929 4243 1060 4298 opes
1108 4237 1348 4294 tantum,
1397 4245 1502 4284 non
1550 4229 1772 4286 honoris
1815 4232 1901 4286 vel
1944 4233 2237 4288 Ecclesiae

610 4318 897 4373 redimitur
919 4327 1337 4374 sacramentum.
1367 4319 1586 4376 Venalia
1609 4323 1872 4391 siquidem
1895 4331 2039 4388 sunt,
2058 4323 2200 4378 sicut

2273 487 2662 547 membrorum,
2703 490 2865 550 atque
2901 495 3025 534 mox
3073 477 3332 533 divinitus
3378 475 3680 537 animetur;
3712 475 3850 543 quo-

2270 570 2416 624 niam
2469 585 2572 625 non
2613 570 2826 633 anima,
2876 568 2969 622 sed
3023 581 3154 620 caro
3192 565 3457 619 duntaxat
3499 577 3567 618 ex
3624 571 3853 632 paterno

2269 665 2476 719 semine
2519 664 2752 733 prodiit;
2814 677 2946 732 ergo
2994 668 3150 730 pater
3195 671 3416 712 carnem
3474 652 3854 708 tantummodo

2271 754 2528 810 dicendus
2559 763 2646 809 est
2687 753 2958 824 genuisse,
2997 765 3105 804 non
3141 747 3370 820 prolem,
3395 759 3516 816 quae
3561 759 3629 798 ex
3667 742 3854 797 anima

2271 855 2484 922 copstat
2509 854 2562 901 et
2584 845 2845 913 corpore?
2861 840 3014 910 Quod
3044 855 3166 894 cum
3189 837 3404 908 penitus
3437 834 3729 889 absurdum
3753 831 3855 897 sit,

2271 945 2324 992 et
2348 921 2552 991 merito
2588 943 2746 1005 pater
2779 933 2870 988 ille
2908 931 3146 994 dicatur,
3179 943 3246 983 ex
3296 925 3450 994 cujus
3494 924 3700 980 femore
3737 921 3854 976 sola

2272 1041 2401 1082 caro
2438 1025 2510 1079 sit
2543 1039 2782 1094 egressa,
2834 1037 2943 1077 non
2973 1021 3153 1075 anima
3179 1037 3195 1073 :
3219 1018 3302 1074 sic
3343 1017 3431 1072 ille
3473 1012 3657 1086 procul
3687 1012 3854 1068 dubio

2275 1118 2534 1175 dicendus
2584 1124 2668 1171 est
2709 1122 2985 1170 mercator
3033 1110 3308 1176 Ecclesiae,
3340 1108 3430 1179 qui
3473 1122 3570 1178 per
3614 1115 3853 1170 terrena,

2274 1225 2395 1278 quae
2439 1208 2689 1273 redemit,
2721 1207 2787 1260 ad
2835 1204 3062 1260 honoris
3103 1201 3316 1258 culmen
3359 1197 3627 1261 ascendit,
3671 1204 3728 1250 et
3756 1209 3860 1264 per

2276 1298 2574 1372 corporalis
2603 1296 2987 1354 commercium
3014 1293 3174 1360 lucri,
3201 1299 3415 1360 emptor
3449 1287 3678 1343 eilicitur
3717 1285 3860 1339 nihi-

2277 1389 2511 1445 lominus
2539 1385 2887 1444 sacramenti.
2915 1384 3011 1438 Dic
3053 1383 3235 1450 itaque
3259 1377 3508 1449 quisquis
3535 1391 3618 1440 es,
3656 1374 3749 1445 qui
3805 1381 3859 1428 te

2271 1482 2448 1553 jactas
2493 1489 2722 1535 terrenae
2779 1472 3150 1532 tantummodo
3203 1469 3476 1526 facultatis
3531 1474 3858 1535 emptorem,

2281 1589 2377 1645 per
2403 1587 2565 1644 quam
2595 1581 2775 1625 tamen
2824 1569 3038 1640 aspiras
3065 1566 3134 1621 ad
3178 1561 3498 1635 episcopalis
3522 1559 3861 1632 excellentia:

2280 1663 2647 1720 conscendere
2675 1660 3026 1730 dignitatem;
3049 1666 3104 1712 et
3142 1657 3268 1712 dum
3313 1663 3365 1710 to
3392 1653 3528 1708 dicis
3555 1667 3584 1705 a
3617 1649 3864 1721 principe

2205 1747 2253 1807 Β
2283 1765 2496 1810 terrena
2559 1755 2821 1810 duntaxat
2874 1749 3129 1806 Ecclesia:
3182 1747 3464 1804 commoda
3513 1742 3860 1814 percepisse,

2279 1846 2485 1902 asseris
2525 1854 2576 1900 te
2601 1841 2999 1914 quodammodo
3024 1839 3284 1902 villicum,
3309 1851 3418 1890 non
3450 1843 3509 1888 ut
3534 1831 3860 1888 sacerdotali

2279 1935 2527 2007 fungaris
2571 1933 2768 1998 oﬂicio,
2819 1930 3197 1986 constitutum.
3247 1927 3364 1989 Dic,
3412 1924 3652 1993 inquam,
3707 1919 3866 1987 cujus

2281 2038 2400 2084 erat
2428 2028 2634 2100 figurae,
2662 2041 2825 2097 quam
2857 2037 2988 2078 sane
3019 2021 3257 2078 habebat
3282 2018 3518 2090 speciem
3547 2014 3864 2070 investitura

2283 2119 2418 2185 lure,
2449 2133 2611 2188 quam
2660 2117 2716 2170 in
2753 2115 3003 2169 manibus
3032 2113 3138 2167 tuis
3175 2109 3430 2182 princeps
3468 2107 3554 2162 ille
3581 2103 3868 2176 deposuit?

2283 2210 2455 2266 Porro
2485 2208 2532 2262 si
2569 2205 2835 2269 surculus,
2865 2204 2911 2259 si
2961 2203 3069 2273 ιε
3110 2200 3339 2269 simplex
3382 2197 3625 2257 baculus,
3671 2195 3867 2249 merito

2287 2303 2383 2356 tibi
2415 2300 2569 2354 lretus
2596 2296 2891 2368 applaude;
2926 2294 3054 2365 quia
3100 2292 3244 2346 sicut
3283 2288 3503 2352 asseris,
3531 2301 3635 2342 non
3675 2286 3744 2339 ad
3773 2301 3865 2339 sa-

2286 2392 2521 2448 cerdotis
2566 2389 2820 2453 ofﬁcium,
2851 2387 2946 2442 sed
2993 2386 3061 2441 ad
3101 2381 3472 2454 procuratoris
3513 2380 3758 2434 initiatus
3807 2393 3869 2432 es

2287 2485 2608 2548 villicatum,
2636 2492 2800 2551 atque
2841 2479 2964 2534 ideo
3007 2490 3233 2531 necesse
3254 2474 3366 2544 jam
3411 2487 3518 2527 non
3557 2479 3723 2526 estut
3753 2469 3871 2538 epi-

2289 2590 2479 2645 scopo,
2511 2574 2602 2644 qui
2628 2572 2724 2627 tibi
2757 2568 3126 2641 praaferendus
3151 2574 3256 2630 est,
3299 2565 3374 2619 sis
3402 2563 3695 2632 subjectus.
3724 2561 3799 2614 At
3823 2560 3870 2614 si

2289 2666 2567 2723 saecularis
2605 2665 2694 2719 ille
2717 2664 2990 2733 princeps,
3028 2668 3249 2727 accepta
3281 2655 3366 2709 vel
3398 2653 3663 2724 promissa
3701 2667 3869 2722 pecu-

2290 2763 2404 2828 nia,
2437 2757 2766 2831 pastoralem
2820 2755 2916 2811 tibi
2963 2754 3182 2809 tradidit
3221 2749 3495 2814 baculum,
3548 2763 3654 2818 qua
3690 2746 3873 2801 fronte

2290 2855 2496 2926 poteris
2532 2849 2855 2924 episcopalis
2899 2846 3110 2904 ordinis
3148 2857 3412 2899 excusare
3450 2837 3874 2896 commercium?

2291 2946 2583 3002 Enimvero
2630 2942 2730 2997 nisi
2769 2955 2866 3011 per
2895 2940 3035 2994 hanc
3064 2935 3442 2991 investituram
3492 2930 3582 2987 ille
3625 2929 3866 2986 secuturi

2294 3033 2586 3090 sacerdotii
2641 3031 2739 3087 tibi
2791 3029 2943 3100 prius
2999 3027 3335 3096 imprimeret
3370 3022 3608 3086 titulum,
3657 3019 3874 3074 futurus

2290 3127 2570 3182 ordinator
2597 3134 2938 3193 nequaquam
2983 3133 3082 3189 per
3108 3131 3301 3172 manus
3330 3112 3752 3184 impositionem,
3787 3124 3878 3164 sa-

2291 3217 2516 3274 cerdotii
2565 3213 2660 3271 tibi
2705 3212 2944 3267 traderet
2987 3215 3406 3264 sacramentum.
3453 3203 3556 3258 Per
3586 3203 3690 3257 hoc
3729 3200 3875 3256 enim
3964 3271 3966 3273 _

2292 3309 2436 3380 quod
2466 3305 2732 3362 venaliter
2766 3299 3048 3370 accepisti,
3093 3302 3492 3364 consequenter
3519 3295 3586 3346 ad
3621 3289 3878 3346 sacerdo-

2293 3404 2427 3458 tium
2459 3397 2825 3473 promoveris;
2858 3403 3021 3463 atque
3044 3390 3166 3445 ideo
3195 3389 3323 3444 licet
3352 3387 3442 3442 illa
3475 3399 3668 3440 manus
3697 3383 3876 3454 impo-

2293 3493 2418 3549 sitio
2445 3506 2552 3546 non
2594 3487 2799 3544 venalis
2828 3484 2922 3552 sit,
2971 3483 3065 3538 sed
3110 3480 3368 3552 gratuita,
3410 3490 3752 3549 nequaquam
3797 3483 3877 3527 ta-

2295 3599 2439 3651 men,
2467 3589 2726 3653 quantum
2753 3577 2822 3632 ad
2861 3585 2916 3631 te
2942 3581 3172 3646 spectat,
3207 3587 3238 3626 a
3262 3569 3569 3626 venalitatis
3593 3576 3678 3622 est
3702 3566 3881 3620 sordi-

2294 3674 2396 3729 bus
2417 3672 2616 3726 aliena.
2644 3665 2922 3723 Venalitas
2946 3665 3090 3718 enim
3114 3663 3159 3717 si
3188 3661 3292 3717 sibi
3316 3668 3441 3716 nota
3475 3668 3580 3727 est,
3607 3656 3878 3713 contami-

2296 3771 2390 3818 nat
2435 3765 2844 3817 consecrantem
2869 3795 2885 3820 ,
2939 3753 3176 3825 gratuita
3226 3749 3562 3806 consecratio
3615 3745 3880 3800 mundare

2299 3871 2404 3911 non
2465 3853 2612 3907 valet
2657 3857 2981 3919 emptorem.
3037 3842 3358 3901 Obscenitas
3417 3837 3679 3894 immundi
3731 3836 3877 3890 raeda

2295 3943 2608 4004 commercii
2639 3939 2883 3997 sordidat
2911 3937 3193 4002 mundum,
3221 3934 3458 4007 gratuita
3484 3946 3677 3988 manus
3707 3931 3880 4001 impo—

2297 4039 2422 4097 sitio
2449 4052 2555 4092 non
2580 4041 2759 4105 potest
2783 4029 3092 4086 emaculare
3121 4025 3406 4096 pollutum.

2368 4130 2634 4190 Mendacii
2686 4128 2917 4183 forsitan
2954 4138 3174 4192 arguor,
3223 4121 3269 4176 si
3311 4118 3459 4190 quod
3501 4116 3696 4188 loquor
3735 4114 3879 4171 sacri

2297 4231 2496 4302 eloquii
2523 4224 2831 4284 testimonio
2862 4237 2968 4278 non
2991 4219 3216 4275 allirmo.
3242 4216 3346 4272 Per
3371 4215 3624 4286 Aggzeum
3649 4224 3884 4280 namque

2299 4325 2616 4398 prophetam
2642 4319 2871 4372 dicitur:
2894 4334 2912 4366 ι
2945 4312 3068 4367 llaec
3098 4309 3229 4366 dicit
3256 4308 3515 4364 Dominus
3553 4305 3695 4398 Deus
3725 4317 3884 4398 excf-

614 4413 780 4478 aiunt,
815 4411 956 4468 unde
986 4413 1094 4467 sint
1115 4413 1347 4470 divites:
1383 4415 1554 4486 gratis
1591 4385 1884 4487 accipiunt,
1914 4385 2055 4472 unde
2080 4385 2277 4503 ﬁeri},
2300 4385 2507 4474 ciuium
2537 4429 2550 4466 :
2585 4409 2862 4476 Interroga
2919 4401 3231 4503 sacerdotes
3283 4398 3456 4496 legem
3483 4437 3499 4464 ,
3551 4393 3739 4492 dicens
3781 4408 3796 4444 :

613 4505 842 4560 debeant
869 4507 1200 4564 sacerdotes.

682 4599 727 4654 Ο
753 4614 948 4653 novum
977 4601 1444 4656 schismaticorum
1475 4619 1662 4674 genus,
1693 4613 1750 4660 et
1782 4619 1844 4660 os
1870 4604 2193 4674 sacrilegum

613 4690 802 4746 aeterni
844 4689 1042 4744 silentii
1073 4705 1302 4746 censura
1349 4693 1744 4748 damnandum!
1778 4693 1833 4748 ιιι
1877 4710 1985 4748 una
2026 4694 2197 4764 siqui-

615 4783 737 4837 dem
766 4782 1002 4836 hominis
1024 4798 1253 4853 persona
1278 4785 1412 4840 duos
1432 4801 1551 4841 esse
1569 4787 1908 4842 constituunt
1933 4804 1946 4841 :
1975 4796 2034 4842 ut
2057 4803 2197 4845 unus

615 4874 685 4930 sit
727 4875 983 4929 sacerdos
1016 4877 1381 4946 subpeocato
1422 4877 1782 4942 venundatus,
1823 4877 1962 4932 alter
2013 4887 2196 4932 autem

615 4965 765 5021 dives
795 4966 895 5020 sub
926 4967 1200 5022 taxatione
1230 4969 1472 5038 pecuniae
1506 4976 1868 5038 comparatus.
1903 4967 2024 5038 Ipse
2051 4967 2200 5022 velut

614 5058 751 5117 alter
781 5057 1186 5130 Sardanapalus
1229 5061 1372 5118 inter
1397 5060 1620 5116 delicias
1667 5068 1878 5114 eructet
1907 5060 2200 5114 convivan-

617 5153 781 5218 tium;
813 5151 905 5207 ille
945 5161 1199 5222 tanquam
1228 5152 1506 5224 apostolus
1532 5152 1584 5206 in
1622 5151 1883 5220 regimine
1914 5150 2200 5219 praesideat

616 5239 944 5301 animarum.
999 5245 1112 5300 Hoc
1143 5261 1273 5314 ergo
1317 5245 1478 5299 modo
1523 5244 1614 5313 qui
1669 5249 1950 5312 comparat
1983 5256 2195 5311 agrum,

617 5339 890 5407 pulverem
947 5345 1104 5390 terrae
1139 5343 1493 5400 tantum,non
1541 5342 1784 5404 segetum
1815 5330 2076 5385 dicendus
2114 5339 2200 5385 est

617 5441 962 5496 comparasse
1003 5437 1347 5497 proventura.
1395 5422 1695 5492 Plagiarius
1738 5421 1900 5476 etiam
1953 5421 2043 5491 qui
2083 5421 2196 5476 dis-

621 5520 788 5571 trahit
823 5520 1130 5582 honinem,
1185 5532 1290 5571 non
1325 5516 1560 5570 animam
1587 5512 1916 5581 iudicandus
1947 5521 2031 5569 est
2063 5529 2198 5568 ven-

622 5607 844 5674 didisse,
873 5611 966 5664 sed
989 5625 1227 5665 carnem.
1262 5608 1375 5662 lmo
1403 5621 1526 5662 cum
1550 5605 1812 5675 legamus,
1842 5606 1969 5676 quia
2001 5621 2198 5677 corpus

625 5697 932 5756 lioniinibus
964 5700 1380 5772 quadragesimo
1433 5708 1586 5756 sexto
1635 5697 1724 5755 die
1770 5708 1896 5770 post
1941 5708 2198 5755 maternae

2299 4503 2481 4567 tulerit
2510 4502 2671 4556 homo
2701 4508 2918 4551 carnem
2950 4489 3343 4546 sanetiilcatam
3371 4484 3424 4539 in
3446 4497 3542 4539 ora
3569 4478 3883 4536 vestimenti

2295 4601 2402 4666 sui,
2431 4605 2488 4652 et
2516 4590 2756 4663 tetigerit
2783 4587 2848 4643 de
2888 4583 3199 4641 summitate
3225 4577 3342 4648 ejus
3373 4590 3593 4646 panem,
3626 4581 3720 4628 aut
3746 4571 3868 4642 pul-

2297 4699 2564 4753 mentum,
2595 4692 2688 4739 aut
2717 4682 2924 4745 vinum,
2965 4685 3060 4732 aut
3087 4675 3289 4739 oleum,
3314 4679 3410 4726 aut
3435 4683 3652 4726 omnem
3677 4668 3882 4728 cibum,

2298 4781 2544 4854 mmquld
2563 4769 3028 4834 sanctiﬁcabitur?
3053 4764 3463 4836 Respondentes
3491 4769 3670 4854 autem
3701 4773 3887 4854 sacer-

2301 4851 2479 4942 dotes,
2510 4873 2804 4928 dixerunt:
2837 4864 2976 4920 Non.
3007 4862 3074 4918 Et
3102 4860 3240 4915 dixit
3263 4858 3512 4929 Aggaeus.
3544 4852 3601 4907 Si
3646 4851 3886 4921 tetigerit

2300 4967 2539 5041 pollutus
2567 4963 2620 5016 in
2657 4957 2840 5011 anima
2870 4969 2939 5009 ex
2977 4951 3228 5007 omnibus
3264 4947 3370 5010 bis,
3402 4941 3645 5041 nunquid
3687 4949 3886 4996 conta-

2302 5035 2644 5115 minabitur?
2681 5049 2749 5104 Et
2792 5044 3184 5115 respondentes
3231 5037 3544 5094 sacerdotes
3586 5035 3884 5089 dixerunt:

2301 5143 2796 5207 Contaminabitur.
2824 5137 2896 5192 Et
2921 5132 3205 5204 respondit
3229 5130 3480 5202 Aggaeus,
3511 5133 3568 5181 et
3591 5123 3728 5179 dixit
3753 5141 3765 5176 :
3794 5121 3887 5175 Sic

2303 5240 2535 5314 populus
2580 5238 2703 5299 iste,
2749 5240 2805 5287 et
2845 5229 2927 5285 sic
2963 5241 3093 5299 gens
3138 5225 3240 5279 ista
3273 5224 3400 5275 ante
3441 5217 3633 5272 faciem
3681 5229 3884 5277 meam,

2305 5332 2438 5388 dicit
2471 5326 2755 5387 Dominus;
2785 5331 2842 5375 et
2880 5319 2959 5374 sic
3001 5329 3164 5372 omne
3210 5326 3346 5381 opus
3382 5323 3635 5362 manuum
3669 5318 3884 5365 eorum,

2305 5431 2362 5479 et
2407 5419 2588 5476 omnia
2640 5428 2760 5486 quae
2806 5409 3126 5466 obtulerunt
3169 5404 3261 5466 ibi,
3308 5398 3677 5456 contaminata
3725 5399 3888 5486 erunt

2305 5511 2508 5586 (Aggrei
2543 5509 2628 5579 ιι).
2659 5485 2681 5558 ὶ
2713 5505 2771 5560 ln
2814 5503 2901 5557 his
2947 5513 3076 5568 ergo
3123 5491 3480 5586 pmpheticis,
3531 5489 3643 5544 imo
3687 5485 3887 5586 divinis

2304 5577 2488 5658 verbis
2533 5577 2814 5655 evidenter
2855 5589 3180 5652 ostenditur,
3220 5584 3474 5655 quoniam
3531 5587 3742 5648 emptor
3783 5577 3892 5631 iste

2303 5695 2576 5760 videlicet,
2617 5689 2707 5761 qui
2733 5696 2816 5744 est
2841 5683 3078 5756 pollutus
3112 5679 3167 5734 in
3200 5676 3402 5743 anima,
3435 5669 3670 5742 suscepti
3695 5669 3892 5739 polluit
