  <div class='ocr_page' id='page_1' title='image "/cluster/home/n/w/nwhite01/storage/ocr_20150623/144/umn.31951002477437p/136.png"; bbox 0 0 4140 6462; ppageno 0'>
   <div class='ocr_carea' id='block_1_1' title="bbox 1523 313 2538 398">
    <p class='ocr_par' dir='ltr' id='par_1_1' title="bbox 1523 313 2538 398">
     <span class='ocr_line' id='line_1_1' title="bbox 1523 313 2538 398; baseline 0.006 -13"><span class='ocrx_word' id='word_1_1' title='bbox 1523 313 1530 320; x_wconf 80' lang='grc'>’</span> <span class='ocrx_word' id='word_1_2' title='bbox 1593 329 1798 386; x_wconf 79' lang='lat' dir='ltr'><strong>LIBER</strong></span> <span class='ocrx_word' id='word_1_3' title='bbox 1833 330 2111 398; x_wconf 76' lang='lat' dir='ltr'><strong>ramus.</strong></span> <span class='ocrx_word' id='word_1_4' title='bbox 2152 332 2368 391; x_wconf 79' lang='lat' dir='ltr'><strong>EPIST.</strong></span> <span class='ocrx_word' id='word_1_5' title='bbox 2401 334 2538 392; x_wconf 81' lang='lat' dir='ltr'><strong>xm.</strong></span> 
     </span>
    </p>
   </div>
   <div class='ocr_carea' id='block_1_2' title="bbox 3590 340 3701 398">
    <p class='ocr_par' dir='ltr' id='par_1_2' title="bbox 3590 340 3701 398">
     <span class='ocr_line' id='line_1_2' title="bbox 3590 340 3701 398; baseline 0 -3"><span class='ocrx_word' id='word_1_6' title='bbox 3590 340 3701 398; x_wconf 66' lang='lat'><strong>9.22</strong></span> 
     </span>
    </p>
   </div>
   <div class='ocr_carea' id='block_1_3' title="bbox 443 425 3698 524">
    <p class='ocr_par' dir='ltr' id='par_1_3' title="bbox 443 425 3698 524">
     <span class='ocr_line' id='line_1_3' title="bbox 443 425 3698 524; baseline 0.005 -30"><span class='ocrx_word' id='word_1_7' title='bbox 443 436 652 494; x_wconf 80' lang='lat' dir='ltr'><strong>ordinis</strong></span> <span class='ocrx_word' id='word_1_8' title='bbox 680 425 1019 510; x_wconf 82' lang='lat' dir='ltr'><strong>dignitatem.</strong></span> <span class='ocrx_word' id='word_1_9' title='bbox 1064 436 1310 509; x_wconf 87' lang='lat' dir='ltr'><strong>Dignitas</strong></span> <span class='ocrx_word' id='word_1_10' title='bbox 1340 438 1641 509; x_wconf 83' lang='lat' dir='ltr'><strong>vero,licet</strong></span> <span class='ocrx_word' id='word_1_11' title='bbox 1685 456 1781 511; x_wconf 87' lang='lat' dir='ltr'><strong>per</strong></span> <span class='ocrx_word' id='word_1_12' title='bbox 1827 457 2018 497; x_wconf 88' lang='lat' dir='ltr'><strong>manus</strong></span> <span class='ocrx_word' id='word_1_13' title='bbox 2044 445 2096 506; x_wconf 74' lang='grc' dir='ltr'><strong>Δ</strong></span> <span class='ocrx_word' id='word_1_14' title='bbox 2123 447 2250 513; x_wconf 85' lang='lat' dir='ltr'><strong>quia</strong></span> <span class='ocrx_word' id='word_1_15' title='bbox 2295 448 2675 506; x_wconf 83' lang='lat' dir='ltr'><strong>inexcusabilis</strong></span> <span class='ocrx_word' id='word_1_16' title='bbox 2756 451 2863 507; x_wconf 88' lang='lat' dir='ltr'><strong>erit</strong></span> <span class='ocrx_word' id='word_1_17' title='bbox 2935 452 3114 508; x_wconf 83' lang='lat' dir='ltr'><strong>omnis</strong></span> <span class='ocrx_word' id='word_1_18' title='bbox 3159 452 3253 524; x_wconf 87' lang='lat' dir='ltr'><strong>qui</strong></span> <span class='ocrx_word' id='word_1_19' title='bbox 3293 469 3326 510; x_wconf 91' lang='lat' dir='ltr'><strong>a</strong></span> <span class='ocrx_word' id='word_1_20' title='bbox 3369 453 3599 512; x_wconf 88' lang='lat' dir='ltr'><strong>Domino</strong></span> <span class='ocrx_word' id='word_1_21' title='bbox 3643 465 3698 512; x_wconf 91' lang='lat' dir='ltr'><strong>et</strong></span> 
     </span>
    </p>
   </div>
   <div class='ocr_carea' id='block_1_4' title="bbox 445 529 2018 603">
    <p class='ocr_par' dir='ltr' id='par_1_4' title="bbox 445 529 2018 603">
     <span class='ocr_line' id='line_1_4' title="bbox 445 529 2018 603; baseline 0.001 -17"><span class='ocrx_word' id='word_1_22' title='bbox 445 530 843 602; x_wconf 90' lang='lat' dir='ltr'><strong>impositionem</strong></span> <span class='ocrx_word' id='word_1_23' title='bbox 870 529 1108 601; x_wconf 88' lang='lat' dir='ltr'><strong>gratuito</strong></span> <span class='ocrx_word' id='word_1_24' title='bbox 1137 529 1210 585; x_wconf 92' lang='lat' dir='ltr'><strong>sit</strong></span> <span class='ocrx_word' id='word_1_25' title='bbox 1251 540 1496 602; x_wconf 89' lang='lat' dir='ltr'><strong>accepta,</strong></span> <span class='ocrx_word' id='word_1_26' title='bbox 1536 547 1879 603; x_wconf 87' lang='lat' dir='ltr'><strong>nequaquam</strong></span> <span class='ocrx_word' id='word_1_27' title='bbox 1933 541 2018 588; x_wconf 90' lang='lat' dir='ltr'><strong>ta-</strong></span> 
     </span>
    </p>
   </div>
   <div class='ocr_carea' id='block_1_5' title="bbox 443 621 1657 693">
    <p class='ocr_par' dir='ltr' id='par_1_5' title="bbox 443 621 1657 693">
     <span class='ocr_line' id='line_1_5' title="bbox 443 621 1657 693; baseline -0.004 -14"><span class='ocrx_word' id='word_1_28' title='bbox 443 637 567 679; x_wconf 88' lang='lat' dir='ltr'><strong>men</strong></span> <span class='ocrx_word' id='word_1_29' title='bbox 600 621 825 678; x_wconf 89' lang='lat' dir='ltr'><strong>mundat</strong></span> <span class='ocrx_word' id='word_1_30' title='bbox 852 630 1174 693; x_wconf 76' lang='lat' dir='ltr'><strong>emptorem.</strong></span> <span class='ocrx_word' id='word_1_31' title='bbox 1651 670 1657 674; x_wconf 81' lang='lat'><strong>.</strong></span> 
     </span>
    </p>
   </div>
   <div class='ocr_carea' id='block_1_6' title="bbox 511 712 2020 784">
    <p class='ocr_par' dir='ltr' id='par_1_6' title="bbox 511 712 2020 784">
     <span class='ocr_line' id='line_1_6' title="bbox 511 712 2020 784; baseline -0.001 -15"><span class='ocrx_word' id='word_1_32' title='bbox 511 715 704 769; x_wconf 81' lang='lat' dir='ltr'><strong>Adhuc</strong></span> <span class='ocrx_word' id='word_1_33' title='bbox 741 721 922 768; x_wconf 89' lang='lat' dir='ltr'><strong>autem</strong></span> <span class='ocrx_word' id='word_1_34' title='bbox 961 713 1030 768; x_wconf 89' lang='lat' dir='ltr'><strong>ad</strong></span> <span class='ocrx_word' id='word_1_35' title='bbox 1057 712 1430 770; x_wconf 88' lang='lat' dir='ltr'><strong>investituram</strong></span> <span class='ocrx_word' id='word_1_36' title='bbox 1467 712 1649 779; x_wconf 85' lang='lat' dir='ltr'><strong>redeo,</strong></span> <span class='ocrx_word' id='word_1_37' title='bbox 1677 721 1734 769; x_wconf 89' lang='lat' dir='ltr'><strong>et</strong></span> <span class='ocrx_word' id='word_1_38' title='bbox 1762 729 1793 768; x_wconf 89' lang='lat' dir='ltr'><strong>a</strong></span> <span class='ocrx_word' id='word_1_39' title='bbox 1823 721 1896 780; x_wconf 92' lang='lat' dir='ltr'><strong>te,</strong></span> <span class='ocrx_word' id='word_1_40' title='bbox 1926 714 2020 784; x_wconf 89' lang='lat' dir='ltr'><strong>qui</strong></span> 
     </span>
    </p>
   </div>
   <div class='ocr_carea' id='block_1_7' title="bbox 440 789 2018 876">
    <p class='ocr_par' dir='ltr' id='par_1_7' title="bbox 440 789 2018 876">
     <span class='ocr_line' id='line_1_7' title="bbox 440 789 2018 876; baseline 0 -16"><span class='ocrx_word' id='word_1_41' title='bbox 440 789 549 860; x_wconf 88' lang='lat' dir='ltr'><strong>non</strong></span> <span class='ocrx_word' id='word_1_42' title='bbox 578 803 903 874; x_wconf 77' lang='lat' dir='ltr'><strong>Ecclesiam,</strong></span> <span class='ocrx_word' id='word_1_43' title='bbox 939 805 1036 859; x_wconf 87' lang='lat' dir='ltr'><strong>sed</strong></span> <span class='ocrx_word' id='word_1_44' title='bbox 1074 802 1333 860; x_wconf 90' lang='lat' dir='ltr'><strong>Ecclesia</strong></span> <span class='ocrx_word' id='word_1_45' title='bbox 1359 803 1563 876; x_wconf 89' lang='lat' dir='ltr'><strong>pradia</strong></span> <span class='ocrx_word' id='word_1_46' title='bbox 1591 812 1644 858; x_wconf 90' lang='lat' dir='ltr'><strong>te</strong></span> <span class='ocrx_word' id='word_1_47' title='bbox 1668 818 2018 874; x_wconf 80' lang='lat' dir='ltr'><strong>comparasse</strong></span> 
     </span>
    </p>
   </div>
   <div class='ocr_carea' id='block_1_8' title="bbox 442 894 2023 966">
    <p class='ocr_par' dir='ltr' id='par_1_8' title="bbox 442 894 2023 966">
     <span class='ocr_line' id='line_1_8' title="bbox 442 894 2023 966; baseline 0.001 -16"><span class='ocrx_word' id='word_1_48' title='bbox 442 896 718 966; x_wconf 87' lang='lat' dir='ltr'><strong>gloriaris,</strong></span> <span class='ocrx_word' id='word_1_49' title='bbox 754 894 992 966; x_wconf 88' lang='lat' dir='ltr'><strong>inquiro.</strong></span> <span class='ocrx_word' id='word_1_50' title='bbox 1026 894 1172 951; x_wconf 86' lang='lat' dir='ltr'><strong>Sane</strong></span> <span class='ocrx_word' id='word_1_51' title='bbox 1197 909 1324 952; x_wconf 90' lang='lat' dir='ltr'><strong>cum</strong></span> <span class='ocrx_word' id='word_1_52' title='bbox 1361 895 1613 951; x_wconf 88' lang='lat' dir='ltr'><strong>baculum</strong></span> <span class='ocrx_word' id='word_1_53' title='bbox 1657 895 1747 952; x_wconf 91' lang='lat' dir='ltr'><strong>ille</strong></span> <span class='ocrx_word' id='word_1_54' title='bbox 1772 895 1880 952; x_wconf 90' lang='lat' dir='ltr'><strong>tuis</strong></span> <span class='ocrx_word' id='word_1_55' title='bbox 1905 911 2023 952; x_wconf 88' lang='lat' dir='ltr'><strong>ma-</strong></span> 
     </span>
    </p>
   </div>
   <div class='ocr_carea' id='block_1_9' title="bbox 441 987 2022 1061">
    <p class='ocr_par' dir='ltr' id='par_1_9' title="bbox 441 987 2022 1061">
     <span class='ocr_line' id='line_1_9' title="bbox 441 987 2022 1061; baseline -0.001 -16"><span class='ocrx_word' id='word_1_56' title='bbox 441 989 604 1046; x_wconf 90' lang='lat' dir='ltr'><strong>nibus</strong></span> <span class='ocrx_word' id='word_1_57' title='bbox 649 988 890 1052; x_wconf 75' lang='lat' dir='ltr'><strong>tradidit,</strong></span> <span class='ocrx_word' id='word_1_58' title='bbox 940 987 1190 1046; x_wconf 77' lang='lat' dir='ltr'><strong>dixitne:</strong></span> <span class='ocrx_word' id='word_1_59' title='bbox 1231 1007 1250 1040; x_wconf 71' lang='grc'><strong>(</strong></span> <span class='ocrx_word' id='word_1_60' title='bbox 1277 987 1478 1058; x_wconf 82' lang='lat' dir='ltr'><strong>Accipe</strong></span> <span class='ocrx_word' id='word_1_61' title='bbox 1518 998 1715 1056; x_wconf 88' lang='lat' dir='ltr'><strong>terras,</strong></span> <span class='ocrx_word' id='word_1_62' title='bbox 1754 996 1918 1061; x_wconf 90' lang='lat' dir='ltr'><strong>atque</strong></span> <span class='ocrx_word' id='word_1_63' title='bbox 1941 989 2022 1044; x_wconf 87' lang='lat' dir='ltr'><strong>di-</strong></span> 
     </span>
    </p>
   </div>
   <div class='ocr_carea' id='block_1_10' title="bbox 444 1080 2017 1152">
    <p class='ocr_par' dir='ltr' id='par_1_10' title="bbox 444 1080 2017 1152">
     <span class='ocr_line' id='line_1_10' title="bbox 444 1080 2017 1152; baseline 0 -16"><span class='ocrx_word' id='word_1_64' title='bbox 444 1082 607 1138; x_wconf 82' lang='lat' dir='ltr'><strong>vitias</strong></span> <span class='ocrx_word' id='word_1_65' title='bbox 638 1081 782 1137; x_wconf 91' lang='lat' dir='ltr'><strong>illius</strong></span> <span class='ocrx_word' id='word_1_66' title='bbox 799 1080 1055 1139; x_wconf 87' lang='lat' dir='ltr'><strong>Ecclesia</strong></span> <span class='ocrx_word' id='word_1_67' title='bbox 1081 1097 1097 1135; x_wconf 87' lang='lat'><strong>:</strong></span> <span class='ocrx_word' id='word_1_68' title='bbox 1131 1101 1150 1134; x_wconf 70' lang='grc' dir='ltr'><strong>ι</strong></span> <span class='ocrx_word' id='word_1_69' title='bbox 1181 1096 1250 1137; x_wconf 89' lang='lat' dir='ltr'><strong>an</strong></span> <span class='ocrx_word' id='word_1_70' title='bbox 1273 1081 1476 1152; x_wconf 87' lang='lat' dir='ltr'><strong>potius,</strong></span> <span class='ocrx_word' id='word_1_71' title='bbox 1501 1081 1644 1152; x_wconf 92' lang='lat' dir='ltr'><strong>quod</strong></span> <span class='ocrx_word' id='word_1_72' title='bbox 1671 1089 1878 1137; x_wconf 89' lang='lat' dir='ltr'><strong>certum</strong></span> <span class='ocrx_word' id='word_1_73' title='bbox 1904 1089 2017 1136; x_wconf 84' lang='lat' dir='ltr'><strong>est:</strong></span> 
     </span>
    </p>
   </div>
   <div class='ocr_carea' id='block_1_11' title="bbox 449 1171 2022 1243">
    <p class='ocr_par' dir='ltr' id='par_1_11' title="bbox 449 1171 2022 1243">
     <span class='ocr_line' id='line_1_11' title="bbox 449 1171 2022 1243; baseline 0.002 -18"><span class='ocrx_word' id='word_1_74' title='bbox 449 1191 470 1225; x_wconf 73' lang='grc' dir='ltr'><strong><em>ι</em></strong></span> <span class='ocrx_word' id='word_1_75' title='bbox 499 1173 699 1243; x_wconf 81' lang='lat' dir='ltr'><strong>Accipe</strong></span> <span class='ocrx_word' id='word_1_76' title='bbox 739 1171 1078 1231; x_wconf 83' lang='lat' dir='ltr'><strong>Ecclesiam?</strong></span> <span class='ocrx_word' id='word_1_77' title='bbox 1109 1191 1128 1224; x_wconf 81' lang='grc'>›</span> <span class='ocrx_word' id='word_1_78' title='bbox 1163 1171 1317 1239; x_wconf 84' lang='lat' dir='ltr'><strong>Quod</strong></span> <span class='ocrx_word' id='word_1_79' title='bbox 1360 1173 1405 1227; x_wconf 91' lang='lat' dir='ltr'><strong>si</strong></span> <span class='ocrx_word' id='word_1_80' title='bbox 1439 1172 1577 1228; x_wconf 87' lang='lat' dir='ltr'><strong>bona</strong></span> <span class='ocrx_word' id='word_1_81' title='bbox 1619 1171 1877 1228; x_wconf 87' lang='lat' dir='ltr'><strong>Ecclesia</strong></span> <span class='ocrx_word' id='word_1_82' title='bbox 1903 1172 2022 1228; x_wconf 82' lang='lat' dir='ltr'><strong>sine</strong></span> 
     </span>
    </p>
   </div>
   <div class='ocr_carea' id='block_1_12' title="bbox 444 1263 2020 1336">
    <p class='ocr_par' dir='ltr' id='par_1_12' title="bbox 444 1263 2020 1336">
     <span class='ocr_line' id='line_1_12' title="bbox 444 1263 2020 1336; baseline -0.001 -17"><span class='ocrx_word' id='word_1_83' title='bbox 444 1264 685 1321; x_wconf 85' lang='lat' dir='ltr'><strong>Ecclesia</strong></span> <span class='ocrx_word' id='word_1_84' title='bbox 731 1264 1042 1335; x_wconf 83' lang='lat' dir='ltr'><strong>suscepisti,</strong></span> <span class='ocrx_word' id='word_1_85' title='bbox 1070 1264 1452 1321; x_wconf 85' lang='lat' dir='ltr'><strong>schismaticus</strong></span> <span class='ocrx_word' id='word_1_86' title='bbox 1478 1280 1538 1320; x_wconf 89' lang='lat' dir='ltr'><strong>es</strong></span> <span class='ocrx_word' id='word_1_87' title='bbox 1586 1272 1753 1336; x_wconf 88' lang='lat' dir='ltr'><strong>atque</strong></span> <span class='ocrx_word' id='word_1_88' title='bbox 1792 1263 2020 1320; x_wconf 83' lang='lat' dir='ltr'><strong>sacrile-</strong></span> 
     </span>
    </p>
   </div>
   <div class='ocr_carea' id='block_1_13' title="bbox 444 1353 2023 1427">
    <p class='ocr_par' dir='ltr' id='par_1_13' title="bbox 444 1353 2023 1427">
     <span class='ocr_line' id='line_1_13' title="bbox 444 1353 2023 1427; baseline 0.002 -20"><span class='ocrx_word' id='word_1_89' title='bbox 444 1372 578 1427; x_wconf 81' lang='lat' dir='ltr'><strong>gus,</strong></span> <span class='ocrx_word' id='word_1_90' title='bbox 609 1355 701 1426; x_wconf 86' lang='lat' dir='ltr'><strong>qui</strong></span> <span class='ocrx_word' id='word_1_91' title='bbox 732 1357 874 1413; x_wconf 89' lang='lat' dir='ltr'><strong>bona</strong></span> <span class='ocrx_word' id='word_1_92' title='bbox 904 1355 1161 1412; x_wconf 83' lang='lat' dir='ltr'><strong>Ecclesiae</strong></span> <span class='ocrx_word' id='word_1_93' title='bbox 1187 1355 1257 1412; x_wconf 88' lang='lat' dir='ltr'><strong>ab</strong></span> <span class='ocrx_word' id='word_1_94' title='bbox 1282 1354 1526 1412; x_wconf 88' lang='lat' dir='ltr'><strong>Ecclesia</strong></span> <span class='ocrx_word' id='word_1_95' title='bbox 1556 1354 1774 1422; x_wconf 90' lang='lat' dir='ltr'><strong>dividis,</strong></span> <span class='ocrx_word' id='word_1_96' title='bbox 1802 1363 1859 1410; x_wconf 92' lang='lat' dir='ltr'><strong>et</strong></span> <span class='ocrx_word' id='word_1_97' title='bbox 1879 1353 2023 1425; x_wconf 89' lang='lat' dir='ltr'><strong>quod</strong></span> 
     </span>
    </p>
   </div>
   <div class='ocr_carea' id='block_1_14' title="bbox 443 1444 2021 1516">
    <p class='ocr_par' dir='ltr' id='par_1_14' title="bbox 443 1444 2021 1516">
     <span class='ocr_line' id='line_1_14' title="bbox 443 1444 2021 1516; baseline -0.001 -13"><span class='ocrx_word' id='word_1_98' title='bbox 443 1449 677 1503; x_wconf 89' lang='lat' dir='ltr'><strong>alienum</strong></span> <span class='ocrx_word' id='word_1_99' title='bbox 719 1457 839 1515; x_wconf 51' lang='lat' dir='ltr'><strong>est,</strong></span> <span class='ocrx_word' id='word_1_100' title='bbox 865 1447 1133 1503; x_wconf 89' lang='lat' dir='ltr'><strong>violenter</strong></span> <span class='ocrx_word' id='word_1_101' title='bbox 1177 1447 1232 1502; x_wconf 93' lang='lat' dir='ltr'><strong>in</strong></span> <span class='ocrx_word' id='word_1_102' title='bbox 1281 1447 1355 1501; x_wconf 91' lang='lat' dir='ltr'><strong>tui</strong></span> <span class='ocrx_word' id='word_1_103' title='bbox 1401 1463 1532 1503; x_wconf 89' lang='lat' dir='ltr'><strong>usus</strong></span> <span class='ocrx_word' id='word_1_104' title='bbox 1552 1444 1678 1516; x_wconf 84' lang='lat' dir='ltr'><strong>jura</strong></span> <span class='ocrx_word' id='word_1_105' title='bbox 1726 1446 2021 1502; x_wconf 81' lang='lat' dir='ltr'><strong>convertis.</strong></span> 
     </span>
    </p>
   </div>
   <div class='ocr_carea' id='block_1_15' title="bbox 445 1539 2025 1610">
    <p class='ocr_par' dir='ltr' id='par_1_15' title="bbox 445 1539 2025 1610">
     <span class='ocr_line' id='line_1_15' title="bbox 445 1539 2025 1610; baseline 0.001 -18"><span class='ocrx_word' id='word_1_106' title='bbox 445 1540 597 1606; x_wconf 86' lang='lat' dir='ltr'><strong>Quod</strong></span> <span class='ocrx_word' id='word_1_107' title='bbox 637 1540 680 1595; x_wconf 90' lang='lat' dir='ltr'><strong>si</strong></span> <span class='ocrx_word' id='word_1_108' title='bbox 722 1539 1020 1596; x_wconf 90' lang='lat' dir='ltr'><strong>Ecclesiam</strong></span> <span class='ocrx_word' id='word_1_109' title='bbox 1071 1539 1378 1608; x_wconf 86' lang='lat' dir='ltr'><strong>suscepisti,</strong></span> <span class='ocrx_word' id='word_1_110' title='bbox 1405 1539 1548 1610; x_wconf 88' lang='lat' dir='ltr'><strong>quod</strong></span> <span class='ocrx_word' id='word_1_111' title='bbox 1573 1539 1794 1594; x_wconf 90' lang='lat' dir='ltr'><strong>omnino</strong></span> <span class='ocrx_word' id='word_1_112' title='bbox 1823 1551 2025 1610; x_wconf 88' lang='lat' dir='ltr'><strong>negare</strong></span> 
     </span>
    </p>
   </div>
   <div class='ocr_carea' id='block_1_16' title="bbox 443 1627 2026 1700">
    <p class='ocr_par' dir='ltr' id='par_1_16' title="bbox 443 1627 2026 1700">
     <span class='ocr_line' id='line_1_16' title="bbox 443 1627 2026 1700; baseline -0.001 -16"><span class='ocrx_word' id='word_1_113' title='bbox 443 1647 550 1685; x_wconf 88' lang='lat' dir='ltr'><strong>non</strong></span> <span class='ocrx_word' id='word_1_114' title='bbox 592 1638 765 1699; x_wconf 86' lang='lat' dir='ltr'><strong>potes,</strong></span> <span class='ocrx_word' id='word_1_115' title='bbox 806 1629 993 1700; x_wconf 88' lang='lat' dir='ltr'><strong>procul</strong></span> <span class='ocrx_word' id='word_1_116' title='bbox 1025 1629 1189 1685; x_wconf 91' lang='lat' dir='ltr'><strong>dubio</strong></span> <span class='ocrx_word' id='word_1_117' title='bbox 1223 1627 1398 1684; x_wconf 84' lang='lat' dir='ltr'><strong>factus</strong></span> <span class='ocrx_word' id='word_1_118' title='bbox 1437 1643 1499 1684; x_wconf 90' lang='lat' dir='ltr'><strong>es</strong></span> <span class='ocrx_word' id='word_1_119' title='bbox 1555 1628 1883 1684; x_wconf 88' lang='lat' dir='ltr'><strong>simoniacus</strong></span> <span class='ocrx_word' id='word_1_120' title='bbox 1920 1645 1936 1684; x_wconf 91' lang='lat'><strong>:</strong></span> <span class='ocrx_word' id='word_1_121' title='bbox 1969 1635 2026 1682; x_wconf 89' lang='lat' dir='ltr'><strong>et</strong></span> 
     </span>
    </p>
   </div>
   <div class='ocr_carea' id='block_1_17' title="bbox 441 1718 2024 1790">
    <p class='ocr_par' dir='ltr' id='par_1_17' title="bbox 441 1718 2024 1790">
     <span class='ocr_line' id='line_1_17' title="bbox 441 1718 2024 1790; baseline 0 -16"><span class='ocrx_word' id='word_1_122' title='bbox 441 1720 594 1790; x_wconf 88' lang='lat' dir='ltr'><strong>prius</strong></span> <span class='ocrx_word' id='word_1_123' title='bbox 651 1729 702 1775; x_wconf 90' lang='lat' dir='ltr'><strong>te</strong></span> <span class='ocrx_word' id='word_1_124' title='bbox 748 1719 1012 1777; x_wconf 84' lang='lat' dir='ltr'><strong>venalitas</strong></span> <span class='ocrx_word' id='word_1_125' title='bbox 1058 1718 1187 1775; x_wconf 85' lang='lat' dir='ltr'><strong>fecit</strong></span> <span class='ocrx_word' id='word_1_126' title='bbox 1229 1719 1568 1786; x_wconf 88' lang='lat' dir='ltr'><strong>hareticum,</strong></span> <span class='ocrx_word' id='word_1_127' title='bbox 1622 1734 1786 1790; x_wconf 91' lang='lat' dir='ltr'><strong>quam</strong></span> <span class='ocrx_word' id='word_1_128' title='bbox 1831 1733 2024 1774; x_wconf 89' lang='lat' dir='ltr'><strong>manus</strong></span> 
     </span>
    </p>
   </div>
   <div class='ocr_carea' id='block_1_18' title="bbox 2120 537 3698 616">
    <p class='ocr_par' dir='ltr' id='par_1_18' title="bbox 2120 537 3698 616">
     <span class='ocr_line' id='line_1_18' title="bbox 2120 537 3698 616; baseline 0.008 -24"><span class='ocrx_word' id='word_1_129' title='bbox 2120 537 2364 595; x_wconf 87' lang='lat' dir='ltr'><strong>Ecclesia</strong></span> <span class='ocrx_word' id='word_1_130' title='bbox 2399 542 2485 596; x_wconf 91' lang='lat' dir='ltr'><strong>cui</strong></span> <span class='ocrx_word' id='word_1_131' title='bbox 2516 553 2848 613; x_wconf 90' lang='lat' dir='ltr'><strong>competunt,</strong></span> <span class='ocrx_word' id='word_1_132' title='bbox 2886 546 3082 612; x_wconf 84' lang='lat' dir='ltr'><strong>aufert,</strong></span> <span class='ocrx_word' id='word_1_133' title='bbox 3123 555 3324 616; x_wconf 81' lang='lat' dir='ltr'><strong>vastat,</strong></span> <span class='ocrx_word' id='word_1_134' title='bbox 3367 548 3576 604; x_wconf 88' lang='lat' dir='ltr'><strong>invadit</strong></span> <span class='ocrx_word' id='word_1_135' title='bbox 3612 550 3698 606; x_wconf 90' lang='lat' dir='ltr'><strong>vel</strong></span> 
     </span>
    </p>
   </div>
   <div class='ocr_carea' id='block_1_19' title="bbox 2121 629 3702 709">
    <p class='ocr_par' dir='ltr' id='par_1_19' title="bbox 2121 629 3702 709">
     <span class='ocr_line' id='line_1_19' title="bbox 2121 629 3702 709; baseline 0.006 -24"><span class='ocrx_word' id='word_1_136' title='bbox 2121 629 2302 699; x_wconf 86' lang='lat' dir='ltr'><strong>eripit,</strong></span> <span class='ocrx_word' id='word_1_137' title='bbox 2334 647 2507 702; x_wconf 86' lang='lat' dir='ltr'><strong>usque</strong></span> <span class='ocrx_word' id='word_1_138' title='bbox 2532 633 2598 688; x_wconf 90' lang='lat' dir='ltr'><strong>ad</strong></span> <span class='ocrx_word' id='word_1_139' title='bbox 2620 635 3076 701; x_wconf 87' lang='lat' dir='ltr'><strong>emendationem,</strong></span> <span class='ocrx_word' id='word_1_140' title='bbox 3100 637 3463 709; x_wconf 85' lang='lat' dir='ltr'><strong>Ecclesiaque</strong></span> <span class='ocrx_word' id='word_1_141' title='bbox 3486 639 3702 695; x_wconf 73' lang='lat' dir='ltr'><strong>satisfa~</strong></span> 
     </span>
    </p>
   </div>
   <div class='ocr_carea' id='block_1_20' title="bbox 2121 722 3696 797">
    <p class='ocr_par' dir='ltr' id='par_1_20' title="bbox 2121 722 3696 797">
     <span class='ocr_line' id='line_1_20' title="bbox 2121 722 3696 797; baseline 0.004 -20"><span class='ocrx_word' id='word_1_142' title='bbox 2121 722 2381 789; x_wconf 87' lang='lat' dir='ltr'><strong>ctiouem,</strong></span> <span class='ocrx_word' id='word_1_143' title='bbox 2419 734 2480 778; x_wconf 90' lang='lat' dir='ltr'><strong>ut</strong></span> <span class='ocrx_word' id='word_1_144' title='bbox 2509 724 2810 795; x_wconf 88' lang='lat' dir='ltr'><strong>sacrilegus</strong></span> <span class='ocrx_word' id='word_1_145' title='bbox 2844 725 3200 797; x_wconf 81' lang='lat' dir='ltr'><strong>(liiudicetur;</strong></span> <span class='ocrx_word' id='word_1_146' title='bbox 3231 738 3286 782; x_wconf 88' lang='lat' dir='ltr'><strong>et</strong></span> <span class='ocrx_word' id='word_1_147' title='bbox 3319 728 3366 784; x_wconf 90' lang='lat' dir='ltr'><strong>si</strong></span> <span class='ocrx_word' id='word_1_148' title='bbox 3401 729 3696 784; x_wconf 88' lang='lat' dir='ltr'><strong>emendare</strong></span> 
     </span>
    </p>
   </div>
   <div class='ocr_carea' id='block_1_21' title="bbox 2120 810 3697 885">
    <p class='ocr_par' dir='ltr' id='par_1_21' title="bbox 2120 810 3697 885">
     <span class='ocr_line' id='line_1_21' title="bbox 2120 810 3697 885; baseline 0.003 -20"><span class='ocrx_word' id='word_1_149' title='bbox 2120 810 2374 878; x_wconf 87' lang='lat' dir='ltr'><strong>noluerit,</strong></span> <span class='ocrx_word' id='word_1_150' title='bbox 2421 813 2943 869; x_wconf 83' lang='lat' dir='ltr'><strong>excommunicetur.</strong></span> <span class='ocrx_word' id='word_1_151' title='bbox 2990 815 3283 870; x_wconf 80' lang='lat' dir='ltr'><strong>Anacletus</strong></span> <span class='ocrx_word' id='word_1_152' title='bbox 3326 824 3507 871; x_wconf 89' lang='lat' dir='ltr'><strong>autem</strong></span> <span class='ocrx_word' id='word_1_153' title='bbox 3550 815 3697 885; x_wconf 88' lang='lat' dir='ltr'><strong>Papa</strong></span> 
     </span>
    </p>
   </div>
   <div class='ocr_carea' id='block_1_22' title="bbox 2123 899 3698 972">
    <p class='ocr_par' dir='ltr' id='par_1_22' title="bbox 2123 899 3698 972">
     <span class='ocr_line' id='line_1_22' title="bbox 2123 899 3698 972; baseline 0.003 -18"><span class='ocrx_word' id='word_1_154' title='bbox 2123 899 2283 970; x_wconf 87' lang='lat' dir='ltr'><strong>longe</strong></span> <span class='ocrx_word' id='word_1_155' title='bbox 2317 909 2445 956; x_wconf 87' lang='lat' dir='ltr'><strong>ante</strong></span> <span class='ocrx_word' id='word_1_156' title='bbox 2475 901 2619 957; x_wconf 91' lang='lat' dir='ltr'><strong>inter</strong></span> <span class='ocrx_word' id='word_1_157' title='bbox 2645 902 2750 957; x_wconf 92' lang='lat' dir='ltr'><strong>alia</strong></span> <span class='ocrx_word' id='word_1_158' title='bbox 2792 903 2961 958; x_wconf 83' lang='lat' dir='ltr'><strong>multa</strong></span> <span class='ocrx_word' id='word_1_159' title='bbox 3011 904 3320 960; x_wconf 88' lang='lat' dir='ltr'><strong>subinfert:</strong></span> <span class='ocrx_word' id='word_1_160' title='bbox 3351 922 3371 956; x_wconf 71' lang='grc' dir='ltr'>ς</span> <span class='ocrx_word' id='word_1_161' title='bbox 3407 904 3510 972; x_wconf 88' lang='lat' dir='ltr'><strong>Qui</strong></span> <span class='ocrx_word' id='word_1_162' title='bbox 3553 906 3698 959; x_wconf 87' lang='lat' dir='ltr'><strong>enim</strong></span> 
     </span>
    </p>
   </div>
   <div class='ocr_carea' id='block_1_23' title="bbox 2123 993 3702 1069">
    <p class='ocr_par' dir='ltr' id='par_1_23' title="bbox 2123 993 3702 1069">
     <span class='ocr_line' id='line_1_23' title="bbox 2123 993 3702 1069; baseline 0.004 -22"><span class='ocrx_word' id='word_1_163' title='bbox 2123 1007 2212 1048; x_wconf 90' lang='lat' dir='ltr'><strong>res</strong></span> <span class='ocrx_word' id='word_1_164' title='bbox 2239 993 2494 1050; x_wconf 90' lang='lat' dir='ltr'><strong>Ecclesia</strong></span> <span class='ocrx_word' id='word_1_165' title='bbox 2523 995 2829 1062; x_wconf 86' lang='lat' dir='ltr'><strong>abstulerit,</strong></span> <span class='ocrx_word' id='word_1_166' title='bbox 2873 997 3221 1069; x_wconf 74' lang='lat' dir='ltr'><strong>sacrilegium</strong></span> <span class='ocrx_word' id='word_1_167' title='bbox 3246 997 3401 1066; x_wconf 89' lang='lat' dir='ltr'><strong>facit,</strong></span> <span class='ocrx_word' id='word_1_168' title='bbox 3449 1007 3504 1054; x_wconf 87' lang='lat' dir='ltr'><strong>et</strong></span> <span class='ocrx_word' id='word_1_169' title='bbox 3531 999 3702 1054; x_wconf 71' lang='lat' dir='ltr'><strong>sacrio</strong></span> 
     </span>
    </p>
   </div>
   <div class='ocr_carea' id='block_1_24' title="bbox 2123 1082 2815 1156">
    <p class='ocr_par' dir='ltr' id='par_1_24' title="bbox 2123 1082 2815 1156">
     <span class='ocr_line' id='line_1_24' title="bbox 2123 1082 2815 1156; baseline 0.001 -18"><span class='ocrx_word' id='word_1_170' title='bbox 2123 1082 2274 1154; x_wconf 83' lang='lat' dir='ltr'><strong>legus</strong></span> <span class='ocrx_word' id='word_1_171' title='bbox 2297 1085 2636 1156; x_wconf 91' lang='lat' dir='ltr'><strong>deputandus</strong></span> <span class='ocrx_word' id='word_1_172' title='bbox 2661 1095 2764 1142; x_wconf 89' lang='lat' dir='ltr'><strong>est.</strong></span> <span class='ocrx_word' id='word_1_173' title='bbox 2794 1104 2815 1139; x_wconf 73' lang='grc' dir='ltr'><strong><em>ι</em></strong></span> 
     </span>
    </p>
   </div>
   <div class='ocr_carea' id='block_1_25' title="bbox 2191 1174 3695 1248">
    <p class='ocr_par' dir='ltr' id='par_1_25' title="bbox 2191 1174 3695 1248">
     <span class='ocr_line' id='line_1_25' title="bbox 2191 1174 3695 1248; baseline 0.003 -18"><span class='ocrx_word' id='word_1_174' title='bbox 2191 1174 2336 1246; x_wconf 89' lang='lat' dir='ltr'><strong>Papa</strong></span> <span class='ocrx_word' id='word_1_175' title='bbox 2370 1191 2583 1248; x_wconf 89' lang='lat' dir='ltr'><strong>quoque</strong></span> <span class='ocrx_word' id='word_1_176' title='bbox 2603 1175 2802 1232; x_wconf 87' lang='lat' dir='ltr'><strong>Lucius</strong></span> <span class='ocrx_word' id='word_1_177' title='bbox 2829 1176 2884 1232; x_wconf 91' lang='lat' dir='ltr'><strong>in</strong></span> <span class='ocrx_word' id='word_1_178' title='bbox 2910 1176 3130 1234; x_wconf 87' lang='lat' dir='ltr'><strong>decreto</strong></span> <span class='ocrx_word' id='word_1_179' title='bbox 3155 1193 3254 1234; x_wconf 91' lang='lat' dir='ltr'><strong>suo</strong></span> <span class='ocrx_word' id='word_1_180' title='bbox 3277 1177 3360 1235; x_wconf 89' lang='lat' dir='ltr'><strong>sic</strong></span> <span class='ocrx_word' id='word_1_181' title='bbox 3385 1178 3502 1234; x_wconf 87' lang='lat' dir='ltr'><strong>ait:</strong></span> <span class='ocrx_word' id='word_1_182' title='bbox 3531 1196 3551 1231; x_wconf 72' lang='grc' dir='ltr'>ι</span> <span class='ocrx_word' id='word_1_183' title='bbox 3581 1178 3695 1234; x_wconf 78' lang='lat' dir='ltr'><strong>Re-</strong></span> 
     </span>
    </p>
   </div>
   <div class='ocr_carea' id='block_1_26' title="bbox 2125 1265 3700 1339">
    <p class='ocr_par' dir='ltr' id='par_1_26' title="bbox 2125 1265 3700 1339">
     <span class='ocr_line' id='line_1_26' title="bbox 2125 1265 3700 1339; baseline 0.001 -18"><span class='ocrx_word' id='word_1_184' title='bbox 2125 1280 2246 1321; x_wconf 91' lang='lat' dir='ltr'><strong>rum</strong></span> <span class='ocrx_word' id='word_1_185' title='bbox 2285 1265 2801 1333; x_wconf 81' lang='lat' dir='ltr'><strong>ecclesiasticarum,</strong></span> <span class='ocrx_word' id='word_1_186' title='bbox 2830 1277 2886 1322; x_wconf 88' lang='lat' dir='ltr'><strong>et</strong></span> <span class='ocrx_word' id='word_1_187' title='bbox 2933 1265 3251 1323; x_wconf 79' lang='lat' dir='ltr'><strong>facultatum</strong></span> <span class='ocrx_word' id='word_1_188' title='bbox 3284 1276 3532 1339; x_wconf 88' lang='lat' dir='ltr'><strong>raptores</strong></span> <span class='ocrx_word' id='word_1_189' title='bbox 3561 1283 3591 1322; x_wconf 92' lang='lat' dir='ltr'><strong>a</strong></span> <span class='ocrx_word' id='word_1_190' title='bbox 3634 1268 3700 1324; x_wconf 86' lang='lat' dir='ltr'><strong>li-</strong></span> 
     </span>
    </p>
   </div>
   <div class='ocr_carea' id='block_1_27' title="bbox 2124 1355 3702 1428">
    <p class='ocr_par' dir='ltr' id='par_1_27' title="bbox 2124 1355 3702 1428">
     <span class='ocr_line' id='line_1_27' title="bbox 2124 1355 3702 1428; baseline 0 -16"><span class='ocrx_word' id='word_1_191' title='bbox 2124 1355 2362 1412; x_wconf 82' lang='lat' dir='ltr'><strong>minibus</strong></span> <span class='ocrx_word' id='word_1_192' title='bbox 2388 1365 2594 1412; x_wconf 86' lang='lat' dir='ltr'><strong>sancta</strong></span> <span class='ocrx_word' id='word_1_193' title='bbox 2613 1355 2871 1412; x_wconf 87' lang='lat' dir='ltr'><strong>Ecclesia</strong></span> <span class='ocrx_word' id='word_1_194' title='bbox 2903 1357 3447 1424; x_wconf 87' lang='lat' dir='ltr'><strong>anathematizantes,</strong></span> <span class='ocrx_word' id='word_1_195' title='bbox 3482 1363 3702 1428; x_wconf 85' lang='lat' dir='ltr'><strong>aposto-</strong></span> 
     </span>
    </p>
   </div>
   <div class='ocr_carea' id='block_1_28' title="bbox 2128 1446 3701 1518">
    <p class='ocr_par' dir='ltr' id='par_1_28' title="bbox 2128 1446 3701 1518">
     <span class='ocr_line' id='line_1_28' title="bbox 2128 1446 3701 1518; baseline -0.001 -17"><span class='ocrx_word' id='word_1_196' title='bbox 2128 1446 2230 1502; x_wconf 89' lang='lat' dir='ltr'><strong>lica</strong></span> <span class='ocrx_word' id='word_1_197' title='bbox 2261 1447 2587 1503; x_wconf 86' lang='lat' dir='ltr'><strong>auctoritate</strong></span> <span class='ocrx_word' id='word_1_198' title='bbox 2613 1447 2864 1518; x_wconf 85' lang='lat' dir='ltr'><strong>pellimus</strong></span> <span class='ocrx_word' id='word_1_199' title='bbox 2891 1455 2948 1502; x_wconf 89' lang='lat' dir='ltr'><strong>et</strong></span> <span class='ocrx_word' id='word_1_200' title='bbox 2974 1447 3316 1512; x_wconf 85' lang='lat' dir='ltr'><strong>damnamus,</strong></span> <span class='ocrx_word' id='word_1_201' title='bbox 3345 1456 3508 1518; x_wconf 88' lang='lat' dir='ltr'><strong>atque</strong></span> <span class='ocrx_word' id='word_1_202' title='bbox 3532 1447 3701 1503; x_wconf 81' lang='lat' dir='ltr'><strong>sacri-</strong></span> 
     </span>
    </p>
   </div>
   <div class='ocr_carea' id='block_1_29' title="bbox 2124 1537 3702 1617">
    <p class='ocr_par' dir='ltr' id='par_1_29' title="bbox 2124 1537 3702 1617">
     <span class='ocr_line' id='line_1_29' title="bbox 2124 1537 3702 1617; baseline -0.001 -24"><span class='ocrx_word' id='word_1_203' title='bbox 2124 1537 2272 1611; x_wconf 86' lang='lat' dir='ltr'><strong>legos</strong></span> <span class='ocrx_word' id='word_1_204' title='bbox 2295 1553 2415 1594; x_wconf 84' lang='lat' dir='ltr'><strong>esse</strong></span> <span class='ocrx_word' id='word_1_205' title='bbox 2435 1537 2760 1617; x_wconf 71' lang='lat' dir='ltr'><strong>iudicamus.</strong></span> <span class='ocrx_word' id='word_1_206' title='bbox 2792 1556 2812 1590; x_wconf 77' lang='grc' dir='ltr'><strong><em>ι</em></strong></span> <span class='ocrx_word' id='word_1_207' title='bbox 2854 1537 3142 1594; x_wconf 82' lang='lat' dir='ltr'><strong>Possemus</strong></span> <span class='ocrx_word' id='word_1_208' title='bbox 3169 1548 3225 1593; x_wconf 87' lang='lat' dir='ltr'><strong>et</strong></span> <span class='ocrx_word' id='word_1_209' title='bbox 3253 1537 3357 1592; x_wconf 85' lang='lat' dir='ltr'><strong>alia</strong></span> <span class='ocrx_word' id='word_1_210' title='bbox 3395 1553 3557 1608; x_wconf 91' lang='lat' dir='ltr'><strong>quam</strong></span> <span class='ocrx_word' id='word_1_211' title='bbox 3581 1537 3702 1609; x_wconf 81' lang='lat' dir='ltr'><strong>plu-</strong></span> 
     </span>
    </p>
   </div>
   <div class='ocr_carea' id='block_1_30' title="bbox 2125 1627 3700 1700">
    <p class='ocr_par' dir='ltr' id='par_1_30' title="bbox 2125 1627 3700 1700">
     <span class='ocr_line' id='line_1_30' title="bbox 2125 1627 3700 1700; baseline -0.002 -15"><span class='ocrx_word' id='word_1_212' title='bbox 2125 1627 2267 1685; x_wconf 87' lang='lat' dir='ltr'><strong>rima</strong></span> <span class='ocrx_word' id='word_1_213' title='bbox 2288 1630 2680 1688; x_wconf 87' lang='lat' dir='ltr'><strong>catholicorum</strong></span> <span class='ocrx_word' id='word_1_214' title='bbox 2709 1629 2932 1685; x_wconf 84' lang='lat' dir='ltr'><strong>Patrum</strong></span> <span class='ocrx_word' id='word_1_215' title='bbox 2958 1628 3203 1699; x_wconf 75' lang='lat' dir='ltr'><strong>exempla</strong></span> <span class='ocrx_word' id='word_1_216' title='bbox 3237 1643 3554 1700; x_wconf 78' lang='lat' dir='ltr'><strong>congerere,</strong></span> <span class='ocrx_word' id='word_1_217' title='bbox 3593 1627 3700 1684; x_wconf 90' lang='lat' dir='ltr'><strong>nisi</strong></span> 
     </span>
    </p>
   </div>
   <div class='ocr_carea' id='block_1_31' title="bbox 2123 1717 3701 1794">
    <p class='ocr_par' dir='ltr' id='par_1_31' title="bbox 2123 1717 3701 1794">
     <span class='ocr_line' id='line_1_31' title="bbox 2123 1717 3701 1794; baseline -0.003 -17"><span class='ocrx_word' id='word_1_218' title='bbox 2123 1723 2409 1794; x_wconf 73' lang='lat' dir='ltr'><strong>perSpicue</strong></span> <span class='ocrx_word' id='word_1_219' title='bbox 2438 1729 2900 1793; x_wconf 76' lang='lat' dir='ltr'><strong>cognosceremus</strong></span> <span class='ocrx_word' id='word_1_220' title='bbox 2925 1735 3264 1792; x_wconf 89' lang='lat' dir='ltr'><strong>nequaquam</strong></span> <span class='ocrx_word' id='word_1_221' title='bbox 3289 1720 3394 1776; x_wconf 87' lang='lat' dir='ltr'><strong>hoc</strong></span> <span class='ocrx_word' id='word_1_222' title='bbox 3421 1717 3701 1789; x_wconf 84' lang='lat' dir='ltr'><strong>epistolari</strong></span> 
     </span>
    </p>
   </div>
   <div class='ocr_carea' id='block_1_32' title="bbox 442 1801 2780 1884">
    <p class='ocr_par' dir='ltr' id='par_1_32' title="bbox 442 1801 2780 1884">
     <span class='ocr_line' id='line_1_32' title="bbox 442 1801 2780 1884; baseline -0.001 -19"><span class='ocrx_word' id='word_1_223' title='bbox 442 1809 717 1879; x_wconf 89' lang='lat' dir='ltr'><strong>impositio</strong></span> <span class='ocrx_word' id='word_1_224' title='bbox 747 1810 996 1866; x_wconf 85' lang='lat' dir='ltr'><strong>redderet</strong></span> <span class='ocrx_word' id='word_1_225' title='bbox 1033 1819 1428 1866; x_wconf 90' lang='lat' dir='ltr'><strong>consecratum.</strong></span> <span class='ocrx_word' id='word_1_226' title='bbox 1460 1808 1611 1866; x_wconf 82' lang='lat' dir='ltr'><strong>Tunc</strong></span> <span class='ocrx_word' id='word_1_227' title='bbox 1641 1810 1790 1870; x_wconf 83' lang='lat' dir='ltr'><strong>enim</strong></span> <span class='ocrx_word' id='word_1_228' title='bbox 1828 1823 2016 1864; x_wconf 88' lang='lat' dir='ltr'><strong>conse-</strong></span> <span class='ocrx_word' id='word_1_229' title='bbox 2045 1801 2094 1862; x_wconf 87' lang='grc' dir='ltr'><strong>Β</strong></span> <span class='ocrx_word' id='word_1_230' title='bbox 2122 1815 2446 1884; x_wconf 83' lang='lat' dir='ltr'><strong>compendio</strong></span> <span class='ocrx_word' id='word_1_231' title='bbox 2466 1814 2780 1869; x_wconf 86' lang='lat' dir='ltr'><strong>convenire.</strong></span> 
     </span>
    </p>
   </div>
   <div class='ocr_carea' id='block_1_33' title="bbox 441 1900 2020 1970">
    <p class='ocr_par' dir='ltr' id='par_1_33' title="bbox 441 1900 2020 1970">
     <span class='ocr_line' id='line_1_33' title="bbox 441 1900 2020 1970; baseline -0.001 -14"><span class='ocrx_word' id='word_1_232' title='bbox 441 1902 739 1956; x_wconf 78' lang='lat' dir='ltr'><strong>orationem</strong></span> <span class='ocrx_word' id='word_1_233' title='bbox 767 1901 1172 1958; x_wconf 84' lang='lat' dir='ltr'><strong>evidentissime</strong></span> <span class='ocrx_word' id='word_1_234' title='bbox 1199 1900 1472 1966; x_wconf 89' lang='lat' dir='ltr'><strong>coemisti,</strong></span> <span class='ocrx_word' id='word_1_235' title='bbox 1516 1915 1640 1955; x_wconf 89' lang='lat' dir='ltr'><strong>cum</strong></span> <span class='ocrx_word' id='word_1_236' title='bbox 1683 1900 1760 1964; x_wconf 88' lang='lat' dir='ltr'><strong>id,</strong></span> <span class='ocrx_word' id='word_1_237' title='bbox 1799 1907 2020 1970; x_wconf 87' lang='lat' dir='ltr'><strong>propter</strong></span> 
     </span>
    </p>
   </div>
   <div class='ocr_carea' id='block_1_34' title="bbox 441 1993 2018 2066">
    <p class='ocr_par' dir='ltr' id='par_1_34' title="bbox 441 1993 2018 2066">
     <span class='ocr_line' id='line_1_34' title="bbox 441 1993 2018 2066; baseline 0 -18"><span class='ocrx_word' id='word_1_238' title='bbox 441 1995 584 2064; x_wconf 92' lang='lat' dir='ltr'><strong>quod</strong></span> <span class='ocrx_word' id='word_1_239' title='bbox 619 1995 684 2050; x_wconf 90' lang='lat' dir='ltr'><strong>ad</strong></span> <span class='ocrx_word' id='word_1_240' title='bbox 711 1996 1173 2052; x_wconf 82' lang='lat' dir='ltr'><strong>consecrationem</strong></span> <span class='ocrx_word' id='word_1_241' title='bbox 1208 1996 1607 2066; x_wconf 88' lang='lat' dir='ltr'><strong>promovendus</strong></span> <span class='ocrx_word' id='word_1_242' title='bbox 1639 2007 1783 2058; x_wconf 87' lang='lat' dir='ltr'><strong>eras.</strong></span> <span class='ocrx_word' id='word_1_243' title='bbox 1815 1993 2018 2049; x_wconf 61' lang='lat' dir='ltr'><strong>venali.</strong></span> 
     </span>
    </p>
   </div>
   <div class='ocr_carea' id='block_1_35' title="bbox 440 2085 2020 2156">
    <p class='ocr_par' dir='ltr' id='par_1_35' title="bbox 440 2085 2020 2156">
     <span class='ocr_line' id='line_1_35' title="bbox 440 2085 2020 2156; baseline 0.001 -18"><span class='ocrx_word' id='word_1_244' title='bbox 440 2093 525 2138; x_wconf 90' lang='lat' dir='ltr'><strong>ter</strong></span> <span class='ocrx_word' id='word_1_245' title='bbox 554 2085 828 2156; x_wconf 87' lang='lat' dir='ltr'><strong>accepisti.</strong></span> <span class='ocrx_word' id='word_1_246' title='bbox 881 2085 973 2140; x_wconf 91' lang='lat' dir='ltr'><strong>Sic</strong></span> <span class='ocrx_word' id='word_1_247' title='bbox 1004 2085 1149 2140; x_wconf 91' lang='lat' dir='ltr'><strong>enim</strong></span> <span class='ocrx_word' id='word_1_248' title='bbox 1194 2101 1360 2142; x_wconf 91' lang='lat' dir='ltr'><strong>unum</strong></span> <span class='ocrx_word' id='word_1_249' title='bbox 1407 2086 1582 2156; x_wconf 91' lang='lat' dir='ltr'><strong>pende</strong></span> <span class='ocrx_word' id='word_1_250' title='bbox 1626 2099 1693 2144; x_wconf 75' lang='lat' dir='ltr'><strong>ex</strong></span> <span class='ocrx_word' id='word_1_251' title='bbox 1733 2085 1925 2150; x_wconf 82' lang='lat' dir='ltr'><strong>altero,</strong></span> <span class='ocrx_word' id='word_1_252' title='bbox 1959 2094 2020 2140; x_wconf 91' lang='lat' dir='ltr'><strong>ut</strong></span> 
     </span>
    </p>
   </div>
   <div class='ocr_carea' id='block_1_36' title="bbox 442 2177 2022 2252">
    <p class='ocr_par' dir='ltr' id='par_1_36' title="bbox 442 2177 2022 2252">
     <span class='ocr_line' id='line_1_36' title="bbox 442 2177 2022 2252; baseline 0.004 -25"><span class='ocrx_word' id='word_1_253' title='bbox 442 2177 532 2245; x_wconf 91' lang='lat' dir='ltr'><strong>qui</strong></span> <span class='ocrx_word' id='word_1_254' title='bbox 563 2187 772 2233; x_wconf 88' lang='lat' dir='ltr'><strong>terrena</strong></span> <span class='ocrx_word' id='word_1_255' title='bbox 804 2177 1054 2232; x_wconf 82' lang='lat' dir='ltr'><strong>Ecclesia</strong></span> <span class='ocrx_word' id='word_1_256' title='bbox 1086 2178 1227 2233; x_wconf 90' lang='lat' dir='ltr'><strong>bona</strong></span> <span class='ocrx_word' id='word_1_257' title='bbox 1259 2177 1506 2252; x_wconf 90' lang='lat' dir='ltr'><strong>suscipit,</strong></span> <span class='ocrx_word' id='word_1_258' title='bbox 1538 2177 1605 2232; x_wconf 91' lang='lat' dir='ltr'><strong>ad</strong></span> <span class='ocrx_word' id='word_1_259' title='bbox 1635 2178 1862 2250; x_wconf 80' lang='lat' dir='ltr'><strong>gratiam</strong></span> <span class='ocrx_word' id='word_1_260' title='bbox 1887 2193 2022 2234; x_wconf 90' lang='lat' dir='ltr'><strong>con-</strong></span> 
     </span>
    </p>
   </div>
   <div class='ocr_carea' id='block_1_37' title="bbox 443 2269 2015 2340">
    <p class='ocr_par' dir='ltr' id='par_1_37' title="bbox 443 2269 2015 2340">
     <span class='ocr_line' id='line_1_37' title="bbox 443 2269 2015 2340; baseline -0.003 -13"><span class='ocrx_word' id='word_1_261' title='bbox 443 2269 768 2327; x_wconf 85' lang='lat' dir='ltr'><strong>secrationis</strong></span> <span class='ocrx_word' id='word_1_262' title='bbox 801 2269 1036 2338; x_wconf 81' lang='lat' dir='ltr'><strong>aspiret;</strong></span> <span class='ocrx_word' id='word_1_263' title='bbox 1065 2277 1122 2322; x_wconf 92' lang='lat' dir='ltr'><strong>et</strong></span> <span class='ocrx_word' id='word_1_264' title='bbox 1152 2269 1242 2338; x_wconf 90' lang='lat' dir='ltr'><strong>qui</strong></span> <span class='ocrx_word' id='word_1_265' title='bbox 1281 2269 1694 2327; x_wconf 81' lang='lat' dir='ltr'><strong>consecratione</strong></span> <span class='ocrx_word' id='word_1_266' title='bbox 1716 2269 2015 2340; x_wconf 87' lang='lat' dir='ltr'><strong>perficitur,</strong></span> 
     </span>
    </p>
   </div>
   <div class='ocr_carea' id='block_1_38' title="bbox 443 2358 2018 2430">
    <p class='ocr_par' dir='ltr' id='par_1_38' title="bbox 443 2358 2018 2430">
     <span class='ocr_line' id='line_1_38' title="bbox 443 2358 2018 2430; baseline -0.003 -14"><span class='ocrx_word' id='word_1_267' title='bbox 443 2360 583 2416; x_wconf 90' lang='lat' dir='ltr'><strong>bona</strong></span> <span class='ocrx_word' id='word_1_268' title='bbox 614 2358 870 2414; x_wconf 88' lang='lat' dir='ltr'><strong>Ecclesia</strong></span> <span class='ocrx_word' id='word_1_269' title='bbox 899 2359 953 2412; x_wconf 93' lang='lat' dir='ltr'><strong>in</strong></span> <span class='ocrx_word' id='word_1_270' title='bbox 996 2373 1127 2413; x_wconf 90' lang='lat' dir='ltr'><strong>usus</strong></span> <span class='ocrx_word' id='word_1_271' title='bbox 1151 2359 1442 2430; x_wconf 84' lang='lat' dir='ltr'><strong>egentium.</strong></span> <span class='ocrx_word' id='word_1_272' title='bbox 1473 2369 1528 2414; x_wconf 86' lang='lat' dir='ltr'><strong>et</strong></span> <span class='ocrx_word' id='word_1_273' title='bbox 1557 2368 1751 2418; x_wconf 75' lang='lat' dir='ltr'><strong>catera</strong></span> <span class='ocrx_word' id='word_1_274' title='bbox 1795 2359 2018 2428; x_wconf 87' lang='lat' dir='ltr'><strong>pietatis</strong></span> 
     </span>
    </p>
   </div>
   <div class='ocr_carea' id='block_1_39' title="bbox 443 2448 2018 2521">
    <p class='ocr_par' dir='ltr' id='par_1_39' title="bbox 443 2448 2018 2521">
     <span class='ocr_line' id='line_1_39' title="bbox 443 2448 2018 2521; baseline -0.001 -15"><span class='ocrx_word' id='word_1_275' title='bbox 443 2465 606 2521; x_wconf 86' lang='lat' dir='ltr'><strong>opera</strong></span> <span class='ocrx_word' id='word_1_276' title='bbox 630 2450 986 2520; x_wconf 90' lang='lat' dir='ltr'><strong>dispensanda</strong></span> <span class='ocrx_word' id='word_1_277' title='bbox 1015 2456 1322 2508; x_wconf 89' lang='lat' dir='ltr'><strong>conservet.</strong></span> <span class='ocrx_word' id='word_1_278' title='bbox 1354 2448 1468 2510; x_wconf 83' lang='lat' dir='ltr'><strong>Hoc</strong></span> <span class='ocrx_word' id='word_1_279' title='bbox 1498 2449 1680 2520; x_wconf 79' lang='lat' dir='ltr'><strong>itaque</strong></span> <span class='ocrx_word' id='word_1_280' title='bbox 1705 2449 1865 2505; x_wconf 91' lang='lat' dir='ltr'><strong>modo</strong></span> <span class='ocrx_word' id='word_1_281' title='bbox 1890 2448 2018 2505; x_wconf 90' lang='lat' dir='ltr'><strong>licet</strong></span> 
     </span>
    </p>
   </div>
   <div class='ocr_carea' id='block_1_40' title="bbox 443 2541 2017 2616">
    <p class='ocr_par' dir='ltr' id='par_1_40' title="bbox 443 2541 2017 2616">
     <span class='ocr_line' id='line_1_40' title="bbox 443 2541 2017 2616; baseline -0.001 -17"><span class='ocrx_word' id='word_1_282' title='bbox 443 2543 828 2599; x_wconf 87' lang='lat' dir='ltr'><strong>ecclesiastica</strong></span> <span class='ocrx_word' id='word_1_283' title='bbox 862 2542 967 2616; x_wconf 77' lang='lat'><strong>19</strong></span> <span class='ocrx_word' id='word_1_284' title='bbox 990 2541 1262 2598; x_wconf 83' lang='lat' dir='ltr'><strong>facultatis</strong></span> <span class='ocrx_word' id='word_1_285' title='bbox 1315 2543 1520 2600; x_wconf 88' lang='lat' dir='ltr'><strong>mentio</strong></span> <span class='ocrx_word' id='word_1_286' title='bbox 1561 2543 1618 2598; x_wconf 90' lang='lat' dir='ltr'><strong>in</strong></span> <span class='ocrx_word' id='word_1_287' title='bbox 1661 2542 1776 2615; x_wconf 85' lang='lat' dir='ltr'><strong>ipsa</strong></span> <span class='ocrx_word' id='word_1_288' title='bbox 1823 2555 2017 2598; x_wconf 85' lang='lat' dir='ltr'><strong>manus</strong></span> 
     </span>
    </p>
   </div>
   <div class='ocr_carea' id='block_1_41' title="bbox 443 2633 2016 2704">
    <p class='ocr_par' dir='ltr' id='par_1_41' title="bbox 443 2633 2016 2704">
     <span class='ocr_line' id='line_1_41' title="bbox 443 2633 2016 2704; baseline 0 -16"><span class='ocrx_word' id='word_1_289' title='bbox 443 2633 786 2704; x_wconf 90' lang='lat' dir='ltr'><strong>impositione</strong></span> <span class='ocrx_word' id='word_1_290' title='bbox 840 2648 944 2691; x_wconf 90' lang='lat' dir='ltr'><strong>non</strong></span> <span class='ocrx_word' id='word_1_291' title='bbox 995 2633 1124 2699; x_wconf 82' lang='lat' dir='ltr'><strong>fiat,</strong></span> <span class='ocrx_word' id='word_1_292' title='bbox 1183 2633 1229 2688; x_wconf 91' lang='lat' dir='ltr'><strong>is</strong></span> <span class='ocrx_word' id='word_1_293' title='bbox 1277 2641 1455 2689; x_wconf 90' lang='lat' dir='ltr'><strong>tamen</strong></span> <span class='ocrx_word' id='word_1_294' title='bbox 1510 2633 1599 2702; x_wconf 78' lang='lat' dir='ltr'><strong>qni</strong></span> <span class='ocrx_word' id='word_1_295' title='bbox 1646 2641 2016 2701; x_wconf 87' lang='lat' dir='ltr'><strong>consecratur,</strong></span> 
     </span>
    </p>
   </div>
   <div class='ocr_carea' id='block_1_42' title="bbox 441 2720 2015 2792">
    <p class='ocr_par' dir='ltr' id='par_1_42' title="bbox 441 2720 2015 2792">
     <span class='ocr_line' id='line_1_42' title="bbox 441 2720 2015 2792; baseline -0.002 -14"><span class='ocrx_word' id='word_1_296' title='bbox 441 2723 708 2778; x_wconf 88' lang='lat' dir='ltr'><strong>bonorum</strong></span> <span class='ocrx_word' id='word_1_297' title='bbox 769 2721 1025 2782; x_wconf 83' lang='lat' dir='ltr'><strong>Ecclesia</strong></span> <span class='ocrx_word' id='word_1_298' title='bbox 1083 2721 1424 2792; x_wconf 88' lang='lat' dir='ltr'><strong>dispensator</strong></span> <span class='ocrx_word' id='word_1_299' title='bbox 1474 2720 1736 2788; x_wconf 86' lang='lat' dir='ltr'><strong>eflicitur;</strong></span> <span class='ocrx_word' id='word_1_300' title='bbox 1799 2728 2015 2778; x_wconf 88' lang='lat' dir='ltr'><strong>etcum</strong></span> 
     </span>
    </p>
   </div>
   <div class='ocr_carea' id='block_1_43' title="bbox 441 2810 2018 2888">
    <p class='ocr_par' dir='ltr' id='par_1_43' title="bbox 441 2810 2018 2888">
     <span class='ocr_line' id='line_1_43' title="bbox 441 2810 2018 2888; baseline 0.001 -22"><span class='ocrx_word' id='word_1_301' title='bbox 441 2812 739 2871; x_wconf 86' lang='lat' dir='ltr'><strong>Ecclesiam</strong></span> <span class='ocrx_word' id='word_1_302' title='bbox 788 2812 1037 2888; x_wconf 88' lang='lat' dir='ltr'><strong>suscipit,</strong></span> <span class='ocrx_word' id='word_1_303' title='bbox 1067 2811 1316 2883; x_wconf 87' lang='lat' dir='ltr'><strong>quamvis</strong></span> <span class='ocrx_word' id='word_1_304' title='bbox 1360 2811 1434 2867; x_wconf 87' lang='lat' dir='ltr'><strong>nil</strong></span> <span class='ocrx_word' id='word_1_305' title='bbox 1463 2819 1592 2867; x_wconf 89' lang='lat' dir='ltr'><strong>tunc</strong></span> <span class='ocrx_word' id='word_1_306' title='bbox 1630 2810 1698 2869; x_wconf 89' lang='lat' dir='ltr'><strong>dc</strong></span> <span class='ocrx_word' id='word_1_307' title='bbox 1727 2826 2018 2870; x_wconf 68' lang='lat' dir='ltr'><strong>consecra~</strong></span> 
     </span>
    </p>
   </div>
   <div class='ocr_carea' id='block_1_44' title="bbox 443 2903 2013 2977">
    <p class='ocr_par' dir='ltr' id='par_1_44' title="bbox 443 2903 2013 2977">
     <span class='ocr_line' id='line_1_44' title="bbox 443 2903 2013 2977; baseline 0 -17"><span class='ocrx_word' id='word_1_308' title='bbox 443 2903 591 2960; x_wconf 90' lang='lat' dir='ltr'><strong>tione</strong></span> <span class='ocrx_word' id='word_1_309' title='bbox 614 2905 844 2968; x_wconf 88' lang='lat' dir='ltr'><strong>dicatur,</strong></span> <span class='ocrx_word' id='word_1_310' title='bbox 874 2907 940 2961; x_wconf 88' lang='lat' dir='ltr'><strong>ad</strong></span> <span class='ocrx_word' id='word_1_311' title='bbox 967 2906 1070 2966; x_wconf 87' lang='lat' dir='ltr'><strong>hoc</strong></span> <span class='ocrx_word' id='word_1_312' title='bbox 1093 2913 1274 2960; x_wconf 91' lang='lat' dir='ltr'><strong>tamen</strong></span> <span class='ocrx_word' id='word_1_313' title='bbox 1304 2912 1366 2963; x_wconf 86' lang='lat' dir='ltr'><strong>ut</strong></span> <span class='ocrx_word' id='word_1_314' title='bbox 1393 2913 1744 2960; x_wconf 89' lang='lat' dir='ltr'><strong>consecretur</strong></span> <span class='ocrx_word' id='word_1_315' title='bbox 1774 2904 2013 2977; x_wconf 77' lang='lat' dir='ltr'><strong>eligitur.</strong></span> 
     </span>
    </p>
   </div>
   <div class='ocr_carea' id='block_1_45' title="bbox 512 2994 2013 3071">
    <p class='ocr_par' dir='ltr' id='par_1_45' title="bbox 512 2994 2013 3071">
     <span class='ocr_line' id='line_1_45' title="bbox 512 2994 2013 3071; baseline 0.001 -23"><span class='ocrx_word' id='word_1_316' title='bbox 512 2995 595 3050; x_wconf 89' lang='lat' dir='ltr'><strong>Ab</strong></span> <span class='ocrx_word' id='word_1_317' title='bbox 623 2995 741 3064; x_wconf 89' lang='lat' dir='ltr'><strong>ipso</strong></span> <span class='ocrx_word' id='word_1_318' title='bbox 776 2994 936 3066; x_wconf 85' lang='lat' dir='ltr'><strong>plane</strong></span> <span class='ocrx_word' id='word_1_319' title='bbox 963 2995 1234 3071; x_wconf 89' lang='lat' dir='ltr'><strong>principio</strong></span> <span class='ocrx_word' id='word_1_320' title='bbox 1265 2995 1540 3055; x_wconf 84' lang='lat' dir='ltr'><strong>nascentis</strong></span> <span class='ocrx_word' id='word_1_321' title='bbox 1583 2995 1841 3057; x_wconf 82' lang='lat' dir='ltr'><strong>Ecclesia</strong></span> <span class='ocrx_word' id='word_1_322' title='bbox 1868 2996 2013 3050; x_wconf 81' lang='lat' dir='ltr'><strong>salu-</strong></span> 
     </span>
    </p>
   </div>
   <div class='ocr_carea' id='block_1_46' title="bbox 441 3077 2016 3162">
    <p class='ocr_par' dir='ltr' id='par_1_46' title="bbox 441 3077 2016 3162">
     <span class='ocr_line' id='line_1_46' title="bbox 441 3077 2016 3162; baseline 0.001 -20"><span class='ocrx_word' id='word_1_323' title='bbox 441 3086 556 3142; x_wconf 85' lang='lat' dir='ltr'><strong>bris</strong></span> <span class='ocrx_word' id='word_1_324' title='bbox 585 3088 698 3144; x_wconf 80' lang='lat' dir='ltr'><strong>hac</strong></span> <span class='ocrx_word' id='word_1_325' title='bbox 719 3077 885 3158; x_wconf 69' lang='lat' dir='ltr'><strong>coepit</strong></span> <span class='ocrx_word' id='word_1_326' title='bbox 909 3089 1242 3145; x_wconf 90' lang='lat' dir='ltr'><strong>consuetudo</strong></span> <span class='ocrx_word' id='word_1_327' title='bbox 1269 3086 1527 3152; x_wconf 89' lang='lat' dir='ltr'><strong>fidelium,</strong></span> <span class='ocrx_word' id='word_1_328' title='bbox 1550 3096 1610 3146; x_wconf 89' lang='lat' dir='ltr'><strong>ut</strong></span> <span class='ocrx_word' id='word_1_329' title='bbox 1652 3103 1749 3142; x_wconf 89' lang='lat' dir='ltr'><strong>sua</strong></span> <span class='ocrx_word' id='word_1_330' title='bbox 1787 3102 2016 3162; x_wconf 82' lang='lat' dir='ltr'><strong>quaque</strong></span> 
     </span>
    </p>
   </div>
   <div class='ocr_carea' id='block_1_47' title="bbox 2191 1900 3702 1974">
    <p class='ocr_par' dir='ltr' id='par_1_47' title="bbox 2191 1900 3702 1974">
     <span class='ocr_line' id='line_1_47' title="bbox 2191 1900 3702 1974; baseline -0.005 -13"><span class='ocrx_word' id='word_1_331' title='bbox 2191 1905 2289 1960; x_wconf 81' lang='lat' dir='ltr'><strong>llis</strong></span> <span class='ocrx_word' id='word_1_332' title='bbox 2313 1905 2496 1974; x_wconf 88' lang='lat' dir='ltr'><strong>itaque</strong></span> <span class='ocrx_word' id='word_1_333' title='bbox 2524 1911 2838 1960; x_wconf 88' lang='lat' dir='ltr'><strong>sanctorum</strong></span> <span class='ocrx_word' id='word_1_334' title='bbox 2866 1902 3206 1973; x_wconf 86' lang='lat' dir='ltr'><strong>pontiﬁcum,</strong></span> <span class='ocrx_word' id='word_1_335' title='bbox 3237 1900 3464 1971; x_wconf 88' lang='lat' dir='ltr'><strong>aliisque</strong></span> <span class='ocrx_word' id='word_1_336' title='bbox 3482 1909 3702 1954; x_wconf 82' lang='lat' dir='ltr'><strong>senten-</strong></span> 
     </span>
    </p>
   </div>
   <div class='ocr_carea' id='block_1_48' title="bbox 2122 1989 3700 2062">
    <p class='ocr_par' dir='ltr' id='par_1_48' title="bbox 2122 1989 3700 2062">
     <span class='ocr_line' id='line_1_48' title="bbox 2122 1989 3700 2062; baseline -0.005 -12"><span class='ocrx_word' id='word_1_337' title='bbox 2122 1995 2212 2050; x_wconf 88' lang='lat' dir='ltr'><strong>tiis</strong></span> <span class='ocrx_word' id='word_1_338' title='bbox 2253 1993 2543 2050; x_wconf 82' lang='lat' dir='ltr'><strong>manifeste</strong></span> <span class='ocrx_word' id='word_1_339' title='bbox 2581 1993 2950 2057; x_wconf 80' lang='lat' dir='ltr'><strong>convinceris,</strong></span> <span class='ocrx_word' id='word_1_340' title='bbox 2992 1992 3246 2062; x_wconf 91' lang='lat' dir='ltr'><strong>quoniam</strong></span> <span class='ocrx_word' id='word_1_341' title='bbox 3288 2000 3382 2044; x_wconf 92' lang='lat' dir='ltr'><strong>aut</strong></span> <span class='ocrx_word' id='word_1_342' title='bbox 3437 1989 3700 2044; x_wconf 83' lang='lat' dir='ltr'><strong>Ecclesia</strong></span> 
     </span>
    </p>
   </div>
   <div class='ocr_carea' id='block_1_49' title="bbox 2119 2082 3698 2154">
    <p class='ocr_par' dir='ltr' id='par_1_49' title="bbox 2119 2082 3698 2154">
     <span class='ocr_line' id='line_1_49' title="bbox 2119 2082 3698 2154; baseline -0.005 -12"><span class='ocrx_word' id='word_1_343' title='bbox 2119 2087 2267 2142; x_wconf 87' lang='lat' dir='ltr'><strong>bona</strong></span> <span class='ocrx_word' id='word_1_344' title='bbox 2304 2086 2423 2142; x_wconf 85' lang='lat' dir='ltr'><strong>sine</strong></span> <span class='ocrx_word' id='word_1_345' title='bbox 2468 2083 2712 2140; x_wconf 89' lang='lat' dir='ltr'><strong>Ecclesia</strong></span> <span class='ocrx_word' id='word_1_346' title='bbox 2762 2083 3071 2154; x_wconf 87' lang='lat' dir='ltr'><strong>suscepisti,</strong></span> <span class='ocrx_word' id='word_1_347' title='bbox 3115 2092 3172 2138; x_wconf 91' lang='lat' dir='ltr'><strong>et</strong></span> <span class='ocrx_word' id='word_1_348' title='bbox 3206 2082 3409 2138; x_wconf 89' lang='lat' dir='ltr'><strong>idcirco</strong></span> <span class='ocrx_word' id='word_1_349' title='bbox 3441 2092 3698 2150; x_wconf 86' lang='lat' dir='ltr'><strong>tanquam</strong></span> 
     </span>
    </p>
   </div>
   <div class='ocr_carea' id='block_1_50' title="bbox 2119 2172 3699 2248">
    <p class='ocr_par' dir='ltr' id='par_1_50' title="bbox 2119 2172 3699 2248">
     <span class='ocr_line' id='line_1_50' title="bbox 2119 2172 3699 2248; baseline -0.004 -16"><span class='ocrx_word' id='word_1_350' title='bbox 2119 2184 2308 2248; x_wconf 90' lang='lat' dir='ltr'><strong>raptor</strong></span> <span class='ocrx_word' id='word_1_351' title='bbox 2328 2185 2491 2246; x_wconf 91' lang='lat' dir='ltr'><strong>atque</strong></span> <span class='ocrx_word' id='word_1_352' title='bbox 2515 2175 2812 2245; x_wconf 85' lang='lat' dir='ltr'><strong>sacrilegus</strong></span> <span class='ocrx_word' id='word_1_353' title='bbox 2833 2174 3306 2239; x_wconf 85' lang='lat' dir='ltr'><strong>anathematizari,</strong></span> <span class='ocrx_word' id='word_1_354' title='bbox 3328 2182 3386 2228; x_wconf 88' lang='lat' dir='ltr'><strong>et</strong></span> <span class='ocrx_word' id='word_1_355' title='bbox 3414 2174 3482 2227; x_wconf 92' lang='lat' dir='ltr'><strong>ab</strong></span> <span class='ocrx_word' id='word_1_356' title='bbox 3511 2172 3699 2226; x_wconf 80' lang='lat' dir='ltr'><strong>Eccle-</strong></span> 
     </span>
    </p>
   </div>
   <div class='ocr_carea' id='block_1_51' title="bbox 2119 2267 3702 2339">
    <p class='ocr_par' dir='ltr' id='par_1_51' title="bbox 2119 2267 3702 2339">
     <span class='ocr_line' id='line_1_51' title="bbox 2119 2267 3702 2339; baseline -0.003 -14"><span class='ocrx_word' id='word_1_357' title='bbox 2119 2270 2216 2326; x_wconf 90' lang='lat' dir='ltr'><strong>sia</strong></span> <span class='ocrx_word' id='word_1_358' title='bbox 2257 2268 2538 2332; x_wconf 85' lang='lat' dir='ltr'><strong>liminibus</strong></span> <span class='ocrx_word' id='word_1_359' title='bbox 2577 2267 2743 2326; x_wconf 90' lang='lat' dir='ltr'><strong>debes</strong></span> <span class='ocrx_word' id='word_1_360' title='bbox 2769 2267 2966 2339; x_wconf 75' lang='lat' dir='ltr'><strong>expelli</strong></span> <span class='ocrx_word' id='word_1_361' title='bbox 2999 2285 3014 2322; x_wconf 90' lang='lat'>:</span> <span class='ocrx_word' id='word_1_362' title='bbox 3049 2277 3143 2322; x_wconf 91' lang='lat' dir='ltr'><strong>aut</strong></span> <span class='ocrx_word' id='word_1_363' title='bbox 3175 2275 3345 2330; x_wconf 90' lang='lat' dir='ltr'><strong>certe,</strong></span> <span class='ocrx_word' id='word_1_364' title='bbox 3393 2267 3535 2337; x_wconf 88' lang='lat' dir='ltr'><strong>quod</strong></span> <span class='ocrx_word' id='word_1_365' title='bbox 3583 2281 3702 2337; x_wconf 89' lang='lat' dir='ltr'><strong>per-</strong></span> 
     </span>
    </p>
   </div>
   <div class='ocr_carea' id='block_1_52' title="bbox 2119 2357 3699 2433">
    <p class='ocr_par' dir='ltr' id='par_1_52' title="bbox 2119 2357 3699 2433">
     <span class='ocr_line' id='line_1_52' title="bbox 2119 2357 3699 2433; baseline -0.005 -15"><span class='ocrx_word' id='word_1_366' title='bbox 2119 2365 2368 2433; x_wconf 87' lang='lat' dir='ltr'><strong>spicuum</strong></span> <span class='ocrx_word' id='word_1_367' title='bbox 2404 2372 2512 2429; x_wconf 91' lang='lat' dir='ltr'><strong>est,</strong></span> <span class='ocrx_word' id='word_1_368' title='bbox 2539 2369 2594 2417; x_wconf 89' lang='lat' dir='ltr'><strong>et</strong></span> <span class='ocrx_word' id='word_1_369' title='bbox 2630 2375 2831 2431; x_wconf 85' lang='lat' dir='ltr'><strong>negare</strong></span> <span class='ocrx_word' id='word_1_370' title='bbox 2859 2375 2967 2415; x_wconf 93' lang='lat' dir='ltr'><strong>non</strong></span> <span class='ocrx_word' id='word_1_371' title='bbox 3003 2371 3177 2429; x_wconf 88' lang='lat' dir='ltr'><strong>p0tes,</strong></span> <span class='ocrx_word' id='word_1_372' title='bbox 3213 2358 3512 2414; x_wconf 89' lang='lat' dir='ltr'><strong>Ecclesiam</strong></span> <span class='ocrx_word' id='word_1_373' title='bbox 3537 2357 3699 2412; x_wconf 89' lang='lat' dir='ltr'><strong>simul</strong></span> 
     </span>
    </p>
   </div>
   <div class='ocr_carea' id='block_1_53' title="bbox 2117 2448 3701 2522">
    <p class='ocr_par' dir='ltr' id='par_1_53' title="bbox 2117 2448 3701 2522">
     <span class='ocr_line' id='line_1_53' title="bbox 2117 2448 3701 2522; baseline -0.007 -10"><span class='ocrx_word' id='word_1_374' title='bbox 2117 2469 2246 2512; x_wconf 86' lang='lat' dir='ltr'><strong>cum</strong></span> <span class='ocrx_word' id='word_1_375' title='bbox 2277 2453 2438 2510; x_wconf 85' lang='lat' dir='ltr'><strong>bonis</strong></span> <span class='ocrx_word' id='word_1_376' title='bbox 2483 2451 2740 2509; x_wconf 86' lang='lat' dir='ltr'><strong>Ecclesia</strong></span> <span class='ocrx_word' id='word_1_377' title='bbox 2782 2450 2959 2522; x_wconf 89' lang='lat' dir='ltr'><strong>pretio</strong></span> <span class='ocrx_word' id='word_1_378' title='bbox 3002 2449 3305 2514; x_wconf 86' lang='lat' dir='ltr'><strong>redemisti,</strong></span> <span class='ocrx_word' id='word_1_379' title='bbox 3349 2449 3578 2517; x_wconf 84' lang='lat' dir='ltr'><strong>ideoque</strong></span> <span class='ocrx_word' id='word_1_380' title='bbox 3617 2448 3701 2502; x_wconf 86' lang='lat' dir='ltr'><strong>di-</strong></span> 
     </span>
    </p>
   </div>
   <div class='ocr_carea' id='block_1_54' title="bbox 2115 2541 3700 2617">
    <p class='ocr_par' dir='ltr' id='par_1_54' title="bbox 2115 2541 3700 2617">
     <span class='ocr_line' id='line_1_54' title="bbox 2115 2541 3700 2617; baseline -0.004 -18"><span class='ocrx_word' id='word_1_381' title='bbox 2115 2558 2283 2617; x_wconf 86' lang='lat' dir='ltr'><strong>gnum</strong></span> <span class='ocrx_word' id='word_1_382' title='bbox 2311 2553 2397 2600; x_wconf 85' lang='lat' dir='ltr'><strong>est</strong></span> <span class='ocrx_word' id='word_1_383' title='bbox 2442 2554 2513 2610; x_wconf 92' lang='lat' dir='ltr'><strong>te,</strong></span> <span class='ocrx_word' id='word_1_384' title='bbox 2543 2554 2603 2600; x_wconf 87' lang='lat' dir='ltr'><strong>ut</strong></span> <span class='ocrx_word' id='word_1_385' title='bbox 2645 2558 2837 2599; x_wconf 88' lang='lat' dir='ltr'><strong>revera</strong></span> <span class='ocrx_word' id='word_1_386' title='bbox 2890 2542 3248 2597; x_wconf 91' lang='lat' dir='ltr'><strong>simoniacum</strong></span> <span class='ocrx_word' id='word_1_387' title='bbox 3292 2550 3348 2596; x_wconf 89' lang='lat' dir='ltr'><strong>et</strong></span> <span class='ocrx_word' id='word_1_388' title='bbox 3383 2541 3700 2595; x_wconf 86' lang='lat' dir='ltr'><strong>hareticum</strong></span> 
     </span>
    </p>
   </div>
   <div class='ocr_carea' id='block_1_55' title="bbox 2116 2629 3699 2706">
    <p class='ocr_par' dir='ltr' id='par_1_55' title="bbox 2116 2629 3699 2706">
     <span class='ocr_line' id='line_1_55' title="bbox 2116 2629 3699 2706; baseline -0.008 -13"><span class='ocrx_word' id='word_1_389' title='bbox 2116 2635 2372 2693; x_wconf 89' lang='lat' dir='ltr'><strong>canonici</strong></span> <span class='ocrx_word' id='word_1_390' title='bbox 2439 2634 2642 2706; x_wconf 78' lang='lat' dir='ltr'><strong>vigoris</strong></span> <span class='ocrx_word' id='word_1_391' title='bbox 2695 2633 2944 2689; x_wconf 77' lang='lat' dir='ltr'><strong>examine</strong></span> <span class='ocrx_word' id='word_1_392' title='bbox 3005 2630 3376 2686; x_wconf 86' lang='lat' dir='ltr'><strong>condemnari.</strong></span> <span class='ocrx_word' id='word_1_393' title='bbox 3427 2629 3699 2684; x_wconf 87' lang='lat' dir='ltr'><strong>Canonica</strong></span> 
     </span>
    </p>
   </div>
   <div class='ocr_carea' id='block_1_56' title="bbox 2117 2718 3702 2793">
    <p class='ocr_par' dir='ltr' id='par_1_56' title="bbox 2117 2718 3702 2793">
     <span class='ocr_line' id='line_1_56' title="bbox 2117 2718 3702 2793; baseline -0.008 -7"><span class='ocrx_word' id='word_1_394' title='bbox 2117 2730 2373 2786; x_wconf 89' lang='lat' dir='ltr'><strong>nimirum</strong></span> <span class='ocrx_word' id='word_1_395' title='bbox 2419 2726 2690 2782; x_wconf 86' lang='lat' dir='ltr'><strong>sententia</strong></span> <span class='ocrx_word' id='word_1_396' title='bbox 2727 2735 2814 2780; x_wconf 92' lang='lat' dir='ltr'><strong>est</strong></span> <span class='ocrx_word' id='word_1_397' title='bbox 2841 2724 2952 2788; x_wconf 90' lang='lat' dir='ltr'><strong>illa,</strong></span> <span class='ocrx_word' id='word_1_398' title='bbox 2985 2737 3092 2793; x_wconf 90' lang='lat' dir='ltr'><strong>qua</strong></span> <span class='ocrx_word' id='word_1_399' title='bbox 3141 2721 3382 2777; x_wconf 88' lang='lat' dir='ltr'><strong>dicitur:</strong></span> <span class='ocrx_word' id='word_1_400' title='bbox 3419 2738 3438 2772; x_wconf 74' lang='grc' dir='ltr'>ι</span> <span class='ocrx_word' id='word_1_401' title='bbox 3475 2718 3534 2774; x_wconf 90' lang='lat' dir='ltr'><strong>Si</strong></span> <span class='ocrx_word' id='word_1_402' title='bbox 3577 2718 3702 2788; x_wconf 83' lang='lat' dir='ltr'><strong>quis</strong></span> 
     </span>
    </p>
   </div>
   <div class='ocr_carea' id='block_1_57' title="bbox 2117 2811 3700 2894">
    <p class='ocr_par' dir='ltr' id='par_1_57' title="bbox 2117 2811 3700 2894">
     <span class='ocr_line' id='line_1_57' title="bbox 2117 2811 3700 2894; baseline -0.011 -15"><span class='ocrx_word' id='word_1_403' title='bbox 2117 2822 2422 2894; x_wconf 87' lang='lat' dir='ltr'><strong>episcopus,</strong></span> <span class='ocrx_word' id='word_1_404' title='bbox 2459 2819 2570 2889; x_wconf 67' lang='lat' dir='ltr'><strong>ao</strong></span> <span class='ocrx_word' id='word_1_405' title='bbox 2592 2823 2688 2872; x_wconf 88' lang='lat' dir='ltr'><strong>aut</strong></span> <span class='ocrx_word' id='word_1_406' title='bbox 2729 2815 3032 2888; x_wconf 83' lang='lat' dir='ltr'><strong>presbyter,</strong></span> <span class='ocrx_word' id='word_1_407' title='bbox 3079 2822 3175 2867; x_wconf 88' lang='lat' dir='ltr'><strong>aut</strong></span> <span class='ocrx_word' id='word_1_408' title='bbox 3210 2811 3378 2868; x_wconf 87' lang='lat' dir='ltr'><strong>abbas</strong></span> <span class='ocrx_word' id='word_1_409' title='bbox 3409 2825 3508 2881; x_wconf 94' lang='lat' dir='ltr'><strong>per</strong></span> <span class='ocrx_word' id='word_1_410' title='bbox 3535 2823 3700 2879; x_wconf 89' lang='lat' dir='ltr'><strong>pecu-</strong></span> 
     </span>
    </p>
   </div>
   <div class='ocr_carea' id='block_1_58' title="bbox 2117 2902 3700 2978">
    <p class='ocr_par' dir='ltr' id='par_1_58' title="bbox 2117 2902 3700 2978">
     <span class='ocr_line' id='line_1_58' title="bbox 2117 2902 3700 2978; baseline -0.011 -8"><span class='ocrx_word' id='word_1_411' title='bbox 2117 2915 2263 2970; x_wconf 87' lang='lat' dir='ltr'><strong>niam</strong></span> <span class='ocrx_word' id='word_1_412' title='bbox 2296 2913 2440 2968; x_wconf 88' lang='lat' dir='ltr'><strong>hanc</strong></span> <span class='ocrx_word' id='word_1_413' title='bbox 2463 2909 2759 2966; x_wconf 90' lang='lat' dir='ltr'><strong>obtinuerit</strong></span> <span class='ocrx_word' id='word_1_414' title='bbox 2783 2906 3132 2978; x_wconf 86' lang='lat' dir='ltr'><strong>dignitatem,</strong></span> <span class='ocrx_word' id='word_1_415' title='bbox 3166 2902 3454 2971; x_wconf 87' lang='lat' dir='ltr'><strong>deiiciatur</strong></span> <span class='ocrx_word' id='word_1_416' title='bbox 3495 2902 3611 2971; x_wconf 89' lang='lat' dir='ltr'><strong>ipse</strong></span> <span class='ocrx_word' id='word_1_417' title='bbox 3641 2907 3700 2954; x_wconf 85' lang='lat' dir='ltr'><strong>ct</strong></span> 
     </span>
    </p>
   </div>
   <div class='ocr_carea' id='block_1_59' title="bbox 2115 2990 3701 3074">
    <p class='ocr_par' dir='ltr' id='par_1_59' title="bbox 2115 2990 3701 3074">
     <span class='ocr_line' id='line_1_59' title="bbox 2115 2990 3701 3074; baseline -0.012 -13"><span class='ocrx_word' id='word_1_418' title='bbox 2115 3005 2395 3061; x_wconf 91' lang='lat' dir='ltr'><strong>ordinator</strong></span> <span class='ocrx_word' id='word_1_419' title='bbox 2418 3003 2556 3074; x_wconf 84' lang='lat' dir='ltr'><strong>eius,</strong></span> <span class='ocrx_word' id='word_1_420' title='bbox 2575 3009 2631 3056; x_wconf 92' lang='lat' dir='ltr'><strong>et</strong></span> <span class='ocrx_word' id='word_1_421' title='bbox 2658 3014 2690 3054; x_wconf 91' lang='lat' dir='ltr'><strong>a</strong></span> <span class='ocrx_word' id='word_1_422' title='bbox 2709 2996 3092 3054; x_wconf 88' lang='lat' dir='ltr'><strong>communione</strong></span> <span class='ocrx_word' id='word_1_423' title='bbox 3117 3001 3302 3050; x_wconf 90' lang='lat' dir='ltr'><strong>sancta</strong></span> <span class='ocrx_word' id='word_1_424' title='bbox 3326 2992 3502 3048; x_wconf 88' lang='lat' dir='ltr'><strong>modis</strong></span> <span class='ocrx_word' id='word_1_425' title='bbox 3526 2990 3701 3045; x_wconf 80' lang='lat' dir='ltr'><strong>omni-</strong></span> 
     </span>
    </p>
   </div>
   <div class='ocr_carea' id='block_1_60' title="bbox 2117 3082 3698 3160">
    <p class='ocr_par' dir='ltr' id='par_1_60' title="bbox 2117 3082 3698 3160">
     <span class='ocr_line' id='line_1_60' title="bbox 2117 3082 3698 3160; baseline -0.012 -6"><span class='ocrx_word' id='word_1_426' title='bbox 2117 3099 2220 3154; x_wconf 87' lang='lat' dir='ltr'><strong>bus</strong></span> <span class='ocrx_word' id='word_1_427' title='bbox 2280 3095 2671 3160; x_wconf 88' lang='lat' dir='ltr'><strong>abscindatur,</strong></span> <span class='ocrx_word' id='word_1_428' title='bbox 2719 3100 2775 3149; x_wconf 92' lang='lat' dir='ltr'><strong>et</strong></span> <span class='ocrx_word' id='word_1_429' title='bbox 2821 3090 2896 3146; x_wconf 88' lang='lat' dir='ltr'><strong>sit</strong></span> <span class='ocrx_word' id='word_1_430' title='bbox 2935 3088 3254 3152; x_wconf 85' lang='lat' dir='ltr'><strong>anathema,</strong></span> <span class='ocrx_word' id='word_1_431' title='bbox 3315 3086 3456 3141; x_wconf 90' lang='lat' dir='ltr'><strong>sicut</strong></span> <span class='ocrx_word' id='word_1_432' title='bbox 3506 3082 3698 3138; x_wconf 88' lang='lat' dir='ltr'><strong>Simon</strong></span> 
     </span>
    </p>
   </div>
   <div class='ocr_carea' id='block_1_61' title="bbox 444 3165 2954 3260">
    <p class='ocr_par' dir='ltr' id='par_1_61' title="bbox 444 3165 2954 3260">
     <span class='ocr_line' id='line_1_61' title="bbox 444 3165 2954 3260; baseline 0.002 -30"><span class='ocrx_word' id='word_1_433' title='bbox 444 3178 760 3245; x_wconf 82' lang='lat' dir='ltr'><strong>vendentes,</strong></span> <span class='ocrx_word' id='word_1_434' title='bbox 793 3177 860 3233; x_wconf 92' lang='lat' dir='ltr'><strong>ad</strong></span> <span class='ocrx_word' id='word_1_435' title='bbox 889 3177 1054 3248; x_wconf 90' lang='lat' dir='ltr'><strong>pedes</strong></span> <span class='ocrx_word' id='word_1_436' title='bbox 1081 3177 1467 3248; x_wconf 88' lang='lat' dir='ltr'><strong>apostolorum,</strong></span> <span class='ocrx_word' id='word_1_437' title='bbox 1495 3177 2017 3248; x_wconf 88' lang='lat' dir='ltr'><strong>apostolicorumque</strong></span> <span class='ocrx_word' id='word_1_438' title='bbox 2041 3165 2092 3234; x_wconf 70' lang='grc' dir='ltr'>α</span> <span class='ocrx_word' id='word_1_439' title='bbox 2126 3189 2312 3260; x_wconf 75' lang='lat' dir='ltr'><strong>uagus</strong></span> <span class='ocrx_word' id='word_1_440' title='bbox 2340 3202 2372 3241; x_wconf 90' lang='lat' dir='ltr'><strong>a</strong></span> <span class='ocrx_word' id='word_1_441' title='bbox 2410 3185 2570 3242; x_wconf 85' lang='lat' dir='ltr'><strong>Petro</strong></span> <span class='ocrx_word' id='word_1_442' title='bbox 2593 3185 2732 3256; x_wconf 81' lang='lat' dir='ltr'><strong>(Act.</strong></span> <span class='ocrx_word' id='word_1_443' title='bbox 2763 3181 2907 3254; x_wconf 76' lang='lat' dir='ltr'><strong>vui).</strong></span> <span class='ocrx_word' id='word_1_444' title='bbox 2934 3199 2954 3234; x_wconf 75' lang='grc' dir='ltr'><strong><em>ι</em></strong></span> 
     </span>
    </p>
   </div>
   <div class='ocr_carea' id='block_1_62' title="bbox 441 3266 2018 3338">
    <p class='ocr_par' dir='ltr' id='par_1_62' title="bbox 441 3266 2018 3338">
     <span class='ocr_line' id='line_1_62' title="bbox 441 3266 2018 3338; baseline 0.001 -16"><span class='ocrx_word' id='word_1_445' title='bbox 441 3267 682 3322; x_wconf 80' lang='lat' dir='ltr'><strong>virorum</strong></span> <span class='ocrx_word' id='word_1_446' title='bbox 719 3268 977 3337; x_wconf 91' lang='lat' dir='ltr'><strong>pecunias</strong></span> <span class='ocrx_word' id='word_1_447' title='bbox 1009 3276 1290 3338; x_wconf 86' lang='lat' dir='ltr'><strong>ponerent,</strong></span> <span class='ocrx_word' id='word_1_448' title='bbox 1323 3267 1521 3338; x_wconf 87' lang='lat' dir='ltr'><strong>quibus</strong></span> <span class='ocrx_word' id='word_1_449' title='bbox 1555 3266 1628 3322; x_wconf 89' lang='lat' dir='ltr'><strong>illi</strong></span> <span class='ocrx_word' id='word_1_450' title='bbox 1677 3268 2018 3330; x_wconf 57' lang='lat' dir='ltr'><strong>necessitati.</strong></span> 
     </span>
    </p>
   </div>
   <div class='ocr_carea' id='block_1_63' title="bbox 440 3357 2020 3429">
    <p class='ocr_par' dir='ltr' id='par_1_63' title="bbox 440 3357 2020 3429">
     <span class='ocr_line' id='line_1_63' title="bbox 440 3357 2020 3429; baseline 0.001 -16"><span class='ocrx_word' id='word_1_451' title='bbox 440 3357 542 3414; x_wconf 88' lang='lat' dir='ltr'><strong>bus</strong></span> <span class='ocrx_word' id='word_1_452' title='bbox 577 3372 874 3428; x_wconf 90' lang='lat' dir='ltr'><strong>pauperum</strong></span> <span class='ocrx_word' id='word_1_453' title='bbox 915 3357 1158 3414; x_wconf 87' lang='lat' dir='ltr'><strong>subsidia</strong></span> <span class='ocrx_word' id='word_1_454' title='bbox 1199 3357 1576 3414; x_wconf 89' lang='lat' dir='ltr'><strong>ministrarent</strong></span> <span class='ocrx_word' id='word_1_455' title='bbox 1594 3357 1731 3429; x_wconf 80' lang='lat' dir='ltr'><strong>(Act.</strong></span> <span class='ocrx_word' id='word_1_456' title='bbox 1761 3358 1858 3424; x_wconf 79' lang='lat' dir='ltr'><strong>tv).</strong></span> <span class='ocrx_word' id='word_1_457' title='bbox 1893 3358 2020 3414; x_wconf 86' lang='lat' dir='ltr'><strong>Post</strong></span> 
     </span>
    </p>
   </div>
   <div class='ocr_carea' id='block_1_64' title="bbox 443 3447 2020 3518">
    <p class='ocr_par' dir='ltr' id='par_1_64' title="bbox 443 3447 2020 3518">
     <span class='ocr_line' id='line_1_64' title="bbox 443 3447 2020 3518; baseline 0.003 -16"><span class='ocrx_word' id='word_1_458' title='bbox 443 3458 624 3504; x_wconf 88' lang='lat' dir='ltr'><strong>autem</strong></span> <span class='ocrx_word' id='word_1_459' title='bbox 661 3449 836 3503; x_wconf 90' lang='lat' dir='ltr'><strong>visum</strong></span> <span class='ocrx_word' id='word_1_460' title='bbox 880 3457 964 3503; x_wconf 90' lang='lat' dir='ltr'><strong>est</strong></span> <span class='ocrx_word' id='word_1_461' title='bbox 1005 3447 1211 3504; x_wconf 88' lang='lat' dir='ltr'><strong>sanctis</strong></span> <span class='ocrx_word' id='word_1_462' title='bbox 1240 3447 1514 3515; x_wconf 90' lang='lat' dir='ltr'><strong>Patribus,</strong></span> <span class='ocrx_word' id='word_1_463' title='bbox 1547 3450 1638 3518; x_wconf 88' lang='lat' dir='ltr'><strong>qui</strong></span> <span class='ocrx_word' id='word_1_464' title='bbox 1665 3450 1875 3505; x_wconf 90' lang='lat' dir='ltr'><strong>scilicet</strong></span> <span class='ocrx_word' id='word_1_465' title='bbox 1913 3449 2020 3506; x_wconf 90' lang='lat' dir='ltr'><strong>illis</strong></span> 
     </span>
    </p>
   </div>
   <div class='ocr_carea' id='block_1_65' title="bbox 446 3532 2018 3619">
    <p class='ocr_par' dir='ltr' id='par_1_65' title="bbox 446 3532 2018 3619">
     <span class='ocr_line' id='line_1_65' title="bbox 446 3532 2018 3619; baseline 0.004 -27"><span class='ocrx_word' id='word_1_466' title='bbox 446 3538 499 3592; x_wconf 93' lang='lat' dir='ltr'><strong>in</strong></span> <span class='ocrx_word' id='word_1_467' title='bbox 537 3539 677 3594; x_wconf 88' lang='lat' dir='ltr'><strong>sacri</strong></span> <span class='ocrx_word' id='word_1_468' title='bbox 725 3539 1006 3611; x_wconf 91' lang='lat' dir='ltr'><strong>regiminis</strong></span> <span class='ocrx_word' id='word_1_469' title='bbox 1041 3539 1232 3596; x_wconf 89' lang='lat' dir='ltr'><strong>ordine</strong></span> <span class='ocrx_word' id='word_1_470' title='bbox 1271 3532 1670 3619; x_wconf 75' lang='lat' dir='ltr'><strong>successerunt,</strong></span> <span class='ocrx_word' id='word_1_471' title='bbox 1725 3551 1784 3596; x_wconf 92' lang='lat' dir='ltr'><strong>ut</strong></span> <span class='ocrx_word' id='word_1_472' title='bbox 1838 3540 1874 3597; x_wconf 92' lang='lat' dir='ltr'><strong>ii</strong></span> <span class='ocrx_word' id='word_1_473' title='bbox 1923 3541 2018 3614; x_wconf 93' lang='lat' dir='ltr'><strong>qui</strong></span> 
     </span>
    </p>
   </div>
   <div class='ocr_carea' id='block_1_66' title="bbox 444 3628 2019 3704">
    <p class='ocr_par' dir='ltr' id='par_1_66' title="bbox 444 3628 2019 3704">
     <span class='ocr_line' id='line_1_66' title="bbox 444 3628 2019 3704; baseline 0.002 -20"><span class='ocrx_word' id='word_1_474' title='bbox 444 3638 887 3689; x_wconf 86' lang='lat' dir='ltr'><strong>converterentur</strong></span> <span class='ocrx_word' id='word_1_475' title='bbox 922 3629 989 3684; x_wconf 93' lang='lat' dir='ltr'><strong>ad</strong></span> <span class='ocrx_word' id='word_1_476' title='bbox 1034 3628 1343 3695; x_wconf 89' lang='lat' dir='ltr'><strong>Dominum,</strong></span> <span class='ocrx_word' id='word_1_477' title='bbox 1373 3645 1711 3704; x_wconf 89' lang='lat' dir='ltr'><strong>nequaquam</strong></span> <span class='ocrx_word' id='word_1_478' title='bbox 1752 3631 2019 3687; x_wconf 84' lang='lat' dir='ltr'><strong>distrahe-</strong></span> 
     </span>
    </p>
   </div>
   <div class='ocr_carea' id='block_1_67' title="bbox 445 3719 2018 3795">
    <p class='ocr_par' dir='ltr' id='par_1_67' title="bbox 445 3719 2018 3795">
     <span class='ocr_line' id='line_1_67' title="bbox 445 3719 2018 3795; baseline -0.001 -15"><span class='ocrx_word' id='word_1_479' title='bbox 445 3727 564 3780; x_wconf 72' lang='lat' dir='ltr'><strong>rem</strong></span> <span class='ocrx_word' id='word_1_480' title='bbox 591 3719 812 3795; x_wconf 85' lang='lat' dir='ltr'><strong>pradla,</strong></span> <span class='ocrx_word' id='word_1_481' title='bbox 843 3721 938 3777; x_wconf 87' lang='lat' dir='ltr'><strong>sed</strong></span> <span class='ocrx_word' id='word_1_482' title='bbox 964 3735 1027 3778; x_wconf 91' lang='lat' dir='ltr'><strong>ea</strong></span> <span class='ocrx_word' id='word_1_483' title='bbox 1058 3720 1264 3779; x_wconf 87' lang='lat' dir='ltr'><strong>sanctis</strong></span> <span class='ocrx_word' id='word_1_484' title='bbox 1292 3720 1550 3777; x_wconf 90' lang='lat' dir='ltr'><strong>Ecclesiis</strong></span> <span class='ocrx_word' id='word_1_485' title='bbox 1582 3721 1877 3789; x_wconf 87' lang='lat' dir='ltr'><strong>traderent,</strong></span> <span class='ocrx_word' id='word_1_486' title='bbox 1908 3736 2018 3778; x_wconf 91' lang='lat' dir='ltr'><strong>non</strong></span> 
     </span>
    </p>
   </div>
   <div class='ocr_carea' id='block_1_68' title="bbox 443 3809 2020 3891">
    <p class='ocr_par' dir='ltr' id='par_1_68' title="bbox 443 3809 2020 3891">
     <span class='ocr_line' id='line_1_68' title="bbox 443 3809 2020 3891; baseline 0.004 -27"><span class='ocrx_word' id='word_1_487' title='bbox 443 3809 554 3882; x_wconf 86' lang='lat' dir='ltr'><strong>iam</strong></span> <span class='ocrx_word' id='word_1_488' title='bbox 609 3811 942 3879; x_wconf 86' lang='lat' dir='ltr'><strong>transitorlc,</strong></span> <span class='ocrx_word' id='word_1_489' title='bbox 1000 3813 1092 3868; x_wconf 87' lang='lat' dir='ltr'><strong>sed</strong></span> <span class='ocrx_word' id='word_1_490' title='bbox 1126 3813 1250 3886; x_wconf 87' lang='lat' dir='ltr'><strong>jure</strong></span> <span class='ocrx_word' id='word_1_491' title='bbox 1302 3822 1563 3891; x_wconf 88' lang='lat' dir='ltr'><strong>perpetuo</strong></span> <span class='ocrx_word' id='word_1_492' title='bbox 1609 3814 2020 3870; x_wconf 88' lang='lat' dir='ltr'><strong>necessitatibus</strong></span> 
     </span>
    </p>
   </div>
   <div class='ocr_carea' id='block_1_69' title="bbox 446 3902 2022 3982">
    <p class='ocr_par' dir='ltr' id='par_1_69' title="bbox 446 3902 2022 3982">
     <span class='ocr_line' id='line_1_69' title="bbox 446 3902 2022 3982; baseline 0.001 -25"><span class='ocrx_word' id='word_1_493' title='bbox 446 3902 797 3974; x_wconf 85' lang='lat' dir='ltr'><strong>indigentium</strong></span> <span class='ocrx_word' id='word_1_494' title='bbox 833 3903 1133 3973; x_wconf 84' lang='lat' dir='ltr'><strong>profutura.</strong></span> <span class='ocrx_word' id='word_1_495' title='bbox 1160 3905 1227 3959; x_wconf 90' lang='lat' dir='ltr'><strong>Et</strong></span> <span class='ocrx_word' id='word_1_496' title='bbox 1254 3915 1405 3961; x_wconf 83' lang='lat' dir='ltr'><strong>certe</strong></span> <span class='ocrx_word' id='word_1_497' title='bbox 1442 3920 1540 3976; x_wconf 87' lang='lat' dir='ltr'><strong>per</strong></span> <span class='ocrx_word' id='word_1_498' title='bbox 1568 3905 1784 3982; x_wconf 81' lang='lat' dir='ltr'><strong>Moysen</strong></span> <span class='ocrx_word' id='word_1_499' title='bbox 1817 3906 1872 3961; x_wconf 92' lang='lat' dir='ltr'><strong>in</strong></span> <span class='ocrx_word' id='word_1_500' title='bbox 1903 3905 2022 3974; x_wconf 89' lang='lat' dir='ltr'><strong>lege</strong></span> 
     </span>
    </p>
   </div>
   <div class='ocr_carea' id='block_1_70' title="bbox 443 3993 2022 4067">
    <p class='ocr_par' dir='ltr' id='par_1_70' title="bbox 443 3993 2022 4067">
     <span class='ocr_line' id='line_1_70' title="bbox 443 3993 2022 4067; baseline 0.002 -18"><span class='ocrx_word' id='word_1_501' title='bbox 443 3995 755 4064; x_wconf 81' lang='lat' dir='ltr'><strong>praecipitur</strong></span> <span class='ocrx_word' id='word_1_502' title='bbox 795 4011 810 4048; x_wconf 89' lang='lat'>:</span> <span class='ocrx_word' id='word_1_503' title='bbox 847 4012 866 4046; x_wconf 74' lang='grc' dir='ltr'>ι</span> <span class='ocrx_word' id='word_1_504' title='bbox 896 3993 1091 4063; x_wconf 91' lang='lat' dir='ltr'><strong>Omne,</strong></span> <span class='ocrx_word' id='word_1_505' title='bbox 1133 3996 1328 4067; x_wconf 91' lang='lat' dir='ltr'><strong>inquit,</strong></span> <span class='ocrx_word' id='word_1_506' title='bbox 1377 3996 1520 4066; x_wconf 88' lang='lat' dir='ltr'><strong>quod</strong></span> <span class='ocrx_word' id='word_1_507' title='bbox 1569 3996 1796 4052; x_wconf 90' lang='lat' dir='ltr'><strong>Domino</strong></span> <span class='ocrx_word' id='word_1_508' title='bbox 1831 4011 2022 4052; x_wconf 88' lang='lat' dir='ltr'><strong>conse-</strong></span> 
     </span>
    </p>
   </div>
   <div class='ocr_carea' id='block_1_71' title="bbox 441 4089 2022 4162">
    <p class='ocr_par' dir='ltr' id='par_1_71' title="bbox 441 4089 2022 4162">
     <span class='ocr_line' id='line_1_71' title="bbox 441 4089 2022 4162; baseline 0.003 -18"><span class='ocrx_word' id='word_1_509' title='bbox 441 4097 649 4151; x_wconf 86' lang='lat' dir='ltr'><strong>cratur.</strong></span> <span class='ocrx_word' id='word_1_510' title='bbox 693 4089 808 4146; x_wconf 89' lang='lat' dir='ltr'><strong>sive</strong></span> <span class='ocrx_word' id='word_1_511' title='bbox 845 4090 1028 4157; x_wconf 88' lang='lat' dir='ltr'><strong>homo,</strong></span> <span class='ocrx_word' id='word_1_512' title='bbox 1074 4091 1188 4147; x_wconf 84' lang='lat' dir='ltr'><strong>sive</strong></span> <span class='ocrx_word' id='word_1_513' title='bbox 1241 4105 1394 4162; x_wconf 88' lang='lat' dir='ltr'><strong>ager,</strong></span> <span class='ocrx_word' id='word_1_514' title='bbox 1441 4107 1550 4146; x_wconf 92' lang='lat' dir='ltr'><strong>non</strong></span> <span class='ocrx_word' id='word_1_515' title='bbox 1591 4091 1875 4160; x_wconf 91' lang='lat' dir='ltr'><strong>vendetur,</strong></span> <span class='ocrx_word' id='word_1_516' title='bbox 1919 4107 2022 4149; x_wconf 90' lang='lat' dir='ltr'><strong>nec</strong></span> 
     </span>
    </p>
   </div>
   <div class='ocr_carea' id='block_1_72' title="bbox 445 4181 2018 4253">
    <p class='ocr_par' dir='ltr' id='par_1_72' title="bbox 445 4181 2018 4253">
     <span class='ocr_line' id='line_1_72' title="bbox 445 4181 2018 4253; baseline 0.003 -19"><span class='ocrx_word' id='word_1_517' title='bbox 445 4181 635 4236; x_wconf 87' lang='lat' dir='ltr'><strong>redimi</strong></span> <span class='ocrx_word' id='word_1_518' title='bbox 664 4181 883 4252; x_wconf 90' lang='lat' dir='ltr'><strong>poterit.</strong></span> <span class='ocrx_word' id='word_1_519' title='bbox 915 4181 1184 4253; x_wconf 89' lang='lat' dir='ltr'><strong>Quidquid</strong></span> <span class='ocrx_word' id='word_1_520' title='bbox 1217 4182 1387 4239; x_wconf 88' lang='lat' dir='ltr'><strong>semel</strong></span> <span class='ocrx_word' id='word_1_521' title='bbox 1429 4181 1592 4238; x_wconf 91' lang='lat' dir='ltr'><strong>fuerit</strong></span> <span class='ocrx_word' id='word_1_522' title='bbox 1621 4192 2018 4251; x_wconf 88' lang='lat' dir='ltr'><strong>consecratum,</strong></span> 
     </span>
    </p>
   </div>
   <div class='ocr_carea' id='block_1_73' title="bbox 447 4274 2016 4349">
    <p class='ocr_par' dir='ltr' id='par_1_73' title="bbox 447 4274 2016 4349">
     <span class='ocr_line' id='line_1_73' title="bbox 447 4274 2016 4349; baseline 0.001 -23"><span class='ocrx_word' id='word_1_523' title='bbox 447 4282 692 4328; x_wconf 90' lang='lat' dir='ltr'><strong>sanctum</strong></span> <span class='ocrx_word' id='word_1_524' title='bbox 739 4283 1053 4329; x_wconf 90' lang='lat' dir='ltr'><strong>sanctorum</strong></span> <span class='ocrx_word' id='word_1_525' title='bbox 1102 4275 1207 4330; x_wconf 91' lang='lat' dir='ltr'><strong>erit</strong></span> <span class='ocrx_word' id='word_1_526' title='bbox 1253 4275 1480 4332; x_wconf 90' lang='lat' dir='ltr'><strong>Domino</strong></span> <span class='ocrx_word' id='word_1_527' title='bbox 1527 4274 1716 4349; x_wconf 81' lang='lat' dir='ltr'><strong>(Leuit.</strong></span> <span class='ocrx_word' id='word_1_528' title='bbox 1764 4278 1959 4346; x_wconf 77' lang='lat' dir='ltr'><strong>xxv&quot;).</strong></span> <span class='ocrx_word' id='word_1_529' title='bbox 1995 4293 2016 4329; x_wconf 73' lang='grc' dir='ltr'><strong><em>ι</em></strong></span> 
     </span>
    </p>
   </div>
   <div class='ocr_carea' id='block_1_74' title="bbox 445 4364 2023 4438">
    <p class='ocr_par' dir='ltr' id='par_1_74' title="bbox 445 4364 2023 4438">
     <span class='ocr_line' id='line_1_74' title="bbox 445 4364 2023 4438; baseline 0.002 -18"><span class='ocrx_word' id='word_1_530' title='bbox 445 4365 586 4420; x_wconf 89' lang='lat' dir='ltr'><strong>Ecce</strong></span> <span class='ocrx_word' id='word_1_531' title='bbox 631 4365 721 4420; x_wconf 88' lang='lat' dir='ltr'><strong>hic</strong></span> <span class='ocrx_word' id='word_1_532' title='bbox 765 4364 1206 4423; x_wconf 89' lang='lat' dir='ltr'><strong>manifestissime</strong></span> <span class='ocrx_word' id='word_1_533' title='bbox 1273 4368 1592 4438; x_wconf 87' lang='lat' dir='ltr'><strong>prohibetur</strong></span> <span class='ocrx_word' id='word_1_534' title='bbox 1633 4383 1719 4435; x_wconf 86' lang='lat' dir='ltr'><strong>ea,</strong></span> <span class='ocrx_word' id='word_1_535' title='bbox 1758 4383 1878 4438; x_wconf 87' lang='lat' dir='ltr'><strong>qua</strong></span> <span class='ocrx_word' id='word_1_536' title='bbox 1921 4367 2023 4423; x_wconf 87' lang='lat' dir='ltr'><strong>Do-</strong></span> 
     </span>
    </p>
   </div>
   <div class='ocr_carea' id='block_1_75' title="bbox 371 4457 2016 4524">
    <p class='ocr_par' dir='ltr' id='par_1_75' title="bbox 371 4457 2016 4524">
     <span class='ocr_line' id='line_1_75' title="bbox 371 4457 2016 4524; baseline 0.001 -14"><span class='ocrx_word' id='word_1_537' title='bbox 371 4481 382 4486; x_wconf 75' lang='lat'><strong>-~</strong></span> <span class='ocrx_word' id='word_1_538' title='bbox 447 4457 594 4511; x_wconf 85' lang='lat' dir='ltr'><strong>mino</strong></span> <span class='ocrx_word' id='word_1_539' title='bbox 636 4467 1046 4524; x_wconf 86' lang='lat' dir='ltr'><strong>consecrantur,</strong></span> <span class='ocrx_word' id='word_1_540' title='bbox 1076 4457 1158 4512; x_wconf 90' lang='lat' dir='ltr'><strong>vel</strong></span> <span class='ocrx_word' id='word_1_541' title='bbox 1198 4460 1358 4514; x_wconf 91' lang='lat' dir='ltr'><strong>vendi</strong></span> <span class='ocrx_word' id='word_1_542' title='bbox 1403 4459 1622 4524; x_wconf 89' lang='lat' dir='ltr'><strong>debere,</strong></span> <span class='ocrx_word' id='word_1_543' title='bbox 1653 4459 1737 4514; x_wconf 94' lang='lat' dir='ltr'><strong>vel</strong></span> <span class='ocrx_word' id='word_1_544' title='bbox 1788 4459 2016 4524; x_wconf 90' lang='lat' dir='ltr'><strong>redimi;</strong></span> 
     </span>
    </p>
   </div>
   <div class='ocr_carea' id='block_1_76' title="bbox 2197 3259 3704 3344">
    <p class='ocr_par' dir='ltr' id='par_1_76' title="bbox 2197 3259 3704 3344">
     <span class='ocr_line' id='line_1_76' title="bbox 2197 3259 3704 3344; baseline -0.011 -10"><span class='ocrx_word' id='word_1_545' title='bbox 2197 3259 2298 3334; x_wconf 75' lang='lat' dir='ltr'><strong>Ubi</strong></span> <span class='ocrx_word' id='word_1_546' title='bbox 2325 3276 2644 3339; x_wconf 87' lang='lat' dir='ltr'><strong>notandum,</strong></span> <span class='ocrx_word' id='word_1_547' title='bbox 2675 3274 2819 3344; x_wconf 92' lang='lat' dir='ltr'><strong>quod</strong></span> <span class='ocrx_word' id='word_1_548' title='bbox 2856 3287 2964 3328; x_wconf 90' lang='lat' dir='ltr'><strong>non</strong></span> <span class='ocrx_word' id='word_1_549' title='bbox 2995 3270 3072 3326; x_wconf 90' lang='lat' dir='ltr'><strong>ait</strong></span> <span class='ocrx_word' id='word_1_550' title='bbox 3100 3287 3115 3325; x_wconf 91' lang='lat'><strong>:</strong></span> <span class='ocrx_word' id='word_1_551' title='bbox 3147 3268 3206 3325; x_wconf 91' lang='lat' dir='ltr'><strong>Si</strong></span> <span class='ocrx_word' id='word_1_552' title='bbox 3228 3267 3350 3339; x_wconf 88' lang='lat' dir='ltr'><strong>quis</strong></span> <span class='ocrx_word' id='word_1_553' title='bbox 3385 3265 3528 3321; x_wconf 88' lang='lat' dir='ltr'><strong>hanc</strong></span> <span class='ocrx_word' id='word_1_554' title='bbox 3565 3259 3704 3318; x_wconf 79' lang='lat' dir='ltr'><strong>obti-</strong></span> 
     </span>
    </p>
   </div>
   <div class='ocr_carea' id='block_1_77' title="bbox 2121 3353 3700 3428">
    <p class='ocr_par' dir='ltr' id='par_1_77' title="bbox 2121 3353 3700 3428">
     <span class='ocr_line' id='line_1_77' title="bbox 2121 3353 3700 3428; baseline -0.011 -5"><span class='ocrx_word' id='word_1_555' title='bbox 2121 3369 2304 3423; x_wconf 89' lang='lat' dir='ltr'><strong>nuerit</strong></span> <span class='ocrx_word' id='word_1_556' title='bbox 2328 3365 2803 3422; x_wconf 89' lang='lat' dir='ltr'><strong>consecrationem</strong></span> <span class='ocrx_word' id='word_1_557' title='bbox 2823 3401 2840 3428; x_wconf 93' lang='lat'><strong>,</strong></span> <span class='ocrx_word' id='word_1_558' title='bbox 2867 3362 2985 3418; x_wconf 89' lang='lat' dir='ltr'><strong>sive</strong></span> <span class='ocrx_word' id='word_1_559' title='bbox 3021 3373 3215 3414; x_wconf 87' lang='lat' dir='ltr'><strong>manus</strong></span> <span class='ocrx_word' id='word_1_560' title='bbox 3262 3353 3700 3426; x_wconf 80' lang='lat' dir='ltr'><strong>lmpositionem;</strong></span> 
     </span>
    </p>
   </div>
   <div class='ocr_carea' id='block_1_78' title="bbox 2120 3440 3699 3529">
    <p class='ocr_par' dir='ltr' id='par_1_78' title="bbox 2120 3440 3699 3529">
     <span class='ocr_line' id='line_1_78' title="bbox 2120 3440 3699 3529; baseline -0.012 -14"><span class='ocrx_word' id='word_1_561' title='bbox 2120 3461 2218 3515; x_wconf 90' lang='lat' dir='ltr'><strong>sed</strong></span> <span class='ocrx_word' id='word_1_562' title='bbox 2239 3457 2418 3529; x_wconf 86' lang='lat' dir='ltr'><strong>potius</strong></span> <span class='ocrx_word' id='word_1_563' title='bbox 2447 3472 2461 3510; x_wconf 90' lang='lat'><strong>:</strong></span> <span class='ocrx_word' id='word_1_564' title='bbox 2489 3455 2548 3510; x_wconf 90' lang='lat' dir='ltr'><strong>Si</strong></span> <span class='ocrx_word' id='word_1_565' title='bbox 2569 3454 2714 3524; x_wconf 87' lang='lat' dir='ltr'><strong>quis,</strong></span> <span class='ocrx_word' id='word_1_566' title='bbox 2744 3453 2948 3522; x_wconf 90' lang='lat' dir='ltr'><strong>inquit,</strong></span> <span class='ocrx_word' id='word_1_567' title='bbox 2977 3466 3075 3522; x_wconf 90' lang='lat' dir='ltr'><strong>per</strong></span> <span class='ocrx_word' id='word_1_568' title='bbox 3111 3449 3396 3520; x_wconf 88' lang='lat' dir='ltr'><strong>pecuniam</strong></span> <span class='ocrx_word' id='word_1_569' title='bbox 3435 3445 3578 3499; x_wconf 87' lang='lat' dir='ltr'><strong>hanc</strong></span> <span class='ocrx_word' id='word_1_570' title='bbox 3596 3440 3699 3498; x_wconf 85' lang='lat' dir='ltr'><strong>ob-</strong></span> 
     </span>
    </p>
   </div>
   <div class='ocr_carea' id='block_1_79' title="bbox 2122 3535 3702 3619">
    <p class='ocr_par' dir='ltr' id='par_1_79' title="bbox 2122 3535 3702 3619">
     <span class='ocr_line' id='line_1_79' title="bbox 2122 3535 3702 3619; baseline -0.011 -13"><span class='ocrx_word' id='word_1_571' title='bbox 2122 3549 2346 3608; x_wconf 90' lang='lat' dir='ltr'><strong>tinuerit</strong></span> <span class='ocrx_word' id='word_1_572' title='bbox 2380 3547 2722 3619; x_wconf 82' lang='lat' dir='ltr'><strong>dignitatem.</strong></span> <span class='ocrx_word' id='word_1_573' title='bbox 2751 3544 3086 3602; x_wconf 76' lang='lat' dir='ltr'><strong>Canonicum</strong></span> <span class='ocrx_word' id='word_1_574' title='bbox 3133 3550 3191 3598; x_wconf 89' lang='lat' dir='ltr'><strong>et</strong></span> <span class='ocrx_word' id='word_1_575' title='bbox 3236 3538 3370 3595; x_wconf 92' lang='lat' dir='ltr'><strong>illud</strong></span> <span class='ocrx_word' id='word_1_576' title='bbox 3412 3535 3702 3600; x_wconf 88' lang='lat' dir='ltr'><strong>asseritur,</strong></span> 
     </span>
    </p>
   </div>
   <div class='ocr_carea' id='block_1_80' title="bbox 2121 3626 3698 3716">
    <p class='ocr_par' dir='ltr' id='par_1_80' title="bbox 2121 3626 3698 3716">
     <span class='ocr_line' id='line_1_80' title="bbox 2121 3626 3698 3716; baseline -0.015 -13"><span class='ocrx_word' id='word_1_577' title='bbox 2121 3643 2265 3716; x_wconf 86' lang='lat' dir='ltr'><strong>quod</strong></span> <span class='ocrx_word' id='word_1_578' title='bbox 2309 3640 2708 3713; x_wconf 85' lang='lat' dir='ltr'><strong>promulgatum</strong></span> <span class='ocrx_word' id='word_1_579' title='bbox 2762 3653 2795 3692; x_wconf 86' lang='lat' dir='ltr'><strong>a</strong></span> <span class='ocrx_word' id='word_1_580' title='bbox 2833 3635 3037 3694; x_wconf 88' lang='lat' dir='ltr'><strong>sanctis</strong></span> <span class='ocrx_word' id='word_1_581' title='bbox 3077 3632 3332 3692; x_wconf 88' lang='lat' dir='ltr'><strong>Patribus</strong></span> <span class='ocrx_word' id='word_1_582' title='bbox 3373 3630 3426 3684; x_wconf 92' lang='lat' dir='ltr'><strong>in</strong></span> <span class='ocrx_word' id='word_1_583' title='bbox 3469 3626 3698 3691; x_wconf 76' lang='lat' dir='ltr'><strong>concilie</strong></span> 
     </span>
    </p>
   </div>
   <div class='ocr_carea' id='block_1_81' title="bbox 2122 3718 3700 3810">
    <p class='ocr_par' dir='ltr' id='par_1_81' title="bbox 2122 3718 3700 3810">
     <span class='ocr_line' id='line_1_81' title="bbox 2122 3718 3700 3810; baseline -0.014 -18"><span class='ocrx_word' id='word_1_584' title='bbox 2122 3735 2392 3810; x_wconf 84' lang='lat' dir='ltr'><strong>reperitur</strong></span> <span class='ocrx_word' id='word_1_585' title='bbox 2415 3752 2430 3788; x_wconf 90' lang='lat'><strong>:</strong></span> <span class='ocrx_word' id='word_1_586' title='bbox 2455 3733 2791 3797; x_wconf 88' lang='lat' dir='ltr'><strong>Cavendum,</strong></span> <span class='ocrx_word' id='word_1_587' title='bbox 2819 3738 2878 3784; x_wconf 91' lang='lat' dir='ltr'><strong>et</strong></span> <span class='ocrx_word' id='word_1_588' title='bbox 2898 3740 3242 3796; x_wconf 81' lang='lat' dir='ltr'><strong>summepere</strong></span> <span class='ocrx_word' id='word_1_589' title='bbox 3261 3718 3700 3810; x_wconf 80' lang='lat' dir='ltr'><strong>pracaveudum,</strong></span> 
     </span>
    </p>
   </div>
   <div class='ocr_carea' id='block_1_82' title="bbox 2122 3807 3702 3895">
    <p class='ocr_par' dir='ltr' id='par_1_82' title="bbox 2122 3807 3702 3895">
     <span class='ocr_line' id='line_1_82' title="bbox 2122 3807 3702 3895; baseline -0.012 -15"><span class='ocrx_word' id='word_1_590' title='bbox 2122 3807 2200 3880; x_wconf 85' lang='lat' dir='ltr'><strong>ac</strong></span> <span class='ocrx_word' id='word_1_591' title='bbox 2235 3839 2332 3895; x_wconf 89' lang='lat' dir='ltr'><strong>per</strong></span> <span class='ocrx_word' id='word_1_592' title='bbox 2378 3823 2638 3878; x_wconf 89' lang='lat' dir='ltr'><strong>virtutem</strong></span> <span class='ocrx_word' id='word_1_593' title='bbox 2678 3819 2886 3876; x_wconf 84' lang='lat' dir='ltr'><strong>Christi</strong></span> <span class='ocrx_word' id='word_1_594' title='bbox 2934 3815 3214 3887; x_wconf 83' lang='lat' dir='ltr'><strong>sanguinis</strong></span> <span class='ocrx_word' id='word_1_595' title='bbox 3237 3845 3248 3853; x_wconf 82' lang='lat'><strong>-~</strong></span> <span class='ocrx_word' id='word_1_596' title='bbox 3265 3807 3702 3869; x_wconf 86' lang='lat' dir='ltr'><strong>interdicendum</strong></span> 
     </span>
    </p>
   </div>
   <div class='ocr_carea' id='block_1_83' title="bbox 2119 3901 3704 3990">
    <p class='ocr_par' dir='ltr' id='par_1_83' title="bbox 2119 3901 3704 3990">
     <span class='ocr_line' id='line_1_83' title="bbox 2119 3901 3704 3990; baseline -0.011 -15"><span class='ocrx_word' id='word_1_597' title='bbox 2119 3917 2424 3990; x_wconf 87' lang='lat' dir='ltr'><strong>episcopis,</strong></span> <span class='ocrx_word' id='word_1_598' title='bbox 2481 3926 2538 3972; x_wconf 93' lang='lat' dir='ltr'><strong>et</strong></span> <span class='ocrx_word' id='word_1_599' title='bbox 2594 3914 2862 3985; x_wconf 77' lang='lat' dir='ltr'><strong>regibus,</strong></span> <span class='ocrx_word' id='word_1_600' title='bbox 2899 3919 2956 3966; x_wconf 91' lang='lat' dir='ltr'><strong>et</strong></span> <span class='ocrx_word' id='word_1_601' title='bbox 2999 3909 3254 3965; x_wconf 87' lang='lat' dir='ltr'><strong>omnibus</strong></span> <span class='ocrx_word' id='word_1_602' title='bbox 3297 3901 3704 3966; x_wconf 82' lang='lat' dir='ltr'><strong>sublimioribus</strong></span> 
     </span>
    </p>
   </div>
   <div class='ocr_carea' id='block_1_84' title="bbox 2111 3995 3704 4086">
    <p class='ocr_par' dir='ltr' id='par_1_84' title="bbox 2111 3995 3704 4086">
     <span class='ocr_line' id='line_1_84' title="bbox 2111 3995 3704 4086; baseline -0.013 -16"><span class='ocrx_word' id='word_1_603' title='bbox 2111 4012 2504 4086; x_wconf 60' lang='lat' dir='ltr'><strong>&#39;ponstatibus,</strong></span> <span class='ocrx_word' id='word_1_604' title='bbox 2532 4019 2697 4080; x_wconf 89' lang='lat' dir='ltr'><strong>atque</strong></span> <span class='ocrx_word' id='word_1_605' title='bbox 2716 4005 2929 4063; x_wconf 90' lang='lat' dir='ltr'><strong>cunctis</strong></span> <span class='ocrx_word' id='word_1_606' title='bbox 2957 4002 3259 4059; x_wconf 82' lang='lat' dir='ltr'><strong>fautoribus</strong></span> <span class='ocrx_word' id='word_1_607' title='bbox 3283 4007 3338 4053; x_wconf 89' lang='lat' dir='ltr'><strong>et</strong></span> <span class='ocrx_word' id='word_1_608' title='bbox 3372 3995 3704 4053; x_wconf 88' lang='lat' dir='ltr'><strong>electorihus</strong></span> 
     </span>
    </p>
   </div>
   <div class='ocr_carea' id='block_1_85' title="bbox 2121 4087 3706 4176">
    <p class='ocr_par' dir='ltr' id='par_1_85' title="bbox 2121 4087 3706 4176">
     <span class='ocr_line' id='line_1_85' title="bbox 2121 4087 3706 4176; baseline -0.015 -15"><span class='ocrx_word' id='word_1_609' title='bbox 2121 4110 2595 4176; x_wconf 85' lang='lat' dir='ltr'><strong>quorumcunque,</strong></span> <span class='ocrx_word' id='word_1_610' title='bbox 2628 4109 2790 4170; x_wconf 89' lang='lat' dir='ltr'><strong>atque</strong></span> <span class='ocrx_word' id='word_1_611' title='bbox 2810 4095 3254 4158; x_wconf 85' lang='lat' dir='ltr'><strong>consensoribus,</strong></span> <span class='ocrx_word' id='word_1_612' title='bbox 3295 4106 3393 4147; x_wconf 90' lang='lat' dir='ltr'><strong>seu</strong></span> <span class='ocrx_word' id='word_1_613' title='bbox 3427 4087 3706 4144; x_wconf 81' lang='lat' dir='ltr'><strong>ordinato-</strong></span> 
     </span>
    </p>
   </div>
   <div class='ocr_carea' id='block_1_86' title="bbox 2088 4177 3705 4273">
    <p class='ocr_par' dir='ltr' id='par_1_86' title="bbox 2088 4177 3705 4273">
     <span class='ocr_line' id='line_1_86' title="bbox 2088 4177 3705 4273; baseline -0.016 -18"><span class='ocrx_word' id='word_1_614' title='bbox 2088 4236 2098 4247; x_wconf 78' lang='lat'><strong>.</strong></span> <span class='ocrx_word' id='word_1_615' title='bbox 2121 4199 2275 4273; x_wconf 65' lang='lat' dir='ltr'><strong>ribus</strong></span> <span class='ocrx_word' id='word_1_616' title='bbox 2307 4198 2364 4252; x_wconf 89' lang='lat' dir='ltr'><strong>in</strong></span> <span class='ocrx_word' id='word_1_617' title='bbox 2391 4196 2558 4268; x_wconf 88' lang='lat' dir='ltr'><strong>gradu</strong></span> <span class='ocrx_word' id='word_1_618' title='bbox 2589 4190 2994 4254; x_wconf 89' lang='lat' dir='ltr'><strong>ecclesiastico;</strong></span> <span class='ocrx_word' id='word_1_619' title='bbox 3025 4196 3086 4242; x_wconf 92' lang='lat' dir='ltr'><strong>ut</strong></span> <span class='ocrx_word' id='word_1_620' title='bbox 3117 4199 3278 4240; x_wconf 90' lang='lat' dir='ltr'><strong>nemo</strong></span> <span class='ocrx_word' id='word_1_621' title='bbox 3315 4197 3412 4253; x_wconf 85' lang='lat' dir='ltr'><strong>per</strong></span> <span class='ocrx_word' id='word_1_622' title='bbox 3443 4177 3705 4235; x_wconf 81' lang='lat' dir='ltr'><strong>simonia-</strong></span> 
     </span>
    </p>
   </div>
   <div class='ocr_carea' id='block_1_87' title="bbox 2123 4274 3706 4352">
    <p class='ocr_par' dir='ltr' id='par_1_87' title="bbox 2123 4274 3706 4352">
     <span class='ocr_line' id='line_1_87' title="bbox 2123 4274 3706 4352; baseline -0.016 -9"><span class='ocrx_word' id='word_1_623' title='bbox 2123 4302 2244 4343; x_wconf 91' lang='lat' dir='ltr'><strong>cam</strong></span> <span class='ocrx_word' id='word_1_624' title='bbox 2284 4285 2531 4349; x_wconf 88' lang='lat' dir='ltr'><strong>haresim</strong></span> <span class='ocrx_word' id='word_1_625' title='bbox 2563 4280 2844 4352; x_wconf 82' lang='lat' dir='ltr'><strong>regiminis</strong></span> <span class='ocrx_word' id='word_1_626' title='bbox 2877 4278 3054 4332; x_wconf 91' lang='lat' dir='ltr'><strong>locum</strong></span> <span class='ocrx_word' id='word_1_627' title='bbox 3089 4274 3352 4335; x_wconf 89' lang='lat' dir='ltr'><strong>obtineat,</strong></span> <span class='ocrx_word' id='word_1_628' title='bbox 3383 4277 3706 4339; x_wconf 87' lang='lat' dir='ltr'><strong>quacunque</strong></span> 
     </span>
    </p>
   </div>
   <div class='ocr_carea' id='block_1_88' title="bbox 2123 4356 3702 4444">
    <p class='ocr_par' dir='ltr' id='par_1_88' title="bbox 2123 4356 3702 4444">
     <span class='ocr_line' id='line_1_88' title="bbox 2123 4356 3702 4444; baseline -0.018 -10"><span class='ocrx_word' id='word_1_629' title='bbox 2123 4379 2378 4443; x_wconf 83' lang='lat' dir='ltr'><strong>factione,</strong></span> <span class='ocrx_word' id='word_1_630' title='bbox 2407 4375 2721 4436; x_wconf 90' lang='lat' dir='ltr'><strong>calliditate,</strong></span> <span class='ocrx_word' id='word_1_631' title='bbox 2751 4367 3131 4444; x_wconf 87' lang='lat' dir='ltr'><strong>promissione,</strong></span> <span class='ocrx_word' id='word_1_632' title='bbox 3159 4379 3254 4420; x_wconf 89' lang='lat' dir='ltr'><strong>seu</strong></span> <span class='ocrx_word' id='word_1_633' title='bbox 3293 4356 3702 4418; x_wconf 86' lang='lat' dir='ltr'><strong>commoditate,</strong></span> 
     </span>
    </p>
   </div>
   <div class='ocr_carea' id='block_1_89' title="bbox 2124 4457 3626 4536">
    <p class='ocr_par' dir='ltr' id='par_1_89' title="bbox 2124 4457 3626 4536">
     <span class='ocr_line' id='line_1_89' title="bbox 2124 4457 3626 4536; baseline -0.019 -9"><span class='ocrx_word' id='word_1_634' title='bbox 2124 4479 2218 4526; x_wconf 92' lang='lat' dir='ltr'><strong>aut</strong></span> <span class='ocrx_word' id='word_1_635' title='bbox 2243 4469 2533 4525; x_wconf 88' lang='lat' dir='ltr'><strong>donatione</strong></span> <span class='ocrx_word' id='word_1_636' title='bbox 2559 4480 2656 4536; x_wconf 90' lang='lat' dir='ltr'><strong>per</strong></span> <span class='ocrx_word' id='word_1_637' title='bbox 2685 4478 2765 4529; x_wconf 92' lang='lat' dir='ltr'><strong>se,</strong></span> <span class='ocrx_word' id='word_1_638' title='bbox 2793 4470 2882 4516; x_wconf 90' lang='lat' dir='ltr'><strong>aut</strong></span> <span class='ocrx_word' id='word_1_639' title='bbox 2908 4475 3007 4530; x_wconf 90' lang='lat' dir='ltr'><strong>per</strong></span> <span class='ocrx_word' id='word_1_640' title='bbox 3030 4457 3285 4512; x_wconf 88' lang='lat' dir='ltr'><strong>emissam</strong></span> <span class='ocrx_word' id='word_1_641' title='bbox 3317 4463 3626 4536; x_wconf 83' lang='lat' dir='ltr'><strong>personam.</strong></span> 
     </span>
    </p>
   </div>
   <div class='ocr_carea' id='block_1_90' title="bbox 447 4527 2021 4624">
    <p class='ocr_par' dir='ltr' id='par_1_90' title="bbox 447 4546 2019 4622">
     <span class='ocr_line' id='line_1_90' title="bbox 447 4546 2019 4622; baseline -0.003 -16"><span class='ocrx_word' id='word_1_642' title='bbox 447 4546 766 4616; x_wconf 81' lang='lat' dir='ltr'><strong>sediussum</strong></span> <span class='ocrx_word' id='word_1_643' title='bbox 796 4557 880 4603; x_wconf 88' lang='lat' dir='ltr'><strong>est</strong></span> <span class='ocrx_word' id='word_1_644' title='bbox 916 4564 979 4604; x_wconf 89' lang='lat' dir='ltr'><strong>ea</strong></span> <span class='ocrx_word' id='word_1_645' title='bbox 1026 4557 1212 4607; x_wconf 84' lang='lat' dir='ltr'><strong>sancta</strong></span> <span class='ocrx_word' id='word_1_646' title='bbox 1241 4559 1550 4605; x_wconf 89' lang='lat' dir='ltr'><strong>sanctorum</strong></span> <span class='ocrx_word' id='word_1_647' title='bbox 1572 4549 1776 4622; x_wconf 82' lang='lat' dir='ltr'><strong>iugiter</strong></span> <span class='ocrx_word' id='word_1_648' title='bbox 1804 4564 2019 4618; x_wconf 86' lang='lat' dir='ltr'><strong>perma-</strong></span> 
     </span>
    </p>
   </div>
   <div class='ocr_carea' id='block_1_91' title="bbox 2122 4527 3702 4624">
    <p class='ocr_par' dir='ltr' id='par_1_91' title="bbox 2199 4527 3702 4624">
     <span class='ocr_line' id='line_1_91' title="bbox 2199 4527 3702 4624; baseline -0.018 -12"><span class='ocrx_word' id='word_1_649' title='bbox 2199 4556 2300 4612; x_wconf 87' lang='lat' dir='ltr'><strong>llic</strong></span> <span class='ocrx_word' id='word_1_650' title='bbox 2344 4527 2575 4624; x_wconf 50' lang='lat' dir='ltr'><strong>quoque&#39;</strong></span> <span class='ocrx_word' id='word_1_651' title='bbox 2608 4527 2932 4614; x_wconf 68' lang='lat' dir='ltr'><strong>notandum,</strong></span> <span class='ocrx_word' id='word_1_652' title='bbox 2969 4544 3113 4615; x_wconf 90' lang='lat' dir='ltr'><strong>quod</strong></span> <span class='ocrx_word' id='word_1_653' title='bbox 3170 4555 3291 4596; x_wconf 92' lang='lat' dir='ltr'><strong>cum</strong></span> <span class='ocrx_word' id='word_1_654' title='bbox 3323 4534 3702 4608; x_wconf 83' lang='lat' dir='ltr'><strong>pramisisset,</strong></span> 
     </span>
    </p>
   </div>
   <div class='ocr_carea' id='block_1_92' title="bbox 446 4635 2026 4710">
    <p class='ocr_par' dir='ltr' id='par_1_92' title="bbox 446 4635 2026 4710">
     <span class='ocr_line' id='line_1_92' title="bbox 446 4635 2026 4710; baseline 0.001 -18"><span class='ocrx_word' id='word_1_655' title='bbox 446 4651 595 4692; x_wconf 87' lang='lat' dir='ltr'><strong>nere.</strong></span> <span class='ocrx_word' id='word_1_656' title='bbox 627 4635 738 4697; x_wconf 90' lang='lat' dir='ltr'><strong>Cur</strong></span> <span class='ocrx_word' id='word_1_657' title='bbox 760 4652 890 4710; x_wconf 90' lang='lat' dir='ltr'><strong>ergo</strong></span> <span class='ocrx_word' id='word_1_658' title='bbox 919 4639 1167 4709; x_wconf 87' lang='lat' dir='ltr'><strong>gloriaris</strong></span> <span class='ocrx_word' id='word_1_659' title='bbox 1197 4650 1383 4698; x_wconf 86' lang='lat' dir='ltr'><strong>sancta</strong></span> <span class='ocrx_word' id='word_1_660' title='bbox 1432 4649 1742 4698; x_wconf 88' lang='lat' dir='ltr'><strong>sanctorum</strong></span> <span class='ocrx_word' id='word_1_661' title='bbox 1774 4649 1825 4694; x_wconf 92' lang='lat' dir='ltr'><strong>te</strong></span> <span class='ocrx_word' id='word_1_662' title='bbox 1849 4640 2026 4710; x_wconf 87' lang='lat' dir='ltr'><strong>pretio</strong></span> 
     </span>
    </p>
   </div>
   <div class='ocr_carea' id='block_1_93' title="bbox 449 4729 2026 4804">
    <p class='ocr_par' dir='ltr' id='par_1_93' title="bbox 449 4729 2026 4804">
     <span class='ocr_line' id='line_1_93' title="bbox 449 4729 2026 4804; baseline 0 -20"><span class='ocrx_word' id='word_1_663' title='bbox 449 4729 767 4804; x_wconf 70' lang='lat' dir='ltr'><strong>redemisse,</strong></span> <span class='ocrx_word' id='word_1_664' title='bbox 795 4739 852 4786; x_wconf 91' lang='lat' dir='ltr'><strong>et</strong></span> <span class='ocrx_word' id='word_1_665' title='bbox 876 4746 988 4785; x_wconf 91' lang='lat' dir='ltr'><strong>rem</strong></span> <span class='ocrx_word' id='word_1_666' title='bbox 1017 4731 1110 4786; x_wconf 91' lang='lat' dir='ltr'><strong>Dei</strong></span> <span class='ocrx_word' id='word_1_667' title='bbox 1139 4742 1325 4788; x_wconf 89' lang='lat' dir='ltr'><strong>contra</strong></span> <span class='ocrx_word' id='word_1_668' title='bbox 1356 4731 1528 4803; x_wconf 82' lang='lat' dir='ltr'><strong>legem</strong></span> <span class='ocrx_word' id='word_1_669' title='bbox 1558 4731 1673 4798; x_wconf 90' lang='lat' dir='ltr'><strong>Dei,</strong></span> <span class='ocrx_word' id='word_1_670' title='bbox 1710 4746 1830 4802; x_wconf 90' lang='lat' dir='ltr'><strong>qua</strong></span> <span class='ocrx_word' id='word_1_671' title='bbox 1856 4731 2026 4802; x_wconf 87' lang='lat' dir='ltr'><strong>gratis</strong></span> 
     </span>
    </p>
   </div>
   <div class='ocr_carea' id='block_1_94' title="bbox 449 4829 2028 4903">
    <p class='ocr_par' dir='ltr' id='par_1_94' title="bbox 449 4829 2028 4903">
     <span class='ocr_line' id='line_1_94' title="bbox 449 4829 2028 4903; baseline 0.001 -20"><span class='ocrx_word' id='word_1_672' title='bbox 449 4829 786 4900; x_wconf 91' lang='lat' dir='ltr'><strong>accipienda,</strong></span> <span class='ocrx_word' id='word_1_673' title='bbox 814 4833 985 4903; x_wconf 87' lang='lat' dir='ltr'><strong>gratis</strong></span> <span class='ocrx_word' id='word_1_674' title='bbox 1013 4833 1188 4888; x_wconf 90' lang='lat' dir='ltr'><strong>danda</strong></span> <span class='ocrx_word' id='word_1_675' title='bbox 1237 4842 1343 4898; x_wconf 83' lang='lat' dir='ltr'><strong>est,</strong></span> <span class='ocrx_word' id='word_1_676' title='bbox 1387 4833 1651 4890; x_wconf 89' lang='lat' dir='ltr'><strong>venaliter</strong></span> <span class='ocrx_word' id='word_1_677' title='bbox 1680 4830 2028 4902; x_wconf 82' lang='lat' dir='ltr'><strong>percepisse?</strong></span> 
     </span>
    </p>
   </div>
   <div class='ocr_carea' id='block_1_95' title="bbox 448 4919 2028 4994">
    <p class='ocr_par' dir='ltr' id='par_1_95' title="bbox 448 4919 2028 4994">
     <span class='ocr_line' id='line_1_95' title="bbox 448 4919 2028 4994; baseline 0.001 -20"><span class='ocrx_word' id='word_1_678' title='bbox 448 4919 725 4991; x_wconf 87' lang='lat' dir='ltr'><strong>Tanquam</strong></span> <span class='ocrx_word' id='word_1_679' title='bbox 750 4939 855 4977; x_wconf 88' lang='lat' dir='ltr'><strong>non</strong></span> <span class='ocrx_word' id='word_1_680' title='bbox 886 4923 958 4977; x_wconf 91' lang='lat' dir='ltr'><strong>sit</strong></span> <span class='ocrx_word' id='word_1_681' title='bbox 981 4933 1284 4994; x_wconf 89' lang='lat' dir='ltr'><strong>peccatum,</strong></span> <span class='ocrx_word' id='word_1_682' title='bbox 1317 4924 1442 4993; x_wconf 90' lang='lat' dir='ltr'><strong>quia</strong></span> <span class='ocrx_word' id='word_1_683' title='bbox 1470 4925 1588 4979; x_wconf 89' lang='lat' dir='ltr'><strong>sine</strong></span> <span class='ocrx_word' id='word_1_684' title='bbox 1613 4923 2028 4983; x_wconf 83' lang='lat' dir='ltr'><strong>consecratione</strong></span> 
     </span>
    </p>
   </div>
   <div class='ocr_carea' id='block_1_96' title="bbox 448 5010 2024 5070">
    <p class='ocr_par' dir='ltr' id='par_1_96' title="bbox 448 5010 2024 5070">
     <span class='ocr_line' id='line_1_96' title="bbox 448 5010 2024 5070; baseline 0.001 -6"><span class='ocrx_word' id='word_1_685' title='bbox 448 5010 512 5067; x_wconf 84' lang='lat' dir='ltr'><strong>fit</strong></span> <span class='ocrx_word' id='word_1_686' title='bbox 570 5011 676 5066; x_wconf 91' lang='lat' dir='ltr'><strong>tale</strong></span> <span class='ocrx_word' id='word_1_687' title='bbox 732 5013 1155 5070; x_wconf 88' lang='lat' dir='ltr'><strong>commercium?</strong></span> <span class='ocrx_word' id='word_1_688' title='bbox 1222 5014 1326 5068; x_wconf 89' lang='lat' dir='ltr'><strong>Sed</strong></span> <span class='ocrx_word' id='word_1_689' title='bbox 1376 5013 1579 5069; x_wconf 85' lang='lat' dir='ltr'><strong>idcirco</strong></span> <span class='ocrx_word' id='word_1_690' title='bbox 1633 5011 1866 5068; x_wconf 89' lang='lat' dir='ltr'><strong>fortasse</strong></span> <span class='ocrx_word' id='word_1_691' title='bbox 1916 5027 2024 5067; x_wconf 91' lang='lat' dir='ltr'><strong>non</strong></span> 
     </span>
    </p>
   </div>
   <div class='ocr_carea' id='block_1_97' title="bbox 450 5103 2026 5175">
    <p class='ocr_par' dir='ltr' id='par_1_97' title="bbox 450 5103 2026 5175">
     <span class='ocr_line' id='line_1_97' title="bbox 450 5103 2026 5175; baseline 0 -18"><span class='ocrx_word' id='word_1_692' title='bbox 450 5104 630 5170; x_wconf 82' lang='lat' dir='ltr'><strong>times,</strong></span> <span class='ocrx_word' id='word_1_693' title='bbox 661 5103 786 5174; x_wconf 87' lang='lat' dir='ltr'><strong>quia</strong></span> <span class='ocrx_word' id='word_1_694' title='bbox 824 5104 909 5158; x_wconf 82' lang='lat' dir='ltr'><strong>lex</strong></span> <span class='ocrx_word' id='word_1_695' title='bbox 948 5104 1036 5159; x_wconf 89' lang='lat' dir='ltr'><strong>illa</strong></span> <span class='ocrx_word' id='word_1_696' title='bbox 1067 5113 1220 5160; x_wconf 87' lang='lat' dir='ltr'><strong>vetus</strong></span> <span class='ocrx_word' id='word_1_697' title='bbox 1256 5104 1506 5173; x_wconf 86' lang='lat' dir='ltr'><strong>prohibet</strong></span> <span class='ocrx_word' id='word_1_698' title='bbox 1535 5104 1752 5175; x_wconf 88' lang='lat' dir='ltr'><strong>quidem</strong></span> <span class='ocrx_word' id='word_1_699' title='bbox 1788 5103 2026 5174; x_wconf 90' lang='lat' dir='ltr'><strong>culpam,</strong></span> 
     </span>
    </p>
   </div>
   <div class='ocr_carea' id='block_1_98' title="bbox 450 5195 2029 5270">
    <p class='ocr_par' dir='ltr' id='par_1_98' title="bbox 450 5195 2029 5270">
     <span class='ocr_line' id='line_1_98' title="bbox 450 5195 2029 5270; baseline -0.002 -19"><span class='ocrx_word' id='word_1_700' title='bbox 450 5197 544 5251; x_wconf 89' lang='lat' dir='ltr'><strong>sed</strong></span> <span class='ocrx_word' id='word_1_701' title='bbox 581 5213 686 5250; x_wconf 92' lang='lat' dir='ltr'><strong>non</strong></span> <span class='ocrx_word' id='word_1_702' title='bbox 703 5197 919 5270; x_wconf 40' lang='lat' dir='ltr'><strong>‘irrogat</strong></span> <span class='ocrx_word' id='word_1_703' title='bbox 955 5211 1192 5268; x_wconf 78' lang='lat' dir='ltr'><strong>pariam.</strong></span> <span class='ocrx_word' id='word_1_704' title='bbox 1238 5197 1437 5266; x_wconf 86' lang='lat' dir='ltr'><strong>Accipe</strong></span> <span class='ocrx_word' id='word_1_705' title='bbox 1483 5197 1665 5268; x_wconf 83' lang='lat' dir='ltr'><strong>igitur,</strong></span> <span class='ocrx_word' id='word_1_706' title='bbox 1691 5195 1820 5265; x_wconf 89' lang='lat' dir='ltr'><strong>quid</strong></span> <span class='ocrx_word' id='word_1_707' title='bbox 1867 5210 2029 5266; x_wconf 88' lang='lat' dir='ltr'><strong>super</strong></span> 
     </span>
    </p>
   </div>
   <div class='ocr_carea' id='block_1_99' title="bbox 452 5284 2032 5357">
    <p class='ocr_par' dir='ltr' id='par_1_99' title="bbox 452 5284 2032 5357">
     <span class='ocr_line' id='line_1_99' title="bbox 452 5284 2032 5357; baseline -0.003 -17"><span class='ocrx_word' id='word_1_708' title='bbox 452 5285 554 5349; x_wconf 82' lang='lat' dir='ltr'><strong>hoc</strong></span> <span class='ocrx_word' id='word_1_709' title='bbox 591 5285 846 5344; x_wconf 82' lang='lat' dir='ltr'><strong>Romana</strong></span> <span class='ocrx_word' id='word_1_710' title='bbox 877 5285 1072 5357; x_wconf 79' lang='lat' dir='ltr'><strong>prasul</strong></span> <span class='ocrx_word' id='word_1_711' title='bbox 1120 5287 1376 5341; x_wconf 86' lang='lat' dir='ltr'><strong>Ecclesia</strong></span> <span class='ocrx_word' id='word_1_712' title='bbox 1422 5286 1732 5343; x_wconf 89' lang='lat' dir='ltr'><strong>Bonifacius</strong></span> <span class='ocrx_word' id='word_1_713' title='bbox 1760 5285 1812 5340; x_wconf 88' lang='lat' dir='ltr'><strong>in</strong></span> <span class='ocrx_word' id='word_1_714' title='bbox 1831 5284 2032 5341; x_wconf 58' lang='lat' dir='ltr'><strong>Dccrcq</strong></span> 
     </span>
    </p>
   </div>
   <div class='ocr_carea' id='block_1_100' title="bbox 452 5376 2026 5453">
    <p class='ocr_par' dir='ltr' id='par_1_100' title="bbox 452 5376 2026 5453">
     <span class='ocr_line' id='line_1_100' title="bbox 452 5376 2026 5453; baseline -0.002 -21"><span class='ocrx_word' id='word_1_715' title='bbox 452 5377 542 5432; x_wconf 83' lang='lat' dir='ltr'><strong>tali</strong></span> <span class='ocrx_word' id='word_1_716' title='bbox 572 5378 769 5433; x_wconf 86' lang='lat' dir='ltr'><strong>scribat</strong></span> <span class='ocrx_word' id='word_1_717' title='bbox 801 5378 1025 5453; x_wconf 88' lang='lat' dir='ltr'><strong>cpistola</strong></span> <span class='ocrx_word' id='word_1_718' title='bbox 1055 5395 1069 5433; x_wconf 92' lang='lat'><strong>:</strong></span> <span class='ocrx_word' id='word_1_719' title='bbox 1099 5397 1117 5429; x_wconf 74' lang='grc' dir='ltr'>ι</span> <span class='ocrx_word' id='word_1_720' title='bbox 1144 5376 1309 5446; x_wconf 88' lang='lat' dir='ltr'><strong>Nulli,</strong></span> <span class='ocrx_word' id='word_1_721' title='bbox 1337 5377 1536 5447; x_wconf 86' lang='lat' dir='ltr'><strong>inquit,</strong></span> <span class='ocrx_word' id='word_1_722' title='bbox 1561 5377 1717 5433; x_wconf 89' lang='lat' dir='ltr'><strong>liceat</strong></span> <span class='ocrx_word' id='word_1_723' title='bbox 1751 5376 2026 5450; x_wconf 80' lang='lat' dir='ltr'><strong>ignorare,</strong></span> 
     </span>
    </p>
   </div>
   <div class='ocr_carea' id='block_1_101' title="bbox 450 5466 2030 5540">
    <p class='ocr_par' dir='ltr' id='par_1_101' title="bbox 450 5466 2030 5540">
     <span class='ocr_line' id='line_1_101' title="bbox 450 5466 2030 5540; baseline -0.001 -19"><span class='ocrx_word' id='word_1_724' title='bbox 450 5472 579 5538; x_wconf 88' lang='lat' dir='ltr'><strong>quia</strong></span> <span class='ocrx_word' id='word_1_725' title='bbox 625 5485 786 5524; x_wconf 88' lang='lat' dir='ltr'><strong>omne</strong></span> <span class='ocrx_word' id='word_1_726' title='bbox 829 5471 970 5540; x_wconf 90' lang='lat' dir='ltr'><strong>quod</strong></span> <span class='ocrx_word' id='word_1_727' title='bbox 1019 5469 1244 5525; x_wconf 86' lang='lat' dir='ltr'><strong>Domino</strong></span> <span class='ocrx_word' id='word_1_728' title='bbox 1287 5478 1655 5534; x_wconf 89' lang='lat' dir='ltr'><strong>consecratur,</strong></span> <span class='ocrx_word' id='word_1_729' title='bbox 1711 5468 1828 5524; x_wconf 85' lang='lat' dir='ltr'><strong>sive</strong></span> <span class='ocrx_word' id='word_1_730' title='bbox 1865 5466 2030 5522; x_wconf 90' lang='lat' dir='ltr'><strong>fuerit</strong></span> 
     </span>
    </p>
   </div>
   <div class='ocr_carea' id='block_1_102' title="bbox 452 5557 2026 5632">
    <p class='ocr_par' dir='ltr' id='par_1_102' title="bbox 452 5557 2026 5632">
     <span class='ocr_line' id='line_1_102' title="bbox 452 5557 2026 5632; baseline 0 -18"><span class='ocrx_word' id='word_1_731' title='bbox 452 5560 635 5627; x_wconf 85' lang='lat' dir='ltr'><strong>homo,</strong></span> <span class='ocrx_word' id='word_1_732' title='bbox 666 5563 778 5617; x_wconf 85' lang='lat' dir='ltr'><strong>sive</strong></span> <span class='ocrx_word' id='word_1_733' title='bbox 823 5561 1044 5628; x_wconf 88' lang='lat' dir='ltr'><strong>animal,</strong></span> <span class='ocrx_word' id='word_1_734' title='bbox 1077 5561 1192 5621; x_wconf 88' lang='lat' dir='ltr'><strong>sive</strong></span> <span class='ocrx_word' id='word_1_735' title='bbox 1236 5574 1385 5632; x_wconf 89' lang='lat' dir='ltr'><strong>ager,</strong></span> <span class='ocrx_word' id='word_1_736' title='bbox 1425 5558 1510 5614; x_wconf 85' lang='lat' dir='ltr'><strong>vel</strong></span> <span class='ocrx_word' id='word_1_737' title='bbox 1562 5559 1822 5630; x_wconf 83' lang='lat' dir='ltr'><strong>quidquid</strong></span> <span class='ocrx_word' id='word_1_738' title='bbox 1859 5557 2026 5614; x_wconf 88' lang='lat' dir='ltr'><strong>semel</strong></span> 
     </span>
    </p>
   </div>
   <div class='ocr_carea' id='block_1_103' title="bbox 452 5649 2024 5718">
    <p class='ocr_par' dir='ltr' id='par_1_103' title="bbox 452 5649 2024 5718">
     <span class='ocr_line' id='line_1_103' title="bbox 452 5649 2024 5718; baseline -0.005 -8"><span class='ocrx_word' id='word_1_739' title='bbox 452 5656 617 5711; x_wconf 88' lang='lat' dir='ltr'><strong>fuerit</strong></span> <span class='ocrx_word' id='word_1_740' title='bbox 660 5661 1070 5718; x_wconf 87' lang='lat' dir='ltr'><strong>consecratum,</strong></span> <span class='ocrx_word' id='word_1_741' title='bbox 1119 5663 1365 5708; x_wconf 91' lang='lat' dir='ltr'><strong>sanctum</strong></span> <span class='ocrx_word' id='word_1_742' title='bbox 1410 5661 1720 5705; x_wconf 88' lang='lat' dir='ltr'><strong>sanctorum</strong></span> <span class='ocrx_word' id='word_1_743' title='bbox 1764 5649 1866 5704; x_wconf 88' lang='lat' dir='ltr'><strong>crit</strong></span> <span class='ocrx_word' id='word_1_744' title='bbox 1916 5649 2024 5703; x_wconf 79' lang='lat' dir='ltr'><strong>Do-</strong></span> 
     </span>
    </p>
   </div>
   <div class='ocr_carea' id='block_1_104' title="bbox 453 5736 2024 5820">
    <p class='ocr_par' dir='ltr' id='par_1_104' title="bbox 453 5736 2024 5820">
     <span class='ocr_line' id='line_1_104' title="bbox 453 5736 2024 5820; baseline -0.005 -17"><span class='ocrx_word' id='word_1_745' title='bbox 453 5752 621 5817; x_wconf 77' lang='lat' dir='ltr'><strong>niino,</strong></span> <span class='ocrx_word' id='word_1_746' title='bbox 650 5757 705 5804; x_wconf 90' lang='lat' dir='ltr'><strong>ct</strong></span> <span class='ocrx_word' id='word_1_747' title='bbox 729 5749 797 5803; x_wconf 88' lang='lat' dir='ltr'><strong>ad</strong></span> <span class='ocrx_word' id='word_1_748' title='bbox 815 5745 905 5816; x_wconf 87' lang='lat' dir='ltr'><strong>ius</strong></span> <span class='ocrx_word' id='word_1_749' title='bbox 925 5745 1156 5817; x_wconf 83' lang='lat' dir='ltr'><strong>pertinet</strong></span> <span class='ocrx_word' id='word_1_750' title='bbox 1174 5736 1536 5810; x_wconf 67' lang='lat' dir='ltr'><strong>sacerdotum.</strong></span> <span class='ocrx_word' id='word_1_751' title='bbox 1564 5761 1582 5794; x_wconf 73' lang='grc' dir='ltr'><strong><em>ι</em></strong></span> <span class='ocrx_word' id='word_1_752' title='bbox 1611 5739 1840 5818; x_wconf 81' lang='lat' dir='ltr'><strong>Propter</strong></span> <span class='ocrx_word' id='word_1_753' title='bbox 1859 5737 2024 5820; x_wconf 82' lang='lat' dir='ltr'><strong>quod.</strong></span> 
     </span>
    </p>
   </div>
   <div class='ocr_carea' id='block_1_105' title="bbox 2125 4625 3696 4717">
    <p class='ocr_par' dir='ltr' id='par_1_105' title="bbox 2125 4625 3696 4717">
     <span class='ocr_line' id='line_1_105' title="bbox 2125 4625 3696 4717; baseline -0.017 -14"><span class='ocrx_word' id='word_1_754' title='bbox 2125 4646 2411 4717; x_wconf 88' lang='lat' dir='ltr'><strong>episcopis,</strong></span> <span class='ocrx_word' id='word_1_755' title='bbox 2455 4643 2600 4699; x_wconf 85' lang='lat' dir='ltr'><strong>illico</strong></span> <span class='ocrx_word' id='word_1_756' title='bbox 2639 4639 2896 4703; x_wconf 90' lang='lat' dir='ltr'><strong>subdidit,</strong></span> <span class='ocrx_word' id='word_1_757' title='bbox 2932 4635 3170 4704; x_wconf 87' lang='lat' dir='ltr'><strong>regibus,</strong></span> <span class='ocrx_word' id='word_1_758' title='bbox 3221 4638 3277 4684; x_wconf 89' lang='lat' dir='ltr'><strong>et</strong></span> <span class='ocrx_word' id='word_1_759' title='bbox 3308 4625 3563 4717; x_wconf 80' lang='lat' dir='ltr'><strong>omnibus</strong></span> <span class='ocrx_word' id='word_1_760' title='bbox 3608 4639 3696 4717; x_wconf 19' lang='lat' dir='ltr'><strong>su;-</strong></span> 
     </span>
    </p>
   </div>
   <div class='ocr_carea' id='block_1_106' title="bbox 2125 4714 3708 4803">
    <p class='ocr_par' dir='ltr' id='par_1_106' title="bbox 2125 4714 3708 4803">
     <span class='ocr_line' id='line_1_106' title="bbox 2125 4714 3708 4803; baseline -0.015 -11"><span class='ocrx_word' id='word_1_761' title='bbox 2125 4714 2468 4793; x_wconf 85' lang='lat' dir='ltr'><strong>hlimioribus</strong></span> <span class='ocrx_word' id='word_1_762' title='bbox 2495 4730 2886 4803; x_wconf 88' lang='lat' dir='ltr'><strong>potestatibus;</strong></span> <span class='ocrx_word' id='word_1_763' title='bbox 2931 4734 2992 4781; x_wconf 89' lang='lat' dir='ltr'><strong>ut</strong></span> <span class='ocrx_word' id='word_1_764' title='bbox 3021 4739 3126 4778; x_wconf 92' lang='lat' dir='ltr'><strong>non</strong></span> <span class='ocrx_word' id='word_1_765' title='bbox 3176 4720 3336 4775; x_wconf 89' lang='lat' dir='ltr'><strong>modo</strong></span> <span class='ocrx_word' id='word_1_766' title='bbox 3362 4714 3598 4771; x_wconf 89' lang='lat' dir='ltr'><strong>cavenda</strong></span> <span class='ocrx_word' id='word_1_767' title='bbox 3636 4714 3708 4768; x_wconf 89' lang='lat' dir='ltr'><strong>sit</strong></span> 
     </span>
    </p>
   </div>
   <div class='ocr_carea' id='block_1_107' title="bbox 2128 4812 3708 4893">
    <p class='ocr_par' dir='ltr' id='par_1_107' title="bbox 2128 4812 3708 4893">
     <span class='ocr_line' id='line_1_107' title="bbox 2128 4812 3708 4893; baseline -0.017 -7"><span class='ocrx_word' id='word_1_768' title='bbox 2128 4829 2356 4893; x_wconf 80' lang='lat' dir='ltr'><strong>haeresis</strong></span> <span class='ocrx_word' id='word_1_769' title='bbox 2385 4827 2475 4882; x_wconf 88' lang='lat' dir='ltr'><strong>illa</strong></span> <span class='ocrx_word' id='word_1_770' title='bbox 2501 4825 2631 4882; x_wconf 88' lang='lat' dir='ltr'><strong>solis</strong></span> <span class='ocrx_word' id='word_1_771' title='bbox 2653 4824 2916 4879; x_wconf 83' lang='lat' dir='ltr'><strong>duntaxat</strong></span> <span class='ocrx_word' id='word_1_772' title='bbox 2943 4814 3232 4887; x_wconf 90' lang='lat' dir='ltr'><strong>episcopis,</strong></span> <span class='ocrx_word' id='word_1_773' title='bbox 3262 4812 3352 4880; x_wconf 93' lang='lat' dir='ltr'><strong>qui</strong></span> <span class='ocrx_word' id='word_1_774' title='bbox 3386 4821 3708 4865; x_wconf 62' lang='lat' dir='ltr'><strong>consecrant.</strong></span> 
     </span>
    </p>
   </div>
   <div class='ocr_carea' id='block_1_108' title="bbox 2127 4902 3704 4986">
    <p class='ocr_par' dir='ltr' id='par_1_108' title="bbox 2127 4902 3704 4986">
     <span class='ocr_line' id='line_1_108' title="bbox 2127 4902 3704 4986; baseline -0.018 -10"><span class='ocrx_word' id='word_1_775' title='bbox 2127 4922 2214 4976; x_wconf 89' lang='lat' dir='ltr'><strong>dis</strong></span> <span class='ocrx_word' id='word_1_776' title='bbox 2261 4933 2454 4974; x_wconf 90' lang='lat' dir='ltr'><strong>manus</strong></span> <span class='ocrx_word' id='word_1_777' title='bbox 2500 4918 2812 4986; x_wconf 84' lang='lat' dir='ltr'><strong>imponunt;</strong></span> <span class='ocrx_word' id='word_1_778' title='bbox 2862 4909 2955 4965; x_wconf 90' lang='lat' dir='ltr'><strong>sed</strong></span> <span class='ocrx_word' id='word_1_779' title='bbox 3002 4917 3058 4962; x_wconf 90' lang='lat' dir='ltr'><strong>et</strong></span> <span class='ocrx_word' id='word_1_780' title='bbox 3103 4902 3453 4960; x_wconf 90' lang='lat' dir='ltr'><strong>sacularibus</strong></span> <span class='ocrx_word' id='word_1_781' title='bbox 3489 4911 3704 4970; x_wconf 90' lang='lat' dir='ltr'><strong>quoque</strong></span> 
     </span>
    </p>
   </div>
   <div class='ocr_carea' id='block_1_109' title="bbox 2129 4992 3707 5084">
    <p class='ocr_par' dir='ltr' id='par_1_109' title="bbox 2129 4992 3707 5084">
     <span class='ocr_line' id='line_1_109' title="bbox 2129 4992 3707 5084; baseline -0.018 -17"><span class='ocrx_word' id='word_1_782' title='bbox 2129 5011 2485 5084; x_wconf 89' lang='lat' dir='ltr'><strong>principibus,</strong></span> <span class='ocrx_word' id='word_1_783' title='bbox 2522 5007 2614 5077; x_wconf 91' lang='lat' dir='ltr'><strong>qui</strong></span> <span class='ocrx_word' id='word_1_784' title='bbox 2667 5005 2793 5058; x_wconf 89' lang='lat' dir='ltr'><strong>licet</strong></span> <span class='ocrx_word' id='word_1_785' title='bbox 2837 5001 3057 5071; x_wconf 84' lang='lat' dir='ltr'><strong>injuste,</strong></span> <span class='ocrx_word' id='word_1_786' title='bbox 3105 4996 3286 5065; x_wconf 87' lang='lat' dir='ltr'><strong>aliquo</strong></span> <span class='ocrx_word' id='word_1_787' title='bbox 3327 4992 3486 5047; x_wconf 89' lang='lat' dir='ltr'><strong>modo</strong></span> <span class='ocrx_word' id='word_1_788' title='bbox 3528 5000 3707 5084; x_wconf 67' lang='lat' dir='ltr'><strong>tamen</strong></span> 
     </span>
    </p>
   </div>
   <div class='ocr_carea' id='block_1_110' title="bbox 2131 5078 3710 5169">
    <p class='ocr_par' dir='ltr' id='par_1_110' title="bbox 2131 5078 3710 5169">
     <span class='ocr_line' id='line_1_110' title="bbox 2131 5078 3710 5169; baseline -0.019 -9"><span class='ocrx_word' id='word_1_789' title='bbox 2131 5078 2406 5169; x_wconf 74' lang='lat' dir='ltr'><strong>Ecclesias</strong></span> <span class='ocrx_word' id='word_1_790' title='bbox 2436 5099 2633 5154; x_wconf 91' lang='lat' dir='ltr'><strong>futuris</strong></span> <span class='ocrx_word' id='word_1_791' title='bbox 2662 5093 2968 5152; x_wconf 87' lang='lat' dir='ltr'><strong>rectoribus</strong></span> <span class='ocrx_word' id='word_1_792' title='bbox 3011 5089 3253 5146; x_wconf 88' lang='lat' dir='ltr'><strong>tradunt.</strong></span> <span class='ocrx_word' id='word_1_793' title='bbox 3284 5085 3419 5141; x_wconf 82' lang='lat' dir='ltr'><strong>Nam</strong></span> <span class='ocrx_word' id='word_1_794' title='bbox 3454 5096 3576 5137; x_wconf 90' lang='lat' dir='ltr'><strong>cum</strong></span> <span class='ocrx_word' id='word_1_795' title='bbox 3613 5078 3710 5135; x_wconf 63' lang='lat' dir='ltr'><strong>alio</strong></span> 
     </span>
    </p>
   </div>
   <div class='ocr_carea' id='block_1_111' title="bbox 2129 5170 3708 5267">
    <p class='ocr_par' dir='ltr' id='par_1_111' title="bbox 2129 5170 3708 5267">
     <span class='ocr_line' id='line_1_111' title="bbox 2129 5170 3708 5267; baseline -0.018 -17"><span class='ocrx_word' id='word_1_796' title='bbox 2129 5195 2258 5267; x_wconf 90' lang='lat' dir='ltr'><strong>quid</strong></span> <span class='ocrx_word' id='word_1_797' title='bbox 2288 5194 2390 5248; x_wconf 88' lang='lat' dir='ltr'><strong>sub</strong></span> <span class='ocrx_word' id='word_1_798' title='bbox 2425 5188 2717 5248; x_wconf 88' lang='lat' dir='ltr'><strong>venalitate</strong></span> <span class='ocrx_word' id='word_1_799' title='bbox 2753 5185 3070 5255; x_wconf 87' lang='lat' dir='ltr'><strong>suscipitur,</strong></span> <span class='ocrx_word' id='word_1_800' title='bbox 3092 5190 3147 5236; x_wconf 91' lang='lat' dir='ltr'><strong>et</strong></span> <span class='ocrx_word' id='word_1_801' title='bbox 3171 5180 3301 5237; x_wconf 72' lang='lat' dir='ltr'><strong>illud</strong></span> <span class='ocrx_word' id='word_1_802' title='bbox 3328 5172 3512 5267; x_wconf 63' lang='lat' dir='ltr'><strong>procpl</strong></span> <span class='ocrx_word' id='word_1_803' title='bbox 3543 5170 3708 5267; x_wconf 80' lang='lat' dir='ltr'><strong>dubio</strong></span> 
     </span>
    </p>
   </div>
   <div class='ocr_carea' id='block_1_112' title="bbox 2131 5261 3711 5352">
    <p class='ocr_par' dir='ltr' id='par_1_112' title="bbox 2131 5261 3711 5352">
     <span class='ocr_line' id='line_1_112' title="bbox 2131 5261 3711 5352; baseline -0.015 -13"><span class='ocrx_word' id='word_1_804' title='bbox 2131 5261 2500 5352; x_wconf 73' lang='lat' dir='ltr'><strong>comparatur,</strong></span> <span class='ocrx_word' id='word_1_805' title='bbox 2555 5278 2698 5348; x_wconf 87' lang='lat' dir='ltr'><strong>quod</strong></span> <span class='ocrx_word' id='word_1_806' title='bbox 2739 5291 2806 5330; x_wconf 79' lang='lat' dir='ltr'><strong>ex</strong></span> <span class='ocrx_word' id='word_1_807' title='bbox 2849 5273 3172 5330; x_wconf 88' lang='lat' dir='ltr'><strong>necessitate</strong></span> <span class='ocrx_word' id='word_1_808' title='bbox 3218 5263 3585 5332; x_wconf 87' lang='lat' dir='ltr'><strong>subsequitur.</strong></span> <span class='ocrx_word' id='word_1_809' title='bbox 3628 5261 3711 5316; x_wconf 84' lang='lat' dir='ltr'><strong>Ad</strong></span> 
     </span>
    </p>
   </div>
   <div class='ocr_carea' id='block_1_113' title="bbox 2133 5352 3712 5442">
    <p class='ocr_par' dir='ltr' id='par_1_113' title="bbox 2133 5352 3712 5442">
     <span class='ocr_line' id='line_1_113' title="bbox 2133 5352 3712 5442; baseline -0.017 -11"><span class='ocrx_word' id='word_1_810' title='bbox 2133 5376 2238 5431; x_wconf 86' lang='lat' dir='ltr'><strong>hoc</strong></span> <span class='ocrx_word' id='word_1_811' title='bbox 2281 5373 2426 5429; x_wconf 89' lang='lat' dir='ltr'><strong>enim</strong></span> <span class='ocrx_word' id='word_1_812' title='bbox 2467 5368 2758 5442; x_wconf 88' lang='lat' dir='ltr'><strong>pastoralis</strong></span> <span class='ocrx_word' id='word_1_813' title='bbox 2805 5366 3045 5422; x_wconf 83' lang='lat' dir='ltr'><strong>Ecclesia</strong></span> <span class='ocrx_word' id='word_1_814' title='bbox 3087 5361 3282 5430; x_wconf 89' lang='lat' dir='ltr'><strong>cuique</strong></span> <span class='ocrx_word' id='word_1_815' title='bbox 3330 5352 3712 5412; x_wconf 86' lang='lat' dir='ltr'><strong>committitur,</strong></span> 
     </span>
    </p>
   </div>
   <div class='ocr_carea' id='block_1_114' title="bbox 2134 5444 3714 5534">
    <p class='ocr_par' dir='ltr' id='par_1_114' title="bbox 2134 5444 3714 5534">
     <span class='ocr_line' id='line_1_114' title="bbox 2134 5444 3714 5534; baseline -0.018 -9"><span class='ocrx_word' id='word_1_816' title='bbox 2134 5477 2194 5525; x_wconf 91' lang='lat' dir='ltr'><strong>ut</strong></span> <span class='ocrx_word' id='word_1_817' title='bbox 2231 5466 2300 5521; x_wconf 88' lang='lat' dir='ltr'><strong>ad</strong></span> <span class='ocrx_word' id='word_1_818' title='bbox 2338 5463 2456 5534; x_wconf 91' lang='lat' dir='ltr'><strong>eius</strong></span> <span class='ocrx_word' id='word_1_819' title='bbox 2504 5462 2744 5533; x_wconf 87' lang='lat' dir='ltr'><strong>regimen</strong></span> <span class='ocrx_word' id='word_1_820' title='bbox 2789 5456 3140 5514; x_wconf 85' lang='lat' dir='ltr'><strong>obtinendum</strong></span> <span class='ocrx_word' id='word_1_821' title='bbox 3184 5448 3591 5506; x_wconf 87' lang='lat' dir='ltr'><strong>consecratione</strong></span> <span class='ocrx_word' id='word_1_822' title='bbox 3622 5444 3714 5500; x_wconf 53' lang='lat' dir='ltr'><strong>llr»</strong></span> 
     </span>
    </p>
   </div>
   <div class='ocr_carea' id='block_1_115' title="bbox 2133 5540 3713 5625">
    <p class='ocr_par' dir='ltr' id='par_1_115' title="bbox 2133 5540 3713 5625">
     <span class='ocr_line' id='line_1_115' title="bbox 2133 5540 3713 5625; baseline -0.018 -10"><span class='ocrx_word' id='word_1_823' title='bbox 2133 5571 2340 5625; x_wconf 88' lang='lat' dir='ltr'><strong>mctur;</strong></span> <span class='ocrx_word' id='word_1_824' title='bbox 2378 5565 2434 5614; x_wconf 92' lang='lat' dir='ltr'><strong>et</strong></span> <span class='ocrx_word' id='word_1_825' title='bbox 2471 5556 2538 5610; x_wconf 91' lang='lat' dir='ltr'><strong>ad</strong></span> <span class='ocrx_word' id='word_1_826' title='bbox 2586 5556 2688 5610; x_wconf 90' lang='lat' dir='ltr'><strong>hoc</strong></span> <span class='ocrx_word' id='word_1_827' title='bbox 2717 5553 2835 5608; x_wconf 87' lang='lat' dir='ltr'><strong>sine</strong></span> <span class='ocrx_word' id='word_1_828' title='bbox 2864 5549 3026 5605; x_wconf 86' lang='lat' dir='ltr'><strong>dubio</strong></span> <span class='ocrx_word' id='word_1_829' title='bbox 3057 5544 3265 5601; x_wconf 88' lang='lat' dir='ltr'><strong>collata</strong></span> <span class='ocrx_word' id='word_1_830' title='bbox 3295 5540 3537 5613; x_wconf 88' lang='lat' dir='ltr'><strong>pecunia</strong></span> <span class='ocrx_word' id='word_1_831' title='bbox 3565 5553 3713 5593; x_wconf 79' lang='lat' dir='ltr'><strong>com-</strong></span> 
     </span>
    </p>
   </div>
   <div class='ocr_carea' id='block_1_116' title="bbox 2133 5628 3712 5715">
    <p class='ocr_par' dir='ltr' id='par_1_116' title="bbox 2133 5628 3712 5715">
     <span class='ocr_line' id='line_1_116' title="bbox 2133 5628 3712 5715; baseline -0.018 -10"><span class='ocrx_word' id='word_1_832' title='bbox 2133 5631 2396 5705; x_wconf 84' lang='lat' dir='ltr'><strong>mercium</strong></span> <span class='ocrx_word' id='word_1_833' title='bbox 2423 5652 2651 5715; x_wconf 90' lang='lat' dir='ltr'><strong>spectat,</strong></span> <span class='ocrx_word' id='word_1_834' title='bbox 2681 5641 2749 5695; x_wconf 90' lang='lat' dir='ltr'><strong>ad</strong></span> <span class='ocrx_word' id='word_1_835' title='bbox 2788 5639 2932 5710; x_wconf 86' lang='lat' dir='ltr'><strong>quod</strong></span> <span class='ocrx_word' id='word_1_836' title='bbox 2975 5637 3018 5691; x_wconf 90' lang='lat' dir='ltr'><strong>is</strong></span> <span class='ocrx_word' id='word_1_837' title='bbox 3058 5635 3148 5705; x_wconf 93' lang='lat' dir='ltr'><strong>qui</strong></span> <span class='ocrx_word' id='word_1_838' title='bbox 3179 5641 3263 5689; x_wconf 91' lang='lat' dir='ltr'><strong>est</strong></span> <span class='ocrx_word' id='word_1_839' title='bbox 3291 5628 3712 5702; x_wconf 87' lang='lat' dir='ltr'><strong>promovendus,</strong></span> 
     </span>
    </p>
   </div>
   <div class='ocr_carea' id='block_1_117' title="bbox 2134 5715 3711 5817">
    <p class='ocr_par' dir='ltr' id='par_1_117' title="bbox 2134 5715 3711 5817">
     <span class='ocr_line' id='line_1_117' title="bbox 2134 5715 3711 5817; baseline -0.018 -21"><span class='ocrx_word' id='word_1_840' title='bbox 2134 5737 2356 5817; x_wconf 76' lang='lat' dir='ltr'><strong>aspir-at.</strong></span> <span class='ocrx_word' id='word_1_841' title='bbox 2386 5733 2524 5790; x_wconf 84' lang='lat' dir='ltr'><strong>Hinc</strong></span> <span class='ocrx_word' id='word_1_842' title='bbox 2565 5741 2649 5787; x_wconf 89' lang='lat' dir='ltr'><strong>cst</strong></span> <span class='ocrx_word' id='word_1_843' title='bbox 2685 5729 2867 5804; x_wconf 89' lang='lat' dir='ltr'><strong>plane,</strong></span> <span class='ocrx_word' id='word_1_844' title='bbox 2895 5725 3039 5799; x_wconf 90' lang='lat' dir='ltr'><strong>quod</strong></span> <span class='ocrx_word' id='word_1_845' title='bbox 3068 5740 3178 5782; x_wconf 88' lang='lat' dir='ltr'><strong>non</strong></span> <span class='ocrx_word' id='word_1_846' title='bbox 3201 5723 3376 5780; x_wconf 87' lang='lat' dir='ltr'><strong>solum</strong></span> <span class='ocrx_word' id='word_1_847' title='bbox 3405 5719 3497 5789; x_wconf 86' lang='lat' dir='ltr'><strong>qui</strong></span> <span class='ocrx_word' id='word_1_848' title='bbox 3539 5715 3711 5792; x_wconf 75' lang='lat' dir='ltr'><strong>maio-</strong></span> 
     </span>
    </p>
   </div>
  </div>
