4140 6458
363 305 468 363 225

1546 302 1749 360 LIBER
1789 303 2066 368 PRIMUS,
2105 303 2322 360 EPIST.
2381 301 2501 364 XV.

3509 314 3619 373 226

363 431 518 474 scere
545 421 808 487 cmperat,
839 414 891 468 in
918 413 1152 484 antiquae
1178 413 1480 470 dilectionis
1505 425 1702 472 vestrae
1727 414 1942 474 deside-
1969 430 2017 487 Λ
2050 415 2228 484 itaque
2273 415 2502 472 vallatus
2547 417 2812 488 angustiis
2850 420 3016 488 uitor,
3069 438 3301 494 moxque
3337 427 3614 500 collabor;

366 512 502 566 rium
549 508 862 564 recaleseat.

898 613 1230 671 EPISTULA
1283 614 1398 670 XV.

975 723 1044 764 AD
1091 723 1330 764 EUIDEI.

363 802 757 858 Anconem-run.
786 830 858 840 -—
893 799 1202 868 Respondet
1243 798 1484 868 pontiﬁci
1533 799 1801 866 maxime,
1847 800 1939 868 qui

432 887 559 927 eum
590 879 872 941 rogaverat
917 884 1014 940 per
1049 869 1280 936 litteras,
1303 885 1376 941 ne
1403 878 1554 924 tanto
1595 871 1938 941 contempla-

429 942 596 998 tionis
636 939 814 996 studio
855 949 1150 1004 teneretur,
1190 949 1250 993 ut
1279 940 1345 996 ad
1393 954 1452 994 se
1499 940 1742 994 scribere
1793 939 1937 994 obli-

431 1013 765 1076 visceretur;
822 1010 915 1065 sed
961 1009 1095 1064 adeo
1149 1010 1296 1064 curis
1330 1017 1386 1063 et
1414 1010 1645 1079 negotiis
1697 1007 1938 1078 profanis

430 1081 698 1151 impediri,
733 1089 792 1134 ut
834 1079 1230 1149 contemplandi
1275 1088 1485 1151 tempus
1531 1095 1637 1133 non
1689 1081 1933 1134 haheat:

429 1162 690 1222 praeterea
717 1165 788 1222 se
810 1165 914 1204 non
939 1164 1101 1219 posse
1129 1150 1425 1222 tranquillo
1445 1160 1519 1222 _et
1537 1164 1733 1222 securo
1753 1152 1936 1222 animo

431 1219 598 1277 rebus
625 1221 824 1276 divinis
849 1235 1072 1289 operam
1108 1220 1240 1275 dare
1269 1222 1322 1275 in
1351 1221 1417 1274 iis
1444 1219 1601 1284 locis,
1645 1221 1734 1275 ubi
1765 1220 1935 1275 latro-

430 1291 613 1354 ciniis,
645 1291 847 1360 rapinis
877 1288 932 1360 et
958 1288 1350 1360 direptionibus
1375 1289 1556 1344 omnia
1588 1291 1780 1345 inf‘esta
1803 1290 1931 1346 sint.

432 1360 546 1416 Hac
570 1359 854 1415 occasione
883 1359 1183 1429 digreditur
1204 1361 1274 1414 ad
1301 1360 1692 1429 dinumeranda
1721 1361 1931 1416 scelera

425 1441 482 1486 et
531 1430 757 1500 ﬂagitia,
787 1444 906 1500 quae
933 1428 1001 1500 ab
1042 1431 1348 1484 hominibus
1396 1428 1538 1484 iliius
1589 1433 1929 1500 tempestatis

430 1499 645 1556 assidue
695 1499 1188 1556 committebantur.
1241 1500 1409 1554 Erant
1444 1514 1575 1555 sane
1616 1499 1930 1556 calamitosa

425 1588 487 1627 ea
525 1581 789 1639 tempora,
822 1569 1016 1639 quibus
1057 1571 1225 1624 armis
1255 1580 1311 1624 et
1348 1571 1588 1625 audacim
1629 1572 1810 1625 omnia
1864 1571 1928 1626 li-

427 1643 654 1704 cebant;
702 1640 907 1708 legibus
939 1654 1072 1694 vero
1111 1639 1311 1702 nullus,
1363 1648 1454 1693 aut
1508 1641 1735 1709 exiguus
1780 1640 1930 1696 iocus

425 1719 562 1766 erat.
605 1709 729 1764 Hrec
759 1710 961 1765 idcirco
1001 1718 1248 1764 recenset
1275 1710 1335 1763 Β.
1374 1709 1564 1764 Petrus
1612 1711 1926 1774 Damianus,

2037 514 2213 570 tento,
2247 507 2340 561 sed
2372 516 2574 577 praesto
2618 509 2847 576 deficio;
2899 515 3366 586 contemplationis
3405 537 3616 576 summa

2043 611 2144 650 non
2164 606 2412 665 penetro,
2429 598 2483 653 in
2507 602 2934 669 compunctionis
2955 604 3223 676 lacrymas
3246 624 3348 663 non
3370 624 3618 682 erumpe.

2041 685 2191 742 Mens
2219 687 2362 742 enim
2393 689 2621 744 terrenis
2650 691 3004 748 obtenebrata
3037 698 3290 768 negotiis,
3329 699 3530 756 frustra
3557 719 3618 762 se

2043 779 2095 834 in
2133 780 2600 850 contemplationis
2653 783 2866 839 culmen
2915 787 3160 843 attollere
3206 790 3434 858 nititur,
3487 794 3614 849 dum

2039 869 2310 923 actionum
2326 870 2669 928 muluium
2689 875 2908 940 inerito,
2922 879 3077 946 quasi
3095 882 3362 950 congestis
3379 883 3614 952 lapidum

2039 961 2323 1016 ruderibus
2345 974 2688 1032 aggravetur.
2721 967 2873 1021 Sicut
2905 971 3048 1024 enim
3091 970 3238 1027 aluta
3261 975 3427 1031 calcei
3447 989 3611 1048 posta

2037 1062 2199 1118 quam
2227 1064 2326 1120 per
2373 1051 2561 1106 limosa
2594 1053 2689 1108 luti
2717 1052 2918 1110 fluenta
2953 1062 3254 1128 transierit,
3282 1079 3391 1120 non
3418 1067 3616 1122 admit-

2039 1136 2102 1191 tit
2125 1139 2368 1194 arvinam
2398 1158 2413 1195 :
2438 1141 2523 1196 sic
2554 1158 2704 1197 mens
2742 1146 2977 1202 humana
3018 1149 3120 1205 nisi
3150 1153 3217 1207 ab
3245 1153 3473 1210 lunnorc
3501 1158 3618 1213 fne-

2037 1228 2108 1282 rit
2132 1244 2276 1285 curae
2293 1231 2571 1287 surcularis
2593 1244 2775 1297 exuta,
2804 1252 2918 1290 non
2960 1240 3189 1311 percipit
3213 1258 3464 1312 supernae
3487 1242 3616 1316 piué

2029 1319 2279 1389 guediuis
2337 1322 2589 1392 gratiam.
2642 1322 2802 1379 Pcllis
2857 1328 2998 1382 enim
3047 1330 3192 1384 sicca
3239 1335 3614 1404 pinguedinem

2036 1413 2314 1478 combibit,
2351 1415 2656 1472 bumefacta
2685 1419 2916 1488 repellit.
2951 1421 3017 1475 Et
3047 1423 3341 1482 humanum
3379 1443 3495 1496 cor,
3523 1433 3618 1485 do-

2035 1515 2136 1558 nec
2168 1518 2422 1560 curarum
2449 1506 2789 1564 saecularium
2829 1513 3050 1568 madore
3083 1505 3360 1586 turgescit,
3391 1521 3619 1591 saginas

2035 1593 2262 1652 internae
2295 1598 2486 1668 gratia:
2509 1615 2618 1655 non
2655 1602 2914 1656 admittit.
2945 1604 3105 1659 Unde
3143 1617 3199 1662 et
3229 1609 3312 1663 lex
3345 1611 3400 1664 in
3433 1625 3618 1668 monte

2029 1682 2210 1740 Horeb
2238 1686 2360 1742 data
2389 1687 2585 1759 legitur
2608 1688 2805 1762 (Exod.
2827 1695 2944 1764 xx),
2974 1697 3116 1765 quod
3144 1698 3392 1755 videlicet
3408 1703 3618 1758 siccitas

427 1792 487 1836 ut
533 1780 776 1862 pontifex
810 1795 897 1862 ea,
944 1790 1106 1849 prout
1149 1791 1356 1850 tempus
1387 1780 1643 1862 locusque
1684 1781 1929 1862 pustula-
1958 1778 2002 1839 Β
2034 1777 2438 1849 interpretatur.
2463 1783 2555 1837 Illa
2601 1785 2831 1854 denique
2873 1803 3044 1853 mens,
3083 1805 3204 1859 qua:
3229 1807 3328 1862 per
3375 1809 3616 1852 antorem

426 1849 566 1915 rent,
602 1850 790 1905 tollere
840 1859 896 1904 et
947 1864 1198 1904 coercere
1255 1849 1565 1904 conaretur.
1616 1849 1762 1905 Inter
1814 1853 1930 1905 haec

428 1921 567 1974 mala
617 1936 721 1974 non
746 1919 1048 1992 mediocri,
1078 1919 1184 1984 ait,
1219 1934 1276 1974 se
1303 1919 1409 1992 23
1447 1919 1932 1992 voluptateperfn-

426 2007 577 2053 sum,
616 1990 757 2058 quod
785 1991 984 2044 certior
1013 1990 1189 2044 factus
1210 1990 1670 2045 esset’comitatus
1710 1990 1930 2045 Ostien-

424 2063 502 2116 sis
537 2075 722 2116 curam
761 2074 792 2114 a
840 2075 899 2115 se
941 2060 1250 2124 sublatam,
1302 2071 1358 2115 et
1410 2059 1500 2113 alii
1528 2061 1928 2120 ,demandatam

427 2147 576 2200 essc._
615 2130 788 2198 Rogat
823 2130 950 2200 quin
980 2130 1188 2200 etiam,
1234 2138 1294 2183 ut
1333 2129 1674 2200 episcopatus
1715 2145 1932 2200 quoque

429 2197 623 2254 onus“a
650 2197 720 2254 se
755 2197 1115 2255 removeatur.
1143 2198 1343 2253 Subdit
1366 2197 1658 2269 postremo
1705 2197 1933 2254 nonnul-

428 2270 505 2323 los
533 2269 862 2336 versiculos,
899 2271 990 2339 qui
1020 2269 1259 2339 pontiﬁci
1280 2269 1398 2325 loco
1424 2269 1630 2324 oraculi
1655 2279 1775 2325 esse
1805 2285 1929 2340 pos-

425 2351 570 2395 sunt.

425 2440 632 2495 Domno
656 2441 982 2496 Acarnane
1009 2452 1234 2495 summae
1258 2439 1404 2496 sedis
1429 2439 1682 2508 antistiti,
1714 2438 1930 2496 Partitis

353 2540 608 2599 peccator
631 2533 922 2585 monachus
954 2530 1293 2585 servitutem.
1863 2531 1866 2533 ’

424 2622 684 2677 Redditas
714 2622 844 2676 mihi
881 2622 1188 2676 sanctitatis
1231 2632 1426 2676 vestrae
1457 2621 1688 2685 litteras,
1707 2622 1929 2694 dyscoio

353 2712 586 2782 quodam
639 2709 916 2766 deferente
963 2712 1302 2781 presbytero,
1334 2710 1485 2767 hctus
1516 2713 1742 2779 arripui,
1776 2726 1930 2768 escu-

355 2803 494 2857 latus
521 2802 774 2871 expiicui,
813 2803 976 2857 celeri
1007 2802 1106 2856 sub
1133 2803 1392 2858 aviditate
1420 2803 1643 2874 perlegi.
1670 2804 1775 2861 Sed
1804 2821 1926 2860 cum

355 2902 561 2947 tantum
592 2893 928 2946 auctoritatis
964 2901 1156 2947 vestra:
1206 2893 1278 2948 sit
1315 2895 1547 2962 pondus,
1590 2903 1650 2948 nt
1677 2896 1809 2949 satis
1853 2897 1928 2951 sit

353 2985 516 3039 etiam
546 2985 590 3037 si
621 2985 721 3038 sub
753 2984 941 3052 paucis
985 2984 1232 3054 apicibus
1261 2983 1512 3051 cuiquam
1555 2995 1756 3039 vestras
1797 2999 1927 3042 sau-

351 3076 551 3131 ctionis
580 3077 846 3146 dirigatur
878 3075 1174 3141 indicnlus;
1207 3077 1314 3131 illic
1342 3086 1421 3132 tot
1454 3087 1580 3132 sunt
1606 3077 1928 3147 eloquentia:
1953 3126 2001 3150 η

2040 1866 2267 1933 spiritus
2311 1885 2343 1918 ει
2392 1872 2622 1928 terrenis
2679 1874 2730 1927 in
2780 1877 2886 1932 alta
2916 1881 3246 1947 sustollitur,
3303 1898 3459 1940 mons
3509 1897 3611 1950 est,

2041 1956 2092 2010 iu
2114 1971 2220 2024 quo
2241 1955 2322 2010 lex
2346 1955 2554 2012 Domini
2573 1961 2683 2032 24
2703 1967 3140 2033 wreprebensibd
3165 1985 3210 2028 s.
3236 1972 3411 2040 (Psal.
3432 1974 3611 2045 svnt),

2036 2062 2156 2115 quae
2188 2051 2559 2116 proculdubio
2597 2055 2837 2110 Charitas
2864 2070 2980 2124 est,
3012 2061 3270 2120 divinitus
3311 2068 3618 2139 promulga-

2039 2149 2146 2193 tur.
2186 2140 2254 2196 Et
2300 2143 2386 2197 hic
2412 2159 2568 2200 utens
2599 2148 2865 2202 veraciter
2907 2159 2991 2206 cst
3034 2151 3233 2220 lloreb,
3257 2157 3348 2226 qui
3395 2158 3617 2218 siccitas

2036 2227 2262 2293 dicitur;
2303 2230 2358 2286 in
2389 2246 2496 2301 quo
2530 2233 2779 2290 videlicet
2817 2239 3056 2296 omnium
3099 2242 3356 2300 vitiorum
3411 2247 3606 2302 humor

2033 2321 2374 2389 excoquitur,
2393 2333 2446 2378 et
2474 2325 2542 2378 ad
2561 2327 2739 2382 radios
2760 2327 2888 2383 solis
2907 2329 3132 2398 justitite
3152 2346 3406 2390 cunctum
3429 2337 3611 2394 libidi-

2037 2412 2120 2468 nis
2151 2423 2315 2484 atque
2352 2417 2588 2472 carnalis
2623 2419 2891 2477 illecebras
2940 2424 3160 2479 rbeuma
3183 2427 3439 2483 siccatur.
3477 2430 3614 2485 llinc

2034 2513 2118 2562 cst
2163 2507 2307 2576 quod
2336 2523 2462 2564 vasa
2511 2511 2694 2580 templi
2723 2512 2975 2583 argiilosa
3005 2525 3176 2581 terra,
3201 2531 3320 2587 quas
3361 2514 3616 2574 videlicet

2035 2608 2231 2663 aquam
2275 2595 2526 2653 sitienter
2571 2599 2800 2664 imbibit,
2833 2601 3017 2658 Hiram
3057 2605 3124 2660 ad
3173 2605 3480 2663 Salomonis
3521 2610 3617 2665 im-

2034 2684 2242 2752 perium
2266 2684 2558 2747 fabricavit
2585 2688 2704 2757 ιΙΙΙ
2732 2689 2857 2761 Reg.
2890 2700 3010 2763 vn}.
3039 2693 3116 2748 Ex
3137 2696 3332 2764 quibus
3358 2699 3613 2754 nimirum

2034 2775 2179 2836 vasis
2203 2785 2259 2830 et
2293 2777 2420 2838 illud
2473 2793 2576 2842 esr,
2609 2781 2752 2848 quod
2799 2782 2973 2838 imbre
3031 2785 3243 2841 caelesti
3277 2790 3618 2858 CODCIlpiStiI.

2035 2866 2270 2934 impleri,
2314 2883 2435 2922 cum
2469 2868 2600 2924 dicit
2631 2884 2644 2922 :
2679 2888 2696 2920 ι
2735 2871 2928 2927 Anima
2960 2874 3100 2928 sicut
3131 2884 3278 2930 terra
3321 2878 3441 2933 sine
3476 2895 3616 2948 aqua

2035 2959 2130 3013 tibi
2160 2958 2332 3030 (Psaf.
2349 2960 2544 3031 cun);
2570 2981 2585 3011 ι
2610 2973 2770 3032 atque.
2800 2964 3174 3025 idem-esttrans
3197 2969 3423 3024 clamat:
3445 2990 3463 3022 ι
3487 2972 3614 3026 Siti-

2035 3049 2112 3106 vit
2130 3050 2306 3104 anima
2323 3066 2443 3108 mea
2461 3052 2526 3106 ad
2555 3051 2718 3108 Deum
2735 3052 2934 3110 fonteni
2952 3055 3152 3121 vivum,
3168 3061 3383 3127 quando
3407 3061 3617 3115 veniam

355 3166 511 3222 ﬂores
533 3207 549 3232 ,
596 3176 671 3220 tot
689 3131 816 3221 quon
842 3169 1024 3222 dicam
1077 3168 1286 3231 herilis,
1332 3168 1427 3224 sed
1461 3131 1729 3238 patcrntej
1753 3170 1930 3238 potius
1953 3131 2003 3188 Ε
2034 3143 2382 3238 f"_"‘PP“""bP
2419 3150 2553 3238 an“?
2592 3141 2784 3238 “fiam
2823 3145 2962 3238 Diei?
2996 3166 3013 3196 ’
3048 3147 3227 3216 (Ρδαίο
3264 3150 3400 3222 ³¹⁴¹·)
3430 3150 3503 3204 δε
3534 3151 3620 3208 his

353 3260 541 3330 gratiae
569 3259 886 3325 suavitates,
915 3269 973 3313 ut
1012 3262 1153 3330 quod
1199 3259 1530 3328 pauperculo
1577 3259 1799 3313 missum
1841 3269 1933 3316 est

356 3352 599 3417 homini,
650 3353 812 3421 regiae
883 3351 1157 3406 sufficeret
1223 3352 1494 3422 dignitati.
1546 3353 1930 3410 Verumtamen

354 3444 458 3498 duo
481 3444 590 3498 illic
621 3444 822 3498 inserta
862 3444 1065 3512 reperi,
1089 3457 1210 3512 quae
1243 3459 1350 3508 me,
1377 3442 1574 3507 fateor,
1605 3443 1930 3498 erubescere

352 3535 744 3605 compulerunt.
797 3535 1020 3589 Dixis‘tis
1064 3536 1230 3600 enim,
1275 3536 1380 3590 etsi
1472 3549 1577 3589 non
1615 3535 1700 3589 his
1727 3534 1928 3599 ver-bis,

355 3629 476 3699 quia
505 3636 725 3698 propter
748 3626 1222 3696 contempla-tionis
1243 3626 1502 3692 studium,
1527 3625 1615 3682 cui
1641 3625 1932 3696 vigilanter

356 3715 590 3772 iubati-eo
613 3756 627 3781 ,
675 3733 780 3772 non
832 3717 1084 3771 deberem
1131 3729 1359 3785 prorsus
1388 3715 1640 3769 omit-tere
1677 3714 1807 3784 quin
1833 3729 1931 3770 vos

355 3808 639 3879 aliquando
689 3808 1077 3863 dictantinibus
1130 3806 1428 3862 visitarem.
1474 3806 1594 3874 "Ego
1661 3805 1929 3875 siquidem

354 3909 610 3971 quantum
656 3899 720 3952 ad
749 3908 820 3961 te,
851 3897 1176 3952 venerabilis
1222 3893 1412 3962 Pater,
1456 3897 1546 3966 qui
1577 3897 1647 3951 de
1677 3896 1934 3966 ponderis

355 3989 672 4061 episcopalis
712 3987 920 4056 abiectu
953 4003 1162 4042 mecum
1190 3987 1524 4042 unanimiter
1565 3986 1928 4051 concordasti,

355 4079 745 4150 contemplandi
773 4078 1018 4148 quidem,
1036 4087 1209 4146 atque
1235 4077 1473 4132 dictandi
1520 4075 1772 4147 perfruor
1793 4076 1929 4144 otio,

355 4172 447 4228 sed
489 4170 735 4227 molestis
790 4170 1221 4228 adventantium.
1253 4183 1652 4240 causarumque
1705 4170 1933 4241 negotiis

355 4262 728 4334 ingruentibus
763 4276 868 4315 non
921 4261 1146 4327 respiro.
1182 4259 1351 4315 Per-ro
1401 4269 1578 4314 autem
1615 4260 1743 4314 dum
1789 4260 1930 4315 intra

352 4353 558 4408 cellulae
592 4368 678 4407 me
705 4361 857 4420 septa
888 4351 1172 4416 concludo,
1199 4351 1346 4405 velut
1384 4351 1437 4406 in
1468 4360 1658 4422 portus
1676 4351 1825 4415 sinu,
1849 4351 1932 4407 vel

2037 3231 2201 3301 igitur
2242 3233 2388 3289 vasis
2431 3235 2592 3290 tertio
2624 3235 2830 3307 Regum
2859 3237 2997 3292 libro
3028 3241 3230 3296 dicitur
3268 3259 3283 3296 :
3322 3261 3338 3293 ι
3375 3243 3510 3309 Quia
3564 3245 3616 3298 in

2028 3323 2320 3391 campestri
2357 3324 2577 3399 regione
2603 3323 2855 3384 Iordanis
2893 3327 3030 3384 fudit
3056 3347 3123 3385 ex
3153 3347 3215 3386 ea
3250 3348 3340 3387 rex
3375 3335 3429 3389 in
3455 3337 3619 3406 argil-

2033 3409 2146 3466 losa
2173 3420 2315 3466 terra
2354 3413 2495 3470 inter
2525 3414 2752 3481 Socliot,
2783 3427 2838 3472 ct
2877 3417 3112 3474 Sartlian
3137 3421 3265 3475 -IIII
3293 3423 3417 3494 Reg.
3453 3426 3570 3496 vn).
3594 3447 3614 3478 ι

2033 3502 2238 3559 Sochot
2262 3506 2405 3560 enim
2435 3506 2776 3564 tabernacula
2810 3511 3072 3576 vertitur;
3113 3512 3349 3568 Sat-than
3373 3531 3503 3570 vero
3532 3517 3642 3572 in-‘

2035 3607 2363 3668 terpretatur
2389 3599 2661 3658 tribulatio
2690 3618 2892 3668 carent,
2921 3605 3036 3660 sive
3075 3603 3458 3662 demolitorum
3479 3648 3493 3673 ,
3524 3619 3620 3664 aut

2033 3690 2522 3760 coangustantium.
2555 3691 2693 3758 Quid
2743 3694 2927 3763 itaque
2961 3711 3066 3764 per
3097 3696 3330 3761 Sochot,
3362 3701 3505 3768 quod
3536 3701 3618 3754 in-

2034 3786 2321 3854 terpretari
2360 3785 2704 3842 tabernacula
2749 3788 3006 3854 diximus,
3061 3792 3164 3846 nisi
3215 3803 3438 3848 sanctos
3471 3796 3618 3850 viros

2032 3877 2359 3945 accepimus,
2403 3879 2496 3946 qui
2543 3877 2797 3935 videlicet
2843 3881 3076 3936 dicunt:
3120 3902 3142 3935 ι
3181 3883 3299 3938 Non
3346 3885 3617 3948 habemus

2035 3966 2122 4020 hic
2145 3977 2451 4022 manentem
2485 3968 2786 4033 civitatem,
2817 3974 2912 4026 sed
2936 3971 3179 4029 futuram
3208 3976 3608 4045 inquirimus?»

2032 4055 2221 4127 (Hebr.
2248 4061 2394 4120 xm.)
2428 4055 2578 4115 Unde
2600 4070 2654 4116 ει
2682 4061 2875 4118 Petrus
2895 4081 2915 4118 .'
2947 4083 2973 4115 -ι
3003 4064 3201 4121 Certus
3229 4083 3346 4122 sum
3371 4110 3386 4133 ,
3419 4071 3610 4138 inquit,

2033 4152 2176 4222 quod
2203 4152 2360 4207 velo-1
2385 4165 2470 4208 est
2507 4155 2780 4226 depositio
2833 4160 3164 4216 tabernaculi
3213 4163 3316 4218 mei
3347 4163 3434 4234 (II
3471 4165 3616 4219 Perr.

2032 4242 2094 4314 ι).
2129 4263 2150 4296 ι
2193 4244 2331 4312 Quid
2363 4260 2488 4300 vero
2534 4258 2629 4316 per
2660 4246 2916 4313 Sat-than,
2961 4266 3082 4320 quae
3113 4254 3395 4310 tribulatio
3424 4273 3618 4312 eorum

2033 4335 2250 4398 dicitur,
2279 4337 2384 4391 nisi
2417 4339 2772 4408 reproborum
2817 4343 3194 4399 tribulam-ium
3231 4363 3331 4403 nos
3359 4365 3614 4419 persecu-

353 4445 404 4500 in
435 4446 651 4499 littorea
677 4443 913 4498 statione
943 4444 1202 4498 consisto.
1233 4441 1338 4498 Sed
1361 4443 1488 4513 quid
1515 4442 1776 4512 prodest?
1797 4441 1931 4496 Nam
1966 4475 2014 4535 Β
2039 4427 2114 4482 ῑίο
2161 4427 2508 4498 designawr?
2538 4429 2576 4484 Ιί
2606 4431 2883 4535 {lim-imm.
2901 4443 2966 4488 ei
2991 4436 3336 4535 (ξιξῐξιοιὶιονθε
3364 4449 3417 4493 et
3446 4457 3612 4496 coan-

351 4536 476 4590 dum
507 4534 614 4588 illic
632 4533 746 4601 jam
790 4532 944 4602 quasi
992 4547 1218 4587 securus
1265 4532 1597 4601 quiescentis
1627 4531 1728 4585 otii
1764 4531 1932 4600 potiri

354 4625 740 4699 tranquiliitate
787 4624 1035 4679 desidero
1062 4663 1078 4690 ,
1126 4639 1253 4679 ecce
1297 4623 1567 4679 saevientis
1619 4625 1805 4678 inundi
1845 4639 1931 4682 me

351 4717 518 4774 ﬂabra
571 4717 907 4777 concutiunt,
958 4733 1242 4772 causarum
1298 4717 1675 4772 inundantium
1717 4719 1930 4774 ﬂuctus

352 4810 645 4864 ferventius
686 4809 1080 4872 intumescunt;
1131 4809 1293 4864 illatis
1323 4809 1644 4879 iujnriarm-n
1676 4809 1928 4878 procellis

354 4899 568 4964 illidor,
617 4898 850 4953 violenta
906 4899 1270 4967 pt'mdiorum,
1341 4900 1424 4954 vel
1479 4915 1928 4970 quorumcumque

353 4999 707 5060 proventuum
730 4990 1087 5046 diminutione
1109 4993 1414 5060 perturbor,
1438 4993 1626 5048 dicens
1655 5007 1778 5046 cum
1799 5008 1931 5063 Apro-

353 5084 557 5152 pheta:
601 5079 1028 5151 Exspectarimus
1075 5099 1292 5152 pacem,
1347 5093 1394 5138 et
1443 5100 1545 5137 non
1577 5095 1651 5138 est
1701 5083 1930 5150 bonum;

353 5185 549 5243 tentpus
575 5173 884 5238 curationis,
913 5181 959 5226 et
987 5187 1100 5226 ecce
1125 5172 1354 5226 turbatio
1389 5171 1524 5244 (lor.
1560 5175 1691 5244 xlv).
1719 5174 1927 5229 Interea

355 5279 457 5319 non
498 5262 716 5327 desunt,
746 5263 834 5330 qui
868 5263 934 5317 de
961 5263 1264 5316 animarum
1307 5278 1525 5334 quoque
1569 5278 1787 5318 suarum
1818 5265 1929 5318 exi-

353 5365 481 5427 gant
508 5355 682 5410 salute
704 5356 1022 5420 consilium;
1051 5364 1104 5409 et
1150 5355 1389 5425 insuper,
1435 5357 1579 5425 quod
1610 5358 1802 5412 durius
1824 5365 1929 5421 est,

353 5463 385 5503 a
408 5463 512 5502 non
544 5447 797 5518 pontifice
821 5446 1126 5515 pontificale
1153 5446 1402 5501 nituntur
1425 5455 1755 5518 extorquere
1779 5446 1928 5515 judi-

353 5541 518 5595 cium.
557 5539 622 5594 Et
648 5540 751 5593 hoc
791 5540 972 5605 modo,
993 5539 1084 5610 qui
1113 5539 1489 5610 episcopatum
1519 5541 1684 5612 fugio,
1722 5542 1930 5612 episco-

353 5645 480 5700 pum
505 5644 610 5684 non
635 5631 828 5694 evado,
845 5637 905 5684 et
929 5631 1028 5684 sub
1048 5628 1369 5685 sacerdotali
1394 5629 1595 5700 fatigor
1617 5646 1784 5685 onere
1801 5671 1815 5697 ,
1837 5631 1928 5701 qui

358 5721 683 5780 sacerdotali
733 5721 851 5778 solii
869 5719 1283 5778 detbreniaatus
1338 5737 1456 5778 sum
1501 5722 1780 5793 dignitate.
1834 5722 1932 5779 His

2039 4527 2316 4588 gestantes
2342 4529 2498 4583 sunt,
2541 4522 2669 4591 quia
2697 4522 2822 4575 dum
2851 4523 3099 4580 demoliri
3141 4539 3306 4598 atque
3335 4530 3619 4585 destruere

2037 4608 2157 4664 fidei
2189 4621 2388 4666 nostra
2415 4612 2499 4665 vel
2529 4612 2652 4667 boui
2689 4614 2876 4683 operis
2920 4616 3206 4672 aediﬁcium
3239 4628 3470 4683 tentant,
3520 4623 3618 4676 dus

2037 4703 2110 4756 ris
2165 4701 2489 4771 injuriarum
2543 4719 2609 4759 ac
2653 4719 3029 4774 presserat-um
3077 4725 3176 4765 nos
3215 4711 3621 4769 calamitatibus

2032 4802 2409 4863 coangustant.
2446 4793 2582 4850 Vasa
2609 4812 2737 4867 ergo
2770 4799 2970 4867 templi.
3007 4800 3056 4853 id
3086 4808 3192 4865 est,
3219 4817 3407 4858 omnes
3433 4803 3623 4870 electi,-

2031 4885 2329 4940 funduntur
2357 4888 2412 4940 in
2445 4890 2737 4958 campestri
2780 4891 2999 4960 regione
3026 4890 3298 4958 Iordanis,
3329 4895 3381 4950 id
3411 4908 3515 4964 est,
3557 4901 3615 4954 in

2032 4977 2340 5032 humilitate
2386 4979 2662 5048 baptismi,
2705 4981 2846 5035 inter
2895 4979 3099 5036 Socbot
3144 4992 3203 5039 et
3257 4984 3515 5054 Sarthan,
3551 4989 3614 5043 id

2023 5079 2136 5133 est,
2175 5070 2316 5124 inter
2345 5071 2516 5142 iustos
2559 5079 2723 5139 atque
2773 5085 3094 5140 perversos;
3146 5086 3206 5129 ut
3253 5085 3308 5132 et
3343 5079 3611 5133 bonorum

2035 5162 2206 5219 forma
2235 5173 2567 5233 proponatur
2607 5162 2709 5217 illis
2733 5164 2799 5217 ad
2827 5163 3144 5220 imitandum
3187 5177 3349 5223 recta:
3385 5183 3613 5223 conven-

2035 5260 2262 5316 sation'is
2289 5258 2625 5327 exemplum,
2657 5267 2712 5313 et
2759 5273 3049 5329 pravorum
3082 5261 3384 5330 persecutio
3414 5262 3480 5314 ad
3512 5278 3610 5315 cu-

2036 5351 2235 5404 mulum
2263 5349 2368 5404 illis
2395 5350 2648 5418 proficiat
2672 5351 3013 5404 meritorum.
3067 5371 3084 5403 c
3123 5350 3260 5406 Vasa
3296 5371 3315 5403 ι
3343 5353 3608 5422 siquidem

2038 5459 2060 5493 ε
2098 5441 2239 5512 figuli
2281 5441 2472 5511 probat
2517 5441 2731 5504 fornax,
2765 5454 2818 5495 et
2849 5442 3096 5496 homines
3145 5439 3322 5508 iustos
3378 5445 3616 5499 tenta-tio

2035 5533 2398 5588 tribulationis
2452 5531 2641 5603 (Eccli.
2697 5533 2887 5591 xxv”).
2941 5549 2959 5582 ι
3005 5529 3060 5582 In
3100 5529 3250 5583 arida
3297 5545 3429 5601 ergo
3469 5544 3614 5590 terra

2034 5626 2217 5696 templi
2270 5642 2398 5682 vasa
2435 5625 2753 5688 (eliduntur,
2801 5624 2926 5692 quia
2969 5637 3122 5677 mens
3154 5623 3390 5692 hominis
3415 5629 3480 5682 ad
3519 5646 3611 5681 su-

2034 5717 2368 5788 scipiendum
2421 5730 2666 5786 superna:
2708 5715 2895 5786 gratia:
2953 5729 3147 5770 munus
3196 5731 3301 5774 non
3347 5728 3431 5774 est
3481 5735 3610 5775 con-
