4140 6482
345 352 452 411 229
1512 353 1713 416 LIBER
1751 353 2035 433 ramus,
2075 357 2295 422 EPIST.
2337 357 2450 423 xv.
2585 419 2592 422 _
3513 367 3620 424 ese

349 477 402 528 in
424 471 606 524 divino
627 466 945 538 perhibemr
969 469 1203 540 eloquio,
1231 472 1373 528 unde
1396 482 1453 528 et
1483 475 1536 530 in
1565 475 1773 546 psalmo
1796 475 1934 537 dici-
1960 483 2011 543 Α
2038 477 2266 536 lentiora
2312 481 2593 537 domestici
2639 490 2928 552 apparatus
2987 480 3164 538 edulia
3209 483 3484 549 deserunt,
3529 484 3624 554 qui

348 575 476 617 tur:
510 583 528 612 ι
559 561 712 651 Sicut
733 560 937 629 aspidis
961 561 1139 616 surdae
1162 571 1220 651 et
1257 563 1567 620 obturantis
1593 581 1761 627 aures
1787 587 1939 638 suas,
2024 567 2178 650 juris
2216 572 2446 641 adiposi,
2489 582 2626 641 quas
2651 574 2906 642 opiparor
2947 574 3225 630 ultroneus
3253 575 3476 642 obtulit,
3531 555 3631 632 de:

348 672 468 725 qua:
497 649 612 708 non
650 652 871 708 exaudit
901 666 1060 708 voces
1112 649 1527 722 incantantium,
1573 666 1633 718 et
1662 662 1940 728 veneﬁcia,-

349 760 467 814 qua;
509 744 855 797 incantautur
905 757 935 798 a
981 743 1226 814 sapiente
1272 742 1448 816 (Psal.
1515 753 1669 825 ινιι),
1705 771 1724 807 ι
1761 753 1829 808 Ει
1875 752 1941 808 de

348 834 706 904 praedicatore
773 833 1098 887 intrinsecus
1171 834 1418 897 sauciato
1492 841 1621 898 alibi
1683 841 1936 914 legitur:

357 947 374 980 ι
405 927 538 994 Quis
566 925 869 981 medebitur
891 925 1219 987 incantatori
1247 947 1278 987 a
1306 942 1554 1002 serpente
1580 934 1885 1004 percusso?
1915 953 1935 987 ι

351 1016 545 1090 (Eccli.
577 1016 700 1087 ιιι.)
729 1015 795 1070 Ει
818 1015 872 1070 in
893 1015 1238 1078 PrtWerbiis:
1280 1041 1300 1075 ι
1338 1021 1492 1078 Sicut
1529 1033 1740 1079 acetum
1771 1025 1824 1079 in
1853 1025 1939 1080 ui-

351 1119 459 1173 tro,
514 1110 587 1163 ita
623 1109 716 1177 qui
773 1121 964 1169 cantat
997 1115 1239 1169 carmina
1285 1117 1434 1170 cordi
1465 1128 1722 1185 perverso
1753 1115 1938 1188 (Prov.

351 1203 507 1280 xxv).
537 1221 562 1260 ι
601 1200 758 1261 Sicut
784 1221 913 1277 ergo
937 1223 1034 1276 per
1058 1207 1368 1263 cantalenas
1397 1209 1570 1264 rabidi
1619 1208 1819 1266 furoris
1861 1209 1943 1263 vi-

356 1312 452 1371 rus
481 1299 740 1370 egeritur,
771 1298 844 1351 ita
872 1311 970 1367 per
1002 1298 1436 1352 exhortationem
1479 1299 1649 1354 sancti
1677 1298 1939 1369 praedica-

357 1393 494 1448 toris
520 1389 766 1460 concepti
797 1389 983 1444 livoris
1027 1389 1302 1444 iracundia
1336 1390 1632 1460 mitigatur.

428 1482 501 1540 Ut
525 1482 688 1554 igitur
707 1482 773 1536 ad
805 1496 890 1546 ea,
926 1496 1046 1551 quae
1067 1483 1234 1552 coepit
1261 1497 1459 1547 sermo,
1505 1490 1776 1548 recurrat,
1832 1480 1938 1547 his.

356 1583 414 1629 et
435 1571 738 1642 hujusmodi
767 1572 998 1626 mundus
1039 1569 1196 1626 furiis
1225 1570 1587 1626 inﬂammatus
1605 1612 1620 1636 ,
1648 1579 1703 1626 et
1723 1585 1942 1641 compu-

358 1666 648 1739 gnantibus
677 1664 912 1733 undique
939 1663 1198 1718 membris
1224 1653 1486 1718 alterutra
1536 1662 1941 1719 concertatione

358 1759 630 1823 divulsus,
665 1773 764 1812 nos
787 1756 975 1820 etiam,
1027 1764 1082 1810 et
1108 1755 1304 1825 quibus
1327 1754 1505 1811 libello
1537 1755 1745 1825 repudii
1777 1755 1941 1808 dona-

2040 659 2194 716 licias
2232 661 2668 732 parvipendunt?
2710 673 2766 718 et
2815 679 2913 734 per
2965 664 3333 721 horrescentia
3381 666 3623 732 dumeta,

2041 751 2416 821 montiumque
2452 760 2745 823 praerupta,
2778 753 2923 809 feras
2952 763 3194 824 agrestes
3232 756 3511 812 venabulis
3541 757 3624 811 in-

2040 852 2351 906 sectantur;
2399 843 2632 898 cellariis
2683 844 2997 915 deprompta
3051 844 3355 912 fastidiunt,
3397 854 3452 900 et
3491 861 3626 916 vaga

2043 947 2144 1002 per
2186 945 2367 988 aerem
2433 934 2614 989 missis
2673 935 3021 1004 accipitribus
3069 936 3449 1006 aucupantnr?
3490 936 3626 992 Dum

2040 1024 2332 1095 tranquilla
2363 1024 2682 1095 plerumque
2709 1026 2922 1081 valeant
2952 1041 3086 1096 pace
3116 1029 3418 1097 quiescere,
3439 1025 3630 1095 jucun-

2041 1117 2176 1173 dum
2196 1118 2454 1187 deputant
2504 1128 2560 1173 et
2608 1133 2881 1174 amoenum
2911 1121 3224 1190 equitandi,
3269 1120 3354 1176 vel
3389 1122 3628 1190 litigandi

2047 1208 2329 1264 laboribus
2420 1209 2688 1265 insudare.
2757 1210 3064 1267 Flaccidum
3125 1214 3372 1285 judicant
3431 1215 3632 1284 quietis

2039 1299 2228 1366 otium,
2272 1300 2464 1364 hebes,
2499 1300 2730 1370 ignobile
2766 1301 3004 1356 fatentur
3056 1312 3112 1358 et
3139 1303 3480 1359 dissolutum.
3537 1305 3634 1360 Sic

2039 1400 2096 1445 et
2134 1389 2359 1460 populus
2393 1389 2480 1444 ille
2509 1392 2724 1446 dicebat
2753 1406 2769 1446 :
2816 1410 2835 1444 ι
2863 1393 3057 1447 Anima
3108 1403 3293 1449 nostra
3323 1396 3474 1450 arida
3524 1404 3629 1452 est.
3675 1407 3690 1422 ··

2040 1478 2183 1534 Nihil
2207 1481 2348 1536 aliud
2371 1483 2671 1553 respiciunt
2691 1484 2833 1540 oculi
2859 1485 3031 1539 nostri
3055 1486 3154 1540 nisi
3176 1487 3628 1559 manna(lbid.).i

2041 1567 2185 1624 Alibi
2218 1585 2434 1641 quoque
2488 1584 2895 1631 murmurantes
2943 1577 3164 1631 dicunt:
3205 1596 3224 1629 ι
3254 1577 3417 1633 Deest
3457 1579 3632 1648 panis,

2042 1675 2148 1716 non
2178 1671 2305 1717 sunt
2327 1677 2498 1732 aquae.
2528 1664 2719 1720 Anima
2745 1677 2930 1722 nostra
2955 1678 3181 1724 nauseat
3205 1684 3366 1739 super
3383 1670 3506 1727 cibo
3529 1671 3637 1727 isto

2043 1751 2317 1808 levissimo
2344 1753 2536 1824 (Num.
2583 1755 2724 1827 χχι).
2757 1775 2776 1808 ι
2822 1757 3178 1814 Levissimum
3224 1761 3427 1831 quippe
3467 1760 3638 1830 depu-

359 1858 448 1905 tus
475 1858 578 1915 est,
599 1847 862 1912 concutit,
890 1854 945 1902 et
972 1861 1002 1900 a
1030 1845 1340 1902 dictaminis
1359 1845 1444 1901 vel
1466 1845 1671 1901 intimae
1704 1855 1944 1900 contem-
1973 1828 2020 1890 Β
2051 1851 2164 1897 tant
2203 1843 2403 1908 cibum,
2468 1845 2514 1900 si
2565 1847 2778 1915 pondus
2829 1857 2995 1919 atque
3056 1828 3337 1904 duritiam'
3358 1828 3640 1920 contingat

357 1939 612 2012 plationis
665 1937 859 1992 intuitu
910 1936 1110 1992 mentis
1177 1950 1404 1991 acumen
1464 1935 1739 1992 obtundit.
1792 1933 1944 1990 Adde

360 2030 502 2101 quod
540 2028 752 2085 etiamsi
798 2028 872 2084 sit
925 2027 1066 2083 forte
1101 2026 1192 2097 qui
1239 2025 1462 2092 scribat,
1495 2023 1766 2094 sicutjam
1807 2025 1942 2080 dixi-

361 2135 504 2186 mus,
552 2119 704 2174 deest
744 2118 968 2173 omnino
992 2117 1083 2186 qui
1120 2114 1454 2181 transferat;
1498 2115 1651 2170 deest
1668 2123 1943 2185 postremo

361 2213 453 2283 qui
489 2211 649 2267 celeri
679 2211 869 2266 saltem
904 2209 1137 2265 lectione
1175 2216 1480 2280 percurrat.

433 2305 720 2358 Enimvero
771 2318 893 2358 cum
945 2301 1250 2356 furentibus
1285 2300 1466 2355 ventis
1513 2307 1805 2369 tempestas
1849 2299 1944 2354 ob-

361 2397 554 2460 oritur,
586 2404 641 2450 et
676 2392 1036 2466 procellarum
1079 2391 1238 2447 turbo
1270 2390 1590 2461 ﬂuctivagus
1620 2390 1672 2444 in
1701 2389 1946 2445 cumulos

361 2490 631 2554 elevatur,
683 2497 810 2544 tunc
837 2502 987 2542 mare
1016 2487 1070 2541 in
1100 2487 1215 2556 ipsa
1255 2486 1338 2540 sui
1377 2484 1551 2555 pelagi
1581 2484 1946 2554 profunditate

361 2581 548 2636 mitius
575 2587 785 2644 aestuat,
807 2578 952 2632 circa
991 2577 1142 2631 littus
1170 2586 1348 2630 autem
1388 2583 1542 2630 tanto
1569 2589 1627 2628 se
1649 2573 1946 2630 ferventius

361 2671 538 2739 erigit,
570 2678 629 2722 ut
657 2682 822 2723 naves
843 2681 1079 2737 quoque,
1110 2665 1155 2722 si
1181 2665 1505 2736 appulerint,
1528 2663 1773 2736 frangat;
1806 2665 1947 2719 unde

363 2759 424 2814 ﬁt
449 2767 506 2813 ut
536 2759 766 2829 remiges
811 2766 941 2812 tunc
967 2756 1239 2811 littoribus
1265 2755 1382 2811 loca
1409 2756 1658 2826 contigua
1691 2764 1946 2824 tanquam

363 2851 605 2924 Syrtium
646 2851 935 2906 discrimen
986 2847 1304 2914 aufugiant,
1371 2855 1427 2902 et
1484 2846 1770 2916 quietioris
1819 2857 1948 2901 tunc

362 2944 538 3016 pelagi
577 2941 842 3014 profunda
897 2940 1304 2998 conscendant:
1365 2941 1445 2996 sic
1493 2940 1769 3005 nimirum,
1823 2955 1945 2995 cum

361 3035 471 3106 iam
501 3035 661 3104 hujus
681 3033 788 3104 27
818 3031 1000 3088 saeculi
1029 3030 1296 3087 terminus
1327 3019 1739 3100 appropinquat,
1794 3031 1946 3100 quasi

363 3127 509 3184 circa
539 3127 690 3182 littus
725 3140 882 3181 suum
925 3123 1234 3180 mundanus
1273 3121 1453 3178 fervor
1475 3119 1680 3185 ebullit,
1719 3136 1948 3191 seseque

370 3219 424 3274 in
474 3217 902 3288 perturbationis
953 3224 1118 3286 atque
1163 3215 1430 3284 superbia:
1462 3213 1706 3269 cumulos
1741 3213 1945 3284 erigit;

367 3317 424 3365 et
443 3309 611 3380 quiin
640 3309 930 3378 praeteritis
976 3306 1214 3372 saeculis,
1258 3306 1404 3362 velut
1430 3305 1483 3360 in
1525 3304 1699 3376 pelagi
1728 3302 1950 3376 profun-

371 3399 542 3456 ditate
602 3397 1004 3470 quodammodo
1050 3397 1371 3469 tranquillus
1421 3397 1739 3460 exstiterat,
1806 3409 1951 3451 nunc

369 3490 515 3547 circa
545 3491 666 3546 ﬁnis
697 3490 780 3546 sui
827 3489 979 3545 littus
1017 3489 1334 3560 pestilenter
1361 3494 1648 3553 exaestuat,
1688 3494 1748 3540 ut
1776 3485 1939 3557 appli-

370 3591 559 3638 cantes
579 3597 790 3652 quoque
813 3579 1105 3635 discrimen
1161 3577 1428 3647 naufragii
1452 3575 1576 3645 jure
1603 3575 1854 3632 evadant.
1882 3575 1950 3631 Et

373 3675 488 3730 haec
529 3672 826 3743 quassatio,
853 3687 917 3727 ac
952 3671 1289 3742 perturbatio
1315 3669 1382 3726 de
1414 3667 1638 3723 luxuria'
1674 3667 1948 3734 nascitur;

371 3763 593 3834 etquod
621 3773 828 3818 natura:
861 3761 1191 3818 contrarium
1214 3768 1318 3825 est,
1347 3759 1414 3817 de
1443 3757 1715 3829 voluptate
1736 3757 1954 3816 aﬁlictio

375 3865 684 3927 generatur.
717 3854 872 3912 Unde
914 3863 971 3911 et
1001 3853 1254 3909 Salomon
1289 3869 1304 3906 :
1351 3871 1370 3904 ι
1407 3851 1578 3919 lianc,
1629 3850 1825 3920 inquit,
1863 3867 1956 3907 oc-

375 3948 712 4019 cupationem
747 3946 1036 4018 pessimam
1080 3943 1226 4000 dedit
1248 3943 1391 3998 Deus
1420 3943 1543 3999 ﬁliis
1570 3943 1868 4008 hominum,
1895 3952 1955 3997 ut

375 4046 769 4107 occuparentur
798 4036 850 4090 in
877 4051 962 4091 ea.
995 4035 1116 4091 Vidi
1151 4043 1345 4089 cuncta
1371 4048 1492 4106 quae
1520 4033 1654 4087 ﬁunt
1689 4034 1790 4089 sub
1820 4032 1953 4100 sole,

377 4141 430 4187 et
462 4145 589 4186 ecce
623 4129 870 4185 universa
898 4128 1129 4192 vanitas,
1154 4137 1208 4184 et
1233 4126 1450 4183 alllictio
1486 4126 1709 4196 spiritus
1748 4125 1946 4198 (Eccle.

377 4224 440 4293 ι).
468 4241 487 4273 ι
526 4221 725 4277 Omnes
753 4219 898 4274 enim
930 4221 1057 4274 dum
1107 4217 1365 4273 anhelant
1390 4231 1475 4282 ea,
1508 4217 1560 4271 in
1588 4214 1954 4286 quibus‘dele-

378 4321 610 4378 ctantur,
649 4314 949 4380 acquirere,
981 4317 1036 4363 et
1063 4308 1370 4364 necessario
1396 4305 1791 4379 compelluntur
1825 4302 1958 4360 allii-

380 4405 557 4460 ctione
607 4403 831 4474 spiritus
879 4401 1159 4467 laborare;
1211 4409 1267 4456 et
1304 4401 1430 4456 dum
1467 4400 1520 4455 in
1550 4413 1616 4455 eo
1661 4398 1805 4470 quod
1854 4398 1957 4453 iste

2049 1934 2238 1988 deesse
2287 1932 2558 1988 laborum.
2609 1933 2746 1990 Nam
2789 1934 3066 1992 laboribus
3112 1938 3477 2007 resolvuntur,
3523 1940 3639 1995 otio

2049 2019 2369 2093 fatigantur.

2117 2111 2284 2168 Plane
2311 2111 2441 2169 libet
2469 2113 2758 2185 diligenter
2807 2116 3078 2188 inspicere
3104 2133 3268 2188 quam
3297 2121 3482 2176 brevis
3509 2135 3638 2191 pars

2049 2207 2294 2276 corporis
2327 2205 2419 2271 sit,
2444 2207 2530 2261 cui
2563 2208 2864 2264 substantia
2889 2212 3071 2266 mundi
3110 2221 3220 2266 tota
3259 2228 3369 2268 non
3409 2215 3628 2280 sullicit,

2050 2310 2171 2365 qua:
2197 2305 2395 2351 cuncta
2420 2305 2647 2352 teri-eme
2672 2296 2944 2353 facultatis
2971 2298 3240 2370 impendia
3279 2303 3637 2373 concupiscit.

2050 2385 2185 2440 Nam
2232 2401 2357 2440 cum
2401 2396 2596 2442 caetera
2646 2389 2890 2460 corporis
2948 2391 3191 2445 membra
3238 2392 3652 2460 quodammodo.

2048 2477 2207 2532 bruta
2243 2477 2530 2531 videantur
2575 2487 2630 2533 et
2657 2479 2868 2543 stolida,
2890 2480 2979 2533 vix
3006 2481 3222 2536 cubitus
3248 2483 3414 2536 semis
3439 2484 3644 2554 reperi-

2053 2577 2139 2622 tur
2168 2568 2222 2622 in
2247 2583 2496 2639 corpore,
2523 2585 2683 2640 quem
2715 2586 2896 2625 rerum
2919 2572 3161 2626 omnium
3194 2574 3521 2630 universitas
3545 2591 3643 2631 nc-

2049 2669 2215 2730 queat
2242 2661 2466 2716 satiare.
2518 2660 2601 2714 Ab
2625 2662 2797 2717 oculis
2829 2663 3096 2732 siquidem
3123 2679 3292 2733 usque
3320 2667 3386 2720 ad
3424 2667 3637 2736 genita-

2051 2749 2122 2804 lia
2157 2758 2345 2821 regnat
2397 2750 2576 2805 omnis
2622 2752 2858 2806 humana
2914 2753 3372 2821 concupiscentia.
3426 2756 3494 2811 Et
3539 2759 3644 2813 hoc

2051 2841 2270 2912 quidem
2297 2855 2527 2912 angusto
2554 2843 2878 2913 compendio
2911 2845 3144 2899 naturali
3168 2846 3491 2903 necessitate
3509 2864 3642 2904 con-

2053 2933 2309 3000 cluditur,
2359 2936 2454 2990 scd
2485 2935 2750 2990 naturalis
2795 2943 2955 2990 meta:
2999 2935 3208 3006 legibus
3247 2955 3352 2994 non
3390 2950 3633 2997 tenetur:

2054 3043 2179 3082 nam
2218 3042 2316 3097 per
2362 3028 2634 3085 exteriora
2695 3028 3237 3085 cunctadill‘unditur
3271 3048 3286 3097 ;
3341 3043 3397 3087 et
3431 3050 3552 3104 qua:
3575 3036 3646 3091 de

2055 3117 2274 3173 modica
2334 3119 2517 3174 radice
2574 3118 2840 3189 procedit,
2893 3133 3000 3175 non
3057 3121 3286 3176 modicis
3352 3124 3647 3195 paucisque

2051 3215 2329 3274 contenta,
2369 3210 2623 3265 omnibus
2667 3209 2886 3265 inhiat:
2935 3211 3004 3266 ad
3043 3211 3253 3278 omnia,
3307 3223 3366 3267 ut
3411 3215 3494 3270 eis
3523 3231 3648 3285 per-

2050 3295 2268 3353 fruatur
2326 3314 2391 3354 ac
2457 3300 2801 3370 saginetur,‘
2858 3305 3098 3361 anhelat.
3160 3307 3316 3365 Oculi
3381 3311 3647 3382 siquidem

2051 3398 2385 3461 pascuntur_
2401 3391 2808 3462 pulchritudine
2860 3411 3066 3465 rerum,
3124 3400 3435 3457 mulcentur
3485 3419 3648 3460 aures

2053 3478 2280 3534 tinnulis
2343 3479 2642 3535 harmoniae
2703 3483 2992 3551 sonitibus,
3060 3487 3146 3542 vel
3207 3488 3636 3547 leuocinantium

2051 3574 2163 3645 28
2190 3575 2555 3632 assentatione
2595 3577 2912 3645 verborum;
2945 3595 3106 3637 nares
3135 3582 3486 3640 odoranieuta
3516 3601 3642 3643 con-

2052 3665 2276 3735 cipiunt,
2309 3664 2495 3722 fauces
2517 3667 2800 3736 epularum
2830 3672 3117 3740 saporibus
3153 3673 3514 3739 obiectantur,
3552 3693 3648 3731 cor

2053 3754 2442 3825 cogitationum
2467 3766 2951 3825 versatarcanum,
3001 3760 3182 3832 lingua
3213 3743 3493 3832 profundit
3529 3767 3644 3820 elo-

2054 3845 2262 3915 quium,
2290 3854 2346 3900 et
2367 3846 2507 3915 quod
2525 3863 2625 3901 cur
2650 3847 2963 3916 meditatur,
2986 3851 3096 3905 oris
3121 3853 3187 3907 ad
3212 3854 3449 3908 medium
3475 3856 3647 3910 inter-

2053 3936 2357 4006 pretatione
2427 3937 2762 4005 producitur.
2815 3959 2834 3992 ι
2889 3941 2965 3998 Ex
3009 3943 3384 3999 abundantia»
3437 3947 3648 4004 scilicet

2059 4043 2081 4078 ι
2108 4026 2289 4082 cordis
2316 4041 2379 4082 os
2403 4027 2643 4098 loquitur
2689 4029 2907 4100 (Matth.
2930 4034 3054 4105 xu).
3089 4053 3108 4087 ι
3150 4033 3270 4090 Jatn
3327 4052 3456 4092 vero
3493 4041 3647 4110 geni-

2056 4117 2186 4172 talia
2214 4125 2368 4174 tauto
2392 4119 2676 4174 ardentius
2707 4121 2774 4175 ad
2807 4122 3008 4178 coitum
3035 4137 3424 4196 provocamur,
3441 4142 3648 4199 quanto

2056 4208 2229 4279 magis
2251 4210 2568 4264 stomachus
2593 4209 2677 4265 vel
2703 4211 2950 4268 ciborum
2983 4216 3163 4286 copia,
3217 4218 3302 4273 vel
3354 4229 3512 4289 potus
3562 4223 3646 4276 in-

2056 4299 2419 4370 gurgitatione
2439 4299 2696 4370 repletur.
2739 4302 2994 4362 Edacitas
3024 4307 3224 4378 quippe
3247 4311 3493 4380 quaedam
3518 4330 3647 4369 san-

2059 4390 2285 4461 guisuga
2316 4399 2420 4457 est,
2448 4392 2535 4447 cui
2563 4392 2681 4449 duze
2706 4403 2832 4449 sunt
2855 4395 3000 4463 ﬁliae,
3040 4398 3282 4456 ebrietas
3329 4403 3536 4460 scilicet
3578 4415 3651 4460 at-

381 4493 594 4564 quazrit,
632 4493 771 4548 alter
790 4491 1064 4563 objicitur,
1097 4490 1165 4546 ad
1185 4490 1240 4545 id
1261 4491 1404 4561 quod
1428 4488 1682 4554 oblectat,
1709 4503 1812 4544 non
1839 4489 1959 4543 sine
1987 4520 2036 4581 υ
2061 4496 2166 4581 que
2179 4481 2415 4581 luxuria;
2430 4482 2498 4539 de
2513 4484 2711 4581 quibus
2723 4486 2911 4581 utique
2924 4487 3210 4544 Salomon:
3233 4510 3253 4544 ι
3276 4491 3657 4567 Sanguisugae,

381 4584 583 4641 laboris
623 4584 780 4640 taedio
825 4583 1160 4654 pervenitur.
1203 4582 1342 4637 Hinc
1370 4596 1560 4637 rursus
1588 4581 1702 4637 ait:
1740 4602 1758 4635 ι
1790 4582 1984 4639 Cum-.

382 4690 485 4746 que
533 4690 622 4731 me
643 4673 1033 4729 convertissem
1063 4673 1130 4728 ad
1161 4672 1409 4728 universa
1437 4686 1603 4742 opera
1623 4712 1638 4737 ,
1667 4685 1784 4742 quae
1810 4670 1958 4727 fece-

385 4779 508 4824 runt
537 4782 730 4823 manus
757 4781 930 4834 mete;
971 4776 1027 4822 et
1053 4765 1121 4820 ad
1150 4765 1385 4832 labores,
1427 4764 1482 4820 in
1521 4765 1718 4834 quibus
1760 4763 1962 4821 frustra

390 4864 724 4928 sudaveram,
777 4863 888 4918 vidi
915 4863 969 4917 in
1000 4851 1251 4917 omnibus
1301 4861 1598 4917 vanitatem
1636 4867 1693 4917 et
1717 4857 1961 4917 afflictio-

386 4967 506 5008 nem
528 4943 694 5005 animi
725 4949 924 5023 (Eccle.
953 4949 1017 5020 ι).
1052 4968 1071 5004 ι
1103 4947 1233 5016 Quae
1265 4958 1444 5006 tamen
1469 4947 1688 5005 alllictio
1709 4949 1874 5005 duras
1899 4964 1965 5006 ac

386 5041 641 5112 reprobas
680 5049 894 5096 mentes
940 5048 996 5096 et
1027 5041 1142 5112 ipsa
1172 5039 1434 5106 delectat,
1488 5041 1613 5095 dum
1641 5053 1748 5095 non
1803 5041 1964 5098 modo

388 5133 697 5192 deliciarum
732 5129 1048 5200 'suavitate,
1109 5133 1200 5188 sed
1259 5141 1316 5188 et
1369 5131 1569 5188 laboris
1626 5131 1966 5188 oblcctantur

389 5226 658 5280 acredine.
689 5222 829 5278 Hinc
857 5232 941 5278 est
968 5221 1108 5293 quod
1130 5222 1406 5287 lsraelitae,
1435 5221 1652 5276 stimulo
1676 5221 1813 5292 gula:
1839 5237 1967 5292 pru-

389 5316 589 5370 rientes
619 5312 802 5377 illecti,
835 5330 942 5370 non
981 5312 1138 5368 modo
1175 5313 1275 5368 sibi
1333 5313 1518 5368 deesse
1546 5311 1790 5366 carnium
1830 5311 1964 5368 ollas

389 5403 726 5473 pisciumque
752 5401 998 5467 delicias,
1036 5401 1130 5457 sed
1159 5410 1212 5457 et
1243 5415 1433 5470 porros
1453 5417 1516 5456 ac
1541 5416 1702 5472 cepas
1732 5414 1966 5472 conque-

391 5503 583 5547 runtur
609 5501 665 5547 et
693 5492 818 5547 allia
863 5490 1052 5564 (Num.
1101 5490 1200 5562 ιι).
1240 5489 1380 5558 Quae
1418 5493 1672 5548 nimirum
1735 5493 1964 5562 species,

392 5586 517 5640 dum
544 5587 592 5640 vi
626 5585 883 5640 naturalis
903 5585 1171 5640 acredinis
1194 5584 1442 5638 mordent
1468 5583 1702 5638 faucium
1725 5593 1961 5656 gustum,

391 5673 657 5746 lacrymas
685 5684 980 5746 provocant
1029 5673 1327 5731 oculorum.
1374 5675 1458 5731 An
1485 5691 1589 5731 non
1619 5690 1873 5745 ceparum
1912 5686 1968 5732 et

393 5766 641 5846 aliterth
681 5767 937 5845 esuriant
976 5766 1350 5835 acrimoniam,
1399 5767 1493 5837 qui
1529 5765 1782 5823 videlicet
1809 5780 1966 5825 escu-

2065 4573 2257 4646 inquit.
2288 4575 2406 4630 dua:
2429 4585 2552 4632 sunt
2585 4578 2729 4644 ﬁliae,
2761 4579 3005 4636 dicentes
3032 4599 3047 4636 :
3076 4581 3244 4650 All‘er,
3291 4586 3425 4642 atl‘cr
3465 4585 3647 4658 (Prov.

2064 4680 2172 4720 xxx
2232 4664 2277 4737 ).
2320 4685 2339 4718 ι
2382 4664 2515 4721 Nam
2541 4682 2649 4737 quo
2676 4667 2911 4740 quisque
2949 4669 3360 4730 immoderatius
3392 4660 3650 4744 vescitur,

2067 4771 2135 4812 eo
2164 4771 2386 4813 necesse
2413 4765 2498 4813 est
2528 4767 2588 4814 ut
2608 4759 2672 4813 ad
2701 4770 2885 4829 potum
2931 4764 3250 4818 :estuantius
3298 4769 3648 4824 accendatur.

2071 4847 2139 4902 Et
2160 4847 2287 4902 dum
2317 4858 2572 4921 congesta
2619 4850 2726 4906 cibi
2774 4850 2944 4907 moles
2987 4851 3326 4910 fervescente
3382 4861 3649 4915 stomachi

2073 4936 2246 4995 lebete
2266 4939 2606 5010 decoquitur,
2632 4943 2837 4998 crebris
2865 4958 3089 5000 necesse
3109 4955 3194 5001 est
3220 4945 3505 5005 haustibus
3528 4951 3652 5006 irri-

2066 5035 2240 5098 getur.
2281 5027 2388 5083 Sed
2417 5044 2537 5084 cum
2561 5030 2699 5085 cibis
2724 5041 2914 5086 venter
2942 5047 3007 5087 ac
3039 5034 3257 5103 potibus
3303 5037 3652 5106 intumescat,

2066 5137 2406 5194 consequens
2439 5134 2544 5188 est,
2594 5134 2652 5179 ut
2695 5125 2918 5181 alternis
2965 5127 3222 5200 utrinque
3267 5131 3556 5198 meatibus,
3597 5143 3654 5188 et

2067 5215 2226 5272 faeces
2249 5231 2344 5287 per
2373 5216 2616 5288 podicem
2641 5216 2696 5270 in
2725 5216 3000 5274 cuniculos
3027 5231 3228 5290 egerat,
3273 5231 3327 5277 et
3371 5223 3651 5278 humorem

2066 5310 2134 5365 de
2186 5309 2403 5380 genitali
2458 5309 2848 5378 conceptaculo
2897 5326 2996 5381 per
3042 5313 3286 5382 pudenda
3341 5311 3649 5383 profundat.

2074 5399 2226 5455 Sicut
2254 5400 2396 5455 enim
2429 5399 2482 5454 in
2509 5399 2871 5456 torcularibus
2897 5401 3162 5456 vinarium
3193 5417 3223 5455 a
3261 5402 3422 5468 vino;
3479 5404 3558 5457 sic
3599 5405 3650 5459 in

2073 5493 2232 5548 ilibus
2276 5502 2485 5548 stercus
2532 5502 2817 5563 separatur
2843 5509 2872 5547 a
2903 5493 3042 5548 viru.
3097 5493 3450 5566 Sanguisugae
3499 5511 3651 5566 ergo,

2071 5598 2190 5652 quae
2212 5585 2450 5639 edacitas
2476 5593 2577 5649 est,
2607 5585 2725 5638 duae
2750 5592 2875 5638 sunt
2911 5583 3032 5638 ﬁlia:
3059 5602 3073 5636 :
3103 5585 3342 5640 ebrietas
3381 5595 3436 5640 et
3457 5585 3652 5655 libido;

2072 5673 2198 5742 quia
2222 5674 2349 5728 dum
2376 5689 2478 5728 una
2520 5674 2686 5744 pestis
2741 5673 3131 5729 delectabiliter
3179 5677 3437 5747 concipit,
3481 5679 3655 5749 gemi-

2073 5778 2200 5822 nam
2230 5765 2536 5821 necessario
2556 5765 2791 5822 sobolem
2823 5765 2985 5837 parit.
3012 5765 3142 5834 Quae
3163 5768 3418 5824 nimirum
3439 5772 3653 5824 dicunt:
