4140 6446
377 313 483 370 255

1533 321 1734 380 LIBER
1777 322 2054 393 PRIMUS,
2095 326 2310 384 EPIS'I‘.
2349 328 2464 384 XV.

3519 343 3624 402 254

375 429 553 502 pulvis
581 439 638 486 et
662 429 802 498 cinis
827 440 932 497 est,
957 431 1024 486 ad
1053 447 1214 502 quem
1241 433 1469 491 luxuria:
1497 435 1708 502 facibus
1747 438 1956 496 iniiam-
1984 447 2032 505 Α
2059 440 2200 496 diem
2236 453 2293 497 et
2335 453 2548 500 noctem
2593 445 2802 501 videtur
2848 456 3040 506 nutare
3076 453 3475 521 crepusculum,
3502 457 3627 514 dum

375 532 554 614 matus
600 524 844 588 anhelas,
899 526 1150 582 videlicet
1190 539 1250 582 ut
1299 545 1420 584 cum
1472 531 1761 589 muliebres
1805 545 1956 590 artus

374 615 744 686 amplecteris,
766 631 999 684 vermes,
1023 620 1250 686 saniem,
1280 620 1775 694 intolerabilemque
1793 625 1955 681 ﬁnio-

372 723 511 772 rem,
559 709 702 778 quod
760 709 920 778 paulo
961 721 1084 781 post
1110 710 1291 766 futura
1329 721 1432 776 est,
1463 717 1864 786 contempleris,
1897 719 1974 773 ut“

371 801 736 858 consideratio
762 800 958 856 futura:
983 803 1286 872 putredinis
1318 805 1466 860 fucos
1500 820 1664 865 cauta
1693 808 1956 878 despiciat

369 891 600 946 scenicae
645 891 962 946 venustatis.
1024 891 1294 961 Sapientis
1339 894 1539 963 quippe
1590 895 1794 965 iudicio
1847 913 1953 952 non

371 981 533 1037 modo
558 979 826 1050 subiacet,
867 982 1010 1052 quod
1056 980 1398 1038 lenocinatur
1434 985 1645 1041 oculis:
1677 987 1772 1042 sed
1811 989 1954 1057 quod

369 1071 505 1127 latet
527 1071 693 1127 etiam
716 1072 770 1126 in
799 1071 1026 1126 materia
1055 1073 1318 1128 veritatis.
1347 1073 1732 1132 Verumtamen
1765 1093 1954 1134 omnes

371 1165 491 1220 illas
513 1164 760 1230 delicias,
781 1179 916 1234 quas
943 1179 1086 1219 nunc
1118 1166 1388 1222 uxorcula:
1415 1168 1481 1222 de
1505 1168 1620 1224 suis
1641 1169 1954 1240 coniugibus

369 1255 649 1319 exhibent,
679 1255 802 1310 aliis
829 1269 1046 1326 quoque
1089 1257 1223 1324 viris
1252 1272 1476 1315 necesse
1520 1269 1606 1316 est
1641 1262 1952 1331 praebeant;

369 1347 418 1402 si
440 1361 536 1402 eas
575 1353 699 1415 post
736 1361 922 1401 eorum
972 1345 1178 1403 obitum
1209 1348 1440 1414 biviras,
1473 1359 1534 1405 ut
1575 1352 1835 1420 assolent,
1862 1365 1956 1409 aut

367 1439 534 1497 etiam
561 1439 776 1494 triviras
811 1453 937 1495 esse
973 1441 1272 1511 contingat.
1299 1440 1414 1497 Non
1443 1452 1528 1498 ast
1562 1444 1644 1499 eis
1673 1443 1806 1501 ﬁdes
1845 1446 1952 1500 ulla

367 1541 492 1603 post
514 1539 766 1596 mortem,
785 1530 877 1586 sed
897 1532 1022 1586 dum
1040 1531 1255 1603 placere
1274 1533 1408 1588 viris
1425 1535 1813 1604 posterioribus
1823 1553 1954 1594 σου-ο

368 1621 760 1692 eupiscibilitcr
790 1630 1074 1690 appetunt.
1108 1623 1302 1678 audire
1330 1639 1546 1694 quoque
1579 1642 1771 1683 nomen
1805 1629 1952 1698 prio-i

367 1729 488 1768 rum
510 1712 726 1769 suil‘usa
750 1713 948 1768 rubore
979 1710 1204 1779 vultum,
1236 1713 1577 1782 impudenter
1597 1717 1945 1774 erubescunt.

437 1801 572 1858 Novi
605 1802 764 1872 plane
790 1801 986 1867 virum,
1017 1802 1146 1858 dum
1197 1801 1401 1859 illatam
1438 1806 1596 1861 uxori
1634 1806 1822 1864 ulcisci
1863 1824 1951 1864 co-

366 1901 592 1950 naretur
619 1892 890 1962 iniuriam,
919 1892 1115 1964 gladiis
1159 1887 1568 1965 interemptum,
1603 1911 1723 1966 quae
1769 1907 1950 1954 tamen

371 1985 440 2040 ad
485 1983 754 2039 secundas
795 1983 1060 2054 migrasse
1113 1982 1333 2051 nuptias
1380 1983 1601 2050 dicitur,
1659 1995 1950 2056 antequam

366 2078 495 2132 anni
526 2076 759 2132 circulus
784 2075 1120 2146 impleretur.
1161 2075 1302 2130 Eant
1334 2090 1465 2145 ergo
1507 2076 1631 2140 viri,
1669 2085 1727 2132 ct
1763 2079 1952 2136 relicto

366 2169 502 2235 Deo,
529 2183 676 2238 spem
708 2169 762 2222 in
809 2168 1068 2222 uxoribus
1126 2176 1350 2238 ponant,
1400 2183 1538 2237 quas
1582 2169 1769 2238 utique
1823 2172 1950 2227 dum

366 2265 818 2336 intemperantius
869 2264 1120 2336 diligunt,
1169 2280 1311 2335 saepe
1352 2280 1447 2335 per
1487 2281 1582 2321 eas
1632 2280 1740 2320 non
1791 2268 1952 2321 modo

365 2362 646 2418 extraneis
688 2362 841 2427 viris,
889 2363 986 2418 sed
1038 2371 1094 2417 et
1131 2363 1377 2420 hostibus
1423 2364 1537 2418 suis
1565 2365 1783 2434 propria
1810 2363 1951 2421 bona

365 2454 758 2510 transmittunt.
786 2450 900 2508 Huc
928 2455 1154 2517 accedit,
1185 2456 1310 2524 quia
1339 2454 1384 2511 si
1422 2455 1615 2510 inulier
1652 2457 1951 2512 thalamum

353 2546 552 2622 violat,
602 2561 726 2599 cum
759 2544 903 2599 fama
927 2543 1046 2612 iam
1079 2545 1530 2598 convicaneorum
1562 2544 1804 2600 omnium
1851 2557 1949 2600 ora

364 2636 680 2705 pervolitat;
724 2637 808 2688 νὴ·
839 2644 1016 2689 tamen
1065 2635 1244 2690 adhuc
1291 2635 1438 2690 solus
1487 2638 1722 2708 ignorat,
1767 2645 1823 2690 et
1857 2637 1952 2707 qui

366 2744 479 2784 sine
507 2729 699 2782 domus
727 2725 1076 2796 opprobrium
1120 2727 1341 2796 pertulit
1381 2726 1606 2795 primus,
1645 2726 1732 2780 vix
1762 2727 1952 2796 deputes

365 2822 558 2877 hendit
599 2832 898 2878 extremus.
929 2821 1100 2892 igitur
1145 2824 1415 2878 incentiva
1454 2822 1688 2877 libidinis
1735 2821 1954 2878 fomites

365 2927 494 2972 sunt
525 2916 766 2971 avaritiae
785 2925 840 2971 et
871 2917 1099 2971 materia
1135 2916 1462 2986 cupiditatis.
1491 2914 1622 2969 Nam
1651 2930 1772 2970 cum
1798 2915 1954 2970 luxui

365 3011 447 3065 ria
485 3010 667 3065 multis
715 3017 1024 3079 sumptuum
1073 3006 1314 3078 indigere
1357 3018 1468 3061 non
1519 2997 1823 3074 ambigetur
1860 3023 1956 3063 exe

363 3099 589 3175 pensis,
651 3098 755 3175 nisi
808 3096 1192 3168 multiplicibus
1245 3099 1546 3152 exuberent
1611 3097 1948 3159 commodis,

364 3191 535 3246 liuere
574 3198 847 3261 nequeunt
895 3190 951 3244 in
1004 3188 1460 3244 oblectationibus
1498 3187 1807 3257 voluptatis.
1850 3187 1958 3243 Sed

365 3283 506 3338 sicut
547 3279 587 3337 ii
634 3282 726 3352 qui
759 3281 944 3336 mundi
976 3278 1136 3351 huius
1164 3280 1461 3350 probantur
1494 3289 1617 3335 esse
1656 3277 1959 3342 vernaculi,

365 3377 600 3431 terrenis
644 3391 704 3430 se
747 3373 906 3430 rebus
946 3373 1191 3429 ambiunt
1229 3381 1499 3437 onerare;
1545 3371 1627 3426 sic
1653 3383 1813 3426 versa
1843 3370 1962 3426 vice

367 3479 522 3521 mens
545 3463 856 3521 ccelestibus
880 3464 1038 3519 hians
1067 3479 1126 3518 se
1163 3463 1426 3533 gloriatur
1446 3475 1669 3517 exuere.

439 3554 486 3612 ο
513 3571 674 3626 quam
700 3555 1018 3625 jucundum,
1061 3568 1223 3623 quam
1265 3566 1433 3609 suave
1476 3551 1748 3618 nuntium,
1796 3559 1960 3620 quam

369 3645 601 3715 denique
643 3643 816 3699 dulcis
854 3645 922 3722 ad
953 3659 1115 3699 aures
1138 3657 1287 3698 meas
1326 3655 1502 3712 nuper
1537 3640 1682 3696 larua
1719 3640 1960 3707 devenit,

370 3752 488 3806 qua:
542 3751 641 3792 vos
694 3734 1002 3793 Ostiensem
1054 3734 1370 3791 comitatum
1415 3733 1548 3789 mihi
1605 3729 1958 3796 subtraxisse,

370 3836 428 3883 et
460 3826 550 3882 alii
587 3827 873 3885 tradidisse
909 3825 1217 3897 perhibuit!
1251 3822 1530 3880 Romanus
1563 3822 1709 3878 enim
1741 3822 1961 3892 quidam

370 3917 518 3972 velut
565 3927 828 3972 accusans
859 3925 911 3972 te
937 3917 1079 3986 apud
1119 3930 1228 3981 me,
1271 3923 1328 3970 et
1377 3923 1634 3984 tanquam
1666 3913 1798 3968 mihi
1827 3927 1959 3968 con-

373 4011 555 4067 suiens
579 4019 742 4082 atque
769 4010 1118 4082 compatiens,
1147 4010 1290 4080 quod
1321 4005 1523 4063 factum
1557 4015 1677 4062 erat
1704 4006 1960 4074 innotuit,

372 4104 466 4159 sed
509 4118 671 4174 quem
717 4117 974 4158 accusare
1004 4100 1342 4164 secredidit,
1387 4098 1639 4154 nesciens
1687 4112 1964 4153 commen-

375 4197 542 4251 davit.
579 4196 689 4266 Ego
723 4196 940 4266 quidem
987 4195 1165 4265 primo
1211 4192 1366 4263 quasi
1410 4192 1649 4264 graviter
1701 4191 1818 4257 tuli,
1867 4191 1962 4246 sed

373 4287 783 4356 erumpentibus
830 4285 1150 4356 quibusdam
1201 4280 1400 4340 laetitize
1444 4282 1631 4356 signis,
1665 4281 1749 4337 vel
1779 4295 1964 4349 super-

376 4377 655 4434 ﬁcietenus
674 4378 778 4450 31
806 4377 1020 4448 quidem
1045 4391 1335 4433 maerorem
1364 4375 1621 4433 simulare
1649 4391 1754 4431 non
1787 4371 1956 4446 potui.

378 4469 532 4527 Ultro
559 4471 722 4526 etiam
745 4469 982 4525 divinam
1005 4467 1238 4540 imploro
1269 4467 1635 4531 clementiam,
1669 4475 1728 4520 ut
1752 4467 1958 4536 episcos
1985 4485 2040 4551 υ

376 4568 562 4630 patum
610 4559 934 4630 quantocius
977 4559 1230 4614 ordinare
1267 4573 1373 4612 non
1417 4555 1653 4621 diii'eras,
1687 4565 1741 4611 et
1774 4555 1957 4611 sterile

380 4650 594 4706 arenosi
642 4649 839 4706 littoris
884 4658 1126 4704 aratrum
1175 4649 1306 4704 mihi
1357 4649 1422 4704 de
1477 4647 1726 4702 manibus
1777 4647 1952 4702 tollas.

380 4740 495 4797 Non
525 4742 669 4797 enim
702 4750 787 4798 est
830 4741 990 4809 huius
1041 4741 1318 4811 temporis,
1365 4748 1425 4794 ut
1465 4739 1557 4810 qui
1605 4737 1856 4809 puritatis
1899 4747 1958 4793 et

385 4833 706 4890 innorentiaa
764 4834 1034 4888 tramitem
1095 4840 1280 4888 tenere
1337 4831 1649 4895 desiderat,
1706 4828 1958 4885 Ecclesia

384 4924 624 4994 baiulare
664 4925 900 4994 regimen
946 4924 1258 4992 acquiescat
1284 4942 1296 4976 :
1327 4937 1448 4977 cum
1487 4920 1732 4976 videlicet
1771 4935 1962 4976 omnes

388 5029 520 5083 pene
547 5029 645 5083 per
681 5014 936 5068 vitiorum
978 5013 1200 5082 abrupta
1243 5012 1564 5082 pracipitrs,
1609 5019 1662 5066 et
1707 5019 1962 5080 tanquam

390 5104 630 5162 furentes
653 5106 773 5176 equi
801 5121 895 5175 per
917 5106 1247 5174 voluptatum
1284 5116 1502 5158 suarum
1533 5117 1752 5171 campos
1790 5101 1994 5176 feran-v

394 5207 480 5252 tur
508 5194 758 5250 eﬂ'renes.
797 5193 862 5249 Et
892 5193 1022 5265 quid
1052 5194 1197 5248 aliud
1233 5193 1373 5248 inter
1397 5193 1511 5246 inec
1539 5200 1617 5246 tot
1639 5192 1967 5261 ﬂagitiorum

393 5287 532 5342 mala
579 5288 994 5357 perpendimus,
1036 5283 1302 5355 nisiquia
1343 5292 1572 5338 venturo
1620 5283 1780 5337 citius
1819 5283 1970 5337 Anti-

393 5380 598 5434 christo
623 5380 708 5432 via
747 5377 858 5446 iam
900 5378 1181 5439 sternitur,
1215 5388 1316 5446 per
1354 5389 1515 5446 quam
1561 5373 1836 5430 inoli'ensis
1877 5389 1969 5428 ne-

396 5471 576 5541 quitia:
597 5486 709 5524 suae
733 5469 974 5541 vestigiis
996 5468 1307 5542 gradiatur?
1334 5466 1466 5522 Nam
1503 5469 1641 5522 sicut
1669 5467 1800 5521 dicit
1824 5468 1969 5537 Apo-

391 5561 567 5617 stolus
607 5579 620 5614 :
672 5580 692 5613 ‹
727 5561 1038 5632 Mysterium
1082 5559 1194 5629 iam
1243 5567 1496 5629 operatur
1536 5557 1839 5628 iniquitatis
1885 5555 1969 5628 (11

401 5652 581 5707 Thess.
602 5653 723 5722 11).)
748 5651 974 5706 Mundus
1003 5652 1264 5721 siquidem
1281 5650 1452 5705 lucem
1477 5649 1716 5704 tenebris
1779 5655 1967 5712 mutat,

401 5757 521 5799 cum
543 5743 660 5813 eius
689 5744 799 5814 iam
835 5743 1096 5798 terminus
1129 5741 1539 5811 appropinquat.
1570 5738 1634 5793 Et
1660 5737 1804 5794 velut
1831 5736 1971 5792 inter

721 5838 995 5898 Pa'ruon.
1051 5837 1338 5934 CXLIV.

2057 539 2409 594 occumbente
2449 540 2569 596 luce
2620 542 2921 612 virtutum,
2976 559 3077 599 nox
3120 546 3294 601 oritur
3355 548 3626 604 vitiorum.

2057 627 2209 696 Quod
2234 630 2486 686 nimirum
2513 630 2639 687 illud
2664 632 2893 688 Abrahae
2915 635 3284 704 portendebat,
3310 639 3452 707 quod
3484 639 3629 694 Scri-

2055 727 2215 789 ptura
2244 721 2600 790 pronuntiat:
2647 741 2665 774 t
2700 723 2834 779 Cum
2886 724 2984 789 sol,
3031 725 3223 796 inquit,
3264 729 3628 794 occumberet,

2056 825 2218 879 sopor
2251 812 2409 867 irruit
2443 828 2604 883 Super
2640 814 2938 880 Abraham,
2982 825 3037 872 et
3085 819 3277 874 horror
3311 837 3536 892 magnus
3573 833 3630 878 et

2056 902 2374 958 tenebrosus
2393 905 2590 962 invasit
2613 921 2736 961 eum
2758 905 2910 979 (Gen.
2935 909 3046 979 xv).
3068 929 3086 962 ι
3112 910 3243 966 Nam
3267 912 3396 967 solis
3415 915 3630 970 occubi-

2057 1000 2146 1048 tus
2187 993 2372 1056 mundi
2419 995 2662 1064 designat
2693 1012 2976 1064 occasum;
3019 1000 3213 1054 horror
3236 1016 3366 1056 vero
3404 1018 3630 1074 magnus

2054 1089 2110 1135 et
2147 1078 2464 1140 tenebrosus
2501 1085 2750 1140 vitiorum
2790 1087 2984 1156 ﬁgurat
3018 1089 3411 1160 criminumque
3446 1093 3632 1164 caligi-

2056 1185 2220 1238 nem,
2285 1188 2406 1242 qua:
2449 1175 2686 1243 quotidie
2737 1177 3051 1247 pestilenter
3104 1179 3484 1238 inhorrescunt
3531 1199 3632 1254 per

2054 1271 2374 1319 aestuantem
2410 1268 2758 1337 reproborum
2796 1270 3072 1326 hominum
3101 1275 3442 1344 pravitatem.
3476 1276 3630 1333 Unde

2054 1345 2109 1410 et
2138 1353 2246 1410 illic
2280 1357 2439 1426 paulo
2464 1369 2585 1427 post
2629 1359 2880 1418 additur:
2909 1381 2931 1414 ε
2961 1362 3094 1419 Cum
3123 1381 3251 1436 ergo
3288 1369 3633 1426 occubuisset

2055 1445 2158 1514 sol,
2185 1445 2326 1503 iacta
2351 1459 2437 1506 est
2461 1451 2634 1520 caligo
2665 1455 2970 1518 tenebrosa,
3011 1464 3068 1511 et
3105 1459 3352 1527 apparuit
3386 1460 3633 1518 clibanus

2055 1537 2486 1612 fumans(ibid.).
2525 1563 2544 1595 ›
2576 1542 2729 1602 Sicut
2770 1547 2914 1602 enim
2957 1547 3137 1615 fumus
3173 1565 3237 1604 ex
3279 1550 3400 1622 igne
3436 1553 3634 1610 clibani

2054 1631 2364 1698 vaporantis
2389 1633 2691 1702 egreditur;
2741 1635 2816 1690 ita
2855 1637 3106 1694 vitiorum
3136 1642 3376 1695 omnium
3403 1641 3636 1712 ﬂagitio-

2055 1733 2283 1790 rumque
2306 1721 2482 1794 caiigo
2506 1725 2574 1779 de
2599 1727 2813 1781 camino
2837 1730 3118 1784 aestuamis
3145 1732 3384 1787 avaritiae
3412 1748 3633 1802 genera-

1978 1779 2026 1840 B
2055 1819 2163 1877 tur,
2210 1812 2354 1869 sicut
2395 1779 2528 1872 dicit
2568 1816 2902 1890 Apostolus:
2951 1839 2970 1873 ι
3004 1822 3139 1890 Quia
3187 1826 3342 1880 radix
3388 1779 3630 1882 ninnium

2051 1901 2316 1959 malorum
2359 1907 2590 1963 avaritia
2633 1917 2718 1965 est
2759 1909 2814 1979 (l
2879 1912 3012 1968 Tim.
3041 1916 3138 1986 vr).
3174 1934 3193 1970 ι
3236 1915 3304 1974 Et
3341 1918 3446 1975 hoc
3485 1920 3631 1978 circa

2051 1991 2213 2049 ﬁnem
2235 1993 2365 2061 diei,
2406 1996 2509 2052 hoc
2534 2005 2637 2065 est,
2673 1999 2817 2056 circa
2849 2002 3136 2058 terminum
3165 2006 3368 2062 mundi.
3395 2007 3631 2069 Fumans

2050 2096 2179 2152 ergo
2221 2083 2468 2143 clibanus
2504 2088 2845 2146 tenebrosam
2893 2092 3178 2164 caliginem
3217 2105 3460 2165 generat,
3503 2100 3629 2168 quia

2051 2175 2300 2231 caminus
2326 2171 2592 2257 agaritite,
2617 2182 2708 2251 qui
2739 2181 2792 2236 in
2833 2197 3122 2252 pravorum
3151 2185 3427 2242 hominum
3451 2200 3634 2256 pecto-

2051 2264 2204 2321 ribus
2249 2275 2461 2333 trstuat,
2505 2269 2688 2326 multis
2725 2275 3150 2341 perversitatum
3193 2278 3432 2334 tenebris
3479 2295 3635 2335 mun-

2051 2355 2180 2419 dum
2203 2358 2523 2428 pestilenter
2543 2360 2815 2417 obscurat.
2852 2364 2934 2419 An
2973 2380 3080 2420 non
3107 2378 3315 2423 mentes
3338 2369 3633 2428 infelicium

2051 2455 2239 2514 caecat,
2269 2463 2390 2519 quae
2423 2451 2635 2508 scilicet-
2653 2461 2708 2510 et
2748 2453 2904 2509 ﬁdem
2931 2456 3087 2519 tollit.
3111 2465 3166 2513 et
3195 2460 3437 2515 omnium
3464 2462 3634 2517 virtu-

2054 2546 2167 2592 tum
2216 2539 2271 2594 in
2313 2553 2501 2598 eorum
2549 2545 2803 2600 cordibus
2852 2546 3032 2602 lumen
3097 2549 3426 2620 exstinguit?
3481 2551 3633 2610 Unde

2054 2641 2179 2684 cum
2214 2629 2342 2686 illud
2369 2634 2718 2702 praemisisset
2742 2636 3049 2706 Apostolus,
3072 2648 3270 2708 praesto
3309 2641 3631 2697 subintulit:

2058 2734 2079 2774 t
2117 2721 2310 2789 Quam,
2337 2741 2360 2775 ι
2393 2723 2640 2780 videlicet
2671 2726 2975 2789 avaritiam,
3021 2745 3039 2778 ι
3077 2729 3293 2799 quidam
3321 2741 3636 2801 appetentes

2055 2821 2428 2872 erraverunta
2458 2814 2583 2880 ﬁde,
2607 2824 2662 2871 et
2689 2815 3032 2890 inseruerunt
3073 2833 3132 2873 se
3171 2819 3448 2876 doloribus
3493 2821 3632 2876 mul-

2055 2903 2130 2961 tis
2174 2904 2372 2977 (ibid-.).
2403 2926 2422 2961 ι
2457 2907 2636 2964 luitis
2677 2910 2874 2980 quippe
2916 2925 2975 2966 se
3019 2910 3296 2968 doloribus
3350 2914 3594 2976 inserunt
3618 2956 3635 2982 ,

2058 2994 2186 3051 dum
2229 3005 2448 3068 propter
2508 2999 2824 3070 temporalia
2874 3001 3021 3055 lucra
3073 3001 3434 3058 inicederabili
3493 3019 3525 3059 a
3578 3019 3640 3060 se

2063 3085 2296 3144 invicem
2320 3088 2594 3146 simultate
2638 3089 2904 3146 resiliunt.
2919 3091 2992 3146 .Et
3025 3091 3337 3163 plerumque
3371 3093 3500 3156 dum
3541 3110 3641 3165 pro

2019 3179 2030 3198 "
2062 3179 2434 3249 corporalibus
2458 3181 2514 3237 in
2543 3193 2692 3237 arma
2715 3191 3064 3246 concurrunt,
3105 3199 3139 3238 e
3176 3185 3493 3256 corporibus
3522 3187 3642 3242 ani-

2059 3286 2178 3326 mas
2205 3281 2424 3327 exeunt.
2455 3272 2556 3341 Qui
2595 3287 2723 3329 vero
2753 3272 2881 3329 solis
2918 3273 3227 3330 cmiestibus
3270 3275 3640 3342 inardescunt,

2057 3375 2160 3432 pro
2205 3363 2484 3420 doloribus
2523 3364 2975 3442 oblectationibus
3027 3365 3340 3436 potiuntur;
3399 3369 3525 3438 quia
3583 3370 3637 3425 in

2057 3453 2317 3510 fraterna:
2368 3455 2658 3510 eharitatis
2698 3455 2978 3510 dulcedine
3036 3457 3366 3512 unanimiter
3431 3459 3638 3514 vivunt.

2059 3546 2199 3608 liinc
2245 3555 2350 3612 est,
2389 3548 2531 3616 quod
2579 3547 2630 3601 in
2675 3547 2765 3602 illo
2809 3547 3080 3602 sacriﬁcio
3120 3547 3447 3617 vespertino,
3496 3552 3640 3618 quod

2061 3645 2190 3698 tunc
2228 3637 2500 3694 Abraham
2551 3639 2765 3705 obtulit,
2813 3650 3008 3710 pecora
3043 3635 3258 3710 quidem
3301 3649 3513 3694 terrena
3568 3642 3639 3696 ab

2062 3729 2291 3790 invicem
2333 3740 2677 3799 sequestrata
2725 3731 3046 3800 composuit,
3098 3730 3192 3785 sed
3241 3729 3472 3785 volatilia
3528 3746 3636 3786 non

2061 3819 2324 3890 abjunxit.
2377 3817 2530 3875 Unde
2584 3819 2915 3887 Scriptura:
2969 3838 2987 3870 ι
3038 3819 3138 3885 Qui
3185 3819 3396 3885 tollens,
3441 3819 3638 3890 inquit,

2062 3911 2315 3965 universa
2363 3910 2495 3972 haec,
2533 3909 2714 3964 divisit
2757 3924 2820 3964 ea
2864 3923 2963 3980 per
2997 3909 3252 3973 medium,
3303 3916 3356 3964 et
3385 3920 3642 3980 utrasque

2062 4008 2456 4072 partes-contra
2492 4013 2550 4058 se
2579 3999 2902 4057 altrinsecus
2930 4001 3130 4070 posuit,
3171 4015 3296 4056 aves
3323 4009 3502 4057 autem
3533 4019 3639 4058 non

2063 4090 2412 4164 divisit(6en.
2429 4091 2543 4163 xv).
2563 4111 2590 4144 ι
2605 4089 2840 4146 Terrena
2853 4091 3067 4161 quidem
3089 4092 3338 4146 animalia
3352 4101 3539 4148 contra
3556 4107 3640 4159 se,

2063 4187 2120 4238 et
2139 4180 2462 4237 altrinsecus
2485 4181 2988 4251 opponuntur,quia
3013 4180 3209 4236 terreni
3232 4180 3436 4250 quique
3451 4191 3641 4236 contra

2062 4274 2342 4347 proximos
2356 4269 2554 4345 iurgiis
2579 4281 2636 4329 et
2655 4273 3088 4329 contentionibus
3111 4273 3357 4338 saeviunt,
3386 4273 3469 4328 vel
3494 4283 3641 4329 certe

2063 4365 2291 4421 occultis
2312 4365 2574 4421 adversus
2597 4380 2694 4420 eos
2712 4363 2956 4419 odiorum
2979 4362 3256 4419 ioutitibus
3273 4363 3640 4420 inardescunt.

2064 4452 2136 4509 At
2161 4463 2350 4509 contra
2371 4454 2464 4523 qui
2490 4468 2612 4509 sese
2633 4454 2688 4507 in
2730 4453 2894 4507 altum
2917 4453 3155 4508 caelestis
3184 4451 3435 4507 desiderii
3461 4452 3642 4522 pluma

2065 4545 2376 4609 sustollunt,
2405 4545 2531 4600 dum
2552 4545 2875 4600 sacriﬁcium
2902 4543 3013 4599 Deo
3041 4545 3359 4614 semetipsos
3382 4541 3635 4608 oﬂ'erunt,

2065 4653 2097 4692 a
2129 4645 2326 4692 mutua:
2348 4635 2651 4691 dilectionis
2681 4635 2887 4706 glutino
2916 4650 3020 4689 non
3054 4638 3328 4690 recedunt.

2067 4751 2074 4758 ’
2135 4727 2242 4798 32
2268 4726 2392 4783 Haec
2405 4728 2543 4799 apud
2560 4735 2632 4793 te,
2647 4727 2972 4783 venerabilis
2992 4727 3168 4791 Pater,
3185 4727 3252 4781 de
3266 4726 3445 4780 mundi
3463 4725 3646 4783 iurem

2066 4818 2136 4874 tis
2149 4817 2355 4874 insania
2369 4833 2694 4888 conqueror,
2709 4832 2868 4887 quem
2890 4827 2944 4871 et
2962 4816 3191 4873 tolerare
3205 4815 3447 4886 quotidie
3456 4825 3512 4871 et
3529 4815 3648 4871 odi-

2067 4923 2128 4964 re
2147 4909 2460 4979 compeiior.
2493 4908 2602 4964 Nec
2615 4909 3150 4964 accusatorisvereor
3173 4915 3377 4971 notam,
3409 4907 3535 4962 dum
3567 4907 3644 4960 illi

2066 5001 2488 5070 delinquentium
2515 5014 2726 5069 expono
2751 4997 3134 5067 llagitium,qui
3151 4995 3453 5063 corrigendi
3477 5009 3642 5066 prava

2066 5103 2178 5163 prae
2199 5091 2414 5146 caeteris
2430 5090 2634 5145 obtinet
2649 5089 3028 5160 principatum.
3056 5085 3170 5141 Non
3196 5087 3342 5141 enim
3369 5086 3642 5140 detractor

2068 5183 2164 5239 ille
2209 5182 2469 5238 dicendus
2515 5189 2621 5242 est,
2671 5179 2761 5248 qui
2808 5180 2856 5233 ei
2909 5187 3064 5234 curat
3107 5179 3405 5232 errantium
3456 5183 3638 5230 reatus

2072 5287 2363 5344 exponere,
2388 5272 2481 5342 qui
2506 5271 2646 5324 valet
2673 5285 2758 5334 ea,
2781 5283 2902 5339 quae
2928 5277 3129 5325 temere
3150 5276 3470 5337 praesumpta
3494 5274 3642 5327 sunt,

2075 5363 2386 5418 emendare.
2429 5361 2552 5416 llaec
2598 5376 2763 5432 porro
2804 5361 2936 5415 Elim
2985 5359 3144 5413 verba
3191 5364 3320 5410 sunt
3363 5353 3480 5424 (IlI
3510 5353 3642 5425 Reg.

2039 5457 2228 5526 ‘xtx):
2264 5475 2282 5506 ‹
2321 5454 2520 5508 Altaria
2552 5461 2661 5520 tua,
2709 5452 2952 5514 Domine,
3003 5449 3408 5507 destruxerunt,
3439 5453 3493 5497 et
3524 5459 3644 5512 pro-

2073 5549 2269 5618 phetas
2294 5555 2414 5602 tuos
2439 5544 2754 5600 occiderunt
2803 5539 2999 5610 gladio,
3027 5547 3082 5590 et
3113 5535 3332 5589 relictus
3375 5549 3494 5588 sum
3545 5549 3644 5604 ego

2077 5638 2243 5694 solus.
2284 5657 2303 5688 ι
2353 5637 2452 5691 Cui
2506 5634 2766 5689 Dominus
2813 5649 2825 5684 :
2884 5648 2902 5682 ι
2953 5625 3368 5694 Derelinquam,
3440 5624 3645 5694 inquit,

2076 5731 2208 5787 mihi
2248 5737 2452 5799 septem
2506 5724 2670 5781 millia
2715 5723 2767 5777 in
2805 5718 2996 5783 lsrael,
3047 5731 3273 5787 quorum
3319 5731 3490 5786 genua
3545 5729 3649 5768 non
