4140 6456
473 357 613 433 ass

506 503 636 549 sunt
657 499 876 548 curvata
899 495 1022 540 ante
1048 483 1194 538 Baal.

507 600 568 639 se
624 579 951 636 remansisse
1008 576 1174 636 dicat,
1234 570 1552 626 Dominuse
1599 565 1812 619 diverso
1868 566 2076 627 septem

509 676 674 730 millia
716 683 995 740 superesse
1023 665 1371 736 respondeat;
1407 660 1550 714 Elias
1583 666 1764 710 tamen
1808 649 2077 706 mendacii

509 782 616 820 non
675 761 940 832 arguitur.
988 757 1110 826 quia
1163 754 1263 808 zeli
1306 748 1540 805 cmlestis
1591 746 1712 815 igne
1767 751 2079 800 succensus,

510 871 652 918 esse,
680 831 819 922 qtmd
843 849 1108 920 perhibet,
1139 846 1408 914 opinatur.
1441 838 1497 892 Si
1544 835 1689 890 Elias
1741 831 1923 899 itaque
1975 842 2079 922 non

509 943 773 1014 peccavit,
802 940 926 1010 quia
968 953 1071 991 non
1094 936 1237 995 odio,
1262 931 1352 985 sed
1384 927 1498 981 zelo
1526 923 1740 979 modum
1778 916 2081 973 accusatio-

511 1038 598 1090 nis
626 1033 893 1089 excessit:
936 1043 1064 1081 num
1101 1039 1199 1093 ego
1233 1020 1400 1074 debeo
1438 1010 1869 1086 praesumptionis
1909 1005 2080 1076 argui,

512 1125 602 1194 qui
637 1136 804 1192 pauca
830 1120 896 1171 de
929 1113 1174 1186 plurimis
1197 1111 1246 1164 ei
1273 1107 1628 1179 potissimum,
1661 1101 1751 1170 qui
1785 1099 1873 1168 jus
1910 1097 2083 1152 corri-

511 1191 669 1288 gendi
695 1210 1066 1284 principaliter
1089 1204 1353 1275 possidet,
1377 1196 1655 1254 intimavi?
1691 1193 1866 1249 Meum
1901 1191 2084 1257 itaque

510 1307 612 1361 fuit
643 1304 813 1361 sacris
839 1301 1059 1355 auribus
1086 1297 1203 1350 bmc
1243 1301 1518 1358 utcunque
1551 1297 1879 1357 suggerere;
1934 1288 2083 1332 tuum

510 1406 614 1463 est,
641 1405 802 1468 prout
831 1391 1058 1447 facultas
1089 1385 1352 1447 attulerit,
1389 1393 1660 1435 coercere.
1716 1369 2082 1441 Satagendum

514 1459 612 1542 est
627 1459 814 1554 igitur,
847 1490 902 1536 et
923 1481 1186 1534 instanter
1208 1469 1617 1530 elaborandum,
1638 1473 1698 1518 ut
1725 1463 1779 1517 in
1808 1459 2084 1515 tremendo

514 1576 710 1634 summi
742 1572 973 1644 pastoris
1011 1566 1278 1628 examine,
1311 1561 1395 1617 vel
1441 1573 1564 1614 cum
1623 1555 1739 1610 Elia
1783 1562 1836 1607 le
1865 1548 2085 1606 intimus

515 1667 614 1722 zeli
644 1639 825 1721 fervor
849 1671 1100 1722 excuset,
1133 1655 1216 1711 vel
1251 1668 1372 1708 cum
1399 1650 1582 1713 Petro,
1610 1645 1752 1716 quod
1798 1639 2085 1713 gloriosius

513 1766 617 1820 est,
643 1752 925 1821 multiplex
951 1745 1225 1804 commissi
1251 1741 1428 1815 gregis
1475 1738 1682 1792 fructus
1709 1739 1952 1788 exornet.
1984 1728 2081 1791 Ne,

513 1861 713 1918 quaeso,
738 1861 787 1899 m

514 1915 741 2001 inculto,
771 1933 895 2002 quia
936 1932 1062 1984 dum
1099 1941 1292 1982 manus
1327 1918 1694 1989 adjaciendos
1737 1915 1922 1984 apices
1966 1927 2084 1981 pro-

512 2034 688 2096 perat,
735 2001 863 2077 hinc
905 2017 1194 2082 Cadalous,
1247 2014 1410 2069 draco
1456 2008 1707 2063 videlicet
1761 2001 2086 2064 teterrimus,

513 2093 710 2174 audiat,
748 2111 892 2165 illinc
915 2109 1180 2162 virulenta
1210 2099 1542 2171 serpentium
1575 2105 1754 2149 turma
1786 2093 1854 2146 de
1896 2104 2090 2145 caver-

517 2207 596 2260 nis
631 2204 746 2257 suis
769 2214 991 2270 egressa
1037 2194 1348 2251 consibilat.
1395 2191 1562 2256 Quos,
1593 2185 1719 2256 quia
1755 2197 1862 2238 non
1897 2194 2090 2250 possu-

515 2310 636 2348 mus
685 2285 1150 2345 incantationibus
1198 2282 1470 2348 frangere,
1531 2287 1788 2346 paramus
1837 2281 2092 2339 squamea

517 2385 656 2440 colla
683 2381 876 2452 gladiis
899 2379 1244 2432 obtruncare.
1269 2372 1376 2427 Sed
1405 2369 1531 2438 quia
1559 2365 1796 2437 synodus
1819 2360 2089 2425 imminet,

514 2477 792 2546 pedestres
810 2472 972 2525 etiam
995 2465 1290 2521 versiculos
1319 2461 1522 2517 subdo:

584 2567 740 2622 Sedis
762 2560 1068 2633 apostolica:
1091 2557 1181 2628 qui
1207 2555 1322 2609 vult
1353 2552 1586 2608 retinere
1608 2548 1874 2620 vigorem,

655 2659 833 2729 Equa
850 2657 1011 2711 libret
1030 2652 1210 2724 rigidae
1235 2648 1472 2720 pondera
1491 2645 1736 2714 iustitiae.

583 2752 729 2806 Juris
759 2749 902 2804 enim
936 2743 1134 2816 pariles
1161 2740 1332 2795 nescit
1359 2732 1915 2816 suspenderellances.

653 2844 826 2909 Quem
858 2809 1009 2890 favor
1037 2831 1283 2896 inflectit,
1322 2844 1446 2899 spes
1477 2827 1560 2882 vel
1583 2809 1744 2879 avara
1785 2821 1976 2879 trahit.

582 2929 892 2985 Muneribus
920 2925 1090 2994 plenae
1118 2921 1203 2975 cui
1234 2920 1421 2973 laxant
1446 2931 1542 2970 ora
1573 2927 1867 2977 crumena,

653 3017 867 3072 Justitia
891 3026 1117 3068 vacuam
1144 3007 1318 3078 perdit
1341 3007 1494 3075 inops
1522 3003 1780 3057 animam.

579 3111 711 3168 C(eli
746 3109 913 3163 Roma
937 3121 1086 3160 seras
1107 3109 1276 3176 tenet,
1310 3109 1366 3155 et
1389 3098 1527 3168 regit
1552 3095 1702 3150 orbis
1739 3094 2012 3150 habenas:

658 3203 772 3266 llis,
800 3199 844 3254 si
869 3198 1022 3267 plura
1049 3193 1192 3256 velit,
1220 3200 1423 3246 tartara
1453 3187 1566 3243 sola
1597 3186 1750 3257 petit.

1046 3280 1378 3337 EPISTOLA
1414 3278 1552 3333 XVI.

520 3402 589 3442 AD
643 3395 859 3439 εωιιδευ
911 3387 1268 3432 Αιεχλκοιιωι
1314 3387 1374 3434 ll,
1433 3383 1686 3424 ιιοδιΑιωιι
1733 3381 2086 3432 PONTIFICII,

585 3471 656 3510 Εἰ·
685 3460 1092 3506 ΒιιυειςιιΑΝυυιι
1142 3460 1188 3498 S.
1237 3458 1290 3496 Β.
1337 3456 1388 3495 Ε.
1436 3454 1774 3496 (ΖΔΒΙΠΝΔΙιΕΙ
1813 3453 2093 3493 ABCHIDIA-

584 3538 781 3580 CONUM.

513 3623 912 3676 Anconsarun.
951 3639 1024 3650 --
1050 3606 1431 3678 Reprehensos
1476 3604 1544 3658 ab
1573 3601 1885 3678 Alexandro
1912 3599 2089 3678 ponti-

585 3670 706 3750 fice,
733 3695 785 3740 et
816 3670 1184 3750 Hildebrando
1210 3676 1607 3750 archidiacono,
1637 3670 2087 3750 quod_epiStolam

585 3741 876 3828 quamdam
907 3749 1228 3828 scripsisset
1257 3741 1882 3828 Coloniensinantistitin
1904 3755 2090 3820 exem-

587 3811 701 3899 plar
736 3825 878 3899 illius
899 3811 1140 3899 epistolae
1163 3817 1230 3899 ad
1255 3817 1474 3899 eosdem
1505 3812 1685 3899 mri‘ttit.
1717 3811 1940 3874 Deinde,
1964 3811 2090 3899 quia

585 3880 804 3966 iegatus
830 3880 1129 3966 fueratab
1167 3888 1378 3950 iisdem,
1432 3882 1796 3965 ut.Romam,
1851 3889 1907 3966 et
1959 3880 2091 3966 inde

583 3951 879 4024 Mantuam,
947 3961 1038 4013 ubi
1081 3967 1378 4012 conventus
1441 3954 1817 4024 episcoporum
1887 3951 2092 4024 haben-

584 4019 686 4090 dus
700 4043 838 4096 erat,
858 4019 1038 4085 secum
1063 4019 1524 4096 proficisceretur:
1553 4019 1853 4076 Romanum
1872 4019 2088 4096 quidem

584 4107 708 4168 iter,
729 4090 981 4170 tanquam
1009 4090 1183 4170 minus
1206 4095 1588 4170 necessarium,
1613 4101 1678 4170 _e_t
1699 4106 1808 4145 sua:
1829 4090 2090 4145 senectuti

589 4160 752 4230 nimis
786 4160 1178 4224 incommodum
1221 4160 1916 4233 deprecatur;_Mantuana:
1965 4174 2092 4233 vero

576 4241 936 4314 profectionis
962 4230 1386 4314 laborem,_quod
1415 4247 1445 4285 e
1484 4247 1542 4314 re
1562 4231 1880 4285 Christiana:
1914 4230 2091 4314 reipu:

587 4245 936 4314 profectionis
963 4245 1220 4295 laborem,
1245 4245 1386 4302 quon
1415 4247 1445 4285 e
1484 4247 1542 4286 re
1562 4245 1880 4285 Lnrtsnanze
1914 4245 1987 4282 ret
2032 4245 2090 4280 u-

587 4313 741 4368 blica:
768 4309 872 4381 33
893 4322 1012 4381 esse
1032 4305 1330 4381 videretur,
1354 4302 1573 4356 omnino
1595 4316 1712 4381 non
1725 4308 1954 4381 recusat.
1967 4245 2090 4381 ,ἕω

573 4397 757 4452 usque
770 4369 869 4452 'ad
889 4378 1174 4431 adventum
1216 4375 1530 4452 utriusque,
1551 4371 1641 4441 qui
1667 4369 2090 4452 blantuanrillac

584 4440 870 4507 transituri
895 4453 1072 4510 erant,
1105 4453 1268 4498 tantm
1297 4445 1376 4498 rei
1409 4440 1854 4498 deliberationem
1891 4440 2083 4508 rejicit.

1066 347 1128 404 S.
1165 346 1362 402 PETRI
1401 341 1679 399 DAMIAM
1710 338 1863 395 Ol’P.
1899 335 2077 390 PARS
2117 333 2247 389 SEU
2284 330 2517 388 TOMUS
2545 329 2583 384 l.
2617 359 2684 369 --
2724 327 2943 384 EPIST.
2981 325 3110 382 LIB.
3153 325 3284 382 Vlll.

1239 503 1256 534 ι
1285 481 1423 536 Cum
1448 493 1576 549 ergo
1606 472 1870 544 propheta
1901 467 2072 524 solum
2107 455 2150 510 Α
2181 445 2566 549 ηοηιῐηθῐηῖοξ-
2599 442 2656 496 Si
2681 455 2778 544 Pr?
2791 440 2902 542 bat:
2935 439 3114 542 itaque
3139 436 3364 542 cpistola
3399 441 3535 491 mori
3565 438 3757 506 debeo,

3649 325 3755 382 236

2182 538 2344 592 tendo
2387 535 2652 590 cervicem
2683 573 2697 596 ,
2744 531 3036 600 imprimite
3082 529 3388 600 pugionem.
3437 528 3513 584 De
3559 543 3757 586 caetero

2182 633 2429 681 sanctum
2466 623 2722 678 Satanam
2756 637 2933 676 meum
2966 620 3239 674 humiliter
3272 619 3500 674 obsecro
3531 621 3668 691 (79),
3701 631 3756 676 ut

2183 733 2288 773 non
2335 717 2619 768 adversum
2651 729 2736 767 me
2766 722 3045 779 tantopere
3085 711 3292 774 saeviat,
3320 726 3421 764 nec
3450 712 3568 780 ejus
3593 727 3757 767 vene.

2185 807 2352 861 randa
2381 805 2631 875 superbia
2684 812 2793 856 tam
2840 802 3011 871 longis
3056 815 3142 855 me
3174 801 3491 855 verberibus
3523 811 3758 867 atterat;

2185 899 2276 952 sed
2300 897 2523 965 jumjam
2549 896 2692 950 circa
2729 909 2944 947 servum
2967 908 3122 946 suum
3147 893 3231 946 vel
3261 893 3454 947 satiata
3489 894 3759 948 mitescat.

2184 988 2440 1042 Liventes
2487 985 2685 1055 quippe
2726 983 2960 1053 scapulae
2999 981 3112 1050 jam
3167 981 3446 1044 deficiunt,
3469 989 3522 1034 et
3551 981 3759 1035 sulcata

2188 1089 2266 1136 tot
2314 1079 2504 1149 plagis,
2540 1086 2725 1146 totque
2759 1085 2905 1145 terga
2951 1074 3216 1128 vibicibus
3271 1073 3622 1127 tumescentia
3653 1088 3761 1128 non

2186 1171 2506 1225 subsistunt.
2544 1167 2692 1223 Unde
2727 1167 2809 1220 vir
2858 1166 3076 1234 sapiens
3124 1183 3136 1216 :
3185 1182 3202 1215 ι
3241 1163 3498 1234 Flagelli,
3557 1165 3761 1233 inquit,

2185 1261 2338 1332 plaga
2395 1261 2618 1315 livorem
2665 1257 2816 1322 facit,
2865 1257 3019 1328 plaga
3074 1265 3254 1310 autem
3306 1255 3502 1326 lingua:
3539 1259 3767 1312 commi-

2187 1355 2305 1409 nuit
2333 1367 2453 1408 ossa
2503 1351 2692 1421 (Eccli.
2747 1350 2964 1418 xxvm).
2997 1369 3016 1401 ο
3044 1350 3157 1420 Age
3199 1349 3382 1418 igitur,
3415 1357 3630 1417 tempus
3678 1358 3765 1403 est

2187 1443 2355 1508 enim,
2379 1452 2432 1496 ut
2457 1458 2556 1512 ego
2571 1440 2750 1510 jam...
2775 1441 2913 1512 (80).
2930 1439 3035 1496 Sed
3057 1441 3232 1495 adhuc
3244 1441 3492 1510 spiritum
3509 1440 3762 1510 reprimo,

2187 1536 2348 1591 labiis
2404 1535 2630 1606 digitum
2685 1542 3119 1604 superponozet
3167 1533 3295 1587 licet
3347 1547 3545 1596 seram,
3586 1544 3766 1587 tamen

2187 1628 2363 1682 adhuc
2389 1626 2816 1680 misericordiam
2841 1640 3046 1695 quaero.
3080 1623 3232 1691 Quod
3257 1632 3437 1678 autem
3466 1639 3552 1678 me
3579 1624 3644 1677 ad
3670 1637 3770 1677 vos

2187 1721 2416 1774 Romam
2451 1719 2657 1782 venire,
2690 1716 2885 1772 deinde
2913 1717 3188 1772 vobiscum
3222 1716 3304 1770 ire
3334 1715 3606 1768 Mantuam
3631 1729 3771 1783 prm-

794 1802 1028 1904 i'remini,
1051 1838 1097 1894 si
1125 1802 1280 1892 tenor
1303 1802 1460 1900 hujus
1481 1826 1721 1896 epistolae
1742 1822 1881 1893 stylo
1905 1827 2090 1876 currat
2119 1803 2161 1862 Β
2190 1809 2410 1878 cepistis
2428 1848 2443 1873 ,
2473 1808 2757 1876 utriusque
2785 1805 2919 1861 mihi
2941 1805 3096 1860 labor
3120 1805 3334 1860 itineris
3355 1803 3511 1856 valde
3535 1802 3769 1857 difﬁcilis

2188 1900 2336 1953 visus
2375 1907 2480 1961 est,
2513 1906 2566 1953 et
2601 1913 2736 1952 meae
2774 1896 3040 1951 senectuti
3096 1895 3320 1949 nimium
3364 1894 3560 1963 gravis.
3613 1891 3769 1946 Unde

2190 1991 2417 2044 Romam
2438 1989 2646 2052 venire,
2677 1988 2820 2058 quod
2845 1987 3000 2052 vobis
3033 1986 3212 2040 minus
3243 1987 3541 2054 prodesset,
3567 1983 3723 2038 omisi
3748 1998 3763 2035 :

2189 2081 2585 2152 expeditionem
2635 2093 2764 2134 vero
2809 2077 3084 2133 Mantuani
3134 2076 3347 2130 itineris
3402 2075 3574 2144 magis
3613 2073 3768 2127 vobis

2190 2171 2554 2226 necessariam
2595 2167 2852 2239 judicavi.
2902 2165 3009 2221 Sed
3041 2166 3092 2219 in
3126 2165 3445 2219 destinando
3475 2162 3608 2216 mihi
3636 2177 3766 2216 san-

2191 2271 2292 2318 cta:
2344 2270 2538 2317 vestrae
2581 2257 2862 2330 legationis
2909 2256 3155 2320 oraculo,
3199 2256 3335 2310 satis
3371 2264 3596 2323 uterque
3627 2253 3771 2305 inter

2189 2369 2287 2408 vos
2324 2350 2665 2421 inaequaliter
2710 2348 2997 2404 divisistis.
3044 2345 3333 2410 Nimirum,
3370 2354 3430 2398 ut
3460 2359 3597 2398 unus
3636 2342 3768 2396 mihi

2190 2445 2440 2500 videatur
2467 2440 2677 2510 paterni
2722 2439 2925 2494 favoris
2965 2437 3281 2492 affabilitate
3310 2436 3602 2499 blanditus,
3631 2435 3770 2488 alter

2192 2535 2480 2592 hostilibus
2499 2532 2693 2603 jurgiis
2724 2530 3042 2607 terribiliter
3093 2529 3474 2584 comminatus.
3508 2525 3657 2582 Unus
3679 2540 3770 2578 vc-

2190 2637 2362 2684 strum
2393 2642 2480 2681 me
2519 2634 2774 2694 tanquam
2824 2623 2902 2679 sol
2949 2636 3176 2677 corusco
3228 2619 3418 2674 fervidi
3460 2617 3776 2686 splendoris.

2191 2717 2440 2782 irradiat,
2468 2715 2606 2772 alter
2638 2715 2782 2769 velut
2811 2714 2994 2770 furens
3026 2713 3222 2781 Aquilo
3255 2711 3505 2766 violentis
3535 2711 3772 2779 impetus

2191 2809 2275 2867 sui
2321 2809 2504 2864 ﬂabris
2555 2807 2814 2864 exsufilat.
2867 2807 3022 2863 Unde
3079 2807 3209 2861 illud
3239 2808 3302 2860 ad
3336 2815 3572 2860 mentem
3603 2804 3764 2868 redit,

2190 2901 2334 2972 quod
2384 2898 2619 2956 refertur
2665 2899 2720 2954 in
2775 2897 2992 2953 fabulis.
3040 2897 3246 2952 Dicitur
3283 2895 3450 2959 enim,
3481 2893 3607 2963 quia
3639 2892 3768 2946 dum

2191 2990 2412 3060 quidam
2461 2989 2686 3044 indutus
2731 2987 3016 3058 chlamyde
3060 2988 3236 3041 viator
3271 2986 3568 3051 incederet,
3600 2982 3770 3038 Solet

2191 3081 2370 3136 Eurus
2387 3095 2510 3136 eum
2539 3079 2694 3149 quasi
2741 3079 3028 3133 materiam
3080 3078 3182 3133 sibi
3216 3090 3549 3146 proposuere
3583 3084 3762 3129 certa-

2192 3171 2375 3238 minis,
2402 3169 2524 3241 quis
2545 3169 2795 3224 videlicet
2813 3184 2845 3225 e
2861 3164 3480 3236 duobuscichlamydem
3506 3163 3771 3233 potuisset

2193 3260 2427 3318 auferre.
2456 3261 2570 3316 Hoc
2595 3261 2781 3330 itaque
2817 3261 2962 3314 inter
2995 3274 3090 3313 eos
3137 3256 3343 3312 fmdere
3364 3255 3682 3317 constituto,
3709 3261 3769 3305 ut

2193 3367 2318 3406 eum
2355 3353 2446 3421 qui
2476 3352 2646 3406 victor
2673 3351 2952 3415 existeret,
2990 3349 3172 3402 virens
3221 3346 3402 3400 laurea
3457 3353 3768 3407 coronaret,

2191 3442 2358 3512 coepit
2384 3441 2556 3496 Eurus
2597 3440 2863 3496 violenter
2887 3440 3201 3503 infremere,
3241 3437 3461 3491 nubium
3496 3433 3768 3488 volumina

2193 3547 2566 3598 commovere;
2590 3547 2621 3587 e
2647 3541 2860 3596 contra,
2911 3530 3084 3583 viator
3113 3527 3445 3598 chlamydem
3479 3525 3767 3592 stringere,

2193 3637 2442 3691 seseque,
2511 3636 2580 3676 ne
2632 3631 2836 3676 vestem
2883 3619 3156 3690 perderet,
3194 3616 3430 3684 undique
3491 3614 3769 3681 constipa-

2192 3729 2272 3770 re.
2298 3713 2543 3783 Cumque
2571 3711 2866 3781 discipulus
2905 3709 3047 3765 )Eoli
3077 3723 3230 3763 casso
3276 3706 3462 3760 labore
3489 3705 3768 3766 deficeret,

2193 3817 2422 3872 seseque
2438 3811 2673 3872 ceptum
2698 3815 2859 3870 posse
2877 3798 3139 3870 perficere
3166 3796 3412 3850 funditus
3430 3796 3767 3863 desperaret,

2192 3894 2338 3949 illico
2367 3893 2460 3949 Sol
2488 3908 2652 3947 aurea
2683 3893 2846 3961 coepit
2868 3906 2963 3945 ora
2989 3890 3266 3959 detegere,
3308 3885 3632 3940 micantibus
3666 3892 3773 3936 ter-

2190 4001 2306 4041 ram
2334 3984 2636 4041 fervoribus
2680 3983 2966 4038 illustrare.
2998 3980 3120 4034 Mox
3144 3979 3321 4034 viator
3347 3993 3466 4032 cum
3487 3975 3600 4044 jam
3625 3975 3772 4028 testi-

2195 4079 2298 4134 bus
2321 4077 2473 4132 nimii
2527 4076 2756 4131 fervoris
2787 4085 3078 4138 arcsceret,
3125 4073 3365 4140 uberque
3394 4069 3556 4125 sudor
3579 4069 3768 4122 hume-

2191 4169 2349 4224 factis
2400 4168 2699 4223 visceribus
2747 4166 3020 4230 cbulliret,
3071 4160 3680 4234 projecitchlamydent,
3708 4165 3772 4212 ut

2191 4260 2345 4316 nimii
2375 4260 2641 4314 caumatis
2689 4264 3013 4326 temperaret
3043 4253 3316 4308 ardorem.
3365 4251 3456 4305 ille
3484 4265 3613 4320 ergo
3639 4263 3772 4302 con-

2192 4349 2322 4406 dicti
2385 4349 2700 4405 certaminis
2755 4347 3054 4418 promeruit
3108 4345 3340 4415 palmam
3371 4382 3385 4406 ,
3429 4341 3520 4410 qui
3577 4339 3772 4393 leniter

2194 4443 2321 4514 egit,
2375 4456 2480 4496 non
2528 4440 2638 4513 34.
2678 4441 2772 4510 qui
2809 4441 3026 4495 vincere
3071 4437 3322 4501 furendo,
3375 4445 3430 4490 et
3458 4431 3767 4487 violentiam

573 4543 734 4599 .Patri
756 4549 817 4596 .et
843 4539 952 4592 filio
975 4549 1124 4606 papa:
1153 4543 1208 4589 et
1226 4533 1630 4597 archidiacono,
1660 4529 1876 4586 Psrnus
1898 4503 2085 4598 pecca-

2196 4535 2484 4604 irrogando
2509 4503 2752 4588 tentavit.

513 4645 604 4690 tor
628 4630 924 4688 monachus
957 4624 1291 4680 servitutem.

588 4721 900 4792 Epistolam,
932 4718 998 4772 de
1019 4731 1123 4784 qua
1153 4729 1240 4768 me
1271 4711 1676 4783 insuggillastis,
1698 4709 1766 4764 ad
1787 4724 1883 4764 vos
1911 4715 2086 4773 mitto,

509 4825 577 4868 nt
600 4813 846 4876 videatis,
873 4818 928 4864 et
971 4807 1100 4878 quid
1149 4805 1202 4859 in
1237 4819 1301 4860 ea
1337 4805 1622 4858 adversum
1673 4815 1770 4855 vos
1791 4799 1992 4870 egerint
2020 4797 2088 4851 li-

514 4907 680 4976 quido
732 4900 1115 4971 comprobetis.
1144 4897 1297 4964 Quod
1355 4897 1400 4950 si
1442 4895 1602 4948 aliatn
1643 4893 1698 4946 in
1745 4891 1865 4945 illas
1905 4897 2087 4960 partes

512 4994 796 5067 epistolam
850 4992 992 5055 misi,
1026 4989 1109 5043 vel
1157 4990 1209 5042 in
1262 4989 1364 5042 hac
1405 4988 1519 5056 ipsa
1571 4983 1772 5054 aliquid
1822 4995 1992 5051 usque
2020 4980 2086 5034 ad

513 5101 676 5142 unam
727 5084 984 5142 litteram,
1015 5093 1100 5133 me
1131 5080 1358 5141 sciente,
1395 5085 1611 5130 auctum
1649 5082 1756 5141 est,
1802 5071 1886 5125 vel
1915 5070 2090 5124 immi-

513 5186 728 5238 nutum,
764 5181 860 5226 aut
887 5170 1068 5239 aliquo
1119 5169 1275 5224 modo
1315 5174 1754 5228 transmutatam,
1802 5172 1858 5216 et
1889 5160 2087 5230 nonad

513 5285 610 5324 vos
631 5278 714 5323 est
761 5265 1082 5336 simpliciter
1107 5265 1294 5327 missa,
1337 5262 1479 5316 sicut
1523 5269 1651 5314 tunc
1677 5256 1894 5312 domino
1923 5253 2084 5310 Colo-

513 5361 688 5418 niensi
725 5357 966 5429 pontifici
1013 5365 1103 5410 est
1126 5355 1352 5419 directa,
1380 5352 1620 5405 Naaman
1646 5349 1768 5418 Syri
1819 5363 1906 5401 me
1932 5346 2081 5415 lepra

514 5446 619 5515 (ιν
662 5449 788 5519 Reg.
819 5452 870 5520 v)
921 5447 1226 5518 perfundat,
1277 5442 1359 5498 vel
1405 5440 1630 5508 Barjesu
1685 5438 1900 5491 caecitas
1945 5437 2108 5506 (Actu

515 5537 634 5605 xln)
679 5537 864 5592 oculos
908 5551 1041 5591 mete
1081 5533 1282 5590 frontis
1308 5531 1563 5586 obducat.
1595 5526 1779 5582 Jesum
1822 5533 2012 5590 testor,
2034 5532 2090 5578 et

514 5637 735 5690 sanctos
772 5627 990 5688 angelos
1022 5625 1159 5693 ejus,
1192 5624 1316 5682 quia
1362 5621 1416 5676 in
1443 5619 1546 5675 hac
1576 5633 1675 5688 ego
1717 5615 2088 5672 satisfactione

583 5759 699 5830 (79)
733 5761 1150 5817 llildebrautlnm
1181 5759 1237 5815 S.
1271 5759 1337 5813 Β.
1374 5758 1433 5811 Ε.
1461 5756 1609 5810 arclt.
1635 5751 1902 5820 intelligit.

2267 4625 2372 4680 Sed
2428 4633 2490 4680 ut
2527 4640 2558 4679 e
2601 4623 2900 4694 Scripturis
2953 4623 3122 4678 sacris
3151 4619 3431 4675 honestius
3459 4617 3770 4688 proferatur

2194 4713 2495 4782 exemplum
2524 4730 2537 4766 :
2567 4713 2610 4767 si
2637 4712 2874 4767 Roboam
2906 4726 3093 4765 senum
3123 4709 3364 4765 consiliis
3390 4707 3766 4776 acquiesccns,
3823 4743 3826 4746 «

2193 4805 2388 4875 populo
2433 4804 2583 4857 mitia
2631 4803 3015 4873 respondisset,
3071 4812 3240 4858 totum
3288 4800 3448 4856 lsrael
3507 4798 3586 4853 sui
3629 4795 3770 4866 juris

2195 4893 2426 4963 imperio
2477 4890 2838 4948 subdidisset:
2869 4893 2961 4946 sed
3008 4892 3132 4961 quia
3189 4904 3489 4946 coaevorum
3548 4899 3768 4940 suorum

2193 4983 2456 5053 Superbia:
2476 4982 2724 5047 credidit,
2750 4982 2933 5036 divisis
2957 4997 2987 5037 a
3012 4996 3070 5037 se
3093 4982 3277 5035 decem
3310 4977 3570 5042 tribubus,
3598 4972 3766 5028 subli-

2193 5089 2332 5127 mem
2374 5072 2522 5142 regni
2557 5073 2852 5140 potentiam
2899 5069 3155 5126 humilem
3198 5069 3329 5124 fecit
3359 5064 3614 5138 (IIIReg.
3651 5079 3722 5118 sn
3749 5081 3797 5136 ς,

2193 5164 2256 5219 II
2283 5163 2468 5218 Paral.
2519 5165 2595 5230 χ).
2631 5161 2964 5217 Rhinoceros
3002 5162 3189 5224 etiam,
3238 5159 3328 5229 qui
3375 5157 3556 5213 rabida
3584 5172 3631 5226 p-
3654 5171 3754 5209 rse-

2191 5255 2470 5327 quentium
2516 5269 2707 5307 canum
2737 5268 2831 5307 ora
2863 5253 3144 5308 celerrima
3183 5252 3499 5320 pernicitate
3524 5257 3770 5303 eontem-

2193 5347 2294 5407 nit,
2317 5344 2434 5413 capi
2473 5359 2532 5398 se
2584 5344 2789 5414 gremio
2839 5343 3045 5398 blanda
3090 5343 3317 5413 virginis
3367 5357 3471 5395 non
3501 5339 3763 5409 pavescit.

2195 5437 2300 5492 Sed
2322 5435 2412 5503 qui
2437 5443 2648 5499 cuncta,
2680 5449 2799 5503 quae
2824 5444 2999 5488 vestra
3041 5443 3185 5497 sunt,
3221 5431 3449 5495 reddidi,
3472 5445 3569 5484 cur
3591 5427 3769 5482 adhuc

2193 5527 2622 5597 persecutionem
2680 5526 2888 5595 patior?
2924 5523 3248 5578 Naturarum
3300 5531 3448 5577 certe
3479 5518 3768 5591 perhibent

2193 5619 2481 5672 rimatores
2507 5615 2681 5687 (Pus.
2713 5616 2807 5670 lib.
2839 5631 2933 5680 xu,
2966 5630 3083 5684 cap.
3120 5615 3198 5683 l),
3223 5613 3404 5668 nescio
3432 5625 3609 5668 utrum
3636 5606 3766 5664 asti-'

2265 5747 2377 5820 (80)
2405 5747 2764 5817 Aposiopesis.
