4140 6454
403 358 508 411 937

1601 364 1801 422 LIBER
1841 367 2118 436 PRIMUS,
2148 371 2360 428 EPIST.
2405 373 2497 428 XX

3550 387 3654 443 238

402 476 655 543 pulentnr
698 477 862 531 etiam
908 486 1219 546 venatores,
1270 494 1395 550 quia
1427 491 1607 535 castor
1635 482 1761 536 dum
1803 485 1983 541 nativo
2011 492 2056 550 Α
2088 503 2312 559 regnum
2359 490 2577 545 sibimet
2621 491 2920 560 pollicetur,
2952 494 3018 549 ad
3050 496 3150 552 hoc
3186 500 3657 574 quandoqncpro—

402 569 700 637 perpendat
719 569 930 639 ingenio
976 584 1034 623 se
1062 586 1162 624 non
1187 570 1256 626 ob
1284 571 1424 624 aliud
1458 572 1730 636 insectari,
1759 574 1861 628 nisi
1887 591 1985 644 pro

404 657 694 719 testiculis,
723 669 783 710 ut
829 658 1134 712 medicinali
1183 669 1468 714 serventur
1491 661 1764 716 industriae
1793 664 1982 731 praeci-

406 746 619 809 dendis,
652 747 717 798 ad
750 745 947 814 stipitis
996 755 1245 800 truncum
1283 757 1504 815 repente
1527 750 1814 817 procurrit,
1845 765 1984 805 sese-

405 852 512 906 que
541 836 806 891 violenter
828 837 1149 907 impingens.
1184 839 1459 893 testiculos
1486 839 1713 909 projicit.
1741 841 1857 895 Mox
1883 842 1983 896 ita-

400 945 509 998 que
535 927 744 997 longius
771 929 1080 997 provolans,
1113 945 1302 984 versus
1330 931 1396 984 ad
1429 941 1738 985 venatorem
1765 933 1816 986 in
1843 934 1980 988 duo-

399 1019 504 1073 bus
549 1033 606 1074 se
661 1017 887 1086 pedibus
935 1017 1111 1088 erigit,
1139 1033 1237 1073 nec
1265 1035 1324 1074 se
1344 1020 1457 1088 jam
1501 1021 1718 1086 habere,
1753 1037 1850 1090 pro
1876 1037 1981 1091 quo

402 1119 696 1178 quaeratur,
727 1109 984 1164 ostendit.
1015 1107 1266 1178 Nunquid
1313 1125 1442 1179 ergo
1467 1111 1658 1165 durior
1679 1113 1979 1168 satisfactio

400 1199 666 1268 quaeritur
691 1199 757 1252 ab
785 1199 1024 1261 homine,
1049 1197 1234 1267 quam
1263 1200 1509 1270 exigatur
1561 1203 1629 1256 ab
1659 1203 1980 1260 animalibus

401 1285 610 1340 brutis?
641 1285 746 1340 Sed
769 1300 848 1340 ne
873 1287 1089 1340 modum
1141 1289 1370 1342 excedat
1404 1282 1695 1357 epistolaré
1723 1306 1979 1362 compen-

399 1375 572 1442 dium,
605 1377 672 1431 ad
704 1378 819 1432 haec
843 1377 1231 1447 expostulanda
1273 1389 1512 1434 vestrum
1542 1381 1594 1435 in
1624 1390 1836 1437 nostras
1858 1400 1979 1454 par-

413 1475 496 1521 tes
525 1468 898 1538 praestolemur
927 1469 1239 1523 adventurm.

923 1557 1256 1614 EPISTOLA
1299 1559 1458 1615 XVII.

795 1644 862 1682 AD
891 1643 1112 1685 ευιωειι
1142 1645 1496 1687 ΑιιῖιΑΝυιιωι
1528 1648 1564 1687 II

505 1682 513 1692 ’
554 1695 816 1766 (Habetur
844 1682 1117 1762 toni.'lII,
1144 1682 1658 1769 istqz’iéﬁéibdlum
1697 1705 1809 1776 25).

921 1787 1247 1873 EPISTOLA
1285 1776 1468 1845 xv'nt.

1023 1873 1093 1912 ΑΙ)
1119 1873 1340 1914 ιιωωειι

575 1924 840 1994 (Habetur
861 1937 985 1981 tom.
1020 1926 1132 1989 111,
1161 1940 1334 1998 estque
1356 1931 1658 1998 opusculum
1679 1933 1792 2008 ἢὸ).

924 2037 1254 2096 EPISTOLA
1297 2039 1437 2095 XIX.

398 2171 661 2244 (Habetur
685 2184 810 2264 tam.
838 2174 922 2264 '1',
955 2125 1424 2264 estazami’ligigs:
1454 2180 1718 2264 Rodii-Iphi
1745 2189 1972 2258 episcopi

701 2242 992 2316 Eugulu'ui,
1023 2242 1070 2301 et
1099 2249 1362 2305 Dominici
1387 2242 1663 2323 Loricatt'j.

936 2356 1267 2413 EPISTOLA
1307 2359 1426 2413 XX.

402 2439 471 2476 AD
519 2439 798 2481 CADALOUM
843 2442 1132 2482 ειηεοορωι
1180 2444 1516 2496 PARMENSEII,
1568 2447 1656 2496 QUI
1707 2449 1777 2488 ΕΤ
1812 2451 1974 2491 110Νο-

917 2512 1036 2552 ιιιυε
1075 2514 1113 2552 II
1153 2515 1435 2553 ANTIPAI'A.

398 2596 782 2664 assensurum
809 2615 876 2664 ςι-
896 2585 1159 2664 Cadalous
1179 2586 1489 2664 Parmensis
1511 2591 1814 2664 episcopus,
1840 2610 1970 2664 pra:-

467 2653 554 2728 t‘er_
577 2653 681 2708 alia
702 2654 887 2728 _vitia,
932 2657 1134 2728 quaein
1165 2671 1230 2728 eo
1279 2653 1560 2728 complura
1592 2653 1968 2727 inerantfma-

463 2723 587 2846 ﬁnis
611 2724 922 2780 ambitionis
967 2725 1175 2780 facibus
1211 2723 1596 2791 inflammatus,
1640 2723 1886 2801 ingentes
1915 2735 1966 2789 in

516 2807 710 2846 omana
756 2794 997 2846 Ecclesia
1061 2797 1243 2846 turbas
1307 2799 1620 2846 concitavit-
1666 2802 1966 2846 Διρηιηιινη

516 2807 710 2847 omana
756 2794 998 2849 Ecclesia
1061 2797 1243 2850 turbas
1307 2799 1620 2854 concitavit.
1664 2794 1969 2859 Alexandro

465 2862 608 2938 enim
652 2862 888 2938 legitimo
929 2865 1211 2938 pontifice,
1220 2867 1450 2938 reiecto,
1484 2869 1880 2938 largitionibus,
1915 2883 1970 2929 et

462 2933 738 3056 pessimis.
768 2934 1069 3017 quibusque
1112 2933 1544 3020 arOtibtis'eﬂ'ecit,
1571 2933 1635 3022 ut
1662 2942 1825 3022 ipse-a
1849 2933 1968 3010 qni-

504 3004 689 3056 usdam
751 3003 1038 3056 Cisalpinis
1099 3021 1368 3056 emscoms
1419 3023 1498 3056 sm
1558 3011 1824 3056 SIII‘IIIIIHIR
1861 3013 1967 3056 ’.ιιι

504 3004 689 3084 usdam
743 3003 1038 3084 ACisalpingis
1087 3007 1368 3084 episcopis
1419 3009 1498 3084 sui
1558 3003 1967 3084 similibus'35

463 3072 554 3141 (ad
581 3088 717 3142 quos
739 3072 916 3128 tamen
945 3072 1226 3130 electionis
1245 3072 1336 3143 jus
1368 3078 1588 3155 minime
1619 3072 1962 3155 pertinebat;

464 3152 717 3224 tanquam
747 3159 903 3198 verus
923 3155 986 3224 _et
1020 3160 1306 3224 germanus
1334 3147 1570 3224 pontifex
1596 3147 1964 3224 promulgare-

464 3220 572 3288 tur.
619 3212 786 3284 Igitur
829 3212 1067 3269 scelestis
1095 3212 1406 3288 cupiditatis
1457 3212 1677 3288 compos
1714 3212 1961 3288 effectus,

461 3282 693 3357 scelera,
726 3298 847 3352 quae
898 3293 1056 3338 antea
1111 3282 1376 3357 occultius
1424 3282 1694 3357 patrabat,
1750 3282 1962 3357 publice

455 3353 590 3420 jam,
608 3361 664 3406 et
683 3354 734 3406 in
765 3364 1052 3440 conspectu
1075 3355 1314 3440 omnium
1338 3353 1498 3440 edere
1527 3359 1717 3440 ριιξρίιΖ
1740 3353 1963 3440 Rapinis

464 3425 967 3494 namque,_caedibus
986 3432 1039 3477 et
1065 3425 1455 3494 direptionibus
1480 3425 1659 3482 omnia
1693 3425 1960 3488 fcedabat:

461 3491 598 3545 bona
616 3491 988 3548 ecclesiastica
1014 3491 1274 3549 militibus
1297 3497 1428 3560 suis,
1458 3505 1513 3550 et
1537 3497 1854 3555 satellitibus
1879 3501 1962 3554 di-

462 3562 699 3635 ripienda
729 3565 1059 3635 concedebat
1083 3581 1096 3616 :
1125 3565 1377 3635 denique,
1395 3575 1454 3620 ut
1474 3582 1581 3621 uno
1601 3571 1766 3622 verbo
1787 3571 1964 3624 absol-

411 3663 414 3667 -
460 3646 601 3708 vam,
623 3632 858 3708 qunana
879 3642 937 3708 et
948 3633 1128 3708 divina
1155 3632 1536 3708 permiscebat.
1553 3637 1771 3692 Leniter
1785 3641 1961 3708 primo

460 3702 798 3764 admonitus;
829 3711 885 3778 et
907 3704 1098 3758 deinde
1128 3702 1250 3759 cum
1285 3705 1388 3761 hac
1413 3707 1623 3778 ratione
1645 3702 1964 3778 nihil'profi-

459 3782 696 3837 ceretur,
727 3783 808 3826 ter
837 3773 890 3826 in
919 3782 1133 3846 patrum
1185 3777 1540 3831 conventibus
1578 3773 1963 3846 publicc'dam-

461 3851 637 3904 natus,
675 3851 730 3896 et
772 3843 1097 3912 agcatholica
1126 3846 1508 3903 communione
1557 3843 1859 3912 submotus,
1894 3850 1962 3905 ab

457 3913 690 3965 amentia
720 3921 776 3967 et
799 3911 980 3968 furore
1000 3929 1104 3968 non
1137 3915 1365 3969 destitit.
1394 3915 1480 3969 Ad
1513 3917 1658 3971 hunc
1685 3919 1960 3974 hominem

461 3990 567 4034 tam
584 3981 854 4053 _impium,
917 3992 1134 4053 tamque
1175 3985 1464 4040 obfirmato
1498 3987 1679 4043 animo
1703 3988 1961 4042 salutaria

455 4050 1073 4120 consilia—respuentem',
1101 4055 1292 4109 scribit
1315 4055 1373 4108 Β.
1410 4055 1604 4110 Petrus
1637 4057 1954 4112 Damianus.

458 4121 523 4174 Et
549 4123 763 4194 quidem
797 4131 1079 4191 postquam
1104 4124 1178 4177 illi
1209 4125 1612 4194 seeleris,quod
1639 4126 1956 4190 admiserat,

458 4193 877 4267 magnitudinem
905 4203 1052 4267 ante
1079 4194 1264 4267 oculos
1293 4193 1497 4267 posuit,
1522 4205 1806 4267 postquam
1835 4198 1956 4267 qui-

452 4261 766 4332 buscunque
811 4261 1326 4340 potuitrationibus,
1359 4265 1436 4340 ad
1471 4261 1761 4340 sanitatem
1803 4261 1959 4340 revo-

453 4345 576 4406 care
597 4340 821 4406 conatus
849 4343 952 4399 est,
979 4334 1119 4406 tristi
1153 4335 1367 4390 demum
1390 4335 1508 4406 ejus
1543 4337 1737 4392 mortis
1766 4334 1958 4391 vatici-

451 4401 543 4456 nio
573 4403 852 4470 epistolam
883 4405 1178 4458 concludit.

452 4489 702 4546 Canacoo
753 4493 898 4548 dicto
943 4494 1215 4564 episcopo,
1244 4493 1459 4550 Ρετιιυε
1483 4503 1738 4565 peccator
1767 4510 1949 4550 mona-
1982 4527 2033 4586 ι)

384 4581 516 4636 chus
549 4584 688 4652 quod
720 4583 936 4653 dignum
977 4584 1254 4656 etjustum
1282 4594 1386 4640 est.

453 4673 550 4738 Qui
575 4689 682 4728 non
711 4675 937 4745 corripit
968 4691 1195 4745 puerum
1226 4691 1326 4730 ova
1373 4675 1666 4740 furantem,
1697 4690 1951 4744 magnum

381 4773 564 4832 postea
616 4765 878 4820 latronem
908 4767 1134 4837 patitur,
1165 4781 1426 4836 equorum
1479 4765 1688 4820 stabula
1718 4765 1953 4835 perfrin-

312 4882 334 4900 .
381 4865 613 4920 gentem.
645 4852 702 4908 Si
740 4869 771 4908 a
804 4855 1075 4926 corynetis
1106 4853 1387 4926 [famulab.
1434 4853 1662 4926 credid.]
1688 4853 1800 4909 suis
1837 4870 1952 4909 ma-

385 4951 534 4997 trona
574 4953 768 5015 potens
804 4946 1026 5017 negligit
1066 4961 1254 5001 arcere
1275 4945 1569 5016 petulcnm,
1595 4945 1723 5016 qttid
1751 4945 1948 5000 mirum

379 5035 422 5088 si
452 5036 503 5089 in
526 5053 645 5091 eam
673 5053 887 5108 quoque
927 5037 1014 5091 ille
1061 5037 1400 5107 postmodum
1430 5036 1662 5090 vesaniae
1692 5049 1802 5089 sua:
1827 5049 1953 5104 por-

378 5125 519 5196 rigat
560 5127 894 5196 appetitum?
920 5125 1098 5196 thue
1128 5127 1194 5181 de
1237 5125 1535 5194 Scripturis
1565 5124 1768 5195 aliquid
1809 5123 1951 5179 infe-

381 5232 532 5270 ram:
570 5218 736 5272 David
789 5235 902 5280 rex,
943 5220 1032 5288 qui
1082 5219 1133 5272 in
1180 5219 1417 5272 Absalon
1448 5215 1809 5270 fratricidium
1841 5231 1946 5271 non

379 5307 676 5374 ulciscitur,
721 5309 790 5362 ab
842 5310 958 5378 ipso
1013 5309 1266 5377 deinceps
1304 5308 1530 5377 ejectus,
1591 5305 1786 5376 regalis
1829 5305 1948 5362 solii

377 5398 638 5469 dignitate
686 5402 930 5470 privatur
987 5399 1072 5471 (II
1125 5398 1247 5468 Reg.
1300 5397 1443 5466 xvi).
1495 5397 1752 5459 Adonias,
1806 5396 1946 5452 filius

375 5491 589 5560 Aggith,
623 5493 750 5546 dum
775 5493 828 5546 in
871 5493 1136 5562 superbiat
1160 5489 1358 5544 fastum
1390 5500 1671 5558 protervus
1695 5488 1944 5558 erigitur,

372 5581 499 5638 dum
540 5586 862 5640 connivcnte
913 5595 1087 5656 patre,
1135 5581 1338 5653 paratis
1389 5581 1542 5640 cauis
1572 5588 1627 5636 et
1670 5579 1945 5646 curribus,

2084 581 2361 650 greditur,
2416 593 2473 634 nt
2519 583 2722 656 Abisag
2776 583 3164 644 Sunamitidem
3222 589 3275 643 in
3340 592 3648 665 conjugium

2083 682 2315 742 quaerat,
2348 689 2412 727 ac
2435 685 2689 744 paternos
2722 677 2985 732 incestare
3015 679 3278 736 thalamos
3305 688 3654 752 concupiscat

2085 759 2328 834 (IIlReg.
2363 767 2422 834 ι).
2463 767 2516 819 In
2552 767 2734 822 inultis
2759 765 2876 835 tibi,
2925 769 3109 834 frater,
3145 773 3384 829 Romana
3413 779 3656 846 pepercit

2083 854 2341 914 Ecclesia.
2398 857 2709 926 frequenter
2739 877 2766 913 a
2817 871 2870 916 te
2900 861 3122 932 legitimi
3177 865 3374 934 rigoris
3414 869 3657 923 cohibuit

2081 944 2442 1014 disciplinam,
2497 949 2631 1001 adeo
2676 959 2736 1002 nt
2795 962 3062 1015 asserant,
3111 955 3200 1021 qui
3256 971 3315 1008 se
3346 956 3655 1013 interfuisse

2080 1033 2339 1103 fatentur,
2375 1040 2516 1106 quod
2566 1041 2620 1092 in
2653 1041 2826 1095 tribus
2865 1040 2978 1109 jam
3011 1044 3259 1099 conciliis
3282 1047 3652 1116 synodalibus.

2079 1123 2329 1194 Papiensi
2360 1128 2584 1193 scilicet,
2609 1129 2900 1186 Mantuano
2921 1141 2974 1187 et
3000 1133 3331 1200 Florentino,
3368 1140 3651 1209 perspicua

2080 1216 2442 1272 damnationis
2493 1220 2550 1297 in.
2579 1230 2629 1274 te
2665 1223 2933 1276 sententia
2981 1225 3211 1290 claruit;
3243 1226 3440 1297 ubique
3469 1238 3649 1284 tamen

2079 1305 2234 1360 sedes
2286 1293 2580 1376 apostolica
2636 1319 2890 1365 materme
2919 1311 3138 1382 pietatis
3179 1293 3372 1370 affectu
3406 1318 3500 1371 tibi
3546 1319 3654 1374 cle-

2078 1405 2290 1451 menter
2339 1398 2576 1452 indulsit.
2621 1400 2728 1455 Sed
2775 1403 2898 1456 dum
2956 1403 3042 1457 illa
3082 1406 3348 1461 studuerit
3375 1425 3645 1465 canonum

2049 1487 2220 1554 _circa
2255 1496 2305 1542 te
2331 1503 2585 1544 coercere
2632 1491 2892 1561 vigorem,
2919 1502 2974 1546 tu
3007 1510 3112 1549 non
3145 1497 3353 1552 vereris
3391 1497 3652 1556 adversus

2077 1593 2196 1631 eam
2244 1579 2491 1634 hostilem
2541 1582 2826 1637 redhibere
2859 1586 3219 1654 tyrannidem.
3269 1589 3437 1644 Porro
3467 1601 3647 1647 autem

2077 1670 2120 1722 si
2145 1669 2440 1740 Scriptura:
2469 1672 2635 1727 series
2673 1673 2961 1745 diligenter
2991 1679 3310 1744 attenditur,
3346 1691 3426 1735 ter
3459 1694 3651 1738 unctus
3711 1728 3732 1746 .

2077 1758 2130 1812 in
2177 1775 2357 1830 regem
2407 1759 2576 1815 David
2633 1761 2801 1818 fuisse
2845 1767 3131 1834 reperitur.
3182 1767 3341 1824 Prius
3388 1771 3649 1827 sciliceta

2001 1834 2048 1895 Β
2080 1848 2332 1904 Samuele
2380 1851 2432 1904 in
2474 1849 2771 1916 Bethleem,
2819 1856 3058 1911 secundo
3084 1872 3113 1910 a
3147 1859 3279 1912 viris
3299 1858 3434 1914 Iuda
3458 1862 3519 1916 in
3546 1861 3651 1917 Ile-

2075 1936 2229 2000 bron,
2258 1939 2419 1992 tertio
2446 1954 2626 1992 coram
2647 1943 2914 1997 universis
2937 1945 3180 2000 tribubus
3202 1947 3365 2001 Israel
3387 1965 3575 2004 rursus
3593 1953 3644 2004 in

2071 2024 2288 2081 Hebron
2323 2027 2373 2099 (Ι
2402 2029 2530 2099 Reg.
2558 2030 2768 2095 xv1;ll
2799 2031 2919 2102 Reg.
2950 2049 3022 2098 n;
3055 2034 3116 2088 11
3147 2035 3273 2106 Reg.
3299 2038 3373 2107 v).
3406 2039 3471 2093 Et
3501 2049 3558 2094 ut
3580 2043 3664 2111 de

2071 2117 2337 2184 piscatore
2361 2128 2565 2183 nostro,
2589 2121 2674 2174 cui
2702 2129 2980 2191 tantopere
3011 2125 3089 2180 vis
3118 2127 3429 2193 succedere,
3467 2130 3646 2186 simile

2071 2207 2199 2274 quid
2241 2209 2589 2276 perhibeam,
2626 2219 2737 2266 tres
2777 2212 2970 2267 Petrus
3014 2216 3172 2270 sedes
3220 2218 3455 2273 obtinuit
3489 2235 3503 2273 :
3535 2221 3649 2275 An-

2075 2298 2382 2352 tiochenam
2414 2300 2637 2367 scilicet,
2663 2303 2751 2356 ubi
2782 2313 3064 2374 postquam
3096 2307 3208 2375 ipse
3233 2323 3292 2362 se
3319 2308 3440 2364 fidei
3467 2313 3649 2380 posuit

2072 2385 2504 2455 fundamentum,
2529 2392 2791 2462 lgnatium
2819 2394 2930 2465 (81)
2960 2396 3072 2450 vice
3103 2413 3199 2452 sua
3227 2414 3352 2454 mox
3375 2403 3647 2458 ordinavit

2072 2479 2420 2548 episcopum;
2478 2480 2896 2536 Alexandrinam
2962 2500 3205 2556 quoque.
3265 2489 3353 2542 ubi
3423 2502 3644 2548 sanctus

2070 2569 2402 2636 evangelista
2451 2569 2691 2637 Marcus,
2738 2583 3020 2642 postquam
3067 2591 3218 2631 nova:
3275 2579 3398 2633 fidei
3454 2596 3640 2636 semen

2071 2659 2288 2726 sparsit,
2334 2674 2453 2713 eam
2501 2659 2560 2712 B.
2595 2663 2838 2731 magistri
2867 2662 2950 2716 sui
2998 2662 3141 2718 Petri
3166 2665 3402 2736 glorioso
3431 2671 3637 2726 nomini

2069 2748 2304 2803 fideliter
2324 2750 2620 2816 dedicavit;
2649 2763 2922 2820 postremo
2950 2752 3204 2808 Romanae
3227 2757 3343 2810 urbi
3370 2772 3465 2825 per
3485 2759 3640 2828 quin-

2071 2853 2176 2908 que
2207 2855 2471 2894 annorum
2496 2840 2666 2895 lustra
2695 2843 2968 2911 praesedit,
2995 2843 3105 2915 36
3131 2860 3292 2914 quam
3323 2847 3486 2900 etiam
3515 2864 3637 2904 cum

2069 2930 2384 3000 coapostolo
2425 2946 2524 2987 suo
2559 2931 2726 2986 Paulo
2759 2935 2997 3002 pretioso
3028 2935 3369 3004 triumphalis
3397 2937 3640 2994 victoriae

2070 3020 2334 3089 sanguine
2378 3021 2710 3090 purpuravit.
2745 3021 2851 3076 Sed
2889 3037 2988 3077 cur
3016 3038 3116 3077 nos
3144 3023 3230 3078 vel
3271 3023 3417 3078 illum
3441 3035 3522 3080 ter
3542 3044 3636 3082 un-

2069 3123 2236 3177 ctum,
2263 3114 2347 3168 vel
2393 3114 2561 3168 istum
2617 3124 2701 3169 ter
2750 3115 3128 3186 praesidentem
3168 3116 3221 3170 in
3263 3117 3639 3189 allegationem

1989 3179 2033 3240 ε
2061 3203 2222 3269 hujus
2247 3204 2620 3272 disputationis
2650 3179 2986 3271 adducimus,
3020 3207 3122 3261 nisi
3155 3215 3216 3260 ut
3241 3216 3296 3262 tu
3329 3179 3546 3263 invterim
3570 3213 3639 3265 ad

2064 3295 2452 3350 conscientiam
2503 3297 2713 3361 redeas,
2771 3304 2930 3365 teque
2971 3299 3192 3352 totidem
3242 3299 3470 3365 vicibus,
3537 3301 3634 3356 etsi

2063 3403 2168 3440 non
2211 3387 2420 3456 judicio
2472 3388 2836 3452 sacerdotum,
2874 3388 2967 3442 sed
2997 3403 3266 3442 canonum
3313 3393 3637 3447 auctoritate
3680 3391 3685 3398 ’

2062 3477 2386 3548 depositura,
2433 3493 2594 3546 quam
2637 3477 2823 3547 procul
2869 3493 2898 3531 a
2929 3478 3135 3533 sanctis
3159 3479 3289 3533 viris
3317 3481 3414 3546 sis,
3439 3493 3495 3536 et
3524 3482 3638 3552 ipse

2061 3566 2404 3636 perpendas?
2430 3566 2584 3621 Licet
2607 3568 2751 3620 enim
2795 3567 3006 3620 illorum
3034 3568 3316 3637 utriusque
3348 3569 3486 3622 trina
3513 3587 3635 3639 pro-

2064 3657 2232 3712 motio
2263 3667 2520 3726 tanquam
2567 3671 2676 3711 una
2701 3655 2982 3719 duntaxat,
3032 3654 3238 3709 nullum
3263 3655 3348 3710 vel
3372 3657 3521 3726 regni
3545 3658 3627 3710 vel

2064 3748 2356 3803 sacerdotii
2397 3747 2565 3802 fuerit
2588 3747 3001 3809 incrementum,
3027 3745 3427 3814 quodammodo
3452 3756 3630 3801 tamen

2061 3838 2320 3909 plenioris
2368 3837 2472 3893 fuit
2519 3837 2822 3892 sanctitatis
2859 3835 3134 3891 indicium.
3179 3834 3334 3890 Sicut
3369 3835 3511 3890 enim
3544 3837 3633 3892 ille

2060 3931 2258 4001 pietate
2299 3929 2383 3983 vel
2425 3928 2632 3996 justitia
2692 3940 2868 3996 reges,
2917 3926 2996 3981 sic
3042 3933 3099 3980 et
3156 3925 3258 3979 iste
3300 3929 3638 4012 transcendit

2060 4034 2250 4075 omnes
2272 4019 2553 4089 privilegio
2598 4018 2930 4072 sacerdotes.
2959 4014 3095 4070 Hinc
3121 4023 3206 4070 est
3230 4015 3371 4084 quod
3397 4032 3519 4070 cum
3545 4032 3634 4072 re-

2059 4112 2221 4181 liquis
2253 4111 2454 4166 sanctis
2501 4111 2606 4166 hoc
2637 4125 2744 4164 non
2788 4107 3162 4179 impendimus,
3197 4108 3364 4164 solius
3400 4108 3462 4162 B.
3485 4109 3636 4166 Petri

2061 4200 2252 4256 festive
2272 4197 2585 4254 cathedram
2615 4199 2975 4253 celebramus.
3003 4196 3136 4252 Cum
3167 4198 3348 4267 itaque
3385 4200 3636 4256 sacerdo-

2059 4292 2193 4348 tium
2242 4300 2391 4346 tuum
2422 4298 2570 4346 tanta
2609 4289 2819 4345 laboret
2872 4287 3114 4353 infamia,
3163 4303 3270 4357 quo
3308 4300 3466 4359 pacto
3490 4304 3631 4359 prm-

2058 4383 2354 4453 sumpsisti,
2405 4381 2511 4448 vel,
2562 4389 2622 4436 ut
2655 4381 2838 4435 mitius
2883 4379 3094 4448 loquar,
3143 4380 3486 4448 acquiescere
3537 4395 3633 4450 po-

2059 4475 2231 4542 tuisti,
2290 4475 2572 4544 ignorante
2621 4473 2862 4528 Romana
2906 4469 3187 4535 Ecclesia,
3228 4469 3533 4524 Romanum
3579 4480 3632 4525 te

2058 4568 2368 4636 episcopum
2406 4563 2568 4635 eligi?
2625 4561 2925 4617 Taceamus
2963 4560 3180 4615 interim
3209 4560 3276 4614 de
3325 4567 3536 4621 senatu,
3563 4557 3632 4613 de

2057 4657 2330 4713 inferioris
2348 4657 2552 4712 ordinis
2582 4655 2747 4719 clero,
2789 4653 2853 4708 de
2881 4652 3096 4724 populo.
3131 4651 3270 4718 Quid
3298 4650 3392 4704 tibi
3422 4650 3489 4704 de
3509 4666 3633 4704 car-

2055 4747 2323 4802 diualibns
2362 4746 2576 4800 videtur
2598 4762 2600 4764 '
2624 4744 2931 4814 episc0pis?
2959 4743 3049 4812 qui
3081 4742 3327 4795 videlicet
3350 4749 3404 4794 et
3427 4739 3628 4793 Roma-

2055 4855 2184 4894 num
2241 4837 2546 4908 pontificem
2587 4835 2956 4906 principaliter
2979 4833 3198 4902 eligunt,
3236 4838 3292 4884 et
3310 4829 3627 4900 quibusdam

2055 4931 2176 4984 aliis
2220 4928 2613 5000 praerogativis,
2636 4943 2741 4981 non
2770 4926 2927 4981 modo
2967 4921 3332 4993 quorumlibet
3351 4923 3631 4993 episcopo-

2053 5037 2198 5086 rum,
2240 5021 2334 5074 sed
2386 5028 2442 5073 et
2499 5017 2953 5088 patriarcharum,
3001 5024 3165 5081 atque
3195 5014 3484 5083 primatum
3500 5011 3623 5080 jura

2053 5112 2480 5168 transcendunt?
2529 5110 2692 5164 Salvo
2746 5107 2944 5178 quippe
2997 5105 3322 5160 universalis
3373 5103 3628 5160 Ecclesia:

2054 5213 2418 5265 sacramento,
2479 5202 2569 5257 isti
2615 5208 2744 5255 sunt
2787 5199 2928 5253 oculi
2983 5199 3142 5252 unius
3191 5197 3403 5267 lapidis,
3473 5195 3524 5250 id
3547 5204 3634 5249 est

2054 5297 2314 5354 Romanae
2362 5293 2647 5355 Ecclesiae,
2677 5292 2744 5346 de
2785 5291 2980 5360 quibus
3011 5304 3108 5359 per
3153 5287 3469 5343 Zachariam
3497 5284 3630 5338 dici-

2055 5399 2186 5444 tur:
2233 5407 2250 5439 ι
2290 5386 2452 5448 Ecce,
2506 5384 2698 5454 inquit,
2753 5381 2888 5451 lapis
2929 5396 3088 5452 quem
3129 5379 3250 5433 dedi
3289 5392 3472 5432 coram
3500 5374 3628 5430 Jestt

2054 5479 2240 5550 (Zach.
2285 5477 2400 5549 ιιι).
2433 5496 2452 5529 ι
2506 5475 2681 5545 Super
2738 5472 2968 5543 lapidem
3019 5483 3183 5524 unum
3231 5476 3437 5538 septem
3487 5465 3628 5522 oculi

2054 5581 2199 5628 sunt.
2225 5570 2331 5640 Ipsi
2355 5569 2588 5624 lucerna:
2615 5566 2774 5620 unius
2813 5559 3143 5625 candelabri,
3168 5559 3235 5612 de
3269 5557 3465 5628 quibus
3488 5565 3632 5627 post-

443 5759 557 5836 (8I)
585 5759 700 5816 Imo
737 5760 1024 5828 Evodium,
1057 5767 1118 5814 ut
1147 5758 1383 5829 Ignatius
1421 5761 1536 5828 ipse
1563 5723 1634 5810 ‘in
1683 5757 1843 5828 epist.
1892 5763 1946 5809 et
1986 5751 2073 5806 alii
2107 5757 2392 5806 testantur.
