4140 6450
467 425 572 480 2.3-9

967 416 1026 471 S.
1066 411 1270 470 PETRI
1311 409 1594 466 DAMIANI
1633 406 1782 464 OPP.
1826 403 2006 460 PARS
2046 399 2175 457 SEU
2217 395 2454 454 TOMUS
2489 393 2529 448 I.
2571 422 2639 435 —-
2671 389 2892 446 EPIS'I.
2931 388 3058 444 UB.
3097 386 3231 440 VIII.

3627 378 3735 433 ειιιι

416 545 428 604 ;
474 515 694 594 modum
721 533 957 603 loquitur
982 531 1168 586 dicens
1199 546 1212 583 :
1245 548 1260 581 ι
1292 527 1413 584 Vidi
1434 534 1488 580 et
1509 539 1636 580 ecce
1664 521 2047 577 candelabrum
2078 521 2123 580 Α
2157 545 2276 592 elus
2307 549 2428 588 sum
2475 530 2628 602 quasi
2663 529 2747 584 νίν
2780 525 2983 588 ebrius,
3013 532 3069 579 ει
3110 536 3264 592 quas,
3292 520 3458 575 homo
3489 518 3740 572 madidus

473 642 698 687 aureum
731 634 922 690 totum,
947 631 1005 678 et
1034 621 1241 692 lampas
1264 619 1381 690 ejus
1404 631 1568 688 super
1593 622 1756 684 caput
1781 613 1968 682 ipsius,
1998 617 2053 664 et

473 729 679 789 septem
715 717 950 772 lucerna:
975 728 1138 784 super
1167 711 1296 767 illud
1327 708 1513 781 (Zach.
1547 705 1642 774 ιν).
1675 725 1692 758 ι
1718 705 1825 775 Ipsi
1852 709 2056 758 suntet

475 807 821 870 candelabra,
871 806 924 861 in
975 817 1206 876 quorum
1257 799 1432 855 medio
1485 797 1662 862 Jesus,
1707 795 1863 866 juxta
1909 791 2054 847 beati

474 899 698 958 Joannis
725 897 887 953 verba
933 895 1116 967 (Apoc.
1153 893 1215 963 ι),
1275 889 1554 954 discurrit,
1603 887 1826 942 ethunc
1852 898 2060 938 sermo-

479 1007 624 1058 nem,
656 991 746 1061 qui
781 991 888 1043 illic
916 995 1113 1058 prtesto
1143 983 1509 1052 subjungitur,
1541 981 1592 1033 in
1617 986 1670 1032 te
1700 977 2055 1047 quodammo-

480 1085 549 1139 do
579 1080 892 1152 specialiter
932 1076 1154 1146 dirigit:
1199 1091 1215 1123 ι
1249 1072 1452 1126 Memor
1499 1078 1636 1134 esto,
1684 1067 1877 1136 inquit,
1921 1063 2061 1118 unde

480 1171 768 1235 excideris,
803 1179 857 1223 ct
893 1182 993 1238 age
1021 1163 1394 1235 pmuitentiam
1425 1160 1612 1232 (Apoc.
1649 1159 1732 1228 ιι).
1769 1178 1788 1210 ι
1823 1156 1988 1210 Plane
2015 1155 2060 1208 si

483 1263 802 1336 pmnitentia
846 1259 970 1328 jure
1020 1256 1336 1328 plectendas
1361 1261 1444 1308 est
1463 1252 1709 1322 quisquis
1734 1250 1952 1305 cuilibet
1985 1247 2061 1300 ir-

486 1365 642 1428 rogat
679 1354 930 1426 injuriatn
975 1349 1265 1414 sacerdoti,
1304 1362 1409 1418 qua
1457 1355 1512 1401 ιιι
1563 1344 1829 1401 sententia
1873 1342 2066 1411 (lignus

487 1466 565 1514 es,
593 1449 687 1520 qui
723 1447 829 1502 illis
849 1441 1218 1517 praeiudicium
1257 1438 1628 1495 sacerdotibus
1656 1435 1901 1499 intulisti,
1931 1449 2068 1503 quo-

491 1558 611 1596 rum
651 1539 876 1597 consilio
919 1546 977 1592 et
1023 1535 1225 1606 judicio
1267 1541 1442 1588 status
1479 1545 1544 1585 ac
1591 1528 1873 1600 disciplina
1908 1526 2070 1582 debet

491 1633 658 1688 totius
681 1629 936 1686 Ecclesiae
987 1624 1267 1680 catholicze
1300 1617 1630 1692 gubernari?
1654 1617 1720 1672 Et
1757 1632 1880 1671 cum
1905 1629 2070 1670 cano-

403 1733 416 1744 ‘
492 1725 611 1779 nica
637 1723 896 1778 decernat
919 1716 1238 1781 auctoritas,
1262 1721 1320 1768 ιιι
1343 1713 1428 1766 vel
1454 1710 1674 1767 humilis
1702 1706 2074 1778 cujuscunque

492 1815 749 1870 Ecclesia:
773 1811 918 1867 clero
946 1809 1106 1864 liceat
1127 1807 1358 1861 liberum
1402 1805 1469 1859 de
1497 1805 1609 1869 illo,
1637 1802 1727 1872 qui
1752 1801 1854 1856 sibi
1885 1795 2075 1870 praefe-

2159 642 2190 681 a
2219 625 2348 679 vino‘
2377 640 2406 677 a
2437 622 2578 677 facie
2627 618 2860 681 Domini,
2900 623 2954 671 et
2979 630 3009 669 a
3041 613 3184 668 facie
3206 611 3494 666 verborum
3525 619 3742 664 sancto-

2157 734 2276 774 rum
2303 716 2419 786 ejus
2445 715 2581 785 (Jer.
2609 715 2790 779 mu).
2815 730 2833 764 ι
2856 709 2964 764 Cur
2983 714 3162 761 autem
3181 714 3330 760 tanto
3353 702 3554 758 doloris
3581 701 3744 755 taedio

2161 811 2530 874 contabescat,
2572 815 2818 882 protinus
2845 801 3038 873 aperit,
3071 814 3196 854 cum
3235 794 3540 866 subjungit:
3570 814 3587 845 ι
3609 793 3743 860 Quia

2160 900 2446 957 adulteriis
2480 883 2640 969 plena
2668 904 2751 950 est
2777 899 2945 958 narra,
2971 891 3097 961 quia
3125 905 3156 942 a
3182 886 3320 942 facie
3344 883 3745 941 male-dictionis

2161 994 2298 1049 luxit
2347 1001 2535 1046 terra:
2570 987 2809 1043 arefacta
2868 992 2992 1038 sunt
3048 995 3178 1035 arva
3211 977 3411 1034 deserti
3467 974 3680 1048 (Ibid.).
3717 993 3738 1027 ι

2164 1085 2316 1154 Quod
2360 1092 2541 1138 autem
2591 1095 2760 1151 genus
2790 1076 3068 1132 hominum
3097 1073 3199 1127 hoc
3225 1079 3503 1141 perpetrat
3537 1067 3749 1123 adulte-

2165 1181 2330 1244 rium,
2363 1177 2506 1231 unde
2533 1183 2588 1230 et
2615 1183 2758 1229 terra
2776 1171 2981 1240 lugeat,
3010 1174 3065 1222 et
3094 1165 3258 1221 corda
3287 1163 3566 1218 hominum
3598 1160 3747 1215 velut

2167 1286 2292 1326 arva
2320 1266 2519 1322 deserti
2550 1265 2618 1318 ab
2650 1260 3002 1318 inundatione
3032 1253 3432 1326 prtedicationis
3459 1259 3748 1315 arescant,

2167 1359 2340 1430 aperit
2370 1357 2530 1421 illico,
2563 1370 2686 1411 cum
2712 1358 3108 1421 consequenter
3132 1347 3374 1419 adjungit
3400 1364 3414 1400 :
3439 1365 3457 1397 ι
3483 1345 3750 1414 Propheta

2168 1463 2404 1519 namque
2432 1459 2487 1502 et
2516 1445 2769 1501 sacerdos
2803 1440 2994 1512 polluti
3043 1449 3189 1504 sunt,
3241 1448 3297 1492 et
3340 1437 3397 1491 in
3425 1436 3587 1490 domo
3635 1449 3751 1488 mea

2171 1541 2349 1597 inveni
2402 1539 2600 1595 malum
2629 1549 2838 1600 eorum,
2871 1533 3003 1588 dicit
3045 1530 3302 1586 Dominus
3335 1527 3551 1600 (Ibid.).
3594 1544 3610 1576 ι
3649 1524 3754 1580 Sed

2172 1632 2300 1703 quid
2327 1631 2530 1686 eisdem
2571 1625 2834 1681 adulteris
2870 1621 3247 1679 sacerdotibus
3273 1629 3332 1673 et
3355 1617 3634 1689 prophetis
3660 1616 3754 1669 imo

2173 1723 2413 1783 mineat,
2461 1733 2582 1773 mox
2625 1715 3001 1784 subsequendo
3040 1713 3324 1766 declarat:
3357 1725 3377 1761 ι
3425 1707 3630 1764 Idcirco
3667 1707 3758 1761 via

2176 1829 2364 1870 eorum
2394 1811 2502 1867 erit
2531 1810 2686 1880 quasi
2711 1807 2981 1862 lubricum
3021 1804 3073 1857 in
3108 1803 3379 1865 tenebris;
3411 1800 3758 1871 impellentur

494 1904 695 1959 rendus
741 1909 844 1965 est,
877 1898 1080 1953 habere
1112 1895 1410 1965 judicium;
1459 1909 1566 1964 qua
1594 1893 1821 1947 tumoris
1850 1889 2076 1944 audacia
2105 1888 2152 1948 B
2179 1904 2324 1960 enim
2357 1911 2413 1959 ει
2456 1907 2714 1957 comm“
2754 1899 2808 1953 ίη
2855 1913 2920 1951 ea
2957 1891 3219 1950 macram
3267 1893 3414 1949 enim
3461 1907 3625 1961 super
3670 1906 3762 1943 eos

494 2009 548 2050 tu
577 1989 970 2066 praesumpsisti
989 1997 1042 2044 te
1061 1987 1326 2043 violenter
1349 1986 1455 2042 illis
1479 1986 1746 2056 ingerere,
1763 1981 1854 2052 qui
1879 1989 2078 2051 prazter

493 2101 833 2144 communem
882 2082 1139 2139 Ecclesia:
1182 2079 1443 2150 regulam,
1488 2093 1649 2146 super
1685 2077 1829 2147 ipsos
1861 2089 2078 2145 quoque

493 2178 778 2252 pontifices
817 2174 1187 2230 authenticam
1239 2170 1540 2243 prrevalent-
1563 2167 1921 2239 ,promulgare
1952 2181 2079 2222 cen-

495 2270 716 2328 suram?
759 2267 870 2323 Cur
905 2281 1002 2336 per
1031 2264 1383 2318 ambitionem
1436 2257 1770 2329 adipiscendi
1807 2255 2078 2320 culminis,

498 2359 1001 2428 inaccessibilisque
1041 2354 1271 2426 fastigii,
1329 2360 1500 2406 totum
1547 2349 1662 2405 fere
1721 2348 1980 2402 mundum
2027 2345 2080 2400 in

501 2452 971 2512 condemnationis
1003 2447 1356 2518 tutejnrgium
1404 2442 1724 2500 concitasti?
1747 2440 1816 2497 Ut
1841 2439 1970 2494 illud
1995 2436 2084 2493 Je-

502 2549 689 2604 remiae
723 2546 1002 2617 propheta:
1052 2538 1450 2612 quodammodo
1504 2535 1865 2592 vociferantes
1903 2531 2082 2592 excla-

497 2649 691 2697 ment:
729 2659 747 2692 ι
786 2637 978 2701 Terra,
1031 2643 1199 2700 terra,
1251 2641 1423 2696 terra,
1473 2629 1596 2683 audi
1635 2641 1940 2682 sermonem
1973 2625 2084 2680 Do-

500 2733 632 2787 mini
676 2749 690 2786 :
744 2730 870 2786 Haec
909 2727 1042 2783 dicit
1086 2724 1392 2780 Dominus:
1441 2720 1633 2776 Scribe
1683 2719 1861 2772 virum
1917 2716 2084 2770 istum

501 2819 763 2885 sterilem,
787 2821 962 2874 virum
996 2817 1088 2888 qui
1146 2817 1202 2870 in
1233 2814 1423 2870 diebus
1469 2812 1584 2868 suis
1641 2825 1748 2864 non
1798 2823 2086 2881 prospera-

503 2914 651 2967 bitur
675 2910 810 2978 (Jer.
837 2908 994 2975 χχιι).
1032 2927 1050 2958 ι
1076 2906 1142 2960 Ει
1173 2915 1227 2960 ιιι
1255 2919 1285 2961 e
1316 2913 1508 2959 contra
1535 2899 1780 2972 ejusdem
1809 2899 2087 2969 propheta:

504 3003 686 3056 verbis
733 3009 859 3068 apte
912 2997 1094 3050 valeas
1143 2991 1506 3066 respondere:
1543 3009 1564 3043 ι
1598 2987 1688 3044 Vae
1728 2987 1882 3054 mihi,
1918 2994 2090 3042 mater

505 3093 657 3148 mea!
691 3103 860 3160 quare
901 3102 988 3142 me
1016 3083 1248 3158 genuisti
1306 3082 1483 3137 virum
1541 3081 1702 3146 rixae,
1749 3079 1926 3134 virum
1975 3077 2088 3132 dis-

507 3183 709 3239 cordia:
762 3179 814 3234 in
855 3178 1112 3234 universa
1140 3174 1320 3231 terra?
1359 3170 1480 3229 Non
1525 3171 1809 3236 foeneravi,
1839 3183 1940 3225 nec
1983 3167 2089 3222 fe:-

2184 1996 2343 2061 ntala,
2390 2009 2588 2049 annum
2633 1989 2962 2046 visitationis
3017 2002 3231 2046 eorum.
3289 1985 3688 2054 Prophetabant
3710 1982 3762 2036 in

2182 2085 2333 2152 Baal,
2365 2093 2424 2140 et
2461 2083 2806 2153 decipiebant
2854 2078 3107 2151 populum
3157 2091 3335 2130 meum
3391 2073 3573 2136 Israel,
3631 2077 3765 2128 etin

2183 2176 2460 2247 prophetis
2503 2173 2802 2230 Jerusalem
2852 2171 2960 2224 vidi
3014 2168 3420 2225 similitudinem
3461 2166 3770 2222 adulteran-

2185 2267 2345 2331 tium,
2380 2273 2436 2319 et
2466 2265 2572 2318 iter
2600 2260 2867 2317 mendacii
2894 2257 3081 2330 (lbid.)
3116 2276 3135 2310 ›
3175 2257 3342 2312 Audis
3363 2257 3768 2311 similitudinem

2187 2354 2630 2418 adulterantium,
2655 2350 2810 2405 audis
2831 2351 2936 2405 iter
2966 2347 3269 2403 mendacii?
3294 2333 3539 2400 Alterum
3562 2345 3772 2399 scilicet

2190 2447 2390 2518 pendet
2411 2459 2476 2499 ex
2507 2442 2700 2498 altero.
2735 2441 2780 2495 Α
2806 2440 3024 2495 tramite
3050 2439 3246 2508 quippe
3269 2437 3511 2493 veritatis
3531 2434 3768 2497 aberrat,

2188 2539 2279 2610 qui
2309 2553 2406 2607 per
2427 2533 2753 2590 luxuriantis
2785 2529 3233 2599 concupiscentia
3259 2527 3518 2580 ambitum
3553 2525 3776 2580 castita.

2189 2633 2258 2686 tis
2296 2627 2681 2686 ecclesiastica:
2705 2624 3023 2679 munditiam
3051 2621 3238 2676 findat.
3273 2619 3425 2674 Nunc
3451 2619 3773 2682 Ecclesiam,

2188 2723 2323 2796 proh
2351 2720 2537 2777 dolor!
2590 2733 2760 2788 usque
2804 2716 2870 2771 ad
2902 2715 3179 2770 verticem
3201 2720 3602 2782 constupratam
3633 2709 3780 2764 dole-

2190 2828 2329 2882 mus,
2363 2811 2506 2883 quod
2556 2807 2855 2864 Jerusalem
2918 2806 3115 2861 dudum
3167 2802 3430 2858 Jeremias
3484 2800 3778 2871 contigisse

2189 2905 2559 2976 conqueritur.
2610 2921 2628 2954 ι
2658 2901 2800 2964 Filii,
2834 2899 3037 2969 inquit,
3068 2896 3379 2966 Mempheos
3419 2903 3475 2948 et
3500 2963 3502 2968 _
3523 2890 3778 2962 Taphnes

2191 3001 2682 3066 constupraverunt
2728 3001 2780 3044 te
2822 3003 2992 3058 usque
3041 2987 3109 3040 ad
3163 2984 3420 3039 verticem
3466 2980 3600 3052 (Jer.
3637 2992 3719 3034 nt.
3752 3000 3772 3032 ι

2195 3089 2495 3147 Jerusalem
2522 3099 2753 3154 namque
2791 3096 2964 3153 usque
2991 3082 3057 3135 ad
3087 3078 3343 3134 verticem
3374 3083 3777 3144 constupratur,

2196 3182 2411 3254 quando
2467 3195 2497 3233 a
2538 3177 2777 3233 minimis
2819 3177 3121 3246 quibusque
3170 3168 3430 3226 Ecclesiis
3482 3182 3652 3236 usque
3709 3165 3780 3218 ad

508 3273 717 3330 neravit
769 3270 897 3324 mihi
957 3268 1280 3339 quisquam,
1321 3279 1512 3321 omnes
1563 3234 1893 3318 meledicunt
1954 3259 2086 3314 mihi
2116 3234 2542 3344 Οξιξᾷέίρίίοεω
2566 3234 2919 3336 sedem,ng
2965 3234 3207 3319 οηζηίηηι
3259 3268 3420 3330 caput
3462 3234 3779 3314 θείιςοειο-

455 3389 463 3404 ·
511 3365 645 3434 (Jer.
672 3363 784 3428 xv).
817 3382 836 3414 ι
868 3360 1076 3415 Rursus
1099 3357 1227 3413 illud
1255 3371 1408 3427 teque
1428 3354 1805 3426 prOpheticum
1838 3368 1884 3406 ει
1924 3351 2090 3406 Male-

511 3457 654 3511 dicta
705 3453 839 3516 dies,
897 3452 948 3505 in
984 3466 1090 3520 qua
1139 3458 1298 3504 natus
1352 3462 1504 3513 sum;
1548 3446 1683 3506 dies,
1741 3445 1793 3498 in
1843 3459 1950 3513 qua
1999 3457 2092 3513 pe-

508 3547 651 3619 perit
697 3544 803 3615 37
858 3557 944 3597 me
986 3549 1160 3596 mater
1203 3555 1340 3600 mea,
1397 3552 1504 3592 non
1535 3537 1605 3593 sit
1638 3535 1921 3591 benedicta
1954 3531 2088 3605 (Jer.

515 3638 646 3710 xx);
677 3657 697 3688 ι
729 3636 818 3690 ubi
859 3643 1062 3704 praesto
1096 3630 1378 3702 subjungit
1410 3644 1426 3681 :
1462 3648 1480 3682 ι
1513 3627 1828 3694 Maledictus
1870 3626 1954 3681 vir
2000 3624 2094 3694 qui

511 3726 857 3786 annuntisvit
887 3725 1024 3796 patri
1078 3738 1221 3791 meo,
1265 3723 1452 3776 dicens
1486 3718 1695 3775 :Natus
1732 3716 1932 3772 esttibi
1963 3730 2096 3785 puer

513 3819 809 3884 masculus,
835 3826 890 3873 et
914 3816 1070 3887 quasi
1096 3813 1297 3885 gaudio
1323 3811 1622 3869 lattificavit
1645 3823 1791 3864 eum.
1822 3807 1907 3864 Sit
1933 3807 2097 3863 homo

510 3917 628 3980 ille,
658 3924 719 3968 ut
762 3919 892 3968 sunt
926 3911 1192 3974 civitates,
1248 3922 1382 3978 quas
1432 3903 1697 3962 subvertit
1742 3902 2099 3966 Dominus,et

516 4020 624 4058 non
659 4001 914 4073 pcenituit
941 4015 1084 4053 eum.
1133 3997 1336 4052 Audiat
1363 3996 1658 4052 clamorem
1689 4008 1870 4059 mane,
1894 4001 1950 4048 et
1979 3990 2098 4046 ulu-

515 4094 686 4147 latum
718 4092 771 4145 in
805 4098 1044 4157 tempore
1074 4086 1401 4152 meridiano,
1445 4088 1537 4156 qui
1567 4102 1674 4142 non
1707 4101 1795 4142 me
1827 4083 2102 4142 interfecit

517 4197 550 4234 a
591 4180 768 4242 vulva,
823 4187 882 4231 ut
917 4178 1070 4233 fieret
1120 4176 1253 4230 mihi
1304 4186 1476 4230 mater
1519 4192 1640 4230 mea
1686 4175 2016 4245 sepulcrum,
2047 4183 2104 4230 et

519 4273 676 4325 vulva
706 4269 822 4338 ejus
848 4278 1139 4338 conceptus
1159 4277 1394 4322 aeternus
1422 4265 1635 4336 (Ibit).
1671 4285 1697 4317 ι.
1723 4265 1840 4318 Non
1863 4267 1972 4329 hic,
1989 4265 2103 4320 dies

525 4363 634 4426 illa,
685 4361 738 4414 in
775 4373 880 4428 qua
926 4366 1088 4412 natus
1129 4366 1214 4411 est
1254 4357 1438 4421 homo,
1465 4353 1835 4420 maledicitur;
1861 4355 1954 4409 sed
1982 4368 2104 4423 pro-

526 4455 760 4528 speritas
784 4452 983 4522 potius,
1020 4465 1124 4520 qua
1150 4449 1492 4506 lenocinante
1515 4449 1574 4503 in
1608 4457 1887 4519 peccaturo
1921 4447 2104 4522 lapsus

521 4557 627 4612 est,
655 4544 1067 4601 condemnatur.
1111 4540 1167 4594 In
1216 4556 1322 4610 qua
1359 4538 1609 4596 videlicet
1646 4538 1734 4594 die
1764 4550 1818 4593 tu
1845 4539 2106 4608 quodam-

529 4639 689 4695 modo
735 4635 1027 4691 morereris
1070 4632 1122 4686 iu
1167 4631 1347 4696 vulva,
1375 4631 1420 4685 si
1448 4630 1516 4685 ab
1543 4646 1632 4695 ea,
1661 4645 1824 4700 quam
1859 4644 2103 4699 ceperas,

525 4734 636 4787 imo
666 4731 719 4785 in
744 4743 850 4799 qua
896 4725 1034 4781 male
1061 4724 1402 4788 nascebaris,
1429 4723 1724 4778 desisteres
1763 4722 1938 4792 culpa.
1973 4721 2105 4778 Cum

529 4836 583 4879 te
630 4823 878 4878 videlicet
929 4817 1114 4882 alieni,
1145 4826 1200 4874 et
1230 4832 1334 4872 non
1379 4816 1473 4870 ﬁlii
1501 4815 1809 4886 apostolica:
1833 4816 1978 4872 sedis
2007 4815 2108 4871 eli-

527 4923 742 4987 gerent,
771 4922 828 4968 et
870 4912 938 4966 ab
982 4926 1045 4968 ea
1082 4911 1291 4981 potius,
1327 4923 1489 4978 quam
1518 4908 1759 4972 tenebas,
1787 4907 1918 4962 sede
1947 4907 2110 4976 depo-

531 5015 744 5067 nerent.
790 5018 952 5072 quam
983 5003 1048 5057 ad
1104 5002 1288 5066 aliam,
1333 5015 1440 5056 non
1463 5015 1558 5070 per
1582 4999 1867 5069 judicium,
1889 5000 1984 5054 sed
2015 5014 2112 5068 per

533 5097 819 5167 strepitum
848 5104 1252 5162 promovet-ent,
1285 5093 1425 5148 sicut
1456 5090 1716 5161 scriptum
1747 5100 1833 5145 est
1864 5107 1878 5143 :
1907 5108 1925 5141 ι
1951 5088 2107 5155 Deie-

531 5191 656 5246 cisti
686 5203 782 5245 eos
810 5186 937 5240 dum
967 5183 1330 5239 allevarentur
1360 5181 1534 5254 (Psal.
1585 5182 1782 5253 Lxxn).
1825 5201 1844 5232 ι
1877 5180 2115 5236 Saecula-

537 5297 620 5335 res
648 5297 676 5334 a
730 5276 1007 5333 liminibus
1055 5275 1313 5330 Ecclesiae
1341 5290 1679 5340 coercemus,
1737 5273 1830 5344 qui
1877 5273 2113 5328 dimissis

477 5421 482 5429 .
535 5372 793 5426 uxoribus
813 5368 1066 5438 propriis,
1098 5366 1375 5421 extraneis
1402 5366 1762 5431 ftederantur;
1789 5360 1882 5421 sed
1910 5375 2113 5434 quanto

535 5465 772 5518 deterius
793 5462 1116 5518 adulterium
1147 5460 1238 5516 ille
1265 5459 1684 5529 committit,qui
1718 5460 1920 5528 absque
1951 5473 2114 5529 syno-

537 5554 644 5606 dali
693 5555 979 5613 sententia.
1037 5553 1224 5608 relicta
1263 5567 1381 5616 sua,
1436 5550 1597 5605 alieni
1627 5549 1766 5618 juris
1814 5550 2108 5606 Ecclesium

539 5659 688 5696 more
734 5647 1001 5712 prtedonis
1057 5644 1298 5698 invadit?
1348 5642 1461 5698 Hoc
1509 5641 1831 5696 adulterium
1871 5641 2114 5711 deplorat

539 5736 818 5806 propheta,
864 5753 984 5790 cum
1033 5739 1196 5792 dicit:
1238 5757 1255 5788 ι
1290 5737 1592 5792 Contr-itum
1616 5745 1697 5791 est
1725 5751 1820 5791 cor
1849 5736 2124 5805 metnnin.

541 5830 716 5884 medio
750 5828 872 5894 mei,
906 5839 958 5884 et
987 5839 1427 5885 contremuerunt
1473 5832 1649 5885 omnia
1686 5846 1807 5886 ossa
1841 5846 1978 5884 mea.
2015 5829 2117 5883 Fa-

2191 3369 2394 3424 siarum
2423 3407 2439 3431 ,
2498 3363 2708 3418 luxuria
2771 3358 3076 3416 venalitatis
3124 3357 3449 3413 extenditur.
3511 3353 3616 3409 Sed
3677 3352 3784 3406 hu-

2188 3459 2278 3530 jus
2332 3454 2584 3512 adulterii
2643 3451 2869 3507 dulcedo
2922 3451 2976 3505 in
3029 3458 3288 3518 quantam
3337 3455 3580 3502 vertatur
3627 3458 3781 3498 ama—

2195 3549 2527 3612 ritudinem,
2573 3544 2720 3600 illico
2768 3557 2873 3596 vos
2940 3540 3120 3596 divi-na
3179 3537 3495 3609 subjungit:
3532 3555 3551 3588 ι
3608 3535 3782 3598 Ecce,

2196 3639 2400 3709 luquit,
2460 3651 2561 3707 ego
2610 3632 2806 3689 cibabo
2851 3645 2944 3687 eos
2997 3630 3285 3691 absinthio,
3343 3637 3400 3682 et
3445 3627 3642 3698 putabo
3690 3640 3785 3679 eos

2196 3729 2321 3786 felle
2371 3727 2505 3798 (Jer.
2551 3727 2649 3797 Ix).
2688 3743 2706 3778 ι
2752 3723 2860 3779 Fac
2911 3723 3112 3792 itaque,
3165 3719 3355 3787 frater,
3401 3721 3552 3791 juxta
3596 3733 3784 3773 vocem

2159 3821 2472 3893 prophetae
2523 3816 2794 3876 dicentis:
2834 3832 2854 3868 ι
2911 3813 3132 3877 Redite,
3182 3811 3652 3881 praevaricatores.
3715 3809 3785 3863 ad

2198 3927 2296 3967 cor
2331 3906 2675 3982 (laudavi).
2726 3924 2745 3959 ι
2781 3904 3036 3968 Discute,
3082 3902 3343 3966 obsecro,
3397 3900 3786 3956 conscientiam

2200 4000 2312 4075 38
2349 4012 2512 4064 tuam,
2537 4007 2593 4055 et
2618 3997 2913 4068 prudenter
2957 3994 3228 4058 examina,
3259 4008 3364 4063 qna
3417 3993 3622 4062 quiete,
3677 4005 3788 4057 quo

2205 4091 2487 4164 refrigerio
2517 4090 2721 4160 potitus
2759 4103 2839 4151 es,
2875 4099 3164 4157 postquam
3205 4093 3256 4140 te
3306 4085 3431 4138 huic
3483 4081 3789 4154 periculoso

2205 4185 2441 4256 negotio,
2476 4192 2732 4252 tanquam
2788 4178 3028 4250 Scyllam:
3069 4177 3340 4248 voraginis
3385 4175 3638 4232 fluctibus
3686 4177 3789 4229 im-

2207 4276 2464 4331 mersisti.
2498 4274 2873 4344 Dilapidantur
2904 4287 3011 4326 tera
3042 4267 3344 4341 cupidinis,
3398 4268 3792 4324 exhauriuntur

2209 4367 2362 4422 folles
2392 4363 2584 4420 diversi
2617 4363 2830 4434 generis
2865 4361 3082 4417 metallo
3130 4371 3443 4432 turgentes;
3501 4359 3793 4431 profligau—

2209 4468 2299 4514 tur
2318 4460 2372 4513 in
2395 4471 2597 4513 cuneos
2622 4456 2853 4510 militum
2877 4455 3162 4524 erOganda:
3191 4452 3516 4523 pauperibus
3537 4452 3793 4507 Ecclesia:
3887 4442 3893 4446 ’

2214 4549 2523 4604 facultates.
2571 4546 2902 4619 Cunctisque
2952 4546 3229 4617 subjectus
3287 4545 3673 4615 obtemperas,
3736 4553 3796 4598 ut

2212 4644 2424 4699 cunctis
2455 4641 2803 4712 indignitate
2843 4639 3140 4709 pracellas,
3175 4649 3224 4693 et
3280 4639 3504 4694 ambitio
3545 4637 3795 4692 domina-

2214 4731 2376 4787 tionis
2418 4729 2542 4800 jure
2578 4738 2632 4784 te
2681 4729 2954 4799 mancipat
3007 4728 3304 4784 servitutis.
3369 4726 3541 4782 Unum
3585 4735 3638 4781 te
3687 4741 3792 4780 non

2215 4821 2402 4886 lateat,
2434 4821 2559 4890 quia
2590 4820 2838 4889 quisquis
2883 4819 3138 4875 Ecclesia:
3170 4834 3269 4890 per
3311 4819 3656 4874 venalitatem
3709 4835 3834 4879 se-.

2215 4913 2321 4969 mel
2345 4913 2647 4983 irrepserit,
2677 4912 2850 4966 donec
2885 4911 2958 4965 illi
3011 4911 3310 4981 prmfuerit,
3368 4912 3639 4966 redimere
3684 4926 3793 4964 non

2216 5005 2475 5061 cessabit.
2499 5003 2652 5060 Justo
2681 5004 2880 5073 quippe
2912 5003 3005 5058 Dei
3048 5004 3254 5074 judicio
3294 5004 3492 5074 agitur,
3533 5011 3593 5058 ut
3645 5003 3792 5073 quis-

2212 5099 2336 5167 quis
2402 5096 2640 5166 regimen
2718 5095 2973 5149 Ecclesia:
3039 5096 3370 5150 nundinatus
3442 5095 3794 5166 aggreditur,

2211 5189 2409 5261 quietis
2437 5187 2520 5242 vel
2546 5187 2835 5256 epulentiae
2859 5188 3202 5241 commodum
3225 5227 3240 5252 ,
3269 5187 3413 5258 quod
3459 5195 3794 5255 speraverat,

2205 5283 2280 5354 .de
2326 5297 2426 5337 suo
2485 5281 2812 5336 commercio
2860 5295 2964 5335 non
3019 5282 3279 5344 lucretur,
3332 5279 3425 5334 sed
3494 5278 3688 5333 sedens
3741 5276 3796 5330 in

2215 5376 2472 5432 cathedra
2503 5374 2823 5443 pestilentia:
2851 5372 3072 5427 fabriles
3099 5387 3315 5442 semper
3346 5370 3571 5426 malleus
3596 5378 3795 5433 versat,

2220 5478 2277 5524 et
2299 5468 2588 5523 immunda:
2617 5466 2950 5537 praelationis
2978 5465 3129 5520 rivus
3159 5480 3254 5535 per
3291 5463 3508 5519 sordida
3554 5478 3796 5519 convexa

2221 5560 2539 5622 decurrens,
2560 5557 2702 5614 unde
2733 5557 2976 5612 funestus
2999 5555 3265 5618 oboritur,
3293 5569 3391 5608 suo
3421 5568 3633 5620 semper
3663 5551 3796 5606 fonti

2221 5649 2561 5719 respondeat.
2610 5649 2898 5702 Enimvero
2945 5662 3066 5700 cum
3100 5646 3383 5715 religiosus
3431 5646 3660 5714 quisque
3716 5643 3800 5696 vir

2222 5741 2404 5794 subire
2438 5748 2542 5792 tam
2586 5738 2867 5792 laboriosae
2905 5736 3050 5791 sedis
3073 5750 3210 5790 onus
3235 5736 3548 5796 abhorreat,
3585 5733 3804 5802 illicque

2224 5831 2478 5886 constitui
2532 5830 2616 5883 vix
2670 5829 2792 5883 ullis
2831 5829 3113 5882 hominum
3169 5828 3419 5898 precibus
3467 5825 3804 5895 acquiescat,
