4140 6450
435 241 536 298 ειι

1596 249 1796 306 LIBER
1831 249 2108 320 Ριιιιιυδ,
2149 256 2362 312 EPIST.
2409 258 2520 314 ΧΧ.

3578 265 3728 328 ω.

435 375 534 416 cur
557 371 613 416 tu
637 372 778 415 onus
818 372 1068 428 onerum,
1113 369 1175 417 ut
1198 370 1418 420 sanctus
1437 364 1550 420 Leo
1595 381 1734 437 papa
1779 368 2009 436 dicebat,
2037 378 2090 438 Α
2117 372 2220 427 hoc
2245 383 2350 440 est,
2378 375 2468 445 qui
2511 390 2635 430 eum
2692 393 2744 431 ιη
2788 364 2895 446 quo
2930 377 3018 433 ille
3057 386 3268 450 regnat,
3322 387 3378 432 et
3432 377 3682 448 imperat,

435 467 542 506 non
574 453 733 506 modo
758 466 862 504 non
889 468 1050 522 paras
1090 454 1366 526 aufugere,
1407 459 1500 512 sed
1532 458 1672 514 ultro
1700 460 1863 516 etiam
1891 477 2012 530 pre-

436 555 545 602 ces.
576 548 632 594 et
667 542 900 610 pretium
950 541 1225 602 oiferendo
1259 545 1418 601 anxie
1475 554 1526 602 te
1573 549 1788 608 conaris
1829 550 2009 606 intru—

433 631 599 690 dere?
627 631 695 687 Ut
727 631 930 701 liquido
954 633 1199 690 videatur
1227 636 1320 691 tibi
1341 639 1609 693 sententia
1640 639 1727 694 illa
1751 656 2013 712 congrue-

439 738 514 787 re,
548 737 708 791 quam
730 737 826 792 per
860 723 1199 781 Ezechielem
1237 726 1496 782 adversus
1515 725 1814 784 Jerusalem
1868 730 2008 786 divi-

435 827 537 868 nus
577 828 756 865 sermo
790 813 1148 880 pronuntiat:
1202 833 1221 865 ‹
1270 814 1565 882 Omnibus,
1619 819 1714 884 ait,
1763 821 2012 874 meretri-

434 899 588 954 tibus
613 901 810 954 dantur
837 903 1141 969 mercedes;
1179 913 1233 958 tu
1279 915 1456 968 autem
1495 907 1693 964 dedisti
1731 911 2010 966 mercedes

431 991 647 1046 cunctis
674 993 1012 1071 amatoribus
1057 994 1184 1049 tuis.
1238 996 1293 1051 ln
1325 1012 1390 1052 eo
1421 999 1565 1053 enim
1618 999 1765 1070 quod
1815 1001 2008 1058 dedisti

438 1081 733 1146 mercedes,
763 1092 818 1137 et
846 1084 1122 1140 mercedes
1147 1101 1254 1142 non
1276 1089 1554 1157 accepisti,
1600 1089 1802 1147 factum
1831 1101 1915 1147 est
1953 1093 2008 1146 in

435 1182 487 1227 te
516 1174 852 1229 contrarimn
884 1173 1102 1245 (Ezech.
1131 1175 1266 1246 xvi).
1306 1197 1325 1230 ι
1357 1177 1646 1245 Prmterea,
1667 1181 1713 1235 si
1739 1196 1836 1242 eos
1866 1184 2010 1238 sacri

433 1278 670 1316 canones
698 1263 982 1320 haereticos
1012 1273 1202 1321 notant
1231 1268 1319 1339 qui
1356 1283 1480 1323 eum
1512 1269 1750 1326 Romana
1769 1273 2009 1329 Ecclesia

435 1372 541 1408 non
591 1356 950 1421 concordant,
1008 1374 1113 1427 qua
1167 1367 1222 1413 tu
1261 1359 1594 1427 judicaheris
1643 1364 1837 1434 dignus
1889 1382 2009 1422 esse

401 1525 404 1530 Ι
433 1447 720 1510 sententia,
758 1448 848 1516 qui
877 1449 978 1504 sibi
1009 1451 1300 1514 resistenti,
1335 1461 1392 1506 et
1417 1454 1841 1512 obstinatissime
1866 1457 2009 1514 relu-

435 1535 624 1602 etanli,
658 1553 763 1594 non
792 1548 998 1609 pastor,
1028 1542 1122 1598 sed
1157 1551 1416 1612 tyrannus
1453 1545 1716 1616 ingereris
1734 1563 1751 1614 ;
1781 1563 2010 1619 eamque

436 1644 594 1698 quam
623 1645 784 1699 supra
810 1640 1014 1700 petram
1043 1633 1162 1689 fidei
1200 1633 1392 1691 Petrus
1442 1637 1765 1706 praedicator
1809 1641 2006 1706 erexit,

2114 480 2420 523 commoves
2449 469 2724 540 pupulum.
2758 470 3039 540 Sceptrum
3069 471 3190 526 Filii
3221 472 3311 526 Dei
3334 481 3418 526 est
3442 470 3684 527 Ecclesia

2112 559 2398 624 catholica,
2430 561 2544 616 lure
2570 577 2815 631 regnum,
2839 563 2954 618 hinc
2978 573 3058 619 est
3085 575 3140 618 et
3168 563 3333 617 nostri
3359 561 3685 628 Redempto-

2114 647 2189 701 ris
2218 649 2518 718 imperium,
2550 667 2709 719 quam
2734 660 2792 706 tu
2825 668 3041 708 movere
3084 655 3277 730 merito
3307 652 3531 717 diceris,
3556 653 3684 711 dum

2112 752 2229 792 eam
2254 753 2450 794 vexare
2481 750 2535 794 et
2575 743 2900 796 conturbare
2931 744 3227 812 contendis.
3276 742 3390 797 Non
3430 751 3514 798 est
3551 742 3683 796 mihi

2112 831 2445 900 propositum
2501 833 2772 902 prephetre
2831 836 2994 888 verba
3062 851 3208 889 more
3267 833 3688 890 commentantis

2110 935 2402 991 exponere,
2434 931 2493 976 ut
2520 917 2742 978 debeam
2793 925 2861 979 de
2903 925 3065 996 lignis
3113 942 3349 996 quoque,
3393 926 3536 980 unde
3562 934 3689 996 post

2113 1023 2296 1087 arcam
2332 1010 2442 1067 Noe
2483 1029 2624 1068 nunc
2667 1015 2962 1070 fabricatur
3017 1017 3294 1084 Ecclesia,
3348 1017 3624 1086 disputare
3666 1034 3681 1070 :

2111 1099 2338 1157 sufﬁciat
2361 1103 2490 1158 mihi
2518 1105 2782 1160 duntaxat
2825 1106 2911 1160 illa
2964 1109 3347 1178 perstringere,
3404 1122 3528 1176 quae
3581 1115 3688 1161 tute

2113 1189 2399 1244 videantur
2442 1193 2673 1248 vesaniae
2725 1196 3032 1250 convenire.
3082 1196 3250 1252 Porro
3299 1206 3504 1260 autem,
3557 1196 3686 1266 quia

2111 1293 2337 1336 eiulatus
2365 1291 2488 1338 tuus
2518 1285 2618 1339 iste
2659 1301 2936 1355 nunquam
2988 1290 3268 1356 perveniet
3312 1291 3379 1344 ad
3409 1289 3683 1351 eﬂ‘eetum,

2112 1370 2206 1424 sed
2230 1371 2521 1427 infaustum
2553 1383 2825 1442 postremo
2868 1377 3218 1432 ceneludetur
3245 1379 3299 1431 in
3346 1379 3583 1442 exitum;
3631 1385 3689 1431 et

2111 1460 2201 1530 qui
2226 1460 2487 1521 Romanis
2512 1464 2731 1520 arcibus
2768 1468 3032 1536 superbus
3077 1467 3366 1530 inveheris,
3399 1469 3465 1520 ad
3512 1466 3685 1521 solum

2109 1551 2388 1620 proprium
2445 1567 2566 1607 eum
2621 1555 2911 1624 ignominia
2961 1556 3289 1620 reverteris,
3357 1557 3478 1610 audi
3545 1554 3687 1625 quod

2111 1643 2375 1712 sequitur.
2427 1644 2561 1718 Nam
2621 1655 2904 1716 postquam
2956 1647 3133 1702 divina
3191 1662 3294 1701 vox
3347 1649 3424 1702 ait
3452 1646 3686 1717 (lbid.):

439 1728 492 1768 tu
520 1731 643 1770 cum
674 1717 994 1773 satellitibus
1021 1717 1237 1774 Satana:
1260 1737 1428 1776 novus
1450 1722 1721 1794 prtuliator
1772 1727 2008 1781 evertis?
2039 1732 2084 1792 Β
2117 1750 2135 1783 ‹
2180 1731 2388 1796 Mucro,
2424 1723 2632 1798 mucro,
2655 1737 2882 1806 evagina
2925 1745 2975 1790 te
3022 1737 3089 1794 ad
3112 1735 3499 1800 occidendum;
3559 1733 3686 1788 lima

435 1814 487 1859 ct
531 1813 591 1860 ut
645 1807 969 1863 immeritum
1003 1812 1236 1880 pastoris
1290 1829 1486 1869 nomen
1533 1814 1811 1884 obtineas,
1840 1818 2010 1889 ipsam

443 1897 793 1965 confundere,
825 1914 888 1954 ae
915 1900 1213 1958 dilacerare
1237 1919 1493 1972 paseuam
1536 1922 1659 1962 eum
1693 1907 1809 1964 suis
1835 1909 2012 1979 gregi-

440 1989 541 2046 bus
562 2005 664 2044 non
697 1989 992 2046 formidas?
1020 1993 1127 2048 Sed
1157 1995 1282 2050 audi
1313 1997 1441 2066 quid
1476 1996 1568 2054 tibi
1601 1999 1814 2070 tuisque
1856 2000 2008 2056 simi-

437 2077 579 2134 libus
602 2078 860 2135 Dominus
883 2096 979 2151 per
1003 2084 1321 2154 prophetam
1349 2085 1494 2141 dicat
1524 2105 1537 2140 :
1583 2106 1602 2140 ‹
1644 2086 1732 2144 Vae
1773 2091 2010 2159 pastori-

435 2174 534 2222 bus
578 2170 666 2240 qui
724 2171 1041 2242 disperdunt
1096 2185 1146 2229 et
1194 2177 1496 2233 dilacerant
1535 2193 1754 2252 gregem
1796 2179 2046 2251 paseuae'

441 2275 593 2326 meae,
625 2261 750 2316 dicit
778 2261 1055 2319 Dominus.
1099 2265 1222 2319 Ideo
1253 2268 1366 2323 hmc
1396 2267 1526 2324 dicit
1572 2269 1832 2327 Dominus
1869 2271 2012 2326 Deus

438 2345 601 2403 Israel
647 2351 714 2406 ad
761 2363 1010 2421 pastores
1059 2355 1149 2425 qui
1199 2366 1427 2427 pascunt
1475 2359 1730 2431 populum
1785 2375 2008 2415 meum:

439 2438 543 2495 Vos
583 2443 913 2512 dispersistis
941 2460 1159 2516 gregem
1201 2464 1402 2512 meum,
1433 2459 1487 2506 et
1515 2450 1753 2521 ejecistis
1794 2467 1910 2517 eos,
1958 2462 2013 2507 et

437 2549 541 2586 non
570 2534 830 2591 visitastis
855 2552 979 2604 eos;
1008 2553 1136 2594 ecce
1163 2555 1264 2608 ego
1295 2541 1523 2596 visitabo
1547 2557 1709 2612 super
1729 2558 1823 2596 vos
1853 2542 2012 2599 mali-

438 2629 564 2683 tiam
589 2629 892 2686 studiorum
923 2642 1225 2689 vestrorum
1257 2633 1389 2704 (Jer.
1423 2631 1602 2703 χχιιι).
1641 2655 1660 2688 ι
1691 2634 1803 2690 lloe
1830 2645 2010 2690 autem

437 2722 577 2788 quod
609 2733 662 2775 tu
691 2738 833 2776 nunc
870 2723 1102 2790 moliris,
1135 2740 1242 2780 non
1269 2735 1351 2782 est
1391 2741 1609 2798 gregem
1638 2727 1848 2784 Domini
1882 2727 2012 2784 visi-

438 2817 573 2876 tare,
609 2812 703 2866 sed
750 2814 928 2882 potius
968 2816 1139 2869 instar
1175 2816 1443 2886 praedonis
1491 2831 1556 2872 ac
1598 2816 1753 2881 furis,
1785 2817 2014 2886 perdere

437 2916 490 2959 et
517 2912 773 2962 mactare.
834 2906 987 2961 Sicut
1040 2908 1094 2964 iu
1153 2907 1444 2979 Evangelia
1495 2907 1753 2964 Dominus
1806 2907 1938 2964 dicit
1996 2926 2008 2961 :

442 3014 459 3044 ι
493 2993 602 3050 Fur
623 3011 730 3050 non
755 2997 903 3052 venit
930 2998 1031 3052 nisi
1061 3008 1118 3052 ut
1145 2997 1375 3064 furetur,
1411 3007 1465 3055 et
1494 3007 1714 3064 mactet,
1741 3005 1797 3052 et
1822 2996 2016 3068 perdat

439 3084 621 3156 (Joan.
667 3086 748 3156 Χ).
792 3106 812 3139 ι

508 3177 759 3248 Nunquid
809 3177 876 3233 ad
909 3175 1015 3231 hoe
1052 3185 1213 3235 natus
1244 3194 1326 3245 es,
1370 3191 1432 3235 ut
1467 3179 1733 3236 mundum
1772 3179 1829 3236 in
1870 3179 2012 3236 bella

439 3269 742 3327 concutias,
783 3261 1153 3329 apostolorum
1197 3261 1412 3315 labores
1454 3271 1508 3315 et
1550 3277 1712 3330 opera
1754 3263 2022 3328 destruas,

438 3368 714 3428 totamque
759 3354 963 3411 Christi
1003 3351 1338 3418 Ecclesiam,
1391 3362 1515 3418 tua,
1568 3355 1727 3410 unius
1774 3355 2022 3413 videlicet

438 3450 710 3513 hominis,
759 3446 1055 3520 ambitione
1111 3444 1457 3499 confundas?
1508 3453 1562 3499 et
1624 3446 1739 3500 lucc
1794 3444 2023 3502 fortasse

437 3539 671 3595 turbatio
707 3539 780 3593 tui
819 3537 1055 3592 nominis
1094 3546 1176 3590 est
1222 3536 1486 3591 intentata
1529 3535 1811 3606 przesagio.
1856 3536 2022 3594 Caua.

434 3635 552 3688 lous
578 3633 776 3703 quippe
807 3630 1037 3685 vocaris.
1063 3629 1310 3700 (Consule
1329 3627 1544 3682 Scholia
1571 3628 1640 3681 ad
1670 3629 1862 3683 calcem
1892 3647 2024 3698 opu-

431 3725 609 3793 sculi.)
645 3723 710 3776 Et
744 3722 917 3791 prima
957 3721 1172 3790 quidem
1210 3735 1334 3790 pars
1373 3716 1533 3787 hujus
1573 3719 1806 3774 nominis
1842 3723 2020 3777 maui-

433 3817 568 3872 l'este
591 3815 871 3869 denuntiat
893 3829 1102 3877 casum,
1132 3811 1368 3867 secunda
1400 3812 1677 3881 populum,
1704 3813 1822 3874 λαὸς
1850 3814 2018 3884 siqui-

430 3911 551 3964 dem
585 3906 804 3972 Graace,
844 3905 1037 3960 Latine
1080 3903 1330 3974 pupulum
1379 3912 1556 3957 sonat.
1604 3903 1670 3957 Et
1707 3906 1834 3972 quid
1874 3905 2018 3960 aliud

432 4004 485 4057 in
538 4002 642 4056 hoc
693 3998 1020 4070 exprimitur
1071 3996 1332 4061 nomine,
1388 3995 1491 4050 nisi
1545 3995 1686 4064 quod
1740 3988 2069 4065 Scriptura"

429 4097 562 4152 dicit
597 4094 812 4168 (Ezech.
851 4093 949 4165 vn)
981 4111 994 4148 :
1027 4091 1164 4161 Quia
1197 4091 1447 4146 videlicet
1489 4092 1640 4145 ruina
1678 4093 1856 4162 populi
1889 4102 2017 4148 sunt

428 4191 738 4246 sacerdotes
766 4188 928 4242 mali?
962 4187 1075 4254 lloc
1113 4187 1297 4257 itaque
1336 4185 1522 4249 modo,
1560 4185 1650 4255 qui
1684 4194 1886 4242 sancta:
1915 4187 2019 4242 Ec-

427 4286 606 4339 clesiaa
635 4282 814 4338 fueras
847 4281 1014 4346 filius,
1046 4280 1308 4334 adversus
1339 4293 1458 4332 eam
1491 4277 1666 4331 factus
1695 4293 1755 4332 es
1780 4278 2011 4348 gladius.

424 4377 534 4448 39
555 4376 622 4430 Et
659 4373 800 4429 forte
841 4381 893 4426 tu
923 4372 1008 4424 ille
1039 4387 1100 4427 es
1125 4368 1336 4441 gladius
1373 4369 1439 4423 de
1463 4384 1570 4438 quo
1599 4367 1846 4424 Ezechiel
1885 4385 2013 4438 pro-

423 4471 585 4538 pheta
613 4466 743 4521 dicit
775 4483 788 4518 :
818 4484 836 4515 ι
871 4463 1116 4527 Gladius,
1144 4461 1352 4529 gladius
1382 4470 1642 4516 exaeutus
1671 4468 1755 4516 est
1781 4470 1836 4516 et
1860 4461 2017 4516 lima-

429 4573 513 4616 tus
542 4559 759 4630 (Ezech.
793 4555 928 4628 χχι).
967 4576 986 4608 ι
1021 4555 1132 4611 Cur
1165 4563 1345 4609 autem
1378 4555 1484 4609 duo
1520 4553 1634 4608 haec
1674 4553 1774 4608 iste
1803 4553 2013 4624 gladius

425 4653 650 4717 habeat,
685 4651 790 4706 hoc
825 4659 938 4711 est,
982 4656 1039 4702 ut
1076 4644 1407 4719 Iitnatus‘sit
1441 4652 1498 4700 et
1531 4653 1750 4707 acutus,
1791 4654 2010 4699 secutus

422 4738 641 4810 exponit
694 4755 708 4791 :
756 4755 775 4788 ι
823 4735 890 4790 Ut
940 4734 1138 4797 caedat,
1192 4733 1395 4802 inquit,
1448 4731 1698 4786 victimas
1748 4747 2012 4786 exacutus

423 4839 532 4896 est,
574 4838 634 4884 ut
669 4828 952 4900 splendeat
990 4825 1206 4880 limatus
1241 4831 1326 4877 est
1361 4822 1572 4895 (Ibid).
1609 4843 1627 4874 ι
1661 4821 1847 4878 Nonne
1875 4824 1928 4877 in
1958 4833 2010 4877 te

422 4923 672 4979 videntur
693 4922 797 4976 ista
824 4933 1143 4990 congruere,
1175 4917 1266 4986 qui
1295 4915 1544 4971 videlicet
1575 4923 1634 4969 ut
1657 4915 1804 4970 solus
1827 4915 2009 4970 valeas

421 5017 682 5086 dignitate
715 5011 1028 5083 splendere,
1067 5017 1236 5063 totum
1271 5024 1495 5078 regnum
1533 5007 1746 5061 laboras
1783 5006 1835 5060 in
1864 5021 2006 5076 pra)-

420 5107 580 5172 liutn,
607 5105 752 5161 velut
780 5102 1069 5160 occisionis
1093 5100 1338 5156 victimas
1372 5097 1736 5170 congregare?
1766 5098 1872 5152 Sed
1906 5099 2004 5151 ad-

419 5203 524 5256 huc
554 5200 676 5255 audi
705 5200 846 5267 quod
887 5205 1086 5267 praesto
1115 5195 1388 5266 subjuugit
1413 5192 1602 5264 (Ιὺὶά.)
1640 5211 1651 5246 :
1696 5211 1714 5244 ι
1752 5191 1853 5258 Qui
1885 5208 2001 5247 m0-

418 5311 512 5349 ves
546 5303 820 5364 sceptrum
860 5291 953 5345 lilii
999 5291 1138 5354 mei,
1174 5288 1452 5344 suecidisti
1487 5302 1650 5342 amne
1685 5285 1910 5355 lignum,
1948 5293 2004 5342 et

422 5391 542 5444 dedi
573 5405 698 5446 eum
729 5389 798 5443 ad
834 5387 1196 5459 levigamlum,
1223 5395 1283 5439 ut
1308 5393 1557 5439 teneatur
1583 5401 1760 5438 manu.
1799 5403 1816 5434 ι
1846 5383 2003 5438 Dein-

418 5485 484 5539 de
513 5483 759 5553 sequitur
790 5499 802 5535 :
843 5500 860 5532 ι
896 5481 1004 5537 lste
1037 5488 1301 5536 exaeutus
1336 5474 1418 5534 est
1446 5477 1685 5549 gladius,
1717 5486 1772 5531 et
1803 5477 1848 5531 is
1873 5492 1903 5529 e
1931 5475 1998 5530 li—

419 5583 596 5630 matus
631 5583 743 5639 est,
776 5585 836 5629 ut
871 5574 943 5629 sit
978 5574 1032 5628 in
1074 5589 1244 5626 manu.
1274 5567 1662 5627 interficientis.
1708 5589 1726 5620 ι
1765 5567 1844 5622 Τιι
1875 5584 1999 5637 pro-

420 5665 582 5732 tecto,
598 5677 653 5722 tu
675 5667 762 5724 ille
782 5681 840 5722 cs
867 5665 1093 5734 gladius,
1119 5665 1206 5734 qui
1231 5663 1350 5718 Filii
1373 5662 1463 5718 Dei
1489 5678 1672 5717 moves
1692 5669 1990 5729 sceptrum,

2035 4420 2086 4480 D

2115 1832 2167 1879 te
2197 1833 2255 1879 ut
2297 1824 2592 1881 interficias
2629 1836 2684 1881 et
2739 1826 2967 1898 fulgeas:
3000 1847 3019 1879 ι
3055 1827 3213 1897 paulo
3245 1835 3368 1896 post
3400 1825 3684 1894 sequitur:

2117 1935 2136 1968 ι
2182 1916 2475 1974 Revertere
2500 1918 2566 1972 ad
2595 1921 2843 1989 vaginam
2885 1929 3032 1980 tuam
3064 1961 3078 1981 ,
3131 1921 3184 1974 in
3243 1919 3418 1974 locum
3479 1919 3532 1973 in
3582 1933 3689 1987 qua

2112 2016 2327 2061 creatus
2354 2021 2432 2062 es.
2465 2007 2522 2062 In
2571 2017 2713 2064 terra
2766 2011 3064 2065 nativitatis
3095 2018 3201 2064 tua:
3240 2009 3495 2077 iudicabo
3527 2017 3599 2073 te,
3633 2015 3687 2061 et

2111 2095 2381 2153 eﬂ'undam
2431 2114 2591 2168 super
2623 2108 2674 2154 te
2704 2099 3127 2169 indignationem
3170 2113 3376 2160 meam,
3406 2105 3460 2152 et
3508 2098 3687 2166 ignem

2112 2185 2312 2244 furoris
2337 2188 2444 2244 mei
2481 2187 2704 2248 sufﬂabo
2743 2189 2798 2244 in
2847 2197 2914 2244 te.
2959 2209 2977 2242 ι
3033 2189 3209 2244 Habes
3256 2205 3396 2242 nunc
3461 2177 3683 2242 forsitan

2112 2277 2351 2342 mitram,
2403 2278 2593 2344 habes,
2644 2277 2799 2347 juxta
2850 2293 3052 2333 morem
3103 2279 3332 2333 Romani
3395 2277 3684 2348 pontiﬁcis,

2114 2366 2334 2422 rubram
2369 2381 2624 2438 cappam;
2654 2383 2788 2426 cave
2810 2384 2878 2426 ne
2902 2368 3042 2428 hanc
3073 2369 3357 2423 adversum
3387 2379 3439 2422 te
3478 2375 3690 2421 senten-

2115 2458 2242 2513 tiam
2271 2458 2485 2515 divinus
2505 2475 2602 2529 per
2641 2461 2892 2516 eumdem
2919 2460 3233 2531 prophetam
3275 2474 3455 2516 sermo
3497 2461 3688 2513 decer-

2104 2558 2250 2614 nat:
2303 2569 2323 2603 ι
2375 2550 2456 2606 Τιι
2502 2561 2724 2616 autem,
2771 2552 3028 2622 profane,
3076 2551 3239 2620 impie
3307 2551 3416 2605 dux
3482 2549 3685 2612 Israel,

2112 2639 2266 2710 cujus
2300 2639 2452 2695 venit
2480 2640 2595 2698 dies
2638 2641 2692 2695 in
2745 2648 2986 2709 tempore
3036 2639 3335 2708 iniquitatis
3389 2638 3683 2708 praefinita;

2113 2731 2228 2786 haec
2257 2731 2388 2788 dicit
2422 2730 2684 2788 Dominus
2712 2732 2852 2788 Deus
2885 2750 2898 2785 :
2930 2731 3100 2788 Aufer
3147 2731 3398 2791 cidarim.
3430 2731 3556 2785 tolle
3601 2745 3684 2784 co-

2111 2839 2332 2891 ronam;
2374 2839 2551 2880 nonne
2581 2827 2696 2880 haec
2722 2833 2827 2889 est,
2859 2839 2979 2894 quas
3001 2825 3253 2880 humilem
3276 2823 3596 2886 sublevavit,
3629 2830 3684 2876 et

2113 2915 2395 2973 sublimem
2419 2916 2718 2985 humanvit
2732 2916 2784 2987 (1
2789 2916 2920 2985 bid.)
2935 2917 2985 2970 2»
3003 2916 3080 2971 Ac
3100 2916 3147 2970 si
3164 2922 3407 2984 patenter
3419 2907 3682 2974 enuntiet,

2113 3007 2237 3077 quia
2261 3007 2509 3077 quisquis
2548 3007 2616 3064 ad
2669 3007 2812 3063 hanc
2853 3007 3104 3070 cidarim.
3158 3004 3241 3058 vel
3296 2999 3686 3058 sacerdotalem

2038 3079 2084 3140 (ἶ
2115 3113 2373 3154 coronam
2412 3106 2731 3168 arroganter
2777 3097 3009 3157 anhelat.
3034 3098 3159 3168 jure
3201 3094 3559 3164 deprimitur:
3593 3093 3685 3163 qui

2112 3196 2293 3243 autem
2327 3187 2602 3256 indignum
2633 3202 2692 3242 se
2719 3187 3023 3242 vociferans
3063 3185 3254 3247 renuit,
3284 3185 3480 3243 merito
3518 3182 3685 3237 subli-

2114 3287 2314 3339 matur.
2344 3277 2568 3332 Multum
2607 3293 2739 3333 sane
2785 3277 3056 3341 laetiticat,.
3089 3276 3234 3346 quod
3289 3272 3594 3342 hujusmodi
3636 3280 3688 3326 te

2113 3365 2394 3436 pontifices
2419 3365 2714 3437 elegerunt,
2747 3365 3089 3422 Placentinus
3118 3365 3366 3422 videlicet
3389 3374 3445 3418 et
3465 3361 3683 3417 Vercel-

2115 3458 2274 3520 linus,
2311 3457 2400 3526 qui
2441 3457 2694 3512 nimirum
2750 3456 2977 3510 multum
3027 3455 3224 3524 petulci
3278 3471 3344 3510 ae
3389 3453 3682 3523 proletarii,

2113 3549 2253 3604 sicut
2292 3557 2494 3602 norunt
2537 3549 2811 3616 disputare
2863 3549 2929 3604 de
2981 3547 3159 3615 specie
3203 3546 3548 3611 feminarum,
3605 3545 3686 3598 sie

2113 3640 2320 3697 utinam
2371 3641 2672 3710 potuissent
2703 3641 2754 3694 in
2806 3640 3052 3710 eligendo
3095 3638 3346 3708 pontifice
3395 3637 3682 3706 perspicax

2113 3732 2313 3788 habere
2333 3729 2614 3799 judicium.
2661 3731 2798 3785 Ecce
2848 3731 3041 3785 iterum
3092 3729 3200 3784 duo
3245 3743 3402 3782 senes
3455 3727 3550 3791 illi,
3609 3727 3678 3779 de

2112 3824 2306 3891 quibus
2335 3823 2543 3878 loeutus
2592 3831 2676 3878 est
2730 3809 2988 3877 Dominus
3033 3839 3046 3874 :
3089 3841 3108 3871 ι
3144 3819 3278 3886 Quia
3327 3833 3543 3888 egressa
3599 3828 3685 3871 est

2110 3912 2368 3980 iniquitas
2389 3913 2454 3966 de
2484 3911 2754 3984 Babylone
2775 3928 2802 3966 a
2831 3909 3363 3980 senibusjudieibus,
3390 3910 3480 3977 qui
3527 3908 3683 3963 vide-

2110 4001 2308 4056 bantur
2331 4017 2515 4072 regere
2543 4001 2795 4072 populum
2824 4001 2985 4071 (Dan.
3035 4000 3183 4068 xm).
3223 4020 3242 4051 ι
3295 3999 3434 4054 Ecce
3488 3999 3680 4052 iterum

2113 4089 2356 4144 Susanna
2387 4091 2437 4144 in
2465 4090 2728 4160 judicium
2758 4103 3010 4146 accusata
3041 4089 3358 4162 producitur
3384 4107 3396 4142 :
3431 4105 3560 4151 ecce
3589 4088 3686 4141 fal-

2112 4196 2230 4238 Sum
2256 4182 2527 4238 innocenti
2550 4183 2755 4238 crimen
2786 4183 3102 4250 intenditur,
3127 4192 3179 4237 et
3202 4181 3684 4252 sanguisiunoxius

2109 4273 2522 4329 condemnatur.
2583 4271 2690 4333 Sed
2748 4274 2985 4343 nunquid
3047 4273 3218 4328 deerit
3256 4272 3420 4326 etiam
3477 4271 3687 4334 Daniel,

2111 4364 2265 4434 cujus
2330 4375 2549 4437 repente
2623 4365 2846 4436 spiritus
2911 4365 3248 4426 suscitetur,
3319 4363 3685 4430 falsorumque

2111 4458 2330 4513 testium
2371 4458 2637 4526 nequitias
2703 4457 3035 4512 ulciscatur?
3088 4456 3277 4512 Aderit
3325 4456 3544 4523 utique,
3593 4453 3689 4505 ad-

2111 4545 2216 4601 erit
2241 4562 2401 4601 vcrus
2431 4547 2518 4600 ille
2575 4547 2658 4600 vir
2699 4546 3118 4609 desideriorum,
3145 4545 3214 4599 de
3241 4559 3349 4613 quo
3383 4542 3511 4596 dicit
3564 4555 3688 4608 pro.

2110 4639 2272 4708 pheta
2325 4657 2338 4693 :
2385 4656 2404 4690 ι
2449 4639 2591 4694 Ecce
2633 4639 2811 4693 veniet
2868 4637 3206 4705 desideratus
3257 4644 3466 4690 eunetis
3511 4632 3684 4704 gentio

2108 4723 2209 4784 bus
2263 4729 2464 4800 (Aggmi
2513 4728 2598 4796 ιι).
2645 4748 2664 4780 ι
2702 4729 2923 4794 Aderit,
2960 4729 3214 4798 inquam,
3268 4727 3539 4794 potentior
3596 4723 3685 4777 ille

2106 4822 2216 4896 ω
2244 4822 2463 4888 Daniel,
2490 4822 2578 4890 qui
2613 4831 2667 4876 et
2695 4821 2888 4892 impios
2917 4836 3072 4875 senes
3102 4834 3382 4890 perperam
3410 4817 3684 4885 judicasse

2112 4904 2422 4980 convinCat,
2453 4923 2512 4968 et
2537 4913 2839 4969 Susannam
2871 4921 3108 4966 nostram
3138 4911 3205 4965 ab
3233 4908 3442 4977 injustas
3465 4916 3685 4963 senten—

2113 5009 2184 5064 tia
2229 5009 2594 5064 damnationis
2643 5008 2906 5062 absolvat.
2946 5007 3019 5059 De
3059 5005 3213 5074 cujus
3243 5001 3522 5071 repentino
3550 4999 3688 5069 judi-

2111 5101 2194 5155 cio
2223 5100 2360 5154 alius
2390 5101 2649 5172 propheta
2670 5099 2835 5153 dicit:
2868 5117 2885 5148 ι
2919 5097 3058 5152 Ecce
3089 5093 3568 5153 turbo'Dominieae
3599 5093 3685 5146 in-

2109 5191 2436 5263 dignationis
2457 5192 2784 5262 egredietur,
2807 5200 2863 5244 et
2890 5201 3185 5269 tempestas
3213 5201 3501 5256 erumpens
3524 5198 3687 5252 super

2110 5284 2578 5355 caputimpiorum
2604 5284 2782 5345 veniet
2814 5302 2826 5336 :
2862 5300 2964 5337 non
3001 5292 3300 5338 revertetur
3325 5280 3474 5340 furor
3505 5275 3683 5332 Domi-

2111 5375 2168 5429 ni
2197 5390 2364 5444 usque
2393 5374 2519 5428 dmn
2549 5374 2728 5436 faciat,
2757 5384 2812 5427 et
2840 5389 3009 5443 usque
3035 5374 3162 5426 dum
3193 5369 3462 5439 compleat
3481 5367 3684 5436 cogita-

2116 5467 2314 5522 tionem
2361 5467 2538 5520 cordis
2591 5465 2672 5520 sui
2699 5463 2833 5536 (Jer.
2862 5464 3038 5532 xxm).
3075 5483 3093 5514 ι
3142 5462 3300 5518 Salva
3339 5461 3494 5528 plane
3524 5458 3685 5526 digna

2114 5557 2416 5612 reverentia
2461 5555 2674 5625 regibus
2729 5557 2928 5610 nostris
2981 5551 3213 5622 (consule
3250 5549 3458 5614 scltol.),
3489 5547 3685 5617 quibus

2112 5650 2297 5720 utique
2344 5648 2456 5704 sive
2504 5665 2602 5719 pro
2650 5665 2830 5714 sexus,
2877 5649 2988 5703 sive
3028 5663 3126 5718 pro
3165 5645 3341 5701 aetatis
3371 5643 3685 5700 inﬁrmitate
