4140 6482
441 262 550 320 9,ιῦ

942 263 1000 318 S.
1040 263 1244 321 PETRI
1282 265 1564 322 DAMIANI
1603 267 1753 324 OPP.
1789 265 1966 322 PARS
2009 263 2142 321 SEU
2181 259 2417 320 TOMUS
2455 263 2497 318 1.
2535 289 2606 302 -—
2630 261 2846 320 EPIST.
2873 261 3003 320 LIB.
3037 261 3150 318 VIII

3595 260 3704 317 ΞΗ

445 381 652 452 subripi
697 382 910 449 potuit:
941 387 1137 448 ιιι-πίει·
1193 379 1330 445 illos,
1384 381 1691 452 quicunque
1747 389 1799 434 te
1823 381 1888 433 ad
1919 380 2022 433 hoc
2053 383 2097 439 Λ
2129 384 2244 431 tate
2267 375 2623 445 plectendus?
2658 375 2850 431 Utrum
2893 375 3001 439 illo,
3029 375 3118 444 qui
3150 373 3292 428 sacri
3321 371 3512 427 altaris
3532 372 3708 425 lucer-

443 472 706 544 flagitium
743 473 1101 542 impulerunt,
1142 473 1238 528 ﬁlii
1284 473 1525 544 Caiphze,
1566 473 1913 544 primogeniti
1947 473 2027 527 di-

445 565 600 621 cendi
633 573 758 619 sunt
783 564 1018 631 Satanae,
1048 566 1323 635 adjutores
1340 567 1678 628 Antichristi,
1729 565 2026 620 adversarii

449 656 714 710 veritatis.
746 655 931 725 Itaque
959 655 1092 710 libet
1119 655 1520 713 exclamare:0
1546 655 1774 712 cadum!
1803 671 1836 711 o
1861 657 2022 711 terra!

449 761 570 799 cum
587 745 780 814 quibus
803 746 1080 801 scilicetct
1103 749 1284 802 omnia
1302 747 1568 802 turbanda
1594 755 1718 803 sunt
1739 747 2026 802 elementa.

449 835 493 888 0
541 835 802 905 tragtndia
833 836 1082 891 omnibus
1125 846 1252 891 ante
1299 851 1396 890 nos
1423 835 1630 890 Steculis
1663 835 1936 890 inaudita!
1971 845 2031 890 ιιι

453 928 664 984 alienus
687 929 993 1000 episcopus,
1021 931 1238 999 propria
1255 931 1385 984 sede
1401 940 1728 1000 contempta,
1749 931 2029 1001 ignorante

446 1019 578 1084 Deo,
630 1021 904 1075 nesciente
956 1020 1136 1084 Petro,
1183 1020 1458 1076 nesciente
1487 1019 1729 1075 Romana
1767 1021 2026 1084 Ecclesia,

450 1129 616 1184 super
661 1114 954 1168 Romanam
984 1114 1352 1169 constituatur
1396 1114 1734 1168 Ecclesiam?
1778 1123 1831 1168 et
1886 1113 2028 1182 quod

451 1222 554 1260 non
606 1206 710 1260 fert
745 1205 980 1260 Ecclesia
1017 1205 1303 1275 cujuslibet
1328 1207 1526 1260 inlinue
1563 1206 1861 1276 dignitatis,
1910 1219 2033 1274 pcr-

451 1299 591 1350 l'crat
619 1297 728 1360 illa,
759 1311 879 1365 quae
906 1305 1078 1350 mater
1105 1305 1190 1350 est
1209 1305 1266 1351 et
1298 1297 1554 1366 magistra
1583 1295 1746 1348 totius
1768 1293 2032 1348 Christia-

451 1401 530 1438 na:
562 1384 878 1455 religionis?
905 1383 1010 1438 Sed
1034 1384 1304 1454 quispiam
1331 1383 1580 1438 fortassis
1619 1383 1862 1453 objiciat,
1890 1383 2032 1437 inor-

448 1474 648 1527 dinatae
677 1474 802 1528 huic
847 1474 1177 1528 ordinationi
1217 1474 1452 1543 aliquem
1497 1471 1809 1527 interfuisse
1837 1473 2032 1526 Roma-

451 1580 599 1618 num.
647 1564 947 1620 Erubescat
989 1567 1056 1645 ad
1112 1565 1227 1619 hznc
1272 1565 1452 1632 lingua
1479 1563 1812 1634 phrenetica,
1836 1571 1890 1617 et
1917 1578 2034 1632 qua:

451 1657 626 1710 nescit
661 1671 780 1710 esse
835 1655 1088 1720 facunda,
1140 1657 1313 1711 discat
1365 1672 1485 1711 esse
1521 1657 1602 1712 vel
1639 1666 1783 1711 muta
1818 1675 1830 1711 :
1862 1655 2035 1711 nescit

2127 484 2252 524 nam
2304 467 2648 536 prazsumpsit
2696 468 3079 538 exstinguere;
3131 481 3197 520 an
3259 475 3345 531 tu,
3396 465 3486 534 qui
3540 473 3710 518 totam

2126 556 2486 613 universalem
2543 558 2838 613 Ecclesiam
2893 573 3006 628 pra:
3075 555 3289 612 furtiva:
3347 556 3712 627 promotionis

2126 648 2408 704 exordium
2441 648 2632 702 niteris
2659 649 2990 704 obscurare?
3015 647 3116 714 Qui
3137 645 3460 707 enim.iuxta
3487 648 3708 702 Verita-

2131 741 2198 795 tis
2231 756 2444 804 vocem,
2473 739 2639 794 intrat
2667 756 2764 811 per
2793 742 3014 803 ostium,
3047 748 3236 808 pastor
3265 749 3347 794 est
3371 739 3586 804 ovium;
3618 740 3710 808 qui

2090 857 2094 861 -
2129 841 2307 889 autem
2337 833 2504 888 intrat
2525 831 2766 893 aliunde,
2791 832 2878 886 fur
2911 841 2996 887 est
3033 842 3088 887 et
3117 831 3256 886 latro
3285 831 3465 902 (Joan.
3491 831 3568 902 x).
3603 830 3713 886 Sed

2099 925 2268 978 ‘sicut
2297 937 2394 993 per
2423 922 2657 993 pastoris
2688 923 2887 978 ostium
2927 921 3020 992 qui
3056 919 3172 991 jam
3203 921 3392 991 utique
3433 920 3709 990 praesidet,

2131 1014 2310 1068 domui
2342 1012 2521 1067 lmnen
2567 1011 2897 1078 infunditur;
2945 1013 3018 1066 ita
3049 1027 3146 1081 per
3175 1021 3322 1065 tuum
3355 1011 3592 1077 aliunde,
3632 1011 3716 1066 ni-
3767 1070 3780 1093 ἶ

2131 1100 2204 1154 hil
2234 1099 2402 1166 aliud,
2434 1101 2536 1158 nisi
2576 1100 2775 1168 fumus,
2810 1110 2973 1170 atque
3003 1101 3195 1171 caligo,
3225 1095 3413 1167 chaos,
3437 1111 3490 1156 et
3518 1102 3717 1156 herror

2133 1191 2396 1263 ingeritur
2440 1192 2811 1247 tenebrarum.
2865 1191 2981 1247 Huc
3024 1193 3255 1258 accedit,
3304 1194 3427 1262 quia
3477 1193 3605 1247 dum
3657 1193 3715 1246 in

2133 1283 2257 1336 imis
2301 1293 2385 1338 est
2425 1283 2718 1352 quispiam,
2751 1283 2866 1353 ejus
2906 1283 3305 1351 quodammodo
3342 1283 3473 1337 vitia
3524 1283 3716 1338 delite-

2133 1383 2324 1440 scunt;
2360 1390 2482 1429 cum
2523 1391 2653 1430 vero
2683 1375 2750 1429 ad
2791 1375 3069 1446 dignitatis
3097 1376 3310 1430 culmcn
3352 1379 3615 1440 ascendit,
3660 1379 3716 1432 in

2132 1465 2470 1534 superficiem
2496 1480 2617 1520 mox
2646 1472 2938 1535 erumpunt
2965 1483 2980 1520 :
3013 1475 3064 1520 ct
3096 1481 3216 1535 qua:
3246 1465 3463 1521 fuerant
3486 1477 3717 1523 eatenus

2135 1552 2395 1619 inaudita,
2435 1551 2546 1622 jam
2588 1569 2685 1624 per
2715 1568 2810 1608 ora
2851 1554 3161 1624 remigeruli
3201 1555 3379 1624 populi
3426 1558 3555 1611 trita
3592 1557 3709 1611 vul-

2136 1655 2348 1716 gantur.
2380 1644 2522 1712 Quot
2548 1645 2826 1701 hominum
2861 1647 3028 1702 millia
3061 1663 3205 1702 nunc
3249 1660 3339 1703 tua
3373 1649 3514 1704 facta
3562 1651 3716 1706 dinu-

449 1749 652 1820 aliquid
702 1751 908 1806 utiliter
963 1751 1176 1818 dicere‘,
1233 1754 1371 1807 sciat
1427 1751 1618 1807 saltem
1677 1751 1792 1805 sine
1835 1751 2034 1804 damno

2141 1748 2373 1802 merant,
2405 1738 2497 1807 qui
2533 1753 2703 1808 usque
2732 1739 2800 1793 ad
2829 1739 2933 1794 hoc
2971 1747 3180 1809 tempus
3204 1754 3266 1794 ea
3294 1740 3538 1796 funditus
3567 1742 3720 1814 igno-

449 1847 654 1894 tacere.
698 1840 960 1894 Nimirum
1003 1856 1124 1894 cum
1173 1841 1369 1896 electio
1410 1841 1498 1895 illa
1530 1856 1626 1910 per
1652 1840 2031 1910 episcoporum

449 1928 807 1983 cardinalium
825 1929 940 1984 fieri
959 1931 1152 1985 debeat
1174 1931 1771 2000 principalejudicium,
1797 1930 2034 1985 secundo

450 2017 571 2073 loco
589 2017 712 2085 jure
754 2019 994 2086 praebeat
1021 2019 1198 2074 clerus
1244 2035 1546 2084 assensum,
1574 2021 1732 2074 tertio
1759 2019 2034 2090 pepularis

450 2107 602 2162 favor
649 2109 859 2164 attollat
906 2110 1221 2179 applausum
1250 2128 1263 2163 :
1296 2112 1481 2180 sicque
1531 2112 1904 2181 suspendenda
1951 2121 2036 2167 est

447 2183 634 2262 causa,
668 2199 985 2267 usquedum
1029 2199 1191 2269 regiae
1221 2200 1559 2255 celsitudinis
1595 2200 1911 2256 consulatur
1936 2217 2030 2254 au-

452 2290 683 2344 ctoritas
715 2306 728 2341 :
761 2289 884 2352 nisi,
918 2290 1060 2344 sicut
1093 2304 1263 2358 nuper
1291 2290 1548 2360 contigit,
1578 2289 1876 2360 periculum
1919 2289 2034 2344 for-

456 2378 621 2432 tassis
666 2378 972 2441 immineat,
1024 2381 1165 2448 quod
1207 2394 1319 2434 rem
1359 2381 1684 2449 quantocius
1731 2379 2038 2435 accelerare

456 2467 762 2536 compellat.
780 2469 950 2523 Porro
975 2479 1154 2523 autem
1186 2469 1326 2524 sicut
1348 2469 1596 2526 diabolus
1619 2471 1802 2526 divino
1831 2469 2036 2525 nomini

454 2556 718 2626 pluralem
775 2574 1058 2613 numerum
1117 2559 1345 2623 indidit,
1397 2569 1457 2614 ut
1496 2560 1700 2616 diceret
1755 2561 1966 2615 mulieri
2016 2576 2030 2613 :

459 2669 479 2701 ι
518 2651 684 2706 Erilis
729 2651 872 2705 sicut
898 2652 993 2716 dii,
1047 2651 1282 2709 scientes
1333 2654 1530 2709 bonum
1561 2665 1616 2710 et
1649 2655 1849 2711 malum
1878 2655 2033 2727 (Gen.

460 2743 578 2812 m);
616 2761 636 2794 ι
669 2742 741 2796 ita
770 2751 822 2797 tu
853 2745 1328 2814 grammaticorum
1371 2741 1570 2817 regulis
1612 2763 1810 2803 novum
1835 2748 2036 2818 aliquid

462 2834 740 2897 addidisti,
771 2844 830 2887 ut
859 2835 910 2888 in
938 2835 1300 2890 declinatione
1335 2836 1449 2906 jam
1492 2838 1646 2907 pueri
1675 2838 1859 2893 dicant
1887 2853 2039 2908 papa

459 2939 738 2994 paparum.
772 2923 876 2978 Per
905 2932 958 2978 te
980 2925 1162 2994 itaque
1190 2940 1356 2980 senex
1377 2925 1490 2995 jam
1517 2927 1750 2984 mundus
1787 2927 2037 2996 addiscit,

457 3013 601 3081 quod
631 3014 893 3067 hactenus
913 3013 1195 3083 ignoravit.
1228 3015 1293 3068 Et
1318 3015 1460 3069 sicut
1481 3014 1637 3083 juxta
1671 3016 1822 3072 Pauli
1849 3032 2038 3074 vocem

461 3101 651 3173 (Hebr.
705 3101 806 3172 Ix),
849 3118 1092 3158 summus
1143 3105 1382 3174 pontifex
1432 3107 1487 3161 in
1538 3117 1724 3163 sancta
1747 3123 1844 3178 per
1867 3125 2038 3166 annos

463 3195 702 3266 singulos
729 3196 1133 3264 ingrediebatur
1161 3198 1213 3252 in
1245 3201 1507 3268 sanguine
1535 3201 1748 3268 alieno;
1782 3203 1861 3258 sic
1889 3212 1944 3257 et
1983 3213 2038 3258 tu

463 3304 607 3342 nunc
651 3289 972 3343 miserorum
1019 3289 1318 3356 hominum,
1367 3293 1513 3347 velut
1548 3309 1833 3364 porcorum
1864 3298 2039 3350 succi-

461 3377 610 3431 dium
641 3376 792 3442 facis,
828 3387 881 3432 et
901 3380 1216 3449 sanguinem
1249 3381 1452 3446 fundis,
1484 3393 1542 3436 ut
1567 3384 1632 3438 ad
1659 3383 1720 3437 Β.
1747 3383 1890 3440 Petri
1917 3401 2042 3440 sau-

465 3475 732 3526 ctuarium
777 3482 1034 3528 cruentus
1080 3475 1424 3545 ingrediaris.
1468 3475 1632 3540 Cave,
1661 3477 1847 3542 frater,
1887 3494 2038 3546 cave,

465 3578 532 3617 ne
561 3563 710 3617 velut
755 3565 929 3618 hostis
981 3566 1228 3638 insurgas
1281 3579 1388 3622 tam
1420 3570 1824 3639 praecipitanter
1851 3571 1905 3625 in
1937 3571 2040 3626 Pe-

465 3665 629 3724 trum,
663 3656 754 3724 qui
800 3667 946 3712 certe
972 3667 1028 3712 et
1067 3659 1330 3714 Ananiam
1364 3675 1485 3714 cum
1509 3663 1736 3733 conjuge
1783 3663 1932 3718 verbi
1957 3664 2040 3719 sui

472 3743 578 3797 telo
609 3745 833 3801 contulit
862 3749 996 3816 (Act.
1033 3756 1105 3816 ν),
1153 3764 1206 3807 et
1237 3756 1514 3810 Simonem
1552 3768 1868 3828 arroganter
1893 3765 2038 3815 astra

467 3843 758 3903 petentem,
805 3838 858 3892 in
890 3841 1099 3909 gehenn
1121 3861 1148 3897 ιι
1183 3845 1448 3915 profunda
1476 3848 1756 3905 demersit.

533 3929 687 3996 Quod
744 3931 878 3986 mibi
927 3949 956 3986 a
1002 3934 1308 3990 senioribus
1342 3934 1646 3989 intimatum
1690 3945 1792 4001 est,
1823 3935 2039 3992 refero:

462 4020 519 4074 In
546 4020 851 4092 Babyloniae
879 4024 1123 4092 partibus
1139 4028 1533 4094 possessionem
1562 4030 1855 4098 apostolica
1885 4031 2041 4087 sedes

464 4112 735 4179 habebat,
770 4113 912 4168 unde
961 4124 1168 4170 tantum
1203 4118 1425 4173 balsami
1463 4122 1693 4176 reditum
1734 4138 1832 4192 per
1871 4141 2043 4180 annos

465 4204 704 4274 singulos
733 4205 1015 4274 capiebat,
1039 4209 1180 4277 quod
1213 4209 1542 4267 indelicienti
1568 4212 1754 4268 fomite
1773 4215 2045 4271 sufﬁceret

468 4294 726 4364 lampadi,
759 4312 879 4365 qua}
910 4298 1161 4354 videlicet
1206 4309 1330 4355 ante
1376 4303 1547 4358 altare
1588 4303 1729 4358 beati
1779 4305 2045 4373 apostolo-

460 4400 584 4438 rum
629 4386 888 4456 principis
923 4389 1181 4445 rutilabat
1235 4407 1492 4462 appensa.
1547 4393 1716 4460 Quam
1746 4396 2043 4462 possessio-
2074 4429 2120 4486 ο

467 4489 588 4529 nem
644 4484 864 4547 accepta
920 4481 1144 4546 pecunia
1197 4497 1332 4551 papa
1365 4483 1632 4547 distraxit,
1676 4499 2044 4553 canoncmque

468 4568 751 4632 aromatis,
800 4583 959 4637 quem
992 4570 1230 4639 recipere
1257 4572 1486 4640 solebat,
1518 4573 1721 4628 amisit.
1757 4573 2045 4644 Aliquanto

468 4665 621 4725 post,
661 4674 782 4713 cum
829 4657 968 4714 idem
1003 4675 1138 4731 papa
1183 4664 1441 4731 praedicto
1481 4673 1829 4719 sacrosancto
1862 4666 2043 4731 altari,

467 4750 624 4817 quasi
671 4752 898 4806 devotus
955 4753 1234 4809 assisteret
1283 4765 1338 4810 et
1392 4766 1592 4820 oraret,
1654 4771 1781 4810 ecce
1827 4757 2042 4825 quidam

470 4843 727 4899 terribilis
795 4853 850 4899 et
905 4848 1226 4916 grandzcvus
1278 4865 1475 4910 senex,
1537 4849 1590 4901 in
1660 4849 1813 4918 cujus
1881 4851 2040 4904 etiam

471 4931 609 4987 facie
655 4935 1013 4991 barbirasium
1065 4939 1376 5004 videbatur,
1419 4939 1562 4994 elato
1614 4939 1835 4994 brachio
1897 4939 2045 4995 cola-

470 5025 636 5093 phum
678 5026 777 5080 sibi
835 5029 1182 5083 vehementer
1221 5031 1480 5092 incussit,
1516 5039 1570 5083 et
1598 5030 1673 5083 ait
1711 5047 1723 5083 :
1763 5048 1779 5080 ι
1819 5030 1897 5084 Tu
1953 5047 2050 5086 ex-

467 5115 706 5170 stinxisti
751 5116 854 5188 41
893 5117 1164 5173 lucernam
1208 5135 1380 5175 meum
1422 5128 1546 5174 ante
1579 5136 1684 5183 me,
1726 5131 1780 5174 et
1809 5137 1910 5191 ego
1943 5137 2038 5176 ex-

471 5209 738 5276 stinguam
790 5209 1063 5264 lucernam
1111 5220 1256 5266 tuam
1290 5220 1416 5266 ante
1465 5212 1632 5265 Deum
1673 5231 1685 5262 :

474 5299 752 5368 disparuit.
799 5300 888 5356 Ille
930 5317 1057 5356 vero
1092 5303 1336 5372 protinus
1364 5301 1588 5363 corruit,
1621 5311 1675 5354 et
1719 5303 1878 5370 paulo
1926 5318 2048 5368 post

473 5386 613 5440 diem
653 5389 845 5443 clausit
882 5399 1207 5444 extremum.
1261 5390 1351 5443 Sic
1395 5390 1474 5442 sic
1511 5390 1764 5443 nimirum
1807 5403 2047 5446 meretur

472 5479 698 5548 corripi,
727 5482 817 5549 qui
861 5481 935 5536 illi
973 5498 1032 5536 se
1061 5481 1265 5550 praebet
1295 5481 1602 5545 adversum,
1633 5483 1722 5550 qui
1771 5483 1891 5539 coeli
1941 5494 2047 5537 ter-

475 5582 655 5638 mque
701 5573 907 5641 primus
957 5584 1137 5644 pastor
1193 5573 1399 5626 obtinet
1445 5573 1828 5642 principatum.
1891 5574 2043 5641 Quis,

475 5676 590 5728 oro,
629 5663 852 5721 duorum
879 5679 1138 5735 paparum
1189 5664 1390 5719 duriori
1435 5665 1526 5718 tibi
1565 5665 1782 5718 videtur
1819 5666 2047 5721 austeri-
2103 5660 2108 5666 ’

1738 5233 1756 5264 ι
1814 5230 2046 5284 Inoxque
2073 5267 2076 5270 .

2137 1829 2376 1885 rabant?
2423 1829 2556 1884 Nam
2621 1831 3034 1899 praebendarum
3096 1832 3351 1888 Ecclesiae
3417 1843 3559 1901 tum,
3629 1837 3718 1892 vel

2135 1921 2501 1976 Ecclesiarum
2545 1920 2851 1976 damnanda
2899 1924 3250 1986 commercia,
3301 1924 3516 1994 aliaque
3559 1925 3718 1997 longe

2133 2012 2397 2082 turpiora,
2436 2026 2555 2080 qua:
2584 2027 2684 2067 nos
2713 2011 3086 2068 erubescimus
3112 2013 3316 2079 dicere,
3367 2014 3628 2071 hactenus
3659 2017 3714 2072 in

2137 2112 2228 2156 tuo
2271 2111 2475 2156 tantum
2524 2103 2891 2158 narrabantur
2934 2103 3235 2173 oppidulo:
3279 2120 3422 2159 nunc
3464 2104 3600 2161 alter
3647 2107 3716 2162 ad

2134 2191 2364 2246 alterum
2402 2193 2602 2263 ubique
2635 2195 2784 2262 regni
2816 2193 2999 2265 hujus,
3035 2205 3088 2250 et
3120 2204 3458 2252 mercatores
3483 2196 3717 2268 loquun-

2138 2293 2229 2337 tur
2255 2285 2306 2338 in
2339 2284 2477 2350 foro,
2499 2293 2561 2339 'et
2589 2285 2825 2339 fossores
2867 2286 2920 2340 in
2962 2301 3112 2355 agro.
3145 2286 3328 2352 Pueri,
3361 2289 3451 2357 qui
3483 2289 3720 2344 rhetori-

2135 2382 2332 2428 cantur
2359 2373 2412 2428 in
2440 2373 2661 2438 scholis,
2695 2375 2840 2430 cives
2875 2376 2968 2446 qui
3008 2375 3381 2445 glomerantur
3415 2377 3468 2430 in
3513 2377 3716 2444 triviis,

2135 2479 2325 2520 omnes
2347 2481 2484 2534 pene
2507 2475 2558 2520 te
2580 2465 2844 2533 lacerant,
2881 2477 3040 2537 teque
3065 2469 3381 2538 dijudicant.
3409 2469 3522 2526 Hoc
3547 2471 3716 2541 siqui-

2137 2552 2258 2609 dem
2289 2555 2384 2610 tibi
2413 2556 2708 2627 contigisse
2735 2559 3142 2628 comprobatur,
3161 2561 3302 2628 quod
3330 2562 3717 2632 transgressori

2137 2645 2361 2701 cuilibet
2406 2663 2503 2717 per
2531 2646 2823 2702 Jeremiam
2862 2650 3108 2704 dicitur:
3145 2669 3164 2701 ‹
3203 2650 3433 2721 Propter
3466 2653 3713 2707 multitu-

2139 2735 2316 2790 dinem
2342 2737 2760 2807 iniquitatistuae
2784 2741 3018 2795 revelata
3046 2750 3172 2795 sunt
3196 2743 3586 2799 verecundiora
3604 2754 3716 2811 tua,

2139 2827 2355 2898 polluta:
2380 2837 2504 2884 sunt
2528 2830 2728 2900 planta:
2756 2841 2859 2887 tua:
2886 2833 3020 2905 (Jer.
3046 2834 3190 2907 xm).
3225 2855 3243 2888 ι
3285 2835 3383 2891 Cui
3410 2838 3570 2906 paulo
3598 2849 3722 2909 post

2144 2920 2313 2975 etiam
2353 2921 2550 2976 dicitur
2592 2940 2604 2976 :
2647 2943 2667 2975 ‹
2718 2923 2842 2980 Ιίωο
2878 2941 2995 2981 sors
3035 2934 3150 2990 tua,
3183 2943 3418 2998 parsque
3453 2945 3720 2987 mensura:

2142 3018 2246 3066 tua:
2276 3013 2415 3082 apud
2450 3029 2555 3079 me,
2589 3014 2718 3070 dicit
2752 3016 3031 3084 Dominus,
3063 3018 3188 3088 quia
3218 3019 3384 3074 oblita
3410 3034 3469 3074 es
3496 3021 3620 3086 mei,
3665 3029 3722 3076 et

2143 3102 2344 3157 confisa
2369 3117 2427 3157 es
2456 3103 2509 3157 in
2542 3105 2842 3160 mendacio.
2873 3105 3027 3161 Unde
3057 3115 3113 3160 et
3139 3123 3238 3178 ego
3267 3108 3463 3163 nudavi
3509 3107 3717 3165 femora

2143 3202 2233 3246 tua
2264 3203 2450 3248 contra
2482 3193 2674 3250 faciem
2707 3205 2875 3260 tuam,
2911 3204 2966 3250 et
3005 3199 3252 3267 apparuit
3289 3199 3578 3269 ignominia
3606 3210 3718 3267 tua,

2140 3295 2195 3340 et
2226 3283 2488 3340 adulteria
2528 3295 2638 3349 tua,
2675 3296 2730 3342 et
2762 3287 3004 3342 hinnitus
3033 3297 3180 3354 tuus,
3210 3289 3386 3346 scelus
3413 3290 3722 3346 fornicatio-

2142 3376 2227 3431 nis
2265 3387 2369 3432 tua:
2408 3376 2584 3448 (ibid.)
2621 3396 2640 3430 ι
2679 3377 3064 3434 Verumtamen
3094 3381 3140 3434 si
3175 3397 3276 3452 ego
3309 3394 3361 3437 te
3395 3384 3722 3439 convenien-

2143 3468 2268 3522 dum
2323 3482 2443 3524 esse
2489 3469 2859 3534 decernerem,
2914 3470 3104 3541 hisque
3153 3473 3203 3526 in
3258 3488 3320 3528 os
3378 3473 3722 3529 sermonibus

2141 3557 2480 3628 objurgarem
2511 3574 2526 3613 :
2557 3574 2736 3615 nonne
2766 3571 2842 3626 tu,
2871 3577 2991 3631 qua:
3012 3563 3180 3632 gratis
3207 3563 3481 3619 offerenda
3512 3573 3637 3620 sunt
3665 3565 3720 3620 in

2142 3654 2382 3714 Ecclesia
2412 3655 2750 3710 distraxisti?
2772 3656 2960 3712 Nonne
2989 3658 3124 3724 haec,
3153 3669 3206 3714 et
3241 3659 3352 3726 illa,
3383 3661 3520 3716 caelo
3546 3673 3722 3716 terra-

2143 3758 2248 3814 que
2279 3744 2530 3810 testibus,
2557 3745 2908 3800 commisisti?
2948 3746 3078 3814 Qu:e
3115 3749 3367 3803 videlicet
3411 3750 3458 3805 si
3497 3766 3595 3822 ego
3625 3751 3722 3805 tibi

2142 3833 2402 3900 dicerem,
2431 3849 2538 3889 non
2569 3849 2655 3890 me
2692 3834 2840 3901 latet,
2875 3838 3127 3906 quoniam
3175 3838 3299 3892 dum
3342 3855 3538 3910 negare
3581 3841 3721 3906 haec,

2143 3926 2342 3983 mundo
2372 3935 2530 3991 teste,
2561 3943 2666 3982 non
2707 3943 2913 3998 posses,
2947 3930 3194 3998 protinus
3221 3931 3286 3985 ad
3324 3930 3517 3986 futurae
3541 3947 3729 3986 corre-

2145 4018 2340 4074 ctionis
2370 4019 2730 4089 patrocinium
2774 4020 3110 4076 convolares.
3143 4021 3379 4090 Quilibet
3413 4025 3558 4078 enim
3600 4025 3720 4079 cul-

2145 4111 2307 4166 minis
2345 4111 2615 4182 appetitor
2658 4113 2783 4167 dum
2813 4115 2879 4168 de
2925 4124 3194 4170 transacta
3227 4117 3354 4181 vita,
3395 4118 3724 4172 conscientia

2147 4203 2507 4268 remordente,
2553 4203 2917 4270 confunditur,
2947 4208 3377 4263 emendationem
3410 4209 3628 4264 sibimet
3672 4210 3723 4264 in

2145 4301 2422 4360 posterum
2468 4293 2781 4363 pollicetur;
2831 4297 2925 4350 sed
2967 4297 3092 4351 dum
3136 4299 3346 4354 culmen
3392 4300 3727 4357 celsitudinis

2146 4385 2363 4439 occasio
2392 4383 2452 4440 fit
2487 4387 2763 4456 peccandi,
2793 4391 3061 4457 quomodo
3090 4407 3186 4462 per
3223 4394 3487 4463 scopulosi
3529 4397 3728 4451 niontis

2147 4484 2416 4543 praerupta
2453 4490 2558 4530 non
2592 4474 2848 4543 olleudet,
2881 4480 2972 4548 qui
3009 4496 3104 4550 per
3140 4482 3298 4550 plana
3335 4485 3592 4555 gradiens
3627 4489 3728 4540 im-

2147 4564 2440 4636 pingcbat?
2483 4565 2703 4621 Possem
2753 4579 3013 4638 praeterea
3057 4571 3401 4641 respondere,
3444 4576 3586 4643 quod
3635 4591 3731 4645 per

2148 4657 2464 4725 prophetam
2506 4657 2763 4712 Dominus
2807 4661 2922 4723 tibi,
2970 4662 3186 4731 tuisque
3229 4665 3497 4720 similibus
3531 4665 3665 4720 dicit
3713 4684 3728 4721 :

2153 4765 2170 4796 ι
2207 4748 2262 4800 Si
2298 4757 2504 4802 tlzlllitl'e
2533 4758 2710 4819 potest
2751 4750 2999 4820 JEthiops
3026 4752 3218 4821 pellem
3261 4769 3438 4819 suam,
3468 4765 3563 4809 aut
3601 4771 3730 4824 par-

2148 4839 2248 4891 dus
2285 4839 2598 4893 varietatem
2640 4856 2813 4906 suam,
2867 4850 2922 4896 et
2968 4858 3064 4897 vos
3102 4845 3347 4913 poteritis
3386 4846 3731 4913 benefacere,

2154 4942 2274 4980 cmn
2307 4928 2602 4983 didiceritis
2638 4931 2836 4984 malum
2870 4930 3004 5002 (Jer.
3049 4936 3192 5003 xm).
3235 4955 3254 4986 ι
3307 4936 3379 4990 De
3415 4952 3520 5005 qua
3551 4939 3730 4990 varic-

2157 5029 2267 5074 tate
2290 5034 2344 5074 e:
2367 5021 2492 5074 alibi
2525 5023 2657 5077 dicit
2687 5041 2699 5075 ε
2741 5042 2758 5073 ι
2792 5023 3042 5093 Nunquid
3074 5027 3190 5082 avis
3220 5029 3459 5082 discolor
3503 5029 3733 5084 incredi-

2157 5123 2238 5163 tas
2285 5112 2448 5166 mea?
2500 5112 2747 5184 Nunquid
2797 5117 2912 5170 avis
2959 5117 3126 5171 tincta
3174 5135 3268 5188 per
3317 5129 3488 5174 totum
3563 5121 3729 5192 (Ibid.

2157 5201 2289 5267 sn)?
2323 5221 2341 5254 ι
2382 5201 2488 5257 Sed
2513 5205 2682 5272 culpa:
2722 5206 2954 5260 varietas
2986 5217 3180 5275 praesto
3213 5209 3480 5264 subinfert
3520 5221 3736 5265 senten-

2158 5293 2283 5346 tiam
2308 5293 2524 5348 ultionis
2552 5313 2562 5346 :
2597 5314 2614 5344 ι
2641 5294 2846 5360 Venite,
2880 5298 3074 5368 inquit,
3096 5303 3523 5371 congregamini,
3547 5318 3736 5358 omnes

2155 5386 2341 5440 bestia:
2383 5396 2560 5451 terrm,
2609 5400 2894 5472 prOperate
2928 5392 2993 5445 ad
3040 5393 3411 5448 devorandum:
3462 5395 3660 5466 (ibid.).
3707 5416 3728 5448 ι

2160 5480 2364 5548 Quibus
2398 5491 2577 5537 autem
2605 5483 2712 5556 42
2743 5485 2897 5552 hujus
2928 5486 3326 5543 animadversio
3363 5490 3734 5544 devorationis

2157 5575 2461 5640 immineat,
2492 5573 2634 5629 illico
2689 5577 2963 5631 subdendo
3000 5576 3313 5632 manifestat
3359 5596 3369 5630 :
3425 5598 3444 5629 ‹
3480 5566 3736 5635 Pastores

2155 5665 2307 5719 nmlti
2351 5665 2588 5721 demoliti
2636 5675 2760 5720 sunt
2800 5669 3012 5721 vineam
3054 5683 3252 5733 meam,
3281 5670 3732 5724 roacnlravcrunt
