4140 6450
387 287 495 342 215

1559 285 1762 342 LIBER
1797 283 2078 354 PRIMUS,
2111 285 2328 344 EPIST.
2368 283 2486 341 XX.

3457 265 3467 272 ’
3532 276 3643 347 site

388 410 600 477 partem
632 411 827 462 meam,
857 396 1124 454 dederunt
1149 397 1458 469 portionem
1485 413 1664 455 meam
1689 400 1964 456 desidera-
1990 406 2043 462 Α
2068 414 2132 454 ac
2153 400 2394 470 spiritale
2425 401 2906 472 prepugnaculum,
2932 404 3082 474 quod
3097 403 3330 462 custodit
3351 403 3536 462 lsrael.
3567 408 3638 465 Ut

350 542 353 545 .
388 494 552 550 bilem
575 490 628 545 in
654 488 927 544 desertum
962 489 1287 558 solitudinis,
1311 500 1607 562 posuerunt
1630 505 1751 548 eam
1779 492 1831 546 in
1853 493 1965 547 dis—

389 580 713 651 sipationem
739 576 934 650 (ibid.).
970 597 990 630 ›
1022 577 1152 646 Quae
1173 579 1426 635 videlicet
1449 582 1628 636 omnia
1657 581 1790 637 nihil
1819 581 1963 637 aliud

388 667 576 742 utique
598 670 958 740 designantia,
987 669 1088 726 nisi
1121 668 1421 727 Ecclesiam
1463 687 1494 725 a
1538 672 1696 728 malis
1725 675 1962 743 pastori-

388 760 491 816 bus
521 760 856 830 dissipatam,
895 775 1122 830 quorum
1149 763 1203 815 et
1233 769 1286 815 te
1308 761 1412 816 hoc
1439 776 1598 816 nosse
1623 763 1811 826 credo,
1834 761 1962 816 dum

388 848 569 905 verbis
616 847 861 919 pluribus
907 862 1016 902 non
1063 847 1357 920 indigeant,
1407 864 1512 904 non
1565 864 1796 920 expono.
1849 847 1964 907 Hoc

389 948 597 994 tantum
627 948 681 992 te
702 937 870 994 latere
897 953 1002 993 non
1031 939 1226 1008 patior,
1252 939 1375 1008 quia
1398 948 1454 996 et
1476 949 1553 1004 tu.
1577 951 1632 997 et
1653 942 1963 1012 quicunque

387 1030 486 1086 tibi
510 1028 778 1094 similiter,
807 1043 902 1098 per
928 1029 1277 1085 ambitionem
1319 1030 1577 1087 Ecclesiae
1623 1032 1837 1088 culmen
1869 1047 1965 1104 ap-

386 1120 594 1189 petitis,
621 1119 786 1174 Detnn
808 1118 999 1188 procul
1025 1119 1186 1174 dubio
1215 1121 1540 1184 nescientes,
1569 1121 1864 1176 Ecclesiam
1888 1122 1966 1176 la-

387 1210 606 1264 ceratis.
640 1207 794 1262 Unde
837 1217 893 1262 et
928 1223 1023 1277 per
1066 1209 1314 1264 eumdem
1359 1211 1678 1281 prophetam
1721 1211 1960 1267 dicitur:

393 1319 410 1350 ι
453 1298 589 1366 Quia
626 1299 791 1353 stulte
829 1307 1058 1367 egerunt
1103 1307 1370 1368 pastores,
1413 1309 1469 1355 et
1519 1299 1806 1355 Dominum
1856 1317 1963 1356 non

387 1391 717 1460 quaesierunt
752 1406 768 1444 :
813 1398 1096 1459 propterea
1125 1405 1230 1444 non
1264 1390 1670 1456 intellexerunt,
1703 1403 1757 1448 et
1787 1393 1966 1448 omnis

387 1503 517 1558 grex
542 1501 729 1540 eorum
764 1485 1041 1554 dispersus
1075 1483 1315 1555 est'(Jer.
1349 1486 1428 1546 xl.
1462 1505 1478 1537 ι
1511 1486 1757 1556 Spondes
1785 1487 1965 1555 itaque

388 1592 533 1632 nunc
557 1575 1018 1643 emendationem,
1051 1584 1112 1630 ut
1143 1576 1485 1646 concupitum
1514 1575 1764 1631 obtineas
1789 1576 1966 1647 digni-

389 1675 572 1721 tatem.
605 1664 896 1720 Humiliter
923 1665 1187 1734 loqueris,
1219 1675 1280 1721 ut
1322 1666 1390 1720 ad
1434 1666 1810 1721 celsitudinem
1840 1682 1966 1735 pro-

2067 493 2233 564 igitur
2263 492 2368 566 5,3
2399 494 2798 564 expositoribus
2833 505 3028 551 caetera
3057 497 3447 567 relinquamus,
3491 497 3640 552 stilli-

2066 585 2170 639 ciat
2202 585 2289 639 hic
2319 586 2545 656 intelligi
2589 601 2694 641 non
2733 587 3022 642 vindictam
3063 590 3254 658 stupri,
3292 590 3384 643 sed
3427 603 3638 658 perem-

2065 683 2279 745 ptorum
2311 675 2508 730 Christi
2542 677 2827 748 sacrilegia
2872 680 3241 734 condemnari.
3272 680 3443 748 Quam
3477 679 3637 749 plane

2063 762 2355 818 vindictam
2397 763 2581 819 Judith
2629 779 2843 836 quoque
2889 766 2998 822 Deo
3029 767 3277 837 placitam
3311 769 3516 832 docuit,
3559 769 3637 823 di-

2064 865 2233 906 cens:
2267 871 2284 902 ι
2328 851 2552 906 Domine
2584 853 2728 908 Deus
2766 856 2936 925 patris
2982 857 3085 911 mei
3128 857 3370 926 Simeon,
3414 861 3504 929 qui
3543 860 3640 918 de-

2065 942 2189 997 disti
2242 942 2320 997 illi
2376 943 2614 1012 gladium
2669 945 2722 999 in
2766 945 3136 1002 defensionem
3181 950 3636 1022 alienigenarum,

2064 1034 2154 1102 qui
2193 1033 2478 1089 violatores
2502 1037 2830 1091 exstiterunt
2868 1038 2921 1092 in
2964 1038 3408 1108 coinquinatione
3434 1060 3556 1111 sua,
3583 1053 3636 1101 et

2065 1116 2469 1179 denudavcrunt
2514 1124 2692 1182 femur
2740 1126 2965 1196 virginis
3023 1129 3076 1183 in
3127 1132 3533 1201 confusionem,
3584 1145 3640 1192 et

2065 1215 2259 1270 dedisti
2287 1217 2538 1276 mulieres
2564 1218 2779 1273 illorum
2803 1220 2857 1273 in
2887 1222 3148 1290 praedam,
3191 1233 3247 1279 et
3279 1224 3416 1280 filias
3447 1243 3634 1284 eorum

2067 1305 2119 1360 in
2162 1308 2548 1376 captivitatem,
2593 1321 2646 1365 et
2687 1328 2902 1367 onmem
2941 1315 3178 1382 prazdam
3224 1319 3278 1372 in
3320 1318 3636 1375 divisionem
3691 1320 3710 1336 '

2065 1400 2236 1454 servis
2269 1401 2396 1468 tuis,
2423 1403 2514 1472 qui
2537 1403 2846 1458 zelaverunt
2871 1405 3045 1460 zelum
3070 1415 3220 1462 tuum
3243 1408 3450 1479 (Iudith
3486 1411 3583 1483 rx).
3615 1432 3634 1464 ι

2066 1489 2240 1546 Porro
2259 1501 2438 1548 autem
2461 1508 2564 1548 non
2596 1509 2655 1549 es
2678 1505 2962 1551 contentus
2991 1513 3241 1552 mensura
3271 1499 3522 1566 hominis,
3549 1504 3639 1556 sed

2066 1578 2121 1632 in
2151 1579 2391 1636 humano
2416 1597 2613 1653 genere
2635 1595 2792 1637 mons
2813 1584 2981 1638 videri
3006 1586 3234 1654 appetis,
3263 1595 3317 1641 et
3340 1589 3495 1657 quasi
3519 1606 3642 1660 pro-

2066 1673 2395 1727 montorium
2435 1675 2700 1744 superbiae
2743 1675 2796 1728 in
2836 1673 3036 1746 fastigii
3082 1686 3134 1732 te
3169 1677 3382 1734 culmen
3415 1681 3638 1736 attollis.

387 1757 619 1812 veharis.
655 1754 943 1813 Humilitas
975 1758 1091 1812 haec
1111 1757 1237 1829 quia
1266 1757 1333 1813 de
1357 1759 1538 1813 radice
1567 1759 1834 1828 superbiae
1863 1776 1962 1814 na-
1994 1752 2044 1814 Β
2067 1760 2180 1817 Non
2209 1763 2288 1818 vis
2312 1777 2434 1818 esse
2460 1765 2526 1820 de
2553 1766 2896 1829 vallibus,de
2917 1767 3116 1836 quibus
3141 1769 3338 1824 dicitur
3363 1788 3375 1823 :
3409 1791 3426 1823 ι
3462 1770 3640 1828 Valles

393 1848 583 1914 scitur,
618 1848 686 1902 ad
725 1844 1164 1903 satisfaciendum
1208 1849 1398 1904 idonea
1429 1865 1534 1906 non
1566 1851 1801 1906 videtur.
1830 1851 1966 1906 Illud

387 1934 604 1991 interim
635 1938 703 1992 ad
733 1937 1051 1994 memoriam
1079 1940 1239 2005 redit,
1279 1941 1422 2010 quod
1447 1941 1499 1995 in
1529 1940 1654 1996 libri
1689 1941 1966 1998 Geneseos

387 2031 656 2098 reperitur
697 2030 920 2086 historia
964 2027 1118 2104 (Gen.
1172 2030 1382 2103 xxxrv).
1432 2032 1564 2100 Quia
1615 2034 1806 2089 Dinam
1855 2034 1964 2090 Liae

387 2117 550 2172 ﬁliam
578 2134 698 2174 cum
721 2119 944 2175 vidisset
970 2118 1194 2186 Sichen,
1221 2120 1361 2176 filius
1383 2117 1583 2177 Hcmor
1605 2122 1785 2178 Hevmi
1815 2125 1965 2193 prin-

391 2225 518 2280 ceps
547 2220 706 2265 terra:
734 2209 896 2274 illius,
939 2211 1236 2277 adamavit,
1275 2221 1330 2268 et
1360 2213 1562 2284 rapuit.
1603 2225 1660 2269 et
1705 2216 1966 2270 dormivit

316 2351 322 2356 .
385 2317 507 2356 cum
546 2316 632 2369 ea,
680 2303 735 2357 vi
779 2303 1092 2372 Opprimens
1134 2303 1452 2374 virginem:
1499 2315 1553 2360 et
1594 2306 1962 2377 conglutinata

382 2405 468 2449 est
492 2395 671 2449 anima
707 2393 823 2462 ejus
852 2411 973 2450 cum
1013 2410 1099 2462 ea,
1141 2397 1460 2466 tristemque
1501 2395 1780 2452 blanditiis
1825 2397 1963 2452 deli-

385 2486 521 2540 nivit
551 2504 562 2540 :
589 2500 816 2556 eamque
841 2497 948 2540 tam
977 2486 1325 2556 impatienter
1347 2487 1568 2552 amavit,
1593 2496 1778 2543 utnon
1805 2489 1963 2543 modo

384 2592 463 2642 se,
489 2577 582 2632 sed
609 2587 663 2632 et
687 2593 875 2632 omnes
909 2593 1020 2632 suae
1050 2579 1288 2633 civitatis
1317 2579 1586 2633 masculos
1613 2578 1979 2654 circumcidea.

385 2679 490 2735 ret,
527 2679 585 2723 ut
612 2668 729 2736 ejus
753 2673 1014 2724 duntaxat
1053 2671 1315 2739 potuisset
1352 2669 1660 2740 eonjugium
1693 2669 1958 2725 obtinere.

385 2764 491 2819 Sed
523 2763 638 2818 haec
669 2763 965 2819 satisfactio
1010 2778 1114 2817 non
1160 2764 1273 2819 Deo
1315 2763 1534 2834 placuit.
1580 2776 1687 2816 non
1735 2761 1961 2816 fratrum

384 2856 527 2912 illius
552 2857 712 2911 corda
756 2856 989 2926 placavit
1023 2874 1034 2908 :
1080 2856 1208 2925 quia
1251 2872 1358 2910 non
1388 2855 1456 2910 ob
1483 2854 1822 2926 religionem,
1866 2854 1962 2908 sed

385 2948 453 3002 ad
493 2947 800 3018 patiendam
836 2947 1019 3004 carnis
1053 2947 1194 3003 facta
1225 2955 1309 3003 est
1345 2948 1698 3018 voluptatem.
1741 2945 1962 3001 Fratres

385 3041 529 3094 enim
561 3038 702 3092 illius
739 3039 1026 3093 saevientes
1053 3038 1123 3093 ob
1166 3046 1436 3108 stuprum,
1480 3053 1689 3103 omnes,
1731 3037 1824 3108 qui
1855 3036 1960 3091 cir-

2067 1852 2416 1910 abundabunt
2443 1855 2713 1912 frumento
2738 1856 2911 1928 (Psal.
2939 1859 3106 1930 thv).
3137 1879 3157 1911 ι
3189 1857 3294 1916 Sed
3324 1863 3468 1927 audi,
3499 1864 3639 1933 quod

2068 1946 2164 2001 tibi
2196 1947 2457 2001 Dominus
2485 1962 2583 2016 per
2609 1947 2926 2017 prophetam
2957 1948 3101 2004 dicat
3145 1968 3159 2004 :
3214 1968 3234 2001 ι
3268 1950 3409 2006 Ecce
3445 1968 3545 2023 ego
3574 1956 3640 2008 ad

2067 2047 2141 2102 te,
2169 2053 2323 2092 mons
2351 2037 2596 2108 pestifer,
2637 2037 2714 2091 ait
2743 2037 3023 2103 Dominus,
3054 2039 3147 2108 qui
3178 2042 3486 2111 corrumpis
3515 2042 3637 2097 uni-

2066 2141 2278 2181 versam
2311 2135 2539 2189 terram.
2575 2136 2636 2180 ιιι
2663 2125 2952 2181 extendam
2999 2142 3218 2181 manum
3257 2144 3432 2184 meam
3480 2145 3642 2202 super

2065 2227 2140 2282 te,
2169 2227 2224 2272 et
2249 2217 2472 2273 avellem
2515 2225 2566 2271 te
2597 2218 2664 2271 de
2699 2217 2888 2286 petris,
2933 2227 2986 2273 et
3025 2218 3164 2274 dabo
3209 2229 3261 2274 te
3303 2221 3357 2275 in
3403 2231 3640 2277 montem

2066 2307 2476 2368 combustionis,
2511 2314 2566 2361 et
2594 2322 2699 2360 non
2724 2306 2910 2362 tollent
2935 2309 3000 2362 de
3029 2316 3081 2362 te
3117 2308 3349 2379 lapidem
3388 2311 3441 2365 in
3476 2327 3644 2383 angu-

2065 2398 2199 2463 lum,
2229 2409 2285 2454 et
2339 2399 2569 2470 lapidem
2618 2401 2670 2454 in
2724 2399 3104 2463 fittidamenta,
3157 2404 3252 2458 sed
3295 2406 3540 2473 perditus
3593 2408 3643 2460 in

2065 2497 2328 2542 aeternum
2345 2487 2602 2560 eris(Jer.
2627 2492 2724 2559 ιι).
2743 2488 2844 2543 »Ει
2875 2490 3071 2544 iterum
3097 2509 3112 2545 :
3143 2509 3162 2542 ι
3192 2491 3333 2548 Ecce
3355 2507 3455 2563 ego
3475 2497 3542 2550 ad
3575 2489 3656 2561 te,

2065 2583 2316 2651 superbe,
2345 2583 2474 2637 dicit
2506 2583 2788 2650 Dominus,
2819 2583 2944 2653 quia
2973 2584 3152 2638 veniet
3185 2585 3300 2639 dies
3327 2593 3468 2648 tuus,
3504 2593 3642 2641 tem-

2065 2687 2166 2740 pus
2197 2672 2522 2726 visitationis
2553 2681 2658 2727 tute
2685 2691 2698 2726 :
2726 2681 2782 2728 et
2808 2674 2966 2728 cadet
3006 2673 3293 2742 superbus,
3319 2683 3374 2728 et
3402 2683 3640 2738 corruet,

2065 2771 2120 2818 et
2143 2775 2251 2817 non
2276 2761 2382 2817 erit
2409 2763 2497 2832 qui
2521 2762 2750 2818 suscitet
2768 2777 2893 2818 eum
2924 2762 3058 2833 (.Icr.
3092 2763 3165 2834 ι).
3208 2783 3228 2816 ι
3260 2762 3564 2818 Tantumne
3587 2764 3641 2818 in

2063 2862 2116 2909 te
2143 2853 2502 2908 damnationis
2527 2854 2688 2908 ardor
2716 2853 3016 2908 inferbuit?
3037 2852 3274 2911 lluccine
3299 2866 3350 2910 te
3371 2854 3639 2924 superbiae

2062 2943 2254 3009 fastus,
2276 2952 2332 2998 et
2351 2943 2689 3000 celsitudinis
2713 2943 2936 2998 ambitio
2958 2946 3290 3014 provocavit,
3318 2953 3378 2998 ut
3403 2944 3644 3015 reginam

2063 3034 2454 3102 Ecclesiarum,
2481 3036 2617 3102 sive,
2649 3043 2708 3089 ut
2747 3035 2818 3090 ita
2851 3033 3046 3103 fatear,
3086 3051 3374 3107 regnorum
3399 3035 3647 3090 omnium

387 3130 611 3186 cumcisi
648 3129 884 3196 fuerant,
938 3129 1132 3201 gladiis
1169 3137 1540 3199 peremerunt.
1587 3127 1668 3183 Tu
1709 3143 1860 3197 ergo,
1903 3137 1956 3183 tu
1987 3125 2034 3188 C
2065 3135 2361 3182 temerares
2388 3126 2710 3198 imperium?
2738 3127 2846 3181 Sed
2875 3146 2893 3178 ι
2924 3127 3172 3198 despexit
3201 3137 3272 3192 te,
3296 3126 3649 3182 subsannavit

384 3235 556 3275 novus
579 3235 637 3275 es
659 3221 880 3287 Sichen,
909 3228 1196 3288 corruptor
1218 3219 1386 3284 Dinae,
1424 3219 1655 3274 violator
1682 3218 1958 3274 Ecclesiae.

385 3311 740 3366 Circumcidis
767 3326 1008 3374 carnem,
1053 3318 1111 3365 ut
1143 3312 1328 3366 carnis
1370 3311 1552 3365 valeas
1583 3309 1800 3379 explere
1840 3310 1963 3364 libi-

387 3400 588 3457 dinem.
621 3401 826 3456 Pravos
854 3411 905 3456 te
931 3401 1202 3471 polliceris
1236 3417 1415 3456 mores
1448 3402 1789 3466 abscindere,
1821 3411 1880 3456 ut
1908 3394 1980 3456 in'

387 3492 652 3561 pravitate
692 3492 1035 3561 postmodum
1076 3491 1295 3561 impune
1328 3501 1380 3547 te
1426 3492 1590 3547 liceat
1619 3503 1960 3562 permanere.

389 3583 494 3638 Sed
523 3598 649 3639 ecce
691 3584 910 3648 Simeon
949 3595 1005 3638 et
1045 3583 1175 3637 Levi
1215 3583 1412 3639 Sicheu
1444 3583 1637 3655 gladiis
1678 3585 1962 3652 impetum,

389 3676 511 3744 quia
559 3675 720 3730 Vetus
765 3684 820 3729 et
866 3673 1073 3730 Novum
1117 3674 1545 3741 Testamentum,
1581 3675 1707 3729 dum
1754 3675 1868 3730 suis
1913 3685 1965 3732 te

288 3836 292 3839 _
390 3768 672 3822 sententiis
700 3767 980 3834 damnant,
1008 3767 1162 3838 quasi
1196 3767 1416 3823 totidem
1449 3776 1500 3822 te
1537 3767 1731 3836 gladiis
1766 3767 1964 3822 armati

392 3862 583 3916 fratres
623 3863 970 3918 obtruncant.
1005 3862 1130 3917 Sive
1161 3871 1220 3916 ut
1257 3860 1758 3931 vindicespropius
1786 3861 1967 3930 acqui-

392 3964 612 4020 rantur,
644 3952 836 4009 Petrus
861 3961 916 4009 et
957 3953 1179 4018 Paulus,
1223 3953 1315 4022 qui
1348 3953 1532 4008 mundi
1563 3962 1691 4007 sunt
1726 3950 1962 4020 iudices,

391 4045 490 4114 ipsi
508 4060 723 4116 quoque
737 4045 870 4100 fiatut
886 4054 990 4100 tuae
1012 4045 1460 4124 transgressionis
1485 4043 1710 4100 ultores.
1739 4043 1964 4098 Foedam

389 4135 530 4188 enim
569 4151 682 4190 rem
716 4145 970 4205 operatus
1015 4151 1074 4192 es
1104 4137 1159 4190 in
1189 4119 1374 4191 Israel.
1411 4135 1519 4190 Sed
1561 4151 1631 4191 ne
1670 4135 1793 4204 quis
1834 4135 1965 4190 mihi

391 4225 640 4282 fortassis
664 4227 902 4295 objieiat,
940 4229 1084 4297 quod
1120 4227 1496 4284 interfectores
1520 4227 1594 4282 illi
1625 4227 1846 4293 Sichen,
1876 4227 1964 4282 Si-

392 4335 547 4375 meon
582 4320 836 4377 videlicet
869 4330 926 4377 et
966 4321 1116 4386 Levi,
1158 4323 1392 4377 abeunte
1420 4321 1730 4392 patriarcha
1775 4319 1964 4386 Jacob,

394 4413 793 4482 reprobationis
822 4430 1067 4470 meruere
1100 4416 1461 4482 sententiam;
1489 4415 1628 4470 sciat
1655 4415 1764 4470 illic
1787 4431 1817 4469 a
1845 4431 1968 4485 pro-

391 4505 608 4575 pbetico
652 4505 844 4574 spiritu
890 4504 1124 4560 futuram
1171 4506 1350 4574 potius
1393 4514 1622 4560 mortem
1671 4503 1966 4560 Salvatnris

392 4597 616 4661 attendi,
663 4611 826 4666 quam
875 4606 1152 4666 peractam
1215 4597 1378 4666 digne
1423 4605 1659 4667 stragem
1703 4595 1966 4651 luxuriosi

393 4689 627 4744 hominis
651 4689 1024 4744 condemnari.
1056 4689 1132 4744 De
1177 4688 1396 4744 Simeon
1423 4689 1567 4745 enim
1599 4687 1792 4744 scriba:
1839 4697 1970 4756 sunt

390 4777 728 4847 Iudaeorum;
761 4780 828 4835 de
859 4779 988 4834 Levi
1024 4790 1154 4835 vero
1185 4781 1350 4846 tribu,
1394 4781 1668 4852 principes
1713 4780 1969 4836 sacerdo-

393 4879 524 4925 tum.
552 4871 629 4926 De
653 4871 851 4941 quibus
881 4872 1065 4940 utique
1098 4870 1357 4942 scriptum
1385 4881 1470 4928 est
1502 4886 1518 4925 :
1553 4891 1574 4924 ι
1612 4871 1751 4937 Quia
1781 4873 1965 4927 consi-

389 4957 519 5015 lium
547 4961 793 5017 fecerunt
818 4962 1080 5018 ntJesum
1109 4964 1232 5020 dolo
1270 4973 1535 5028 tenerent,
1576 4974 1632 5020 et
1657 4965 1971 5019 occiderent

305 5127 310 5129 _
393 5051 606 5120 (Matth.
640 5056 814 5122 xxvi).
855 5073 874 5105 ι
907 5055 980 5109 De
1015 5069 1122 5124 quo
1160 5055 1386 5111 consilio
1411 5057 1614 5111 dicitur
1642 5074 1655 5110 :
1693 5075 1711 5106 ι
1745 5055 1803 5110 ln
1833 5071 1969 5110 con-

393 5143 511 5196 silio
535 5159 724 5198 eorum
751 5160 856 5200 non
885 5145 1070 5200 veniat
1097 5147 1276 5200 anima
1309 5161 1426 5202 mea
1455 5163 1468 5200 :
1503 5156 1559 5201 et
1583 5147 1634 5201 in
1659 5155 1804 5201 cmtu
1844 5146 1968 5202 illo-

393 5249 510 5288 rum
558 5251 664 5290 non
715 5236 788 5290 sit
820 5237 990 5307 gloria
1033 5251 1175 5292 mea.
1225 5237 1382 5304 Quia,
1438 5239 1634 5308 inquit,
1697 5237 1751 5292 in
1783 5237 1970 5294 furore

393 5337 490 5378 suo
513 5326 830 5380 occiderunt
862 5328 1062 5392 virum,
1095 5336 1151 5381 et
1195 5327 1248 5382 in
1290 5329 1568 5384 voluntate
1599 5344 1696 5383 sua
1734 5328 1989 5384 snfl'ode--

393 5424 520 5470 runt
556 5432 768 5471 murum
801 5415 955 5488 (Gen.
990 5418 1179 5490 nix);
1213 5437 1232 5470 ι
1263 5421 1438 5474 virum
1465 5421 1673 5475 scilicet
1707 5421 1876 5478 illum.
1902 5421 1968 5475 de

393 5520 498 5573 quo
537 5504 812 5575 Sapientia
854 5509 932 5562 ait
977 5526 990 5560 :
1042 5527 1060 5559 ι
1109 5508 1490 5577 Opprimamus
1527 5509 1703 5562 virum
1735 5507 1965 5576 justum,

395 5595 517 5662 quia
546 5599 852 5652 contrarius
872 5607 954 5652 est
975 5600 1231 5668 operibus
1261 5601 1464 5654 nostris
1500 5600 1652 5670 (Sap.
1691 5603 1772 5675 ιι).
1809 5620 1828 5652 ι
1852 5601 1966 5655 Mu-

395 5699 512 5739 rum
541 5696 721 5742 autem
756 5686 1112 5753 sufl‘oderunt,
1158 5690 1259 5744 hoc
1303 5699 1404 5757 est,
1438 5689 1566 5743 illud
1610 5691 1966 5744 fortissimum

2067 3228 2120 3274 te
2145 3220 2299 3290 virgo
2330 3218 2437 3274 filia
2468 3218 2629 3286 Sion;
2664 3229 2784 3290 post
2815 3228 2864 3273 te
2894 3229 3056 3290 caput
3087 3221 3255 3275 movit
3279 3219 3388 3274 ﬁlia
3417 3217 3639 3275 Jerusa-

2065 3310 2193 3366 lem.
2227 3310 2324 3366 Cui
2352 3311 2716 3381 exprobrasti,
2749 3321 2803 3366 et
2829 3327 2990 3381 quem
3019 3310 3652 3381 blasphemasti?Super

2065 3415 2224 3468 quem
2260 3400 2510 3455 exaltasti
2542 3415 2752 3464 vocem,
2781 3409 2837 3455 et
2863 3400 3052 3454 levasti
3085 3401 3428 3455 altitudinem
3453 3400 3642 3455 oculo-

2066 3506 2191 3545 rum
2217 3491 2575 3547 tuornmiAd
2603 3499 2852 3546 sanctum
2891 3489 3094 3546 lsrael?
3151 3490 3208 3546 in
3270 3491 3636 3556 multitudine,

2067 3581 2340 3650 inquiens,
2378 3581 2761 3653 quadrigarum
2792 3596 3034 3637 mearum
3075 3596 3175 3652 ego
3202 3582 3494 3635 ascendam
3524 3583 3646 3636 alti-

2066 3675 2305 3732 tudinem
2323 3674 2604 3738 montium,
2622 3672 2754 3745 juga
2781 3675 2967 3729 Libani
2991 3673 3126 3746 (Ira.
3153 3675 3379 3743 xxxvii),
3405 3695 3423 3727 ι
3446 3673 3641 3728 Roma-

2069 3779 2194 3818 nam
2226 3764 2477 3818 videlicet
2518 3763 2834 3828 Ecclesiam,
2882 3764 2934 3820 in
2983 3765 3165 3818 mundi
3207 3766 3370 3817 totius
3409 3763 3644 3820 culmine

2069 3855 2439 3917 constitutam,
2478 3863 2532 3909 et
2562 3853 2738 3908 nitore
2767 3852 3045 3922 virginalis
3074 3853 3345 3922 pudicitiae
3390 3854 3645 3909 candida:
3725 3885 3732 3892 -

2069 3951 2201 3999 tam.
2243 3943 2350 3998 Sed
2401 3942 2524 3997 audi
2570 3941 2698 4011 quid
2752 3941 2845 3996 tibi
2880 3942 2990 4011 'per
3027 3942 3276 3996 eumdem
3326 3943 3648 4011 prophetam

2067 4032 2247 4087 divina
2280 4045 2382 4085 vox
2427 4031 2570 4084 dicat
2600 4030 2774 4100 (ib-id.)
2811 4045 2824 4083 :
2871 4048 2890 4080 ι
2929 4029 3326 4088 Habitationem
3378 4030 3544 4097 uiam,
3589 4041 3644 4086 et

2070 4136 2343 4191 egressum
2375 4129 2544 4184 tuum,
2573 4129 2629 4174 et
2654 4119 2934 4175 introitum
2961 4128 3110 4176 tuum
3131 4122 3378 4192 cognovi,
3407 4132 3464 4176 et
3493 4123 3654 4179 iusar-

2070 4215 2216 4269 uiam
2247 4223 2394 4268 tuam
2429 4222 2618 4272 contra
2650 4227 2765 4279 me;
2798 4227 2920 4267 cum
2953 4212 3162 4269 fureres
3225 4215 3522 4268 adversum
3559 4229 3646 4268 me

2071 4309 2321 4378 superbia
2353 4316 2441 4361 tua
2473 4307 2718 4362 ascendit
2742 4307 2794 4361 in
2818 4323 2977 4362 aures
3003 4323 3172 4363 meas.
3210 4327 3229 4360 ι
3265 4307 3656 4378 Moxque-sent

2074 4399 2300 4454 tentiam
2331 4398 2386 4452 in
2415 4397 2759 4452 conclusione
2785 4397 3055 4453 subnectit
3091 4398 3266 4469 (ibid.)
3304 4415 3319 4454 :
3374 4417 3392 4449 ι
3444 4397 3646 4451 Ponam

1999 4483 2044 4539 Ι)
2071 4508 2199 4561 ergo
2245 4488 2505 4562 circuhun
2553 4489 2606 4543 in
2684 4489 2904 4543 naribus
2947 4489 3072 4554 tuis,
3118 4498 3172 4544 et
3216 4489 3427 4544 frenum
3472 4490 3525 4542 in
3572 4489 3656 4542 lam

2072 4583 2177 4637 biis
2225 4582 2365 4647 tuis,
2419 4589 2474 4634 et
2521 4580 2776 4637 reducam
2825 4590 2881 4636 te
2923 4581 2976 4634 in
3030 4581 3112 4636 via
3208 4596 3305 4652 per
3349 4596 3516 4650 quam
3558 4596 3646 4634 ve-

2073 4674 2221 4728 nisti.
2264 4691 2283 4723 ι

2145 4765 2250 4820 Sed
2279 4779 2407 4820 ecce
2429 4779 2527 4820 nos
2550 4763 2716 4820 multa
2739 4764 2914 4828 adhuc
2935 4762 3109 4834 plura,
3137 4765 3373 4818 dictante
3397 4763 3648 4830 materia,

2073 4859 2305 4916 necdum
2333 4859 2666 4929 explevimus
2703 4868 2918 4922 votum;
2951 4867 3006 4912 et
3046 4858 3156 4928 jam
3187 4857 3498 4911 excedimus
3539 4857 3652 4927 epi-

2075 4950 2275 5006 stolare
2317 4950 2717 5020 compendium.
2769 4951 3057 5019 Rogandus
3100 4959 3183 5004 est
3223 4965 3352 5020 ergo
3388 4951 3651 5005 duntaxat

2070 5044 2412 5114 ornnipotens
2461 5045 2620 5108 Deus,
2666 5052 2724 5098 ut
2767 5053 2821 5098 et
2867 5043 2935 5097 ad
2983 5052 3033 5096 te
3061 5043 3382 5098 humilitatis
3432 5052 3650 5098 revocet

2069 5138 2352 5207 Spiritum;
2378 5147 2434 5191 et
2455 5137 2644 5205 sopitis
2666 5137 2942 5191 erroribus
2971 5119 3304 5190 simultatum
3331 5137 3384 5188 in
3407 5133 3647 5190 Ecclesia

2070 5225 2350 5296 sua.paeis
2406 5221 2569 5294 atque
2607 5225 2932 5289 concordiae,
2964 5241 3082 5294 quae
3122 5240 3226 5295 per
3261 5234 3312 5280 te
3343 5226 3510 5279 scissa
3541 5233 3646 5289 est,

2071 5317 2308 5372 stabiliat
2343 5315 2747 5370 ftmdamentum
2782 5335 2794 5369 :
2826 5315 2880 5369 in
2912 5315 3018 5372 line
3047 5317 3172 5372 libet
3199 5316 3312 5371 haec
3354 5315 3647 5386 plangere:

2349 5420 2460 5475 lleu
2489 5422 2501 5474 ἓ
2531 5421 2688 5475 sedes
2718 5422 3029 5490 apostolica,

2419 5512 2578 5565 ()rbis
2603 5512 2731 5564 olim
2762 5512 2953 5580 gloria,

2415 5602 2589 5665 Nunc,
2622 5603 2786 5670 proh!
2820 5601 3046 5658 eﬂiceris

2421 5694 2636 5749 Oliicina
2669 5694 2926 5748 Simonis.
