4140 6456
349 283 458 338 9.49

1473 245 1705 346 iisan
1734 289 2016 359 remus,
2055 293 2268 353 EPIST.
2306 296 2444 356 XXI.

1927 17 2280 28 ’ἒ

3497 312 3606 369 250

352 399 652 491 ferunture
673 391 886 491 loculis,
910 406 1162 470 tanquam
1187 399 1348 471 gladii
1374 401 1656 457 vibrentur
1673 417 1706 457 e
1728 391 1922 458 thecis.
1952 409 2001 467 Α
2029 405 2214 475 (Joan.
2249 412 2388 475 xix),
2407 419 2464 465 et
2491 419 2550 468 tu
2580 410 2634 466 in
2673 411 2810 469 duos
2836 428 3006 485 papas
3035 416 3357 474 catholicam
3379 423 3606 491 partiris

350 489 652 560 Phalangas
702 489 878 559 plane,
925 505 1045 558 quae
1081 501 1133 546 te
1179 501 1500 562 sequuntur,
1543 493 1609 546 ad
1639 502 1746 546 tuae
1775 493 1928 564 signa

349 581 558 636 militia:
582 597 685 636 non
711 589 822 636 tam
849 582 993 647 litui,
1022 584 1284 648 buccinae,
1313 584 1397 638 vel
1418 585 1559 639 tubae
1585 583 1808 654 clangor
1828 599 1926 642 ex-

348 673 507 738 citat,
537 687 701 743 quam
746 688 882 726 vena
913 673 1116 727 metalli
1152 674 1418 731 vibrantis
1467 675 1680 730 invitat.
1709 674 1929 731 Habeas

349 763 519 825 enim,
563 770 620 815 ut
661 764 814 816 aiunt
863 763 1082 828 rustici,
1119 761 1376 834 pugillutn
1419 778 1674 827 aureum,
1721 761 1927 834 frangis

346 868 562 908 murum
597 850 856 907 ferreum.
882 853 990 907 Sed
1005 862 1136 908 sunt
1178 872 1198 904 ι
1246 854 1466 918 divitiae,
1515 872 1536 907 ι
1573 863 1634 908 ιιι
1672 853 1925 911 Salomon

347 942 446 1007 ait,
475 960 496 994 ι
524 930 856 997 conservatae
878 942 932 996 in
958 943 1158 997 malum
1196 943 1398 998 domini
1429 944 1511 999 sui
1541 943 1738 1014 (Et-sle.
1784 946 1862 1013 v).
1901 966 1922 998 ι

347 1032 486 1101 Quid
502 1031 644 1087 enim
664 1031 863 1102 profuit
872 1048 1060 1088 aurum
1075 1033 1383 1102 Ptolomaeo,
1411 1036 1521 1106 regi
1547 1035 1930 1108 scilicetin-

346 1126 424 1196 pti
446 1125 734 1197 (Ευτιιοιλ,
761 1124 902 1180 Hist.
929 1124 1080 1180 Rom.
1109 1126 1205 1181 lib.
1229 1143 1307 1193 γι,
1332 1127 1385 1182 in
1409 1127 1548 1200 lim),
1565 1129 1660 1199 qui
1680 1140 1804 1200 post
1823 1146 1925 1186 na-

348 1215 468 1271 vale
498 1215 720 1282 bellum,
748 1217 892 1287 quod
913 1217 1057 1272 Julio
1085 1217 1285 1276 Cursari
1309 1219 1552 1290 perfidus
1573 1236 1639 1277 ac
1661 1223 1926 1291 superbus

348 1311 630 1378 intulerat,
665 1321 923 1368 enecatus
951 1311 1222 1377 ﬂuctibus,
1276 1314 1572 1385 neglectus,
1623 1325 1787 1385 atque
1831 1317 1927 1372 de.

351 1407 571 1476 spectas
597 1406 652 1460 in
680 1405 864 1462 liuore
888 1407 1006 1462 sine
1027 1407 1250 1463 custode
1269 1408 1510 1478 iacebat,
1541 1425 1641 1465 nec
1663 1411 1825 1466 aliter
1843 1421 1929 1469 est

349 1498 494 1552 inter
542 1508 771 1554 caeteros
802 1499 1040 1568 agnitus,
1090 1499 1192 1554 nisi
1241 1501 1367 1569 quia
1417 1517 1582 1558 aurea
1606 1512 1729 1558 erat
1755 1504 1924 1560 lorica

350 1591 678 1661 precinctus
705 1592 728 1644 ?
759 1591 946 1647 Melius
973 1592 1024 1648 ei
1057 1592 1237 1646 fuerat
1265 1594 1368 1649 sub
1413 1609 1658 1664 pannoso
1689 1597 1925 1666 tegmine

347 1683 551 1750 vivere,
577 1697 740 1751 quam
767 1682 822 1737 in
853 1698 1109 1754 purpura,
1135 1683 1218 1738 vel
1241 1699 1375 1738 auro
1395 1686 1596 1754 perire.
1627 1686 1925 1757 Imperator

349 1770 491 1826 Nero
521 1773 724 1827 retibus
744 1774 926 1827 aureis
951 1773 1260 1842 piscabatur
1278 1773 1570 1846 (Ευτιιοιλ,
1601 1775 1740 1831 Hist.
1770 1775 1922 1832 Rom.
1954 1758 2000 1816 Β

349 1862 444 1917 lib.
471 1863 589 1932 vn),
613 1879 807 1934 eaque,
835 1874 896 1919 ut
922 1865 1165 1920 historiae
1194 1867 1434 1930 tradunt,
1471 1867 1719 1935 blattinis
1739 1883 1773 1923 e
1797 1885 1930 1939 gur-

357 1955 460 2024 gite
490 1954 710 2010 funibus
735 1955 1074 2020 extrahebat,
1103 1956 1200 2012 sed
1237 1972 1361 2012 eum
1403 1957 1713 2014 nullatenus
1739 1969 1956 2029 potue-n

357 2057 482 2102 runt
514 2049 583 2103 ab
607 2048 908 2104 imminenti
939 2049 1274 2116 discrimine,
1301 2065 1478 2121 neque
1503 2051 1724 2116 divitias,
1752 2065 1928 2121 neque

356 2141 565 2196 delicias
610 2141 860 2199 liberare.
911 2142 1044 2198 Nam
1081 2158 1203 2198 cum
1234 2159 1264 2198 a
1294 2143 1554 2200 Romanis
1590 2161 1690 2215 pro
1720 2146 1932 2200 incom-

355 2233 612 2302 parabilis
648 2236 973 2290 enormitate
998 2233 1186 2305 flagitii
1225 2235 1292 2290 ad
1313 2236 1635 2306 supplicium
1659 2251 1930 2307 quaerere-

354 2338 457 2388 tur,
473 2323 782 2392 pavefactus
801 2341 831 2380 e
849 2325 1052 2396 palatio
1072 2325 1305 2397 fugiens,
1335 2327 1450 2396 ipse
1464 2327 1702 2392 lsibimet
1728 2328 1782 2382 in
1807 2327 1929 2382 sub-

353 2416 509 2470 urbio
557 2417 822 2471 conscivit
868 2417 1166 2471 interitum.
1201 2415 1444 2474 Justinus
1466 2419 1778 2487 ,‘imperator
1813 2431 1930 2474 tan-

354 2515 461 2560 tam
476 2507 716 2560 thesauri
742 2508 948 2577 ecpiam
965 2508 1271 2577 possidebat
1298 2507 1484 2577 (PAUL.
1515 2524 1682 2574 cum,
1699 2507 1776 2562 De
1795 2517 1926 2579 gest.

355 2596 586 2666 Longob.
617 2597 652 2650 Ι.
697 2613 779 2660 ιιι,
811 2614 862 2653 c.
893 2598 1002 2668 Η),
1034 2608 1092 2652 ιιι
1125 2601 1192 2654 ad
1236 2615 1400 2668 opum
1440 2600 1742 2654 custodiam
1791 2615 1932 2654 uxor

354 2688 467 2754 ejus
493 2704 651 2744 arcas
675 2688 878 2745 ferreas
909 2689 1228 2757 fabricaret;
1263 2693 1356 2746 sed
1387 2690 1726 2760 postmodum
1756 2691 1928 2760 impos

354 2779 548 2832 mentis
565 2777 807 2844 effectus,
831 2781 956 2834 dum
980 2794 1038 2834 se
1053 2779 1310 2849 perdidit,
1329 2781 1493 2835 etiam
1515 2795 1762 2850 possessa
1783 2796 1930 2851 qna:-

355 2866 484 2922 libet
518 2883 641 2922 cum
686 2868 818 2938 ipsis
865 2885 1082 2939 quoque
1133 2871 1406 2942 regalibus
1454 2873 1688 2941 sceptris
1721 2872 1926 2928 amisit.

355 2957 505 3013 Unde
531 2961 667 3015 bene
688 2975 783 3030 per
804 2962 1124 3029 prophetam
1160 2962 1360 3016 dicitur
1387 2977 1405 3016 :
1447 2981 1467 3014 ι
1507 2964 1802 3031 Argentum
1830 2975 1926 3018 eo-

353 3064 472 3102 rum
502 3048 650 3105 foras
688 3049 1023 3120 projicietur,
1063 3058 1120 3105 et
1152 3066 1345 3108 aurum
1388 3066 1578 3107 eorum
1613 3053 1668 3107 in
1694 3051 1932 3121 sterqui-

352 3138 542 3192 liuium
575 3112 716 3206 erit;
749 3112 1032 3209 argentum
1053 3156 1265 3205 eorum,
1291 3149 1349 3196 et
1374 3157 1566 3196 aurum
1592 3157 1698 3196 non
1728 3112 1930 3198 vati-ibit
1955 3112 2001 3175 (ί

353 3228 589 3286 liberare
633 3244 729 3287 eos
785 3230 840 3285 in
869 3231 956 3285 die
1001 3229 1200 3288 furoris
1224 3230 1472 3297 Domini;
1515 3232 1754 3287 animam
1771 3246 1930 3286 suam

353 3333 460 3373 non
482 3319 827 3386 saturabunt,
859 3328 916 3374 et
944 3329 1164 3377 ventres
1182 3335 1371 3378 eorum
1395 3336 1505 3378 non
1529 3321 1928 3391 implebuntur;

352 3409 481 3482 quia
508 3409 824 3468 scandalum
852 3410 1159 3480 iniquitatis
1185 3425 1373 3466 eorum
1399 3410 1605 3467 factum
1628 3417 1737 3477 est,
1763 3420 1821 3466 et
1839 3426 1931 3466 or-

354 3511 609 3556 namenta
659 3502 940 3558 monilium
969 3517 1191 3558 suorum
1216 3504 1272 3558 in
1301 3503 1614 3575 superbiam
1635 3512 1934 3574 posuerunt

355 3592 573 3665 (Bacch.
603 3593 724 3664 vn).
766 3613 788 3646 ι
819 3593 1120 3649 Gothorum
1147 3597 1256 3651 dux
1288 3596 1561 3660 Alaricus,
1597 3604 1658 3649 ut
1703 3596 1934 3667 authen-

357 3687 459 3742 tica
481 3695 708 3742 testatur
723 3686 948 3742 historia
983 3687 1329 3758 (Joamuoss,
1349 3688 1425 3743 Ds
1442 3686 1599 3743 Gott.
1621 3686 1930 3758 orig.c.50),

355 3778 480 3834 dum
504 3779 810 3849 inopinatas
837 3794 898 3835 se
921 3779 1200 3849 possidere
1229 3780 1446 3836 divitias
1471 3779 1762 3850 gloriatur,
1789 3779 1933 3849 apud

356 3867 660 3928 Consentiae
683 3872 960 3941 regionem
986 3873 1168 3928 subita
1203 3880 1381 3928 morte
1405 3872 1740 3943 defungitur.
1770 3871 1960 3929 Gothi.

357 3975 488 4016 vero
535 3961 785 4033 protinus
838 3961 1136 4019 Barentu-m
1187 3977 1406 4018 amnem
1455 3977 1486 4018 a
1528 3977 1627 4018 suo
1656 3961 1809 4018 alveo
1837 3976 1936 4030 per

357 4054 522 4110 alium
553 4057 823 4112 tramitem
844 4057 1178 4126 captivorum
1207 4055 1392 4112 labore
1408 4054 1937 4123 deﬂectuntzsicque

356 4148 632 4205 Alaricum
685 4163 812 4204 cum
857 4149 1040 4203 multis
1085 4148 1278 4218 opibus
1309 4148 1362 4204 in
1400 4148 1590 4204 eodem
1612 4145 1767 4204 alveo
1795 4160 1934 4216 aqua

357 4241 642 4296 deﬁciente
671 4241 956 4311 sepeliant,
1009 4255 1240 4311 mosque
1268 4239 1488 4296 ﬂuvium
1538 4240 1933 4309 proprio-mea-

359 4329 434 4388 tui
456 4331 614 4401 juxta
663 4331 1109 4388 consuetudinem
1138 4330 1411 4397 reddunt;
1436 4345 1501 4388 ac
1535 4344 1604 4386 ne
1629 4332 1753 4401 quis
1777 4331 1934 4388 addi-

2031 499 2327 558 Ecclesiam
2363 503 2492 559 ?llli
2539 505 2828 575 pendentis
2868 509 2922 562 in
2955 525 3116 566 cruce
3145 511 3447 567 Salvatoris
3475 532 3600 570 ossa

2030 607 2136 647 non
2173 592 2459 665 frangunt;
2497 605 2553 652 et
2583 605 2638 652 tu
2669 599 2836 654 sectis
2879 599 3134 656 Ecclesiae
3166 605 3442 666 membris,
3485 623 3604 674 qua-

2027 682 2405 750 proculdubio
2448 700 2646 755 corpus
2694 686 2810 754 ejus
2852 699 2957 753 est,
3004 703 3402 747 sacramentum
3437 697 3604 750 violas

2029 771 2253 826 unitatis
2277 773 2301 826 2
2327 773 2549 843 Captum
2578 777 2721 832 bello
2770 793 2954 834 arcam
2983 780 3076 836 Dei
3107 783 3294 848 lsrael,
3325 785 3603 840 Philisthi-

2028 876 2220 917 norum
2241 865 2516 937 principes
2550 876 2822 924 temerare
2848 884 2958 925 non
2994 875 3213 938 audent,
3238 876 3331 929 sed
3358 878 3596 932 clausam

2028 954 2264 1024 undique
2277 955 2651 1028 illibatamque
2672 975 2995 1018 conservant
3014 965 3067 1035 (I
3093 965 3222 1035 Reg.
3248 967 3335 1036 v);
3367 978 3421 1022 tu
3447 970 3604 1023 Chri-

2027 1045 2216 1103 stianae
2247 1049 2464 1118 pietatis
2503 1067 2780 1119 arcanum,
2811 1064 2868 1110 et
2895 1071 3003 1112 non
3033 1058 3364 1129 lapidearum
3395 1061 3603 1116 tabula-

2027 1151 2166 1198 rum.
2225 1139 2320 1193 sed
2379 1142 2530 1196 verbi
2570 1143 2662 1198 Dei
2708 1145 2837 1212 vivi,
2877 1156 2934 1201 et
2965 1151 3340 1218 permanentis
3379 1151 3602 1206 ca-lestc

2025 1228 2342 1296 mysterium
2385 1243 2605 1292 vertare.
2645 1248 2710 1288 ac
2745 1235 2954 1290 solvere
3003 1238 3199 1292 niteris
3251 1239 3598 1294 frementium

2024 1317 2212 1372 cuneis
2240 1317 2560 1376 bellatorum
2580 1321 2606 1376 2
2628 1322 2686 1378 Si
2715 1322 2824 1379 Oza
2878 1327 3126 1391 moritur,
3157 1329 3282 1397 quia
3309 1330 3598 1386 humerum

2024 1409 2298 1478 supponit,
2328 1425 2398 1466 ne
2418 1427 2544 1467 arca
2569 1411 2783 1469 Domini
2813 1426 3034 1472 corruat
3057 1416 3118 1487 (1
3125 1415 3288 1488 lReg.
3323 1429 3396 1483 ni
3422 1438 3437 1484 ;
3468 1421 3599 1491 quid

2025 1497 2102 1553 iiii
2136 1501 2331 1556 merito
2375 1502 2493 1570 fiet,
2537 1507 2630 1574 qui
2663 1521 2722 1561 se
2765 1522 2931 1578 super
2964 1508 3259 1563 Ecclesiam
3290 1509 3512 1574 Christi,
3539 1521 3600 1565 ut

2024 1588 2080 1642 in
2107 1589 2224 1660 ejus
2245 1591 2401 1647 ruina
2443 1593 2557 1663 ipse
2595 1596 2847 1652 sublimis
2881 1598 3151 1662 videatur,
3176 1599 3429 1652 eaaitat?
3463 1601 3600 1654 Audi

2025 1681 2153 1750 quid
2187 1682 2281 1736 tibi
2311 1697 2408 1753 per
2437 1685 2666 1741 Abdiam
2691 1688 2872 1742 divina
2899 1704 3002 1742 vox
3027 1690 3172 1744 dicat
3195 1689 3350 1758 (Abii.
3400 1691 3454 1754 '5,
3484 1691 3546 1762 ai)
3587 1709 3603 1746 :

2033 1791 2052 1824 ι
2089 1773 2351 1845 Superbia
2379 1779 2560 1833 cordis
2592 1780 2668 1833 t-ui
2694 1780 2904 1835 extulit
2939 1790 2991 1836 te
3017 1781 3351 1837 habitantem
3383 1783 3436 1837 in
3469 1783 3610 1837 scis-
3657 1803 3662 1808 ·

2031 1868 2173 1922 suris
2195 1878 2498 1938 petrarum,
2548 1869 2878 1925 exultantem
2907 1873 3102 1926 solium
3127 1884 3299 1928 tuum.
3330 1873 3432 1940 Qui
3471 1873 3608 1928 dicis

2031 1953 2085 2008 in
2115 1957 2278 2012 corde
2309 1966 2439 2012 tuo:
2477 1958 2610 2026 Quis
2643 1960 2891 2015 detrahet
2929 1977 3016 2016 me
3060 1963 3111 2016 in
3146 1972 3349 2017 terram
3387 1963 3411 2016 2
3442 1981 3463 2015 s
3501 1963 3600 2018 Ubi

2029 2060 2154 2101 mox
2177 2047 2422 2116 sequitur
2456 2066 2469 2102 :
2514 2068 2534 2101 ι
2572 2047 2629 2104 Si
2657 2050 2930 2105 uallatus
2959 2052 3128 2106 fueris
3154 2061 3212 2106 ut
3234 2052 3434 2122 aquila,
3473 2061 3529 2107 et
3559 2053 3606 2107 si

2029 2138 2171 2194 inter
2195 2140 2369 2194 sidera
2395 2141 2641 2210 posueris
2662 2142 2846 2197 nidum
2873 2151 3048 2208 tuum,
3070 2144 3200 2198 inde
3221 2144 3504 2198 detraham
3528 2154 3604 2209 te,

2029 2228 2159 2284 dicit
2198 2229 2474 2286 Dominus.
2517 2250 2536 2282 ι
2570 2230 2714 2287 Luce
2762 2231 2965 2288 clarius
3008 2242 3242 2298 constat,
3274 2234 3400 2304 quia
3437 2233 3604 2288 David
3695 2275 3707 2286 ρ

2029 2314 2084 2373 in
2116 2334 2297 2389 regem
2342 2335 2443 2389 por
2493 2321 2762 2377 Samuelis
2797 2323 3154 2378 ministerium
3205 2325 3447 2393 ungitur,
3477 2323 3609 2378 Saul

2029 2423 2161 2465 vero
2188 2409 2354 2464 divini
2386 2408 2577 2478 iudicii
2607 2413 2878 2468 sententia
2913 2414 3256 2482 reprobatur.
3287 2413 3395 2470 Sed
3433 2415 3608 2470 donec

2031 2498 2160 2554 Saul
2205 2498 2433 2562 advixit,
2491 2515 2591 2555 nec
2636 2503 2984 2572 perexiguam
3025 2503 3245 2573 quidem
3273 2504 3420 2573 regni
3443 2505 3612 2574 parti-

2029 2587 2206 2642 culam
2234 2588 2398 2642 David
2423 2589 2643 2644 sibimet
2669 2604 2931 2659 usurpare
2959 2593 3322 2660 pnesumpsit.
3352 2590 3456 2645 Sed
3477 2592 3609 2659 quid

2032 2677 2289 2744 dicimus,
2339 2679 2486 2748 quod
2536 2679 2727 2742 David,
2755 2680 2970 2734 vivente
2997 2679 3143 2741 Saul,
3194 2680 3326 2750 regii
3358 2678 3610 2735 culminis

2031 2754 2262 2839 apicem
2291 2784 2397 2824 non
2429 2770 2674 2824 ascendit
2701 2770 2724 2824 ἳ
2752 2785 2874 2826 cum
2916 2780 2974 2826 et
2992 2785 3058 2826 eo
3080 2772 3244 2826 etiam
3273 2771 3388 2840 jam
3413 2769 3607 2826 defuit-

2029 2869 2138 2924 cto,
2172 2873 2513 2929 nequaquam
2567 2875 2692 2915 mox
2721 2859 2790 2914 ad
2826 2859 3119 2916 obtinenda
3162 2863 3364 2930 regalia
3393 2869 3608 2930 sceptra

2031 2965 2091 3004 se
2119 2947 2350 3004 contulit
2375 2965 2390 3015 ;
2423 2949 2518 3004 sed
2543 2957 2722 3004 utrum
2743 2948 2833 3018 jus
2854 2950 3044 3006 saltem
3073 2950 3353 3007 habitandi
3386 2951 3439 3004 in
3469 2965 3606 3020 qua-

2031 3039 2161 3098 libet
2189 3041 2344 3112 regni
2369 3041 2503 3097 urbe
2529 3049 2852 3106 mereretur,
2881 3041 3159 3097 humiliter
3183 3042 3483 3111 inquisivit,
3514 3042 3602 3096 di-

2031 3147 2161 3188 cens
2188 3131 2273 3203 (11
2302 3131 2433 3202 Reg.
2463 3131 2526 3203 ll)
2555 3149 2569 3188 :
2607 3151 2626 3185 ι
2663 3131 2802 3188 Num
2832 3133 3121 3189 ascendam
3168 3134 3222 3188 in
3253 3149 3416 3188 unam
3442 3135 3510 3188 de
3533 3133 3611 3188 ci-

2031 3222 2289 3278 vitatibus
2331 3221 2466 3279 Juda
2510 3223 2534 3278 τ
2586 3243 2608 3276 ι
2662 3222 2761 3278 Cui
2797 3239 2920 3280 cum
2971 3224 3228 3281 divinitus
3280 3224 3551 3280 diceretur
3591 3240 3608 3280 :

2038 3331 2058 3367 ι
2086 3314 2366 3381 Ascende;
2397 3334 2416 3367 ι
2451 3329 2560 3370 non
2585 3329 2732 3381 mos,
2760 3315 2815 3369 in
2841 3329 3003 3384 quam
3036 3315 3139 3372 sibi
3171 3315 3361 3370 melius
3400 3314 3614 3370 videre-

2032 3416 2142 3474 tur,
2175 3408 2408 3463 credidit
2445 3407 2845 3463 accendendum
2871 3423 2886 3472 ;
2914 3409 3008 3464 sed
3034 3409 3277 3478 geminat
3301 3407 3614 3478 inquisitio-

2031 3515 2178 3564 nem,
2202 3507 2262 3554 ut
2289 3500 2469 3569 capiat
2493 3499 2896 3554 certitudinem.
2925 3497 3156 3568 lnquirit
3183 3499 3360 3554 adhuc
3379 3513 3488 3568 quo
3509 3513 3610 3567 po-

2031 3591 2300 3646 tissimum
2353 3590 2646 3645 ascendere
2691 3590 2906 3655 debeat,
2944 3605 3010 3644 ne
3029 3588 3292 3659 judicium
3339 3604 3398 3643 se
3425 3588 3612 3656 dispo-

2031 3682 2213 3738 nentis
2258 3681 2310 3736 in
2356 3679 2536 3748 aliquo
2586 3678 2672 3734 vel
2719 3680 2965 3744 minimo,
2991 3679 3132 3747 quod
3167 3676 3608 3740 absit.otl‘endat.

2038 3790 2057 3823 ι
2087 3770 2220 3839 Quo,
2271 3770 2469 3839 inquit,
2513 3769 2872 3824 ascendam?)
2919 3769 3010 3822 Ait
3048 3767 3304 3822 Dominus
3334 3783 3390 3817 τι
3417 3765 3471 3818 In
3501 3765 3608 3819 He-

2032 3861 2193 3916 bron.
2231 3879 2251 3912 ι
2282 3860 2451 3914 David
2487 3873 2619 3930 ergo
2662 3874 2760 3913 rex
2799 3858 2853 3912 in
2881 3873 3047 3926 regno
3075 3858 3176 3913 sibi
3215 3857 3474 3912 divinitus
3502 3865 3612 3910 tra-

2035 3951 2172 4017 dito,
2227 3965 2334 4006 non
2369 3949 2530 4006 modo
2587 3963 2834 4019 regnare,
2865 3950 2959 4004 sed
3007 3963 3081 4003 ne
3115 3948 3330 4017 quidem
3359 3947 3608 4002 habitare

2032 4041 2334 4114 praasumit,
2356 4040 2460 4097 nisi
2483 4040 2677 4096 divina:
2693 4039 2958 4108 jussionis
2987 4038 3162 4094 adhuc
3189 4047 3479 4092 renovetur
3507 4038 3610 4092 im-

2033 4135 2244 4206 perium
2266 4150 2284 4200 ;
2309 4141 2364 4189 et
2393 4148 2509 4197 nos.
2540 4133 2630 4204 qui
2658 4131 2966 4188 sacerdotes
2993 4131 3244 4192 dicimur,
3275 4121 3479 4183 alienas
3511 4128 3609 4182 Ec-

2035 4224 2231 4282 clesias
2249 4223 2563 4294 praedonum
2583 4234 2744 4293 atque
2762 4231 3036 4292 raptorum
3061 4237 3210 4276 more
3241 4219 3610 4290 pervadimus,

2036 4331 2237 4387 easque
2267 4315 2467 4371 mundo
2499 4323 2768 4384 stupente,
2798 4313 2909 4368 Deo
2938 4313 3278 4382 prohibente,
3307 4319 3496 4365 contra
3521 4311 3613 4364 de-

357 4399 512 4479 εεεέθ
559 4422 734 4477 locum
782 4429 982 4492 posset,
1030 4421 1272 4490 captivos
1296 4435 1510 4486 omnes,
1551 4399 1936 4491 (ιυίίηιαεῑυε.
1963 4415 2186 4492 “creta
2239 4405 2443 4478 legum,
2499 4414 2685 4460 contra
2745 4404 3046 4458 sententias
3095 4417 3385 4464 canonum,
3435 4399 3611 4492 venali

358 4522 502 4578 mm,
525 4468 923 4568 magna"...
954 4468 1042 4576 ﬁt,
1076 4468 1339 4567 ξυιίηδηι
1362 4511 1443 4566 δίο
1466 4468 1616 4567 in},
1645 4510 1740 4567 tibi
1767 4525 1936 4581 pecu-
1960 4468 2013 4528 D
2039 4485 2366 4550 commercio
2396 4494 2663 4579 redimere
2689 4492 3028 4548 festinamus.
3049 4493 3126 4547 De
3138 4493 3444 4562 quibussub
3458 4489 3612 4545 adut.

358 4604 503 4658 niam
529 4613 652 4658 tuus
688 4603 852 4657 etiam
884 4602 1037 4656 miles
1057 4601 1350 4668 infoderet,
1395 4617 1465 4657 ne
1501 4616 1600 4672 per
1621 4616 1770 4667 eam,
1791 4602 1935 4659 sicut

353 4693 463 4765 jam
491 4693 676 4764 erepit,
706 4701 881 4747 status
907 4692 1162 4747 Ecclesia:
1199 4692 1472 4762 deperiret
1501 4693 1517 4748 ι
1559 4700 1618 4746 ιιι
1653 4692 1797 4761 quod
1822 4707 1938 4746 ma-

359 4786 530 4856 gistro
563 4793 654 4840 tuo
681 4784 886 4839 dictum
917 4783 1138 4853 legitur,
1169 4782 1294 4857 tibi_
1317 4795 1536 4852 quoque
1570 4781 1768 4838 merito
1789 4783 1937 4839 dico-

359 4885 512 4931 retur
555 4894 574 4930 :
631 4894 650 4928 ι
707 4875 941 4930 Pecunia
985 4885 1085 4929 tua
1137 4883 1314 4930 tecum
1357 4875 1432 4928 sit
1477 4873 1530 4929 in
1571 4873 1932 4943 perditionem

357 4965 499 5036 (Act.
531 4965 673 5036 vui).
705 4984 725 5018 ›
758 4964 956 5020 Habuit
982 4979 1145 5036 porro
1176 4975 1350 5020 mater
1373 4964 1582 5028 Micbte,
1618 4965 1765 5020 sicut
1788 4965 1841 5020 in
1867 4964 1938 5019 li-

357 5057 458 5111 bro
502 5053 752 5111 Judicum
801 5054 1000 5126 legitur
1030 5054 1236 5124 (ludio.
1263 5057 1420 5126 XVII),
1459 5065 1768 5125 argentum,
1793 5055 1936 5108 unde

356 5145 646 5204 conﬂatum
659 5147 768 5220 47
785 5157 866 5202 est
881 5147 1104 5212 idolum,
1126 5147 1219 5202 sed
1242 5147 1398 5208 absrt,
1426 5154 1486 5200 ut
1503 5153 1710 5199 tantum
1729 5159 1798 5200 ex
1819 5144 1932 5211 illa,

359 5248 618 5308 quantum
646 5239 714 5292 de
743 5247 833 5292 tua
861 5237 1111 5308 pecunia,
1143 5236 1409 5306 prodierit
1453 5235 1819 5305 sacrilegium.
1851 5235 1932 5292 Ex

360 5330 450 5386 illa
479 5331 678 5400 quippe
691 5344 903 5385 stunma
933 5329 990 5384 in
1016 5343 1122 5382 una
1145 5337 1351 5382 tantum
1377 5327 1516 5384 tribu
1545 5326 1706 5381 Israel
1727 5325 1928 5381 factum

360 5431 444 5476 est
488 5420 847 5487 scandalum;
903 5427 995 5474 tua
1021 5433 1150 5474 vero
1171 5416 1399 5488 pecunia
1423 5416 1746 5473 Christianae
1779 5416 1928 5482 fidei,

362 5521 416 5567 et
440 5514 606 5568 totius
628 5520 830 5567 sanctae
858 5510 1111 5566 Ecclesia:
1133 5509 1322 5564 nititur
1345 5518 1592 5563 evertere
1612 5506 1930 5564 fundamen-

365 5615 494 5659 tum.
522 5604 608 5668 Et,
639 5618 674 5660 o
693 5602 868 5658 scelus
896 5601 1197 5656 inauditum
1228 5599 1241 5652 Ξ
1273 5597 1431 5653 Pilati
1454 5596 1656 5653 milites
1680 5597 1936 5654 inconsu-

367 5699 517 5753 tilem
565 5697 781 5753 Domini
839 5713 948 5751 non
1002 5701 1335 5766 praesumunt
1393 5691 1640 5748 scindere
1693 5690 1930 5760 tunicam

2037 4595 2276 4641 terarum
2324 4574 2504 4653 specie
2544 4581 2956 4655 per-Jeremiain
3007 4583 3204 4638 dicitur
3249 4599 3264 4636 :
3305 4604 3323 4634 ι
3361 4580 3612 4636 Saturavi

2037 4690 2156 4744 eos,
2185 4684 2242 4732 et
2283 4674 2537 4732 mtechati
2567 4681 2720 4739 sunt,
2767 4673 2902 4729 etin
2933 4675 3095 4728 domo
3123 4673 3424 4727 meretricis
3457 4673 3612 4726 luxu-

2037 4769 2320 4824 riahantur
2353 4787 2369 4822 :
2399 4766 2525 4838 equi
2551 4775 2823 4822 amatores
2857 4781 2908 4820 in
2934 4765 3163 4821 feminas
3182 4763 3448 4817 emissarii
3479 4764 3610 4819 fami

2038 4870 2185 4928 sunt,
2208 4861 2578 4934 unusquisque
2605 4861 2672 4916 ad
2701 4875 2925 4916 nitorem
2954 4857 3191 4928 proximi
3213 4855 3294 4910 sui
3333 4855 3614 4911 binniebat

2037 4951 2172 5023 (Jer.
2203 4951 2282 5024 v).
2316 4970 2335 5006 ι
2368 4951 2520 5009 Unde
2571 4958 2626 5006 et
2655 4950 2946 5020 sequitur:
2985 4966 3006 5000 ι
3061 4945 3311 5017 Nunquid
3333 4961 3497 5016 super
3526 4947 3616 5002 his
3728 5007 3733 5012 ,

2036 5055 2143 5096 non
2194 5040 2445 5106 visitabo,
2486 5040 2615 5094 dicit
2650 5036 2953 5094 Dominus?
2986 5047 3040 5089 et
3084 5035 3136 5090 in
3185 5045 3398 5107 gentem
3448 5033 3610 5089 talem

2036 5149 2144 5190 non
2174 5132 2464 5189 ulciscctur
2488 5130 2664 5186 anima
2695 5127 2860 5185 mea?
2892 5147 2910 5180 ι
2939 5126 3112 5199 (ibist)
3137 5126 3292 5184 Enim
3343 5127 3614 5181 verosicut

2036 5240 2133 5295 per
2177 5223 2400 5280 auxesin
2449 5221 2648 5276 dicitur
2677 5217 2873 5274 Sancta
2919 5225 3259 5280 sanctorum,
3298 5226 3354 5272 et
3385 5213 3613 5268 Cantica

2034 5317 2400 5381 canticorum;
2430 5314 2509 5371 sic
2554 5313 2855 5368 Romanam
2884 5310 3181 5367 Ecclesiam
3211 5309 3472 5364 venaliter
3499 5305 3612 5362 dis-

2038 5411 2204 5474 trahi,
2257 5416 2535 5480 peccatum
2567 5414 2654 5462 est
2699 5405 2885 5477 utique
2913 5413 3275 5476 peccatorum.
3307 5400 3616 5469 Quamlibet

2037 5505 2358 5579 “quippe
2375 5500 2672 5558 Ecclesiam
2695 5500 2986 5563 redimens,
3009 5496 3349 5553 Simoniacus
3374 5504 3487 5560 est;
3519 5493 3613 5565 qui

2039 5605 2220 5651 autem
2242 5593 2542 5648 Romanam
2578 5591 2877 5648 Eeclesiam
2899 5589 2966 5643 ad
3008 5586 3334 5642 taxationem
3373 5584 3622 5656 pecunia:

2041 5687 2264 5760 redigit,
2279 5685 2406 5758 quid
2430 5683 2592 5750 aliud,
2620 5697 2782 5757 quam
2808 5695 2998 5740 omnes
3020 5695 3116 5754 per
3132 5680 3318 5737 orbem
3344 5689 3617 5736 terrarum
