4140 6450
497 297 598 352 251

1029 293 1086 350 S.
1127 291 1330 349 PETRI
1371 289 1652 346 DAMIANI
1686 287 1835 344 OPP.
1860 280 2041 340 PARS
2081 277 2219 341 SEU
2257 277 2492 337 TOMUS
2522 280 2561 336 l.
2601 309 2668 322 ο-
2705 280 2921 336 EPIST.
2961 278 3090 334 LIB.
3127 275 3264 334 Vlll.

3639 275 3747 332 252

500 409 800 472 Ecclesias,
850 409 1043 474 quibus
1071 405 1158 457 illa
1187 403 1426 474 praelata
1457 410 1538 456 est
1567 441 1583 466 ,
1615 399 1874 456 venaliter
1908 411 2066 450 usur-
2089 396 2141 454 A
2167 392 2299 448 Cum
2331 396 2668 468 paterMagni
2697 395 3034 451 Constantini
3060 392 3432 458 Constantius,
3456 402 3618 464 atque
3641 393 3750 448 Ca-

497 516 628 570 pare
659 497 973 554 contendit?
1003 497 1146 551 Sane
1189 497 1328 551 sicut
1370 495 1586 563 triginta
1616 493 1852 546 denariis
1898 488 2066 543 Judas

499 593 756 648 lscarioth
782 587 1348 649 Dominumvendidit,
1384 587 1455 640 ita
1475 585 1691 655 triginta
1718 581 2068 636 nihilominus

499 680 904 734 maledictiones
933 678 1050 747 ejus
1077 677 1420 746 reperiuntur
1447 676 1500 728 in
1531 673 1759 742 psalmo,
1783 687 1943 741 quem
1968 671 2066 725 ad—

495 785 685 824 versus
706 784 829 822 eum
860 767 1128 837 Propheta
1173 765 1474 835 descripsit.
1511 763 1640 830 Quae
1661 763 1872 817 scilicet
1901 760 2069 816 male-

496 863 760 916 dictiones
784 861 848 914 ab
876 875 942 914 eo
971 859 1236 914 versiculo
1265 858 1528 927 incipiunt
1552 895 1568 923 ,
1596 857 1686 910 ubi
1735 856 1941 910 dictum
1983 862 2069 908 est

497 954 669 1026 (Ρσαι.
703 955 853 1025 cvm)
881 996 893 1008 .
923 972 942 1006 ι
972 953 1248 1008 Constitue
1283 965 1445 1020 super
1467 964 1588 1004 emn
1622 957 2002 1019 peccatorem:
2041 964 2060 996 ι

493 1045 604 1100 illic
631 1056 808 1099 autem
837 1043 1126 1106 desinunt,
1155 1039 1245 1094 ubi
1272 1038 1614 1107 subiunctum
1667 1047 1750 1092 est
1795 1053 1810 1090 :
1849 1055 1868 1088 ι
1928 1035 2066 1105 Ope-

494 1135 700 1188 riantur
727 1135 866 1188 sicut
887 1131 1118 1202 diploide
1140 1128 1452 1185 confusione
1477 1143 1592 1183 sua.
1633 1146 1652 1180 ι
1675 1128 1731 1181 Si
1758 1141 1889 1196 ergo
1909 1123 2063 1192 juxta

491 1225 694 1293 peccati
727 1225 961 1285 modum,
1000 1220 1387 1274 maledictionis
1407 1221 1520 1274 sive
1547 1216 1908 1272 damnationis
1931 1229 2070 1284 pon-

492 1315 714 1368 deratur
734 1313 984 1383 elogium,
1017 1319 1233 1381 quanta:
1258 1310 1546 1380 perditioni
1588 1311 1846 1364 Romanae
1877 1307 2064 1361 Eccle-

491 1404 586 1457 site
613 1413 880 1458 mercator
909 1403 1012 1458 erit
1041 1403 1330 1467 obnoxius,
1364 1402 1456 1470 qui
1485 1402 1610 1455 dum
1639 1414 1798 1453 unam
1823 1399 2063 1468 negotia-

491 1507 600 1557 tur,
632 1510 821 1549 omnes
843 1494 998 1548 simul
1032 1492 1301 1547 Ecclesias
1339 1506 1657 1562 comparare
1679 1488 2062 1545 convincitur?

490 1585 850 1651 Quamobrem
882 1601 988 1638 non
1021 1584 1200 1638 subdit
1226 1584 1465 1654 .hancjn
1499 1591 1551 1638 te
1603 1581 1904 1636 redundare
1934 1594 2064 1633 sen-

491 1675 713 1728 tentiam
737 1715 752 1740 ,
783 1690 963 1747 quam.
989 1690 1084 1743 per
1113 1673 1445 1728 Ezechielem
1490 1673 1746 1726 Dominus
1790 1672 2054 1734 intentat,

2172 486 2334 541 lerins
2355 497 2668 542 crearentur
2688 488 2908 559 Augusti
2933 488 3216 558 (EUTROP.,
3247 484 3389 540 Hist.
3423 486 3515 540 lib.
3547 488 3603 556 ι)
3638 486 3750 540 Ro-

2171 591 2361 632 manus
2392 579 2531 632 inter
2557 577 2668 650 5.9
2687 594 2780 632 eos
2815 579 2885 632 ita
2909 578 3112 631 divisus
3135 585 3220 631 est
3241 575 3407 639 orbis,
3432 584 3491 628 ut
3513 575 3743 634 Gallias.

2169 669 2395 734 Italiam,
2431 671 2771 738 Africamque
2817 669 3191 730 Constantius;
3225 667 3515 737 Illyricum,
3555 666 3743 721 Asiam

2169 757 2329 812 simul
2375 769 2429 812 et
2474 757 2747 813 Orientem
2773 757 3018 812 Galerius
3045 757 3331 810 obtineret.
3379 755 3743 810 AtConstan—

2169 849 2278 903 tius
2327 849 2547 918 Augusti
2595 851 2854 902 duntaxat
2908 865 3028 902 cum
3079 848 3267 904 Galliis
3305 849 3563 919 dignitate
3615 863 3744 902 con-

2171 947 2380 1003 tentus,
2422 940 2586 993 Italiae
2628 941 2785 994 simul
2839 949 2892 994 et
2934 941 3128 994 Africa:
3167 941 3604 995 administranda:
3638 941 3743 995 sol-

2167 1028 2499 1083 licitudinem
2545 1030 2829 1083 recusavit.
2885 1029 2982 1082 Vir
3025 1031 3188 1083 etiam
3229 1027 3317 1082 ille
3360 1029 3637 1098 egregius,
3689 1037 3747 1083 et

2168 1121 2627 1190 praestantissima:
2666 1121 2970 1184 civilitatis,
3018 1122 3144 1174 dum
3188 1122 3546 1190 privatorum,
3579 1134 3744 1192 atque

2165 1210 2575 1280 provincialium
2619 1210 2821 1265 divitiis
2867 1210 3103 1275 studuit,
3159 1212 3271 1265 fisci
3313 1213 3593 1266 ceminoda
3631 1229 3739 1266 non

2165 1303 2450 1356 admodum
2480 1301 2750 1356 affectavit
2781 1320 2794 1355 :
2832 1303 3022 1357 melius
3053 1303 3300 1371 judicans
3342 1305 3581 1374 publicas
3609 1321 3743 1374 opes

2166 1409 2195 1447 a
2243 1394 2464 1462 privatis
2512 1395 2730 1458 haberi,
2783 1409 2944 1463 quam
2976 1395 3115 1448 intra
3164 1396 3340 1450 aerarii
3372 1397 3528 1449 unius
3574 1412 3740 1466 angn-

2163 1485 2298 1540 stias
2344 1486 2629 1539 reservari.
2667 1485 2842 1554 Reges
2883 1501 3011 1555 ergo
3047 1486 3284 1556 gentium
3335 1497 3554 1556 propter
3582 1503 3740 1542 cura-

2165 1581 2283 1631 rum
2336 1579 2699 1648 ingruentium
2738 1578 2952 1648 taedium
2999 1579 3272 1648 amplioris
3311 1581 3584 1649 regiminis
3615 1581 3737 1650 jura

2164 1676 2550 1730 contemnunt,
2581 1667 2934 1736 imperialium
2957 1669 3272 1739 dignitatum
3297 1671 3476 1739 apices
3499 1669 3736 1738 fugiunt;

487 1766 672 1820 dicens
704 1782 718 1818 :
753 1785 771 1816 ι
813 1765 970 1819 Venit
1025 1775 1256 1834 tempus,
1294 1779 1460 1833 prope
1489 1773 1573 1818 est
1603 1764 1716 1818 dies
1748 1763 2056 1826 occisionis,
2087 1751 2136 1813 Ι
2164 1768 2218 1812 et
2261 1759 2566 1813 sacerdotes
2616 1759 2745 1824 Dei,
2801 1759 2893 1828 qui
2937 1759 3043 1813 hoc
3095 1759 3398 1829 specialiter
3447 1761 3741 1829 praedicare

487 1869 542 1911 et
570 1873 673 1912 non
695 1859 875 1930 gloriae
897 1860 1176 1913 montium.
1207 1859 1358 1913 Nunc
1382 1859 1448 1913 de
1468 1859 1767 1928 propinquo
1785 1856 2056 1912 ellundam

487 1949 624 2002 iram
672 1965 844 2003 meam
875 1965 1038 2018 super
1067 1959 1119 2003 te
1143 1988 1158 2011 ,
1187 1959 1241 2003 et
1276 1949 1553 2016 complebo
1591 1947 1830 2002 furorem
1880 1961 2057 2000 meum

484 2039 538 2092 in
572 2049 642 2103 te,
675 2047 731 2092 et
746 2037 1000 2107 jndicaho
1022 2049 1071 2091 te
1091 2037 1243 2106 juxta
1269 2038 1386 2092 vias
1415 2046 1555 2102 tuas,
1581 2045 1635 2091 et
1666 2037 1939 2106 imponam
1965 2035 2056 2088 tibi

485 2132 669 2185 munia
689 2132 894 2187 scelera
922 2141 1011 2186 tua
1046 2150 1059 2185 :
1089 2141 1146 2187 et
1175 2148 1280 2187 non
1311 2141 1499 2200 parcet
1519 2130 1708 2186 oculus
1741 2145 1912 2194 meus,
1965 2143 2059 2182 ne-

421 2265 426 2268 .
484 2238 589 2291 que
615 2223 935 2284 miserebor,
965 2223 1057 2278 sed
1083 2224 1197 2278 vias
1227 2232 1345 2277 tuas
1373 2223 1647 2291 imponam
1674 2221 1766 2276 tibi
1797 2261 1812 2285 ,
1848 2229 1904 2274 et
1930 2223 2061 2274 abo-

489 2312 812 2365 minationes
854 2320 957 2365 tute
1003 2312 1054 2365 in
1086 2312 1264 2366 medio
1303 2313 1379 2366 tui
1413 2321 1614 2366 erunt:
1648 2321 1704 2365 et
1744 2311 1883 2365 scies
1934 2311 2059 2380 quia

487 2417 586 2473 ego
615 2419 732 2457 sum
773 2404 1031 2459 Dominus
1056 2406 1363 2473 percutiens
1403 2415 1455 2460 te
1482 2405 1700 2477 (Ezech.
1729 2406 1848 2476 vu).
1888 2424 1906 2457 ι
1957 2406 2063 2460 De-

485 2497 670 2550 functo
720 2496 931 2552 Ctesare
977 2497 1258 2568 Augusto,
1307 2513 1415 2568 quo
1463 2498 1711 2552 videlicet
1757 2498 2056 2566 imperante

483 2584 734 2639 Salvator
755 2570 937 2640 mundi
961 2588 1107 2641 nasci
1135 2587 1384 2658 dignatus
1397 2596 1498 2652 est,
1519 2601 1754 2642 mterens
1777 2585 2053 2642 Romanus

481 2677 707 2746 populus
736 2677 961 2746 lugubre
987 2678 1342 2732 clamitabat:
1381 2697 1399 2730 ι
1450 2677 1665 2733 Utinam
1702 2687 1796 2732 aut
1819 2693 1925 2732 non
1965 2693 2053 2730 na-

481 2777 743 2832 sceretur,
778 2776 870 2821 aut
891 2783 996 2822 non
1019 2777 1323 2822 moreretur
1357 2767 1660 2841 (Martyrol.
1689 2767 1837 2821 Rom.
1865 2769 1932 2822 ad
1956 2783 2050 2822 vtlt

480 2855 596 2908 Kal.
616 2854 736 2909 Jan.
756 2865 808 2909 et
836 2857 906 2910 ibi
934 2859 1080 2911 card.
1109 2857 1307 2913 BARON.
1325 2857 1588 2920 Eumer»,
1612 2856 1754 2910 Hist.
1772 2856 2000 2927 lib.vn).
2027 2876 2046 2907 ι

481 2945 637 3021 l)e__te
667 2954 866 3009 autem,
889 2945 1142 3009 Cadaloe,
1173 2947 1366 3000 merito
1390 2946 1620 3001 dicimus
1656 2963 1668 2999 :
1703 2944 1922 3000 Utinam
1958 2954 2051 3000 aut

480 3015 588 3086 nou
615 3035 946 3099 nascereris,
971 3044 1063 3088 aut
1089 3034 1230 3090 illico
1266 3037 1581 3090 morereris.
1608 3034 1824 3090 Fuisset
1865 3036 2050 3104 utique

2165 1850 2491 1910 debuerant.
2518 1850 2573 1904 in
2600 1849 2864 1919 snperbize
2893 1865 2951 1904 se
2985 1850 3236 1904 cornibus
3279 1851 3519 1914 elevant,
3547 1861 3601 1906 et
3632 1867 3738 1906 non

2166 1938 2590 2003 sacerdotalem,
2639 1939 2731 1993 sed
2798 1937 3069 2008 regalem,
3125 1940 3232 1993 imo
3280 1941 3609 2012 tyrannicam
3662 1940 3741 1994 fe-

2167 2031 2339 2085 rulam
2400 2033 2640 2101 arripere
2695 2047 2857 2101 super
2923 2032 3215 2085 humanum
3251 2047 3420 2102 genus
3463 2033 3736 2087 anhelant.

2163 2120 2242 2175 llli
2291 2137 2544 2176 concessa
2575 2123 2751 2177 ordini
2782 2139 2880 2176 suo
2931 2138 3081 2176 arma
3129 2123 3432 2192 deponunt,
3479 2135 3537 2178 ut
3583 2126 3740 2194 quie-

2167 2214 2236 2267 tis
2293 2215 2403 2269 otio
2462 2213 2869 2282 perfruantur:
2922 2215 3014 2268 isti
3081 2216 3368 2283 constipati
3444 2216 3742 2286 legionibus

2165 2315 2541 2370 armatorum,
2603 2307 2744 2360 velut
2805 2307 3041 2360 hostium
3110 2317 3287 2362 castra
3319 2349 3334 2371 ,
3385 2307 3587 2364 Christi
3636 2309 3738 2363 Ec-

2163 2396 2355 2451 clesias
2409 2398 2699 2466 impetum,
2739 2409 2794 2452 et
2826 2398 3004 2468 gladio
3048 2400 3413 2453 corruentium
3455 2401 3737 2470 sanguine,

2161 2498 2414 2558 tanquam
2464 2490 2746 2543 brutorum
2797 2489 3108 2543 animalium
3137 2492 3458 2560 pinguedine
3485 2495 3742 2564 saginan-

2163 2591 2269 2636 tur.
2303 2581 2448 2636 Strix
2493 2582 2733 2638 malefica
2777 2585 2986 2638 etiamsi
3017 2585 3246 2640 alienum
3279 2587 3591 2655 sanguinem
3619 2589 3740 2641 fnu-

2159 2674 2269 2739 dit,
2314 2674 2427 2727 suis
2486 2683 2662 2728 tamen
2719 2675 3028 2745 pignoribus
3076 2679 3248 2747 parcit
3283 2678 3486 2748 (Ovm.,
3516 2681 3607 2733 lih.
3661 2697 3735 2743 vr,

2159 2762 2360 2824 Fam).
2393 2763 2658 2819 Saturnus
2687 2766 2810 2819 dum
2854 2767 3126 2835 proprium
3155 2769 3414 2822 devorare
3459 2769 3622 2824 filium
3652 2771 3739 2824 ni-

2162 2856 2320 2922 titur,
2371 2855 2424 2909 in
2457 2857 2566 2910 suis
2590 2872 2649 2911 se
2682 2856 2930 2912 dentibus
2972 2858 3208 2913 Ahbadir
3245 2859 3477 2936 [Ἀϐαήρ.
3507 2862 3622 2918 Lat.
3658 2875 3737 2918 te-

2165 2946 2303 3011 nuis,
2332 2944 2586 3018 minutus]
2609 2947 2849 3002 invenire
2876 2951 3118 3002 miratur.
3147 2949 3418 3005 Romanos
3439 2961 3587 3006 certe
3619 2963 3739 3007 tuos

2163 3044 2284 3084 esse
2329 3029 2469 3084 filios
2525 3033 2851 3097 asserebas,
2909 3047 3044 3101 quos
3090 3043 3267 3087 tamen
3319 3035 3370 3088 in
3422 3051 3517 3091 ore
3575 3039 3735 3108 gladii

478 3129 630 3193 juxta
666 3124 1154 3196 Scripturam(Jer.
1185 3126 1300 3194 xx),
1333 3143 1352 3175 ι
1374 3136 1663 3194 conceptus
1686 3134 1828 3194 tuus,
1863 3141 2054 3182 conce-
2087 3093 2131 3153 Ε
2164 3121 2424 3176 devorare
2473 3137 2577 3176 non
2626 3131 2685 3176 ut
2732 3136 2916 3192 pater,
2955 3126 3048 3178 sed
3089 3133 3340 3196 tanquam
3391 3130 3623 3185 crudelis
3659 3133 3738 3186 vi-

480 3226 603 3285 ptns
625 3225 885 3270 aeternus:
911 3236 929 3269 D
959 3218 1248 3272 abortisset
1271 3226 1442 3272 mater
1463 3228 1572 3284 tua,
1596 3235 1699 3274 non
1715 3221 2012 3289 peperisset
2037 3239 2050 3276 :

482 3315 538 3360 et
563 3307 808 3361 abortum
825 3308 1003 3377 potius
1026 3308 1289 3373 funderet,
1315 3325 1474 3378 quam
1500 3310 1737 3364 sobolem
1757 3314 2050 3380 genuisset.

485 3395 680 3450 Narrat
708 3397 999 3468 Eutropius
1049 3398 1213 3470 (Hist.
1242 3399 1335 3455 lib.
1367 3403 1442 3470 tv)
1472 3442 1487 3464 ,
1533 3403 1658 3472 quia
1707 3404 1866 3473 paulo
1895 3414 2052 3460 ante-

481 3503 644 3557 quam
666 3485 948 3559 Saguntini
978 3489 1315 3544 abAnnibale
1331 3489 1486 3544 famis
1510 3493 1682 3562 inopia
1708 3505 2050 3563 caperentur,

479 3578 772 3634 actultimis
797 3591 1119 3649 cogerentur
1141 3581 1361 3636 interire
1385 3583 1680 3651 suppliciis,
1711 3599 1832 3638 cum
1861 3586 2054 3639 mulier

479 3672 723 3740 quaedam
767 3671 880 3741 jam
932 3686 1069 3740 pene
1119 3671 1308 3726 fuisset
1354 3673 1511 3726 enixa
1541 3714 1556 3739 ,
1609 3673 1784 3729 infans
1831 3686 2052 3745 repente

481 3777 761 3832 regressus
785 3764 838 3817 in
853 3771 1086 3827 uterum,
1116 3763 1260 3820 illius
1275 3765 2048 3836 civitatisportenditexitium.

479 3851 800 3920 Optaremus
823 3856 1009 3920 etiam,
1039 3865 1099 3909 ut
1130 3863 1184 3909 tu
1217 3870 1432 3926 quoque
1461 3857 1514 3912 in
1547 3858 1756 3913 viscera
1802 3871 2048 3915 materna

479 3960 775 4014 regressus,
803 3962 964 4016 super
979 3949 1167 4003 urbem
1194 3965 1354 4004 unam
1380 3951 1555 4020 potius
1583 3951 1734 4008 triste
1748 3953 2046 4022 prodigium

480 4035 799 4099 intentares,
831 4052 989 4104 quam
1015 4039 1079 4092 ad
1118 4039 1292 4094 aztatis
1323 4042 1655 4097 incrementa
1694 4045 2044 4113 perveniens,

475 4139 639 4182 totam
677 4130 970 4185 Ecclesium
1006 4133 1324 4187 catholicam
1361 4150 1466 4189 non
1487 4135 1599 4203 jam
1628 4137 2043 4206 significatione,

477 4221 570 4274 sed
590 4221 708 4274 viva
741 4222 916 4290 potius
946 4224 1258 4291 operatione
1291 4225 1618 4282 destrueres.
1650 4226 1732 4281 Ad
1764 4227 1867 4283 hoc
1899 4228 2043 4282 enim

476 4320 528 4365 te
561 4308 757 4365 furiosa
781 4311 1085 4366 dominandi
1114 4313 1299 4379 libido,
1327 4323 1382 4369 et
1412 4330 1516 4370 non
1539 4315 1851 4386 appetenda:
1878 4316 2042 4372 subli-

2163 3210 2329 3264 tricus
2352 3210 2655 3266 decrevisti.
2686 3212 2741 3266 ln
2767 3211 2996 3267 fortibus
3023 3215 3238 3283 quidem
3285 3217 3426 3271 velut
3471 3219 3732 3289 lapideam

2159 3303 2405 3372 reperisti
2455 3304 2742 3368 duritiam,
2789 3305 2881 3359 sed
2925 3320 2990 3360 ex
3039 3308 3286 3373 miseris,
3335 3317 3496 3377 atque
3543 3313 3735 3366 debili-

2156 3392 2258 3449 bus
2285 3393 2500 3462 gavisus
2535 3409 2594 3448 es
2620 3394 2993 3464 triumphalem
3039 3407 3312 3466 reportare
3339 3399 3641 3454 victoriam.
3676 3401 3733 3456 ln

2155 3499 2263 3554 quo
2310 3487 2468 3556 plane
2511 3489 2810 3543 certamine
2850 3501 2901 3544 et
2952 3499 3004 3543 tu
3065 3492 3205 3562 regis
3253 3492 3438 3547 Totilae
3473 3492 3736 3563 judicaris

2156 3593 2411 3648 superare
2463 3582 2797 3652 tyrannidem
2817 3623 2831 3647 ,
2871 3592 2935 3638 et
2967 3593 3085 3640 tuus
3131 3587 3284 3642 miles
3310 3588 3606 3644 Gothorum
3633 3607 3732 3645 ex-

2155 3671 2298 3725 cedit
2341 3671 2749 3730 immanitatem.
2779 3675 2870 3730 llle
2912 3693 3175 3747 namque,
3207 3681 3346 3735 sicut
3393 3693 3517 3737 nota
3546 3694 3730 3738 narrat

2153 3765 2377 3820 historia
2409 3766 2594 3834 (PAUL.
2642 3769 2818 3833 Duc,
2860 3769 2999 3824 Hist.
3041 3771 3192 3827 Rom.
3241 3775 3309 3827 ad
3357 3773 3578 3846 Eutrop.
3631 3775 3726 3832 lib.

2151 3867 2270 3911 ινιτ
2301 3859 2354 3912 in
2383 3859 2500 3930 tln.)
2521 3900 2537 3926 ,
2567 3877 2690 3916 cum
2714 3861 2936 3916 Romani
2967 3864 3306 3922 circumfusis
3344 3867 3604 3922 militibus
3631 3869 3731 3923 ob-

2156 3949 2389 4016 sideret,
2419 3959 2475 4005 et
2523 3951 2760 4007 inclusus
2795 3952 3018 4023 populus
3049 3963 3192 4010 tanta
3229 3956 3498 4012 laboraret
3529 3958 3727 4024 inedia,

2153 4050 2213 4096 ut
2241 4041 2352 4111 jam
2381 4044 2662 4113 pignorum
2705 4060 2926 4102 suorum
2961 4057 3161 4102 matres
3186 4048 3553 4106 decrevissent
3577 4059 3729 4106 artus

2151 4134 2466 4202 absumere,
2501 4137 2713 4192 tandem
2739 4153 2835 4207 per
2857 4137 3159 4194 Ostiensem
3187 4141 3462 4212 ingressus
3487 4153 3567 4197 est
3596 4158 3722 4212 por-

2148 4234 2259 4280 tam
2291 4242 2306 4280 :
2335 4231 2426 4295 qui
2465 4241 2688 4296 parcere
2719 4228 2977 4284 Romanis
3007 4231 3210 4285 civibus
3234 4233 3456 4302 cupiens
3476 4274 3490 4295 ,
3513 4248 3610 4303 per
3640 4241 3722 4287 to-

2149 4326 2258 4370 tam
2309 4324 2523 4371 noctem
2578 4319 2826 4390 clangere
2866 4321 3044 4375 tubam
3087 4318 3280 4390 jussit,
3330 4333 3388 4376 ut
3428 4323 3552 4378 dum
3586 4323 3727 4377 irru-

475 4403 681 4457 mitatis
704 4403 1057 4472 przecipitavit
1107 4403 1318 4493 insania
1343 4446 1357 4471 ,
1392 4415 1451 4460 ut
1497 4408 1656 4463 unius
1701 4409 2043 4478 episcopatus
2067 4439 2124 4500 Β
2150 4407 2292 4478 pisse
2335 4406 2545 4462 hostem
2582 4409 2804 4464 buccina
2853 4411 3052 4465 diutius
3095 4413 3401 4476 intonante,
3438 4429 3724 4482 pernosce-

473 4509 578 4548 non
611 4495 684 4548 sis
715 4509 965 4548 mensura
989 4485 1274 4551 contentus
1297 4536 1310 4558 ,
1343 4498 1437 4552 sed
1481 4514 1643 4567 super
1686 4498 2043 4562 universalem

473 4584 768 4638 Ecclesium
800 4584 1102 4654 generalem
1129 4587 1335 4642 ambias
1355 4589 1714 4658 principatum
1741 4607 1754 4644 :
1782 4599 1837 4645 et
1861 4599 1921 4644 ut
1952 4606 2039 4646 so-

471 4674 554 4729 lus
579 4674 818 4729 emineas
844 4715 858 4738 ,
895 4683 1063 4729 totum
1095 4677 1278 4732 orbem
1312 4679 1365 4732 in
1397 4680 1750 4750 praecipitium
1798 4695 2045 4752 mergere

474 4785 578 4822 non
627 4768 905 4823 formidas.
936 4768 1101 4825 Plane
1130 4770 1494 4827 Diocletianus
1528 4773 1822 4842 imperator
1845 4813 1860 4838 ,
1902 4774 2045 4830 sicut

474 4863 829 4917 Historiarum
861 4863 1025 4917 tradit
1044 4864 1336 4934 antiquitas
1362 4864 1648 4936 (Eunom,
1677 4865 1819 4920 Hist.
1837 4865 2038 4938 lib.rx),

470 4953 670 5025 regalis
702 4952 898 5024 fastigii
931 4953 1140 5026 insigne
1167 4955 1436 5026 deposuit,
1460 4965 1512 5011 et
1542 4972 1647 5011 non
1674 4957 1861 5026 procul
1890 4973 1917 5011 a
1943 4957 2042 5012 Sa-

470 5047 610 5102 lonis
638 5060 732 5115 per
759 5060 947 5100 novem
981 5046 1096 5103 fere
1143 5063 1314 5104 annos
1356 5064 1525 5118 usque
1555 5049 1620 5102 ad
1651 5049 1857 5102 obitum
1883 5089 1898 5116 ,
1931 5051 2042 5120 pri-

467 5147 622 5194 vatus
654 5137 706 5191 in
731 5153 943 5192 amoena
973 5140 1198 5193 virentis
1235 5139 1435 5193 hortuli
1479 5139 1690 5193 cultura
1717 5143 2035 5209 permansit.

470 5229 569 5295 Qui
602 5229 726 5283 dum
765 5229 830 5282 ab
857 5228 1106 5284 llerculio
1137 5239 1296 5299 atque
1321 5229 1536 5286 Galerio
1572 5233 1637 5287 ad
1672 5231 2036 5301 recipiendum

467 5321 667 5381 obnixe
739 5328 1023 5389 rogaretur
1051 5321 1332 5389 imperium
1361 5361 1376 5385 ,
1409 5330 1661 5390 tanquam
1690 5333 1896 5391 pestem
1948 5326 2042 5380 ali-

471 5425 630 5476 quam
655 5413 1089 5480 perhorrescens,
1114 5411 1215 5465 hoc
1247 5411 1418 5466 fertur
1445 5413 1660 5478 dedisse
1685 5431 2035 5484 responsum:

479 5521 498 5552 ‹
537 5501 750 5556 Utinam
779 5503 988 5557 Salonae
1021 5503 1251 5569 possetis
1280 5501 1427 5557 olera
1453 5502 1629 5558 visere
1675 5508 1875 5561 nostris
1926 5525 2041 5562 ma-

475 5591 635 5645 nibus
664 5593 932 5657 instituta,
969 5591 1212 5662 profecto
1245 5609 1515 5664 nunquam
1537 5594 1855 5663 jndicaretis
1899 5599 2039 5654 hanc

472 5682 739 5738 sarcinam
769 5683 969 5740 nostris
997 5683 1192 5739 iterum
1232 5685 1532 5742 cervicibus
1571 5687 1962 5760 imponendum.
2015 5711 2032 5744 ι

2149 4509 2300 4566 rent,
2346 4516 2376 4554 a
2434 4501 2733 4561 Gothorum
2789 4519 2846 4559 se
2896 4505 3087 4574 gladiis
3135 4506 3461 4576 quibuslibet
3507 4509 3722 4562 interim

2146 4592 2383 4649 latibulis
2401 4594 2734 4652 occultarent
2760 4597 3042 4668 (Pnocmn,
3063 4598 3138 4653 De
3159 4598 3289 4653 bello
3313 4597 3465 4652 Catii.
3501 4599 3594 4653 lib.
3615 4600 3720 4672 ιιι).

2145 4683 2226 4738 Tu
2268 4687 2484 4752 autem,
2531 4688 2792 4756 milesque
2832 4695 2986 4752 tuus,
3021 4697 3224 4743 tantam
3259 4690 3433 4758 plebis
3475 4688 3723 4743 invalida:

2146 4783 2311 4844 atque
2358 4777 2621 4846 imperita:
2663 4777 2924 4832 bellorum
2955 4787 3187 4849 stragem
3237 4779 3494 4843 dedistis,
3530 4789 3584 4832 ut
3619 4796 3719 4833 (ra-.-

2143 4879 2324 4920 sorum
2355 4880 2613 4921 numerus
2643 4867 2937 4937 ignoretur.
2975 4867 3132 4922 Certe
3158 4869 3283 4922 dum
3312 4868 3598 4936 Pompeius
3628 4869 3722 4922 ad-

2140 4971 2332 5012 versus
2378 4956 2646 5012 Caesarem
2697 4958 2839 5011 civili
2890 4959 3071 5028 praelia
3102 4959 3382 5014 dimicaret
3434 4960 3716 5038 (Emme,

2143 5045 2283 5101 Hist.
2314 5047 2406 5100 lih.
2438 5050 2547 5117 VI),
2589 5048 2729 5102 inter
2754 5048 3079 5103 horrendum
3100 5091 3115 5114 ,
3156 5050 3352 5119 cuique
3376 5061 3580 5102 tanmm
3611 5051 3721 5102 aie-

2139 5139 2235 5194 bat
2265 5155 2278 5192 :
2317 5157 2337 5191 ‹
2373 5137 2541 5194 Parce
2583 5140 2807 5194 civibus.
2851 5159 2868 5190 ι
2900 5140 3030 5195 Cum
3069 5141 3248 5196 Caesar
3281 5157 3311 5195 c
3337 5143 3610 5196 contrario
3638 5142 3719 5194 in-

2140 5231 2386 5294 sisteret,
2417 5229 2663 5298 inquiens
2693 5247 2706 5283 :
2744 5249 2762 5281 ι
2795 5230 2943 5286 Miles
2964 5272 2978 5296 ,
3009 5233 3196 5285 faciem
3225 5231 3344 5286 feri.
3387 5251 3405 5284 ι
3437 5231 3513 5284 Tu
3540 5231 3718 5300 itaque

2140 5321 2400 5376 Caesareae
2436 5319 2766 5376 crudelitatis
2813 5321 3101 5382 instinctu,
3144 5321 3267 5375 dum
3311 5321 3563 5375 accendis
3598 5321 3717 5373 ani-

2140 5430 2288 5471 mosa
2323 5416 2485 5470 corda
2515 5407 2838 5484 satellitum,
2870 5416 3096 5471 retulisti
3127 5415 3435 5477 manubias,
3463 5424 3514 5468 et
3543 5414 3717 5482 spolia

2141 5507 2207 5560 de
2243 5505 2593 5561 cadaveribus
2630 5513 3060 5575 peremptorum,
3101 5515 3160 5560 nt
3207 5507 3272 5559 de
3309 5516 3360 5559 te
3397 5519 3491 5575 per
3535 5503 3720 5559 simili-

2141 5597 2378 5650 tudinem
2435 5596 2563 5650 illud
2608 5595 2712 5650 dici
2759 5597 2930 5664 possit
2977 5615 2989 5650 :
3044 5614 3062 5646 ι
3120 5596 3185 5649 Et
3222 5597 3288 5650 de
3325 5597 3522 5666 praeliis
3568 5594 3718 5649 ludat

2143 5687 2436 5741 narrabant
2485 5701 2672 5741 omnes
2703 5693 2888 5755 gentes
2939 5686 2987 5757 (1
3038 5685 3212 5740 Much.
3251 5689 3369 5756 ιιι);
3408 5709 3425 5739 ι
3455 5697 3507 5742 et
3547 5688 3596 5740 in
3629 5686 3715 5739 his
