4140 6446
314 265 422 323 253

1465 270 1668 329 LIBER
1706 270 2097 341 SECUNDUS,
2133 275 2353 335 EPIST.
2391 277 2436 337 Ι.

3482 296 3590 354 254

313 380 567 478 omnibus
591 377 844 478 nilaliud
877 380 1091 478 niteris,
1121 381 1226 478 nisi
1263 390 1322 436 ut
1350 385 1633 454 praesulem
1681 398 1899 457 aposto-
1928 395 1979 457 Α
2006 388 2222 461 dignam
2266 407 2438 463 usque
2481 393 2549 449 ad
2591 393 2753 451 linem
2811 411 3206 469 prosequamur
3259 403 3537 463 historiam
3568 451 3585 478 ,

313 477 430 531 lieae
454 475 601 530 sedis
626 476 816 546 ejicias
832 515 848 540 ,
878 484 934 531 et
960 475 1273 534 cathedram
1301 494 1405 534 non
1431 489 1713 535 vacantem
1737 481 1897 537 alieni

306 566 445 638 juris
476 567 693 620 invasor
730 566 998 621 obtineas.
1051 566 1159 622 Sed
1209 576 1271 622 ut
1320 569 1565 634 noveris,
1606 569 1735 640 quia
1784 586 1900 626 mo-

311 660 477 715 limen
499 660 604 713 hoc
644 673 983 728 nequaquam
1015 659 1111 716 tibi
1146 659 1378 716 faustum
1406 662 1667 718 concedet
1702 663 1754 717 in
1781 665 1900 718 exi-

310 760 421 806 tum
440 790 459 816 ,
508 752 576 806 de
603 750 847 819 proxima
891 751 1019 817 tibi,
1051 761 1212 821 atque
1236 754 1487 823 contigua
1516 753 1733 825 regione
1759 771 1898 826 prte-

308 842 535 898 beamus
560 841 887 911 exemplum.

376 935 487 1007 50
528 934 866 991 Convicanea
915 943 1093 990 autem
1137 936 1231 991 tibi
1270 937 1420 1008 regio
1465 938 1737 994 Placentia
1780 948 1891 1006 est,

306 1025 457 1095 Cujus
481 1022 895 1095 episcopus(82)
910 1041 1014 1081 non
1029 1025 1259 1081 diuante
1277 1038 1518 1084 nostram
1540 1037 1750 1085 aetatem
1771 1030 1896 1085 sub-

305 1115 441 1169 dolat
489 1115 804 1170 calliditatis
853 1116 1050 1170 artifex
1104 1119 1349 1182 exstitit,
1389 1129 1446 1175 et
1469 1120 1536 1174 ad
1560 1123 1734 1176 instar
1771 1122 1888 1188 tui,

301 1206 700 1272 sublimitatis,
755 1216 810 1263 et
863 1209 1046 1279 gloriae
1101 1209 1234 1265 satis
1282 1225 1551 1281 superque
1598 1211 1891 1267 ambitione

299 1296 572 1366 ﬂagravit,
609 1298 744 1352 adeo
789 1308 850 1352 ut
889 1299 1038 1368 prius
1088 1306 1215 1356 ante
1266 1316 1324 1357 se
1372 1303 1716 1374 gestandum,
1749 1303 1890 1359 sicut

298 1398 352 1445 et
400 1398 457 1445 tu
509 1406 655 1447 nunc
692 1405 854 1462 agere
903 1391 1135 1458 diceris,
1181 1407 1396 1448 crucem
1440 1403 1752 1466 argenteam
1790 1396 1890 1449 im-

297 1492 566 1552 petraret;
624 1483 715 1553 qui
759 1483 924 1539 etiam
975 1498 1099 1538 cum
1160 1486 1534 1556 imperalrice,
1588 1502 1708 1557 quae
1761 1495 1888 1542 tunc

295 1581 415 1628 erat
438 1613 454 1639 ,
495 1573 733 1629 obsecuti
764 1562 963 1645 negotii
997 1574 1276 1629 dicebatur
1303 1576 1504 1631 habere
1544 1578 1882 1649 mysterium,

294 1662 489 1718 deinde
535 1665 736 1718 sensim
792 1665 858 1718 ad
907 1663 1111 1733 majora
1157 1666 1476 1735 prosiliens,
1512 1668 1727 1724 tandem
1758 1684 1883 1739 apo-

2004 491 2288 552 postquam
2345 483 2569 539 Romani
2614 485 2719 552 ita,
2753 499 2813 541 ut
2856 488 3056 544 dictum
3102 501 3219 556 est,
3271 498 3583 565 respondis-

1999 580 2124 627 sent
2173 571 2239 645 [ι’.
2284 574 2681 649 rependissent]
2753 579 3030 648 pontifici;
3086 597 3212 658 qu
3264 592 3387 638 ante
3438 600 3585 643 retro

1999 662 2319 719 conversu'm
2367 665 2420 720 in
2456 666 2626 721 aSello
2668 667 2956 739 gloriosum
2995 673 3226 742 equitem
3258 688 3580 744 posuerunt,

1961 783 1968 790 -
2003 764 2382 831 tenentemque
2421 758 2502 812 sui
2537 759 2771 814 vectoris
2812 760 2865 814 in
2914 763 3161 818 manibus
3204 767 3429 819 caudam
3487 783 3584 837 per

1995 845 2265 916 publicam
2302 849 2467 904 totius
2511 848 2660 905 urbis
2685 852 2863 919 viam,
2895 853 3043 916 haec,
3076 864 3131 908 ut
3160 866 3450 919 canerent,
3481 858 3582 911 im-

1995 935 2250 1005 pulerunt
2293 951 2309 992 :
2363 955 2384 989 ι
2432 938 2594 1004 Tale,
2654 940 2860 1010 inquit,
2911 942 3231 1013 supplicium
3302 946 3577 1016 patiatur,

1993 1027 2085 1095 qui
2116 1027 2421 1083 Romanum
2464 1045 2654 1100 papam
2686 1032 2753 1087 de
2791 1047 2885 1087 sua
2920 1035 3048 1089 sede
3080 1034 3278 1104 pellere
3304 1036 3513 1092 nititur.
3554 1056 3573 1088 ι

1992 1118 2191 1174 Audiat
2216 1119 2378 1190 igitur
2406 1120 2509 1176 hoc
2539 1123 2764 1191 quilibet
2790 1123 3044 1180 Ecclesia:
3070 1125 3369 1182 fornicator
3394 1142 3578 1182 exem-

1992 1211 2161 1282 plum.
2217 1212 2551 1281 Expavescat
2600 1215 2832 1283 idipsum
2882 1216 3147 1287 hodieque
3195 1233 3357 1288 super
3391 1235 3451 1274 se
3495 1220 3577 1274 di-

1990 1302 2129 1356 vittae
2153 1302 2462 1358 severitatis
2486 1302 2769 1373 invigilare
2791 1306 3071 1374 judicium.
3095 1307 3292 1361 Audiat
3319 1308 3447 1377 quid
3477 1324 3576 1378 per

1989 1391 2240 1445 eumdem
2293 1391 2617 1462 prophetam
2660 1394 2762 1449 sibi
2807 1395 2987 1449 divina
3041 1412 3140 1450 vox
3183 1397 3326 1451 dicat
3368 1414 3430 1449 ει
3468 1397 3577 1451 Νο-

1986 1483 2300 1563 vissimum,
2352 1483 2560 1554 inquit,
2617 1494 2770 1541 tuum
2821 1487 3168 1541 devorahitnr
3215 1487 3358 1558 igni,
3406 1495 3463 1541 et
3490 1470 3612 1541 de-I

1988 1576 2267 1631 nudabunt
2306 1585 2359 1632 te
2389 1577 2729 1633 vestimentis
2773 1579 2908 1644 tuis,
2939 1588 2993 1634 et
3017 1578 3205 1634 tollent
3236 1593 3360 1633 vasa
3391 1578 3575 1650 gloriae

1989 1677 2093 1722 tua:
2125 1682 2140 1723 :
2171 1676 2228 1724 et
2266 1669 2611 1739 requiescere
2660 1668 2854 1725 faciam
2906 1670 3081 1725 scelus
3124 1680 3271 1725 tuum
3320 1686 3349 1724 a
3406 1679 3492 1736 te,
3519 1678 3574 1724 et

293 1753 545 1808 stolicam
591 1754 772 1810 sedem
822 1752 1106 1811 familiaris
1141 1756 1242 1811 sibi
1290 1758 1532 1828 pecuniae
1566 1761 1881 1828 .patrocinio
1914 1752 1959 1813 Β
1989 1760 2401 1818 fornicationem
2429 1772 2576 1818 tuam
2608 1764 2675 1819 de
2704 1773 2848 1819 terra
2875 1763 3122 1835 Egypti;
3155 1764 3280 1834 quia
3305 1763 3420 1817 haec
3444 1763 3575 1817 dicit

290 1842 565 1899 violentus
608 1844 905 1899 invaderet.
961 1845 1149 1914 Ejecto
1198 1847 1380 1917 itaque
1427 1845 1723 1918 Gregorio,
1775 1850 1881 1904 im-

292 1934 560 2003 peratoris
586 1933 802 1990 Ottonis
826 1935 1011 2005 utique
1037 1938 1436 2009 consanguineo
1454 1978 1469 2004 ,
1499 1938 1753 1994 Romana:
1776 1940 1881 1995 Ec-

291 2024 472 2106 clesia:
511 2026 861 2092 cathedram,
913 2042 1020 2082 non
1068 2036 1128 2083 ut
1174 2028 1430 2083 sacerdos
1474 2044 1737 2099 magnus,
1786 2033 1881 2085 sed

290 2128 353 2173 ut
401 2118 519 2182 fur,
561 2127 722 2189 atque
760 2127 1021 2191 tyrannus
1063 2120 1330 2187 obtinuit;
1388 2120 1484 2177 sed
1538 2120 1695 2192 paulo
1726 2132 1880 2193 post,

289 2210 647 2281 resipiscente
666 2210 1183 2282 Quiritum'populo,
1214 2219 1377 2281 atque
1418 2211 1471 2266 in
1502 2211 1676 2266 zelum
1707 2212 1882 2283 dignae

287 2301 514 2357 ultionis
542 2303 874 2357 unanimiter
920 2301 1339 2368 exardescente,
1377 2303 1646 2358 irruentes
1674 2302 1726 2358 in
1756 2317 1898 2371 eum.

288 2407 488 2448 manus
535 2393 820 2465 injiciunt,
871 2394 1055 2449 oculos
1106 2404 1347 2460 eruunt,
1400 2408 1560 2450 aures
1614 2409 1882 2465 naresque

287 2484 607 2555 praecidunt.
652 2484 918 2556 Expertus
946 2495 1029 2541 est
1057 2485 1271 2554 itaque,
1308 2486 1454 2556 quod
1483 2495 1538 2540 et
1586 2495 1715 2542 tunc
1743 2485 1880 2551 sibi,

287 2585 344 2632 et
393 2593 537 2632 nunc
589 2577 684 2632 tibi
737 2593 834 2648 per
880 2576 1219 2635 Ezechielem
1253 2578 1569 2647 prophetam
1621 2578 1881 2634 Dominus

292 2668 658 2722 comminatur
704 2668 889 2724 dicens
927 2684 942 2722 :
989 2687 1007 2720 ι
1047 2665 1275 2724 Venient
1318 2683 1483 2739 super
1531 2675 1582 2723 te
1630 2667 1878 2723 instructi

288 2774 487 2824 curru,
549 2769 604 2814 et
659 2770 778 2815 rota
833 2761 1151 2830 populorum
1203 2759 1521 2825 multitudo;
1577 2758 1775 2823 lorica,
1826 2766 1883 2815 et

288 2850 510 2922 clypeo,
559 2859 614 2905 et
656 2851 809 2921 galea
860 2851 1218 2905 armabantur
1269 2861 1457 2907 contra
1505 2858 1556 2905 te
1602 2849 1875 2920 undique,

287 2955 344 3001 et
401 2947 542 3002 dabo
587 2961 771 3001 coram
823 2946 903 3001 eis
935 2946 1228 3017 judicium,
1278 2952 1332 3001 et
1362 2944 1683 3015 jttdicabtmt
1714 2952 1765 2998 te
1784 2941 1880 3011 ju-

286 3037 444 3092 diciis
492 3037 608 3092 suis
653 3054 666 3090 :
712 3046 769 3090 et
809 3050 1004 3106 ponam
1056 3035 1230 3090 zelum
1278 3048 1456 3090 meum
1492 3034 1544 3089 in
1588 3041 1673 3097 te,
1720 3047 1881 3102 quem

1984 1853 2290 1910 Dominus:
2332 1855 2474 1911 Ecce
2517 1870 2620 1927 ego
2669 1857 2874 1911 tradam
2926 1867 2977 1911 te
3020 1857 3075 1912 in
3121 1873 3315 1912 manus
3359 1871 3572 1921 eorum,

1982 1960 2120 2015 quos
2145 1946 2307 2001 odisti
2334 1963 2349 2000 :
2383 1946 2439 2000 in
2470 1962 2695 2014 manus,
2746 1949 2813 2002 de
2839 1948 3034 2018 quibus
3058 1948 3249 2002 satiata
3281 1956 3367 2002 est
3389 1948 3570 2001 anima

1983 2043 2095 2090 tua.
2138 2035 2208 2091 Et
2253 2045 2417 2106 agent
2461 2046 2637 2093 tecum
2685 2038 2739 2093 in
2787 2038 2946 2104 odio,
2978 2047 3033 2092 et
3065 2037 3253 2093 tollent
3279 2053 3466 2093 omnes
3495 2038 3573 2090 la-

1982 2124 2144 2181 bores
2186 2134 2340 2192 tuos,
2375 2134 2433 2181 et
2460 2127 2738 2182 dimittent
2790 2135 2843 2182 te
2894 2128 3133 2194 nudum,
3176 2135 3233 2181 et
3272 2126 3570 2197 ignominia

1982 2215 2198 2286 plenum
2216 2258 2231 2281 ,
2263 2226 2320 2273 et
2345 2217 2670 2275 revelabitur
2689 2220 2982 2290 ignominia
3011 2219 3426 2274 fornicationum
3454 2228 3574 2272 tua-

1985 2321 2124 2360 rum.
2183 2305 2374 2363 Scelus
2417 2316 2604 2375 tuum,
2652 2317 2708 2364 et
2743 2309 3128 2365 fornicationes
3179 2315 3281 2362 tuae
3326 2306 3573 2361 fecerunt

1984 2398 2101 2453 haec
2126 2399 2219 2454 tibi
2254 2398 2472 2471 (Each.
2499 2400 2683 2475 xxm).
2715 2420 2734 2454 ι
2761 2400 3040 2472 Propriam
3063 2399 3261 2471 quippe
3277 2401 3570 2464 dimittere,

1982 2498 2038 2544 et
2085 2489 2246 2544 aliam
2299 2490 2596 2548 Ecclesiam
2647 2492 2975 2549 Simoniacis
3024 2491 3596 2549 contaminationibus.

1981 2578 2306 2651 profanare,
2339 2591 2717 2652 ,perextremte
2762 2582 3136 2639 fornicationis
3182 2595 3354 2651 genus
3401 2596 3569 2650 agno-

1981 2671 2168 2727 scitur.
2209 2670 2381 2727 Porro
2410 2682 2591 2726 autem
2622 2672 2684 2739 ,si
2723 2681 2779 2726 ιιι
2819 2670 3032 2727 culmen
3086 2669 3569 2740 apostolicaesedis

1983 2761 2184 2826 fueris,
2212 2760 2326 2817 Deo
2357 2762 2616 2825 mundum
2644 2761 2980 2833 negligente,
3015 2760 3268 2823 sortitus,
3300 2758 3564 2830 gliscunt.

1982 2861 2041 2908 et
2084 2851 2362 2908 exsultant
2406 2866 2596 2907 omnes
2627 2851 2840 2921 reprobi
2865 2892 2879 2916 ,
2924 2866 3111 2907 omnes
3139 2849 3459 2905 Christiana:
3488 2864 3568 2903 re-

1983 2945 2199 3016 ligionis
2230 2943 2531 3016 tripudiant
2552 2943 2756 2999 inimici
2783 2961 2796 2998 :
2829 2959 2861 2998 e
2891 2952 3110 3008 contra,
3139 2942 3445 3013 quicunque
3471 2938 3564 2994 Dei

1978 3038 2248 3109 justitiam
2277 3037 2579 3092 esurientes
2624 3036 2851 3103 sitiunt,
2877 3035 2966 3104 qui
3016 3034 3235 3104 pietatis
3262 3047 3422 3103 opera
3453 3045 3569 3086 cer-

286 3126 617 3182 exercebunt
663 3135 838 3181 tecum
868 3125 919 3179 in
949 3124 1164 3195 furore,
1193 3139 1385 3181 nasum
1418 3135 1567 3179 tuum
1587 3166 1601 3190 ,
1633 3132 1690 3179 et
1718 3137 1878 3179 aures
1904 3113 1950 3174 C
1983 3140 2113 3182 nere
2135 3126 2558 3196 concupiscunt,
2585 3134 2637 3180 te
2665 3140 2843 3180 rerum
2865 3122 3076 3179 culmen
3098 3123 3380 3192 adeptum,
3404 3120 3566 3177 totius

287 3226 409 3271 tuas
454 3217 776 3295 praeciderit,
812 3226 866 3271 et
901 3232 1022 3286 qua:
1066 3217 1458 3283 remanserint,
1512 3215 1691 3287 gladio
1746 3229 1877 3271 con-

286 3309 470 3365 cident
517 3308 732 3382 (Ezeclt.
777 3312 956 3380 χχιιι).
994 3328 1014 3362 ι
1051 3309 1119 3364 Et
1170 3317 1229 3365 ut
1261 3309 1562 3365 attentione
1621 3318 1709 3363 tua
1741 3322 1876 3363 con-

1980 3215 2236 3274 Ecclesiae
2271 3215 2626 3287 praecipitium
2655 3216 2904 3271 credunt.

356 3440 471 3512 (82)
504 3438 661 3498 Joan.
690 3418 973 3514 episcOpus
1001 3441 1383 3519 Placentinus,
1410 3441 1664 3513 antipapa
1684 3482 1701 3508 ,
1724 3442 1793 3499 de
1816 3454 1924 3513 quo
1957 3439 2108 3495 card.
2137 3436 2287 3493 .Bar.
2330 3452 2422 3493 an.
2466 3434 2611 3491 Eccl.
2644 3434 2733 3489 ιο.

1405 3694 1768 3783 LIBER
1829 3691 2480 3784 SECUNDUS.

2578 3574 3524 3600 Μ

1281 3883 1376 3941 AD
1413 3882 1473 3941 s.
1513 3884 1582 3942 ιι.
1620 3883 1687 3941 E.
1722 3856 2091 3942 Eptscopos
2126 3878 2581 3940 CARDINALES.

1774 4042 2180 4058 ~—

602 4172 890 4246 51—53
928 4170 1259 4231 EPISTULA
1300 4171 1512 4229 PRIMA
1535 4214 1553 4240 ,

551 4300 621 4341 AD
657 4301 705 4341 8.
748 4302 802 4341 Β.
845 4302 897 4341 Ε.
936 4300 1218 4342 ενιεαοροε
1251 4298 1599 4340 ειιωιιιιιιιιε.

280 4397 675 4467 Ancona-run,
701 4428 768 4437 -—
791 4396 1107 4453 Cardinales
1133 4393 1417 4465 episcopos
1436 4432 1451 4458 ,
1486 4393 1551 4447 ad
1574 4407 1710 4462 quos
1721 4391 1868 4467 _scri-

352 4470 431 4522 bit
460 4461 772 4541 .-horta_tur
801 4507 817 4532 ,
869 4477 935 4541 ut
986 4468 1043 4541 in
1090 4461 1208 4541 tam
1255 4461 1521 4541 corrupto
1554 4461 1770 4541 sanatio
1814 4470 1871 4541 et

353 4548 501 4593 tanta
551 4533 794 4593 omnium
833 4538 1045 4593 vivendi
1088 4535 1338 4600 licentia,
1388 4535 1464 4589 ita
1515 4534 1685 4589 vitam
1716 4533 1870 4587 insti-

353 4618 525 4673 luant,
550 4618 611 4664 ιιι
634 4624 730 4663 θοε
750 4607 930 4664 caeteri
960 4622 1149 4663 omnes
1173 4615 1428 4675 tanquam
1450 4618 1659 4659 morum
1681 4617 1868 4675 ex_em-

350 4678 470 4749 plar
500 4671 831 4744 intueantur,
861 4687 916 4733 ct
944 4676 1233 4733 imitandos
1260 4671 1363 4749 sibi
1394 4684 1712 4749 propellant.
1734 4671 1867 4727 Bre-

348 4743 600 4819 viterque
647 4743 928 4820 ostendit,
976 4756 1178 4820 quanta
1227 4748 1306 4820 sit
1350 4743 1780 4820 sacerdotibus,
1814 4751 1872 4798 et

352 4813 652 4889 praesertim
684 4813 1330 4890 episcttpisfnecessitas
1378 4815 1580 4890 indicta
1628 4813 1868 4883 probita-

350 4886 456 4955 tis,
496 4898 683 4959 utpote
717 4886 849 4943 cum
872 4886 1074 4955 eorum
1123 4902 1319 4959 munus
1367 4886 1439 4959 sit
1479 4893 1865 4959 peccatorum,

351 4970 406 5015 et
442 4953 741 5028 culparum
798 4953 1012 5012 veniant
1066 4973 1165 5028 pro
1216 4955 1436 5028 reliquis
1479 4953 1786 5009 hominibus
1835 4969 1866 5006 ιι

351 5032 460 5086 Deo
506 5026 784 5100 deprecari
813 5043 827 5082 :
860 5041 1022 5096 quant
1070 5026 1124 5083 ἐἰ
1159 5027 1345 5100 volunt
1394 5026 1710 5100 impetrare.
1768 5036 1868 5100 ne-_-

306 5118 313 5123 ‘
350 5117 504 5157 cesso
558 5093 642 5156 est
694 5110 753 5153 ut
799 5093 898 5168 ipsi
943 5100 1012 5155 ab
1058 5098 1204 5152 omni
1258 5093 1484 5166 prorsus
1518 5094 1779 5168 crimine,
1819 5093 1866 5148 si

353 5172 469 5227 fieri
514 5181 727 5241 potest,
778 5164 1017 5240 integros
1048 5183 1108 5224 se
1137 5164 1510 5236 immunesque
1528 5164 1865 5220 custodiant.

355 5283 767 5340 Venerabilibus
798 5284 851 5336 in
888 5281 1105 5338 Christo
1152 5279 1357 5335 sanctis
1394 5274 1661 5348 episcop's
1708 5274 1868 5330 Late-

282 5378 531 5433 ranensis
579 5376 835 5432 Ecclesia
882 5372 1250 5430 cardinalihus
1281 5411 1296 5436 ,
1345 5370 1562 5425 Ps'rnus
1617 5367 1895 5455 indiguus‘

283 5470 487 5525 intima:
524 5468 829 5525 devotionis
854 5465 1126 5521 affectum.

349 5561 725 5617 Castrensium
757 5556 1097 5628 specularum
1116 5596 1132 5621 ,
1165 5554 1460 5609 turriumve
1485 5551 1768 5616 custodes,
1808 5559 1866 5605 ut

283 5665 343 5705 se
381 5649 684 5721 promptius
726 5649 1050 5712 exhibeant,
1108 5646 1427 5715 intempesta
1486 5651 1644 5696 nocte
1683 5639 1863 5710 pervi-
1926 5661 1936 5669 -

285 5738 452 5809 giles,
501 5739 765 5796 clamusas
800 5738 1016 5795 sibimet
1063 5734 1290 5792 invicem
1336 5747 1476 5805 saepe
1502 5731 1743 5802 dirigunt
1772 5746 1863 5786 vo-

1896 4157 1952 4220 D
1974 4189 2106 4231 ces:
2137 4172 2220 4229 sic
2261 4172 2445 4242 itaque
2472 4170 2598 4225 dum
2642 4169 2777 4227 alios
2803 4169 3079 4236 excitant,
3105 4154 3422 4239 semetipsos
3449 4165 3560 4223 uti-

1969 4280 2077 4336 que
2119 4263 2188 4319 ad
2229 4263 2561 4334 peragendas
2603 4260 2860 4316 excubias
2906 4259 3274 4330 vigilantiores
3312 4266 3553 4316 servant.

1969 4353 2083 4424 Ego
2129 4368 2375 4423 quoque,
2424 4351 2518 4422 qui
2558 4366 2657 4422 pro
2697 4351 2893 4406 castris
2932 4350 3320 4408 ecclesiastica:
3347 4348 3558 4405 militis

1968 4444 2230 4500 stantium
2260 4451 2534 4512 utcunque
2570 4442 2842 4512 particeps
2887 4456 3010 4498 esse
3035 4449 3255 4497 coactus
3298 4454 3455 4506 sum,
3482 4439 3554 4494 ad

1967 4551 2098 4611 vos,
2142 4533 2482 4590 venerabiles
2513 4533 2732 4599 Patres,
2787 4533 2891 4588 ista
2938 4532 3253 4596 conscribo,
3300 4539 3355 4586 et
3383 4530 3559 4600 impo-

1968 4629 2063 4686 lito
2090 4628 2253 4700 ’stylo
2302 4627 2457 4699 quasi
2506 4628 2687 4684 raucis
2730 4626 2954 4683 vocibus
3000 4636 3322 4697 perstrepo:
3355 4638 3462 4678 non
3495 4631 3556 4688 ut

1966 4738 2065 4778 vos
2111 4736 2275 4792 sopor
2317 4720 2568 4785 deserat,
2616 4728 2803 4791 utpote
2846 4730 3069 4794 strenue
3115 4717 3429 4790 vigilantes,
3459 4712 3554 4769 sed

1967 4826 2027 4885 ut
2080 4828 2166 4867 me
2217 4813 2396 4882 potius
2443 4812 2715 4877 excitem,
2762 4812 2863 4867 sub
2893 4820 3110 4881 torpore
3153 4807 3371 4862 desidia:
3399 4806 3555 4878 igno-

1967 4903 2214 4959 rabiliter
2242 4904 2586 4959 oscitantem.
2636 4902 2791 4973 Saepe
2839 4914 3071 4969 namque
3113 4896 3307 4953 melius
3342 4897 3444 4968 ipsi
3474 4895 3555 4951 di-

1967 4997 2200 5061 scimus,
2251 4995 2379 5050 dum
2410 4996 2700 5059 docemus,
2748 5002 2804 5048 et
2831 5007 2984 5061 quast
3035 4989 3254 5061 proprio
3282 5004 3378 5045 ore
3404 5002 3554 5068 com—

1965 5092 2216 5162 pellimur
2241 5089 2498 5161 exsequi,
2537 5090 2679 5158 quod
2708 5088 2828 5142 aliis
2869 5084 3233 5150 inculcamus,
3264 5082 3553 5139 Salomone

1967 5191 2259 5238 attestante
2278 5222 2293 5247 ,
2322 5181 2413 5251 qui
2442 5181 2520 5235 ait
2547 5196 2560 5232 :
2593 5198 2613 5231 ι
2641 5177 2833 5232 Anima
2864 5175 3159 5231 laborantis
3189 5173 3401 5230 laborat
3427 5172 3549 5237 sibi,

1965 5272 2055 5342 qui
2104 5270 2377 5342 compeliit
2418 5284 2540 5324 eum
2592 5283 2654 5321 os
2704 5282 2859 5322 suum
2912 5265 3091 5334 (Prov.
3122 5266 3300 5335 xvr.)i
3471 5332 3475 5338 .

2036 5362 2242 5418 Videtis
2284 5362 2497 5430 itaque,
2542 5358 2909 5423 dilectissimi,
2961 5357 3087 5428 quia
3137 5363 3278 5409 totus
3316 5352 3551 5408 mundus

1964 5467 2166 5523 pronus
2213 5451 2269 5506 in
2317 5452 2514 5505 malum
2559 5464 2656 5519 per
2685 5448 2890 5504 lubrica
2940 5446 3192 5501 vitiorum
3231 5444 3284 5498 in
3312 5456 3553 5514 prteceps

1972 5544 2122 5599 ruit:
2153 5552 2209 5598 et
2249 5554 2451 5613 quanto
2497 5542 2589 5597 fini
2635 5556 2733 5597 suo
2773 5538 2994 5607 jamjam
3023 5536 3232 5591 vicinus
3261 5535 3551 5607 appropin-

1970 5645 2129 5706 quat,
2164 5643 2314 5690 tanto
2339 5633 2646 5705 graviorum
2687 5645 2849 5701 super
2876 5645 2935 5684 se
2978 5626 3219 5699 quotidie
3262 5626 3548 5682 criminum

1969 5725 2137 5782 uicies
2159 5733 2467 5795 exaggeret.
2498 5720 2865 5794 Ecclesiastici
2890 5719 3153 5782 siquidem
3179 5717 3319 5786 genii
3351 5716 3551 5788 ubique
