4140 6442
550 253 655 310 2δὸ

1087 248 1144 307 S.
1186 248 1391 306 PETRI
1428 247 1712 306 DAMIANI
1750 246 1901 304 OPP.
1940 241 2121 301 PARS
2150 240 2280 301 SEU
2320 239 2555 299 TOMUS
2594 240 2634 295 Ι.
2672 269 2740 280 —-
2779 238 2999 294 EPIST.
3040 241 3171 294 LIB.
3212 236 3348 295 Vill.

3706 234 3820 297 256

544 384 687 438 pene
728 366 1012 438 disciplina
1051 365 1375 440 negligitur,
1427 367 1609 425 debita
1644 365 2016 425 sacerdotibus
2043 377 2129 417 re-
2155 367 2205 423 Α
2230 356 2553 428 Apocalypsi
2579 372 2640 412 se
2663 356 2919 411 didicisse
2961 371 3066 412 non
3096 355 3282 420 tacuit,
3331 353 3418 410 cui
3460 353 3664 409 dictum
3689 364 3772 411 est
3798 371 3815 407 :

492 501 495 504 ‹
547 460 787 521 verentia
832 476 939 514 non
972 460 1276 529 praebetur,
1324 458 1598 513 canonica:
1626 455 1923 511 sanctiouis
1972 454 2132 508 iusti-

545 556 660 606 tota
694 549 1006 616 calcantur,
1062 560 1122 603 et
1151 549 1258 607 ,δοιὶ
1310 557 1539 605 terrena:
1587 547 1652 618 Lf.
1698 546 2013 602 substantiae
2058 544 2133 601 vel

547 641 863 709 Cupiditati,
906 640 982 695 vel
1015 640 1139 711 quid
1174 639 1342 694 simile
1368 638 1520 711 add.]
1560 639 1834 694 inhianter
1858 636 2135 707 explede

547 731 704 797 digna
755 731 864 785 Deo
910 745 1042 787 cura
1088 730 1343 785 servitur.
1371 727 1430 785 in
1460 728 1788 786 foederandis
1815 744 1978 800 porro
2000 743 2135 783 eon-

545 819 708 891 iugiis
753 820 1022 890 legitimus
1066 822 1198 876 ordo
1226 820 1576 875 confunditur
1605 838 1620 873 :
1659 828 1742 885 et,
1780 835 1813 874 ο
1849 818 2034 875 tiefasl
2065 818 2135 874 ab

547 910 627 961 eis
669 910 721 962 in
746 910 975 964 veritate
1010 908 1233 965 iudaice
1260 909 1491 973 vivitur,
1539 909 1635 977 qui
1664 908 1949 978 superﬁcie
1976 918 2135 962 tenus

548 998 856 1055 Christiano
899 999 1158 1055 vocabulo
1202 1000 1512 1079 palliantur.
1571 1000 1863 1057 Enimvero
1908 1000 1995 1054 ubi
2048 1015 2136 1054 ra—

547 1091 690 1159 pina:
731 1090 970 1147 desunt?
996 1093 1086 1147 ubi
1120 1092 1258 1147 furta
1294 1102 1553 1150 caventur
1572 1095 1595 1134 ν
1619 1095 1710 1164 qui
1743 1094 1977 1164 periuria
1996 1095 2018 1147 ?
2040 1095 2134 1164 qui

549 1176 814 1233 lenocinia
836 1180 859 1233 ?
883 1182 973 1250 qui
1013 1182 1294 1253 sacrilegia
1325 1184 1612 1238 metuunt?
1636 1184 1729 1254 qui
1755 1183 1987 1254 denique
2015 1200 2137 1254 per-

546 1275 760 1336 petrare
785 1269 1033 1338 quaelibet
1057 1273 1643 1332 atrocissimacrim'nta
1680 1275 2136 1345 perhorrescunt?

546 1355 871 1413 Jamdudum
911 1361 1069 1428 plane
1121 1363 1377 1418 virtutum
1422 1365 1616 1421 studiis
1657 1366 1936 1436 repudium
1978 1366 2134 1423 dedi-

474 1520 477 1521 ν
550 1463 705 1512 llius,
753 1450 1102 1521 omniumque
1137 1448 1549 1523 pervcrsitatum
1588 1466 1810 1526 pestes,
1848 1456 1994 1512 velut
2025 1456 2137 1512 im-

549 1547 676 1608 petu
726 1540 870 1596 facto
892 1583 907 1605 ,
939 1538 1179 1601 feraliter
1217 1560 1577 1605 emerserunt.
1619 1549 1730 1607 Sed
1779 1565 1848 1606 ne
1879 1559 2134 1622 tanquam

547 1630 854 1687 cotlutrnati
888 1637 1203 1706 tragoediam
1242 1641 1520 1695 videamur
1564 1642 1808 1700 attollere
1835 1684 1854 1710 ,
1907 1643 2137 1701 adﬁciat

2239 472 2259 505 ι
2293 451 2603 521 Mysterium
2629 459 2836 521 septem
2883 448 3183 513 stellarum,
3226 464 3363 518 quas
3401 447 3579 502 vidisti
3609 448 3661 502 in
3689 448 3820 502 dex-

2235 550 2350 597 tera
2401 557 2556 606 mea,
2610 550 2669 596 et
2728 550 2932 610 septem
2982 538 3303 594 candelabra
3359 552 3555 604 aurea;
3610 547 3820 606 septem

2234 633 2623 702 stellw,~angeli
2653 642 2776 688 sunt
2809 641 3013 701 septem
3038 632 3436 695 Ecclesiarum;
3472 640 3527 685 et
3567 631 3823 686 candela-

2234 727 2331 782 bra
2361 733 2590 793 septem,
2620 733 2824 793 septem
2860 723 3113 779 Ecclesiae
3141 732 3266 776 sunt
3293 721 3478 792 (Apoc.
3504 722 3567 792 ι).
3601 741 3618 773 ο

2308 814 2430 870 Haec
2456 815 2618 883 igitur
2643 815 2710 868 ad
2753 815 3011 868 honorem
3046 814 3259 867 condita
3295 812 3350 867 S.
3383 812 3680 866 Salvatoris
3716 812 3825 867 Ec—

2234 906 2396 962 clesia
2437 906 2652 961 culmen
2696 920 2760 961 ac
2798 905 3084 960 summitas
3129 905 3291 959 totius
3337 903 3655 959 Christiana:
3692 904 3823 957 reli-

2234 986 2409 1069 gionis
2435 995 2648 1061 eﬂ'ecta,
2675 1004 2735 1051 ut
2768 996 2840 1051 ita
2879 995 3128 1059 dixerim,
3159 994 3398 1049 Ecclesia
3432 1003 3514 1048 est
3549 993 3826 1048 Ecclesia-

2236 1105 2390 1150 rutn,
2449 1095 2505 1141 et
2547 1096 2738 1141 sancta
2792 1095 3123 1140 sanctorum.
3180 1083 3354 1138 [labet
3409 1094 3586 1137 autem
3637 1082 3824 1137 altrin-

2235 1193 2394 1233 secus
2421 1177 2702 1232 beatorum
2736 1175 3102 1246 apostolorum
3134 1174 3275 1229 Petri
3314 1182 3369 1228 et
3400 1172 3552 1226 Pauli
3589 1172 3825 1228 diversis

2234 1267 2452 1340 quidem
2494 1267 2631 1321 locis
2673 1265 2995 1321 constitutas
3046 1264 3317 1320 Ecclesias
3340 1304 3356 1329 ,
3399 1266 3493 1319 sed
3544 1266 3624 1318 sui
3672 1279 3823 1317 com-

2235 1373 2371 1430 page
2399 1358 2746 1421 sacramenti,
2773 1357 2899 1427 quia
2922 1356 3169 1410 videlicet
3202 1357 3253 1410 in
3299 1357 3531 1426 quodam
3564 1355 3822 1408 meditul-

2236 1448 2309 1503 lio
2341 1448 2535 1519 posita,
2580 1448 2733 1519 quasi
2779 1455 2940 1517 caput
2985 1446 3243 1500 membris
3285 1444 3691 1514 supereminet,
3738 1443 3824 1496 in—

2235 1537 2552 1594 differenter
2609 1537 2809 1593 unitas.
2860 1535 2953 1591 llis
3006 1537 3187 1606 itaque
3252 1545 3507 1605 tanquam
3566 1534 3825 1603 expansis

2237 1636 2433 1691 divinae
2475 1633 2862 1693 misericordiae
2881 1631 3116 1687 brachiis
3143 1647 3350 1687 summa
3387 1629 3497 1694 illa,
3522 1640 3576 1683 et
3605 1629 3826 1683 univer-

548 1718 702 1775 nobis
745 1725 1036 1792 apostolica
1084 1727 1345 1784 duntaxat
1372 1744 1536 1799 super
1580 1732 1664 1787 his
1700 1734 1862 1788 verba
1905 1732 2129 1789 referre.
2162 1718 2209 1780 Β
2237 1727 2365 1783 salis
2391 1727 2628 1784 Ecclesia
2679 1742 2894 1781 omnem
2936 1725 3198 1779 ambitum
3242 1723 3407 1778 totius
3443 1720 3590 1775 orbis
3617 1720 3826 1790 ample-

547 1807 682 1864 Nam
734 1813 878 1868 velut
923 1807 1218 1885 prophetia:
1252 1821 1519 1888 depromit
1541 1823 1857 1887 oraculum,
1897 1823 2126 1880 dicens:

551 1917 570 1948 α
607 1898 720 1954 lloc
745 1910 922 1956 autem
952 1905 1090 1959 scito
1110 1944 1125 1969 ,
1168 1908 1309 1975 quod
1343 1908 1394 1962 in
1425 1910 1735 1966 novissimis
1758 1910 1947 1967 diebus
1973 1921 2133 1967 erunt

547 1994 787 2055 tempora
814 1988 1112 2057 periculosa
1139 2011 1152 2047 :
1179 2005 1235 2049 et
1255 2006 1414 2052 erunt
1435 1998 1683 2055 homines
1711 2000 1916 2070 seipsos
1940 2016 2132 2057 aman-

549 2084 666 2143 tes,
717 2081 929 2151 cupidi,
985 2086 1244 2154 superbi,
1292 2087 1625 2159 blasphemi,
1675 2091 1988 2161 parentibus
2023 2108 2128 2147 non

547 2170 891 2239 obedientes,
949 2174 1178 2242 ingrati,
1216 2179 1467 2245 scelesti,
1498 2182 1615 2236 sine
1656 2182 1975 2250 affectione,
2011 2186 2131 2239 sine

548 2274 722 2328 pace,
763 2262 1160 2331 criminatores,
1198 2267 1595 2326 incontinentes
1621 2312 1636 2336 ,
1694 2271 1935 2329 immites
1966 2314 1981 2340 ,
2013 2274 2132 2330 sine

547 2349 913 2422 benignitate,
970 2357 1314 2435 proditores,
1366 2362 1643 2431 protervi,
1702 2364 1936 2433 tumidi,
1982 2364 2130 2420 volu-

542 2449 751 2531 ptatum
792 2454 1062 2501 amatores
1105 2450 1280 2518 magis
1316 2466 1477 2521 quam
1518 2452 1611 2509 Dei
1654 2470 1671 2507 :
1715 2454 1974 2511 habentes
2004 2455 2132 2525 qui-

547 2530 669 2584 dem
701 2529 805 2602 53
832 2535 1065 2603 speciem
1109 2539 1445 2607 sanctitatis,
1492 2542 1749 2597 virtutem
1791 2553 1972 2600 autem
2015 2538 2153 2614 eius'

545 2620 877 2692 abuegantes
904 2624 991 2697 (II
1025 2626 1159 2682 Tim.
1186 2633 1289 2701 Ill).
1333 2650 1352 2682 ι
1383 2631 1531 2688 inter
1562 2635 1675 2691 haec
1708 2650 1837 2706 ergo
1862 2633 2131 2706 .tam‘pro-

545 2710 712 2768 funda
761 2715 1116 2784 periclitantis
1172 2723 1355 2778 mundi
1399 2724 1722 2798 naufragosa
1773 2729 2128 2797 discrimina,

547 2801 691 2857 inter
721 2813 800 2859 tot
826 2805 1064 2862 immane
1083 2819 1331 2880 patentes
1354 2815 1673 2885 perditionis
1697 2818 1948 2875 humana:
1972 2836 2130 2875 vora-

546 2892 723 2960 gines,
775 2895 965 2952 unicus
1009 2907 1064 2953 et
1109 2901 1399 2969 singularis
1451 2916 1640 2975 portus
1683 2908 1927 2965 Romana
1979 2921 2129 2981 patet

546 2982 826 3039 Ecclesia:
856 2996 928 3052 et,
955 2988 1012 3042 ut
1034 2989 1108 3044 ita
1144 2991 1332 3058 fatear,
1374 3000 1685 3066 pauperculi
1720 3002 2006 3071 piscatoris
2040 3013 2127 3061 est

2235 1824 2420 1876 ctitur.
2482 1821 2685 1877 Omnes
2736 1821 2827 1891 qui
2871 1820 3067 1887 salvari
3108 1826 3402 1889 appetunt,
3456 1817 3509 1871 in
3566 1822 3823 1872 malet-nte

2233 1913 2448 1982 pietatis
2472 1913 2681 1982 gremio
2719 1912 2967 1967 confovet
2994 1920 3049 1965 et
3080 1920 3279 1966 tuetur.
3322 1907 3432 1963 Hac
3469 1907 3645 1970 Jcsns,
3673 1921 3823 1960 sttui-

2235 2021 2355 2059 mus
2403 2004 2655 2061 videlicet
2702 2004 2976 2073 pontifex,
3018 2018 3148 2058 arce
3208 2002 3501 2078 subnixus,
3551 2007 3716 2053 totam
3766 1996 3821 2050 in

2232 2095 2364 2148 orbe
2414 2103 2682 2152 terrarum
2727 2093 3023 2148 Ecclesiam
3061 2107 3214 2147 suam
3247 2092 3299 2145 in
3341 2088 3666 2145 sacramenti
3699 2088 3819 2140 uni-

2236 2193 2347 2239 tate
2375 2183 2731 2248 eonl‘aederat,
2764 2194 2822 2237 ut
2844 2198 2984 2239 unus
3027 2183 3302 2247 sacerdos,
3326 2197 3433 2235 una
3472 2181 3665 2236 merito
3700 2193 3817 2232 crc-

2232 2274 2391 2328 datur
2417 2274 2677 2330 Ecclesia.
2705 2274 2859 2331 Unde
2887 2288 2985 2343 per
3008 2274 3327 2343 prophetam
3355 2272 3556 2326 dicitur
3581 2286 3594 2322 :
3623 2289 3642 2321 ι
3678 2268 3820 2322 Ecce

2231 2365 2315 2420 vir
2340 2364 2535 2422 Oriens
2570 2380 2762 2421 nomen
2811 2362 2951 2432 ejus,
2997 2372 3053 2419 et
3096 2363 3284 2420 subter
3327 2377 3450 2417 eum
3491 2360 3717 2425 orietur,
3764 2366 3822 2413 et

2231 2456 2520 2511 adiﬁcabit
2568 2455 2820 2525 templum
2866 2456 3114 2518 Domino,
3155 2464 3209 2510 et
3250 2455 3366 2524 ipse
3398 2461 3642 2508 exstruet
3684 2462 3823 2506 tem-

2230 2546 2398 2616 plum,
2426 2556 2481 2601 et
2504 2546 2739 2617 portabit
2770 2545 3019 2616 gloriam,
3061 2554 3116 2600 et
3161 2544 3391 2610 sedebit,
3417 2553 3471 2599 et
3511 2543 3819 2598 dominabi-

2232 2643 2317 2689 tur
2340 2650 2505 2705 super
2524 2635 2714 2690 solium
2742 2649 2922 2702 suum,
2967 2643 3023 2689 et
3062 2636 3167 2690 erit
3208 2635 3462 2689 sacerdos
3489 2647 3651 2702 super
3680 2631 3819 2687 solio

2230 2742 2329 2781 suo
2353 2725 2538 2796 (Zach.
2562 2725 2659 2797 vi).
2696 2745 2715 2778 ι
2756 2725 2860 2782 Sed
2885 2727 3007 2796 quia
3038 2726 3191 2781 nobis
3223 2742 3327 2780 non
3374 2736 3458 2780 est
3485 2724 3819 2794 propositum

2229 2824 2421 2871 cuncta
2468 2815 2761 2887 ﬁgurarum
2812 2816 3068 2886 mysteria
3122 2817 3264 2871 illius
3314 2815 3816 2885 comprehendere,

2230 2903 2342 2977 εδ
2366 2905 2478 2960 haec
2505 2904 2624 2959 aliis
2652 2904 3043 2959 consideranda
3090 2904 3468 2973 relinquimus,
3507 2905 3572 2958 ad
3620 2906 3820 2959 exhor-

2228 3001 2449 3055 tationis
2496 3016 2626 3056 vero
2675 3000 2895 3067 seriem,
2944 2999 3088 3057 sicut
3134 3000 3486 3065 instituimus,
3529 2998 3819 3053 articulum

548 3085 734 3168 parata
766 3093 986 3149 sagcna,
1012 3097 1133 3151 qua:
1159 3100 1348 3142 omnes
1372 3089 1439 3142 ad
1478 3105 1538 3146 se
1581 3092 1790 3149 sincere
1815 3097 2128 3168 confugien-

2231 3088 2594 3145 reﬂectamus.

549 3171 643 3257 tes
658 3166 724 3220 de
745 3169 1099 3235 procellarum
1129 3173 1600 3234 intumescentium
1646 3180 1900 3240 ﬂuctibus
1943 3166 2124 3257 eripit,

548 3263 605 3348 et
633 3255 684 3309 in
713 3256 893 3313 littore
915 3260 1207 3319 salutiferae
1230 3267 1428 3335 quietis
1449 3274 1689 3341 exponit.
1717 3273 1854 3330 llinc
1875 3287 1958 3332 est
1982 3255 2124 3348 quod

549 3346 663 3415 ipsa
712 3348 949 3405 Ecclesia
1002 3354 1472 3415 excellentioribus
1530 3377 1640 3431 prae
1706 3367 1917 3421 caeteris
1964 3346 2128 3424 totius

548 3441 696 3532 orbis
740 3442 997 3501 Ecclesiis
1047 3448 1236 3503 nititur
1278 3452 1591 3522 privilegiis,
1649 3458 1742 3511 sed
1786 3467 1841 3512 et
1888 3462 2128 3532 mySticis

547 3531 710 3586 etiam
738 3534 981 3592 instituta
1009 3546 1170 3609 atque
1194 3541 1451 3612 disposita
1480 3562 1586 3601 non
1615 3549 1910 3621 ambigitur
1946 3531 2132 3608 sacra-

549 3625 766 3679 mentis.
812 3625 970 3693 Nam,
1031 3640 1091 3686 ut
1141 3633 1208 3687 de
1251 3634 1494 3704 pluribus
1537 3652 1706 3706 pauca
1746 3643 2127 3714 perstringam,

551 3716 929 3777 Lateranensis
955 3723 1220 3793 Ecclesia,
1249 3727 1391 3784 sicut
1417 3728 1712 3790 Salvatoris
1752 3743 1835 3789 est
1870 3736 2130 3808 insignita

547 3811 831 3875 vocabulo,
862 3814 952 3883 qui
982 3816 1236 3873 nimirum
1261 3820 1500 3876 omnium
1522 3833 1684 3894 caput
1706 3833 1791 3881 est
1814 3824 2148 3897 electorum,

550 3900 623 3954 ita
661 3913 856 3969 mater,
902 3915 956 3960 et
994 3907 1211 3976 quidam
1253 3926 1411 3981 apex,
1456 3923 1510 3968 et
1549 3924 1737 3972 vertex
1768 3927 1851 3973 est
1889 3902 2130 3975 omnium

549 4005 646 4058 per
708 3992 893 4046 orbem
945 3994 1325 4055 Ecclesiarum.
1382 3999 1507 4057 Haec
1568 4015 1774 4074 septem
1828 4008 2134 4067 cardinales

551 4078 714 4133 habet
773 4082 1089 4153 episcopos,
1139 4089 1336 4156 quibus
1393 4092 1525 4147 solis
1577 4105 1700 4165 post
1743 4098 2132 4168 apostolicum,

550 4176 957 4223 sacmsanctum
990 4169 1117 4227 illud
1162 4175 1335 4233 altare
1371 4177 1496 4235 licet
1535 4182 1830 4252 accedere,
1873 4202 1938 4243 ac
1967 4188 2133 4245 divini

551 4257 729 4313 cultus
750 4260 1008 4332 mysteria
1049 4264 1344 4323 celebrare.
1381 4269 1439 4325 in
1461 4286 1568 4343 quo
1595 4276 1849 4331 nimirum
1875 4277 2004 4335 illud
2032 4280 2136 4335 Za-

550 4350 750 4407 chariae
794 4354 1105 4411 continetur
1149 4360 1429 4429 evidenter
1473 4365 1748 4421 oraculum
1800 4382 1815 4422 :
1866 4384 1893 4420 η
1947 4368 2128 4438 Ecce,

549 4440 747 4512 inquit,
773 4442 928 4514 lapis,
954 4461 1111 4516 quem
1142 4449 1261 4506 dedi
1293 4467 1475 4509 coram
1515 4454 1640 4512 Jesu
1667 4476 1681 4512 :
1710 4472 1871 4528 super
1899 4456 2129 4533 lapidem

551 4548 715 4588 unum
739 4544 944 4608 septem
970 4538 1111 4595 oculi
1140 4549 1264 4597 sunt
1290 4540 1476 4615 (Zach.
1561 4548 1671 4620 tu);
1710 4567 1730 4603 ι
1764 4549 1924 4621 Lapis
1951 4564 2128 4609 autem

551 4628 654 4684 iste
684 4628 771 4685 illa
800 4631 986 4700 procul
1011 4632 1173 4690 dubio
1214 4646 1365 4707 petra
1409 4647 1513 4706 est,
1555 4638 1622 4695 de
1655 4656 1758 4712 qua
1786 4658 1948 4699 verus
1973 4643 2130 4700 Iesus

549 4718 715 4775 Petro
734 4720 1037 4790 pollicetur,
1063 4723 1247 4782 dicens
1274 4743 1291 4781 :
1323 4745 1342 4779 ‹
1377 4726 1553 4798 Super
1590 4729 1730 4785 hanc
1769 4741 1975 4800 petram
2002 4733 2132 4788 aedi-

552 4809 724 4864 ticabo
749 4811 1044 4868 Ecclesiam
1070 4830 1245 4872 meam
1266 4816 1485 4887 (Matth.
1513 4820 1645 4891 xw).
1678 4839 1698 4873 ι
1730 4820 1945 4891 Septem
1967 4822 2130 4894 igitur

550 4901 734 4957 oculos
764 4903 925 4959 habet
953 4907 1068 4961 haec
1094 4916 1270 4976 petra,
1296 4909 1422 4978 quia
1451 4910 1671 4966 totidem
1696 4912 1870 4968 sancti
1898 4914 2130 4984 Spiritus

551 4994 708 5048 donis
752 5006 938 5051 sancta
988 4998 1267 5069 praefulget
1317 5000 1582 5066 Ecclesia,
1632 5003 1827 5072 quibus
1874 5004 2127 5060 nimirum

550 5086 697 5140 velut
731 5086 1118 5142 candelabrum
1161 5105 1383 5145 aureum
1438 5092 1946 5164 iuexstinguihiliter
1990 5094 2125 5149 ruti-

553 5181 691 5244 lans,
720 5179 1034 5250 ignorantiae
1064 5185 1312 5240 tenebras
1342 5184 1561 5257 effugat,
1590 5195 1645 5243 et
1669 5190 1736 5243 ad
1760 5188 2128 5258 contemplan-

552 5275 678 5327 dum
703 5274 926 5342 iustitiae
967 5275 1131 5329 solem
1174 5275 1451 5331 hominum
1498 5289 1704 5335 mentes
1750 5279 2004 5334 illustrat.
2051 5280 2127 5334 De

553 5380 660 5432 quo
707 5363 847 5418 idem
895 5366 1202 5435 propheta:
1239 5385 1259 5416 ι
1294 5367 1435 5430 Vidi,
1469 5368 1562 5434 ait,
1612 5378 1666 5424 et
1710 5384 1838 5424 cccc
1881 5369 2128 5425 candela-

556 5453 709 5508 brum
752 5471 972 5510 aureum
1023 5465 1215 5521 totum,
1248 5462 1303 5510 et
1345 5456 1553 5525 lampas
1595 5458 1711 5526 eius
1757 5473 1918 5526 super
1969 5467 2129 5527 caput

557 5543 744 5612 ipsius,
787 5555 842 5600 et
888 5554 1088 5617 septem
1134 5545 1368 5601 lucerna:
1413 5546 1530 5617 ejus
1564 5562 1728 5617 super
1764 5547 1892 5603 illud
1939 5548 2125 5617 (Zarh.

558 5632 664 5701 tv).
697 5651 715 5688 ι
743 5635 893 5705 Quod
935 5638 1121 5709 utique
1169 5653 1567 5695 sacramentum
1611 5655 1664 5696 et
1702 5636 1757 5693 Β.
1799 5639 2034 5696 Joannes
2072 5640 2126 5695 in

2298 3181 2408 3236 Nos
2437 3182 2641 3251 itaque,
2663 3181 2871 3236 'l‘ratres
2902 3182 3028 3246 mei,
3059 3190 3119 3235 ut
3162 3189 3216 3236 et
3255 3196 3339 3235 me
3369 3181 3521 3235 vobis
3552 3180 3789 3234 audente

2228 3273 2584 3329 interit-ram:
2619 3288 2739 3338 nos,
2783 3273 3029 3343 inquam,
3056 3274 3148 3342 qui
3196 3282 3453 3341 tanquam
3492 3280 3699 3339 septem
3728 3286 3792 3325 su

2228 3382 2352 3421 mus
2377 3368 2517 3421 oculi
2548 3383 2711 3437 super
2757 3366 2986 3436 lapidem
3035 3384 3222 3432 unum,
3248 3367 3338 3436 qui
3373 3366 3648 3421 stellarum
3692 3380 3816 3435 por-

2229 3462 2406 3509 tamus
2450 3456 2761 3526 imaginem,
2816 3455 2905 3526 qui
2952 3454 3260 3525 angelorum
3309 3464 3552 3510 tenemus
3599 3468 3695 3524 per
3719 3470 3810 3507 an-

2231 3545 2587 3599 nuntiationis
2633 3544 2864 3600 cilicium
2909 3546 3262 3616 dignitatem,
3311 3546 3608 3608 videamus,
3637 3544 3812 3612 splen-

2229 3635 2475 3701 deamus,
2528 3644 2585 3692 et
2615 3638 2774 3691 verba
2812 3637 2937 3690 vitae
2986 3636 3204 3706 populis
3231 3652 3335 3690 non
3368 3634 3537 3689 solum
3569 3632 3815 3697 vocibus,

2216 3728 2430 3784 sedet
2476 3728 2720 3783 moribus
2771 3730 3105 3782 nuntiemus.
3171 3709 3484 3781 Sermonem
3547 3724 3814 3793 siquidem

2224 3820 2639 3888 prtedicantium
2674 3819 2850 3887 lingua
2880 3818 3096 3886 quidem
3131 3818 3359 3879 nuntiat,
3386 3816 3480 3870 sed
3522 3816 3627 3869 vita
3658 3829 3812 3867 com-

2233 3910 2470 3964 mendat.
2498 3905 2672 3962 Porro
2701 3907 2827 3977 quia
2856 3907 2921 3961 ad
2954 3906 3318 3960 Lateranense
3363 3904 3620 3975 palatium
3659 3919 3688 3954 a
3722 3903 3808 3955 di-

2233 4000 2405 4055 versis
2448 3998 2656 4069 populis
2708 3999 2773 4053 de
2832 4006 2943 4051 toto
2993 4008 3259 4051 terrarum
3313 3996 3446 4048 orbe
3499 3992 3814 4056 conﬂuitur,

2232 4106 2460 4147 necesse
2505 4101 2589 4146 est
2627 4100 2687 4144 ut
2725 4090 2795 4145 ibi
2834 4104 2944 4158 pra:
2974 4089 3188 4143 caeteris
3217 4087 3422 4156 uspiam
3452 4085 3622 4148 locis,
3665 4092 3814 4137 recta

2235 4199 2453 4253 semper
2483 4183 2694 4239 vivendi
2727 4181 2799 4237 sit
2816 4182 3017 4245 forma,
3049 4179 3292 4235 districta
3324 4187 3573 4233 teneatur
3599 4177 3815 4231 assidue

2234 4276 2336 4330 sub
2401 4275 2645 4330 honestis
2692 4275 2936 4330 moribus
2983 4273 3287 4342 disciplina.
3344 4272 3409 4326 Et
3460 4281 3714 4339 tanquam
3766 4269 3814 4321 si

2228 4362 2429 4433 iugiter
2449 4363 2628 4433 jaceat
2666 4363 2718 4417 in
2747 4362 2967 4417 fornace
2990 4372 3227 4425 moneta,
3258 4377 3375 4430 quae
3404 4360 3544 4413 lmsis
3578 4357 3816 4412 ntumnis

2235 4454 2489 4528 reformet
2516 4455 2803 4523 imaginem
2829 4470 2845 4520 ;
2881 4454 2958 4509 sic
2984 4455 3035 4508 in
3063 4452 3384 4508 sacerdmali
3410 4452 3569 4527 domo
3594 4464 3812 4527 omnem
3906 4456 3911 4461 '

2231 4545 2537 4617 depravata)
2582 4547 2704 4600 vitae
2742 4561 2855 4599 sua:
2883 4546 3079 4600 debent
3111 4545 3357 4599 homines
3408 4542 3683 4612 corrigere
3713 4538 3814 4593 l‘al-

2230 4639 2468 4694 sitatem.
2496 4636 2650 4706 Quod
2679 4637 2723 4692 si
2762 4637 2928 4708 ipsius
2956 4647 3183 4691 moneta:
3242 4636 3571 4713 oblitterata,
3606 4631 3687 4686 vel
3715 4630 3812 4686 de-

2232 4732 2356 4786 trita
2381 4732 2453 4786 sit
2481 4731 2685 4801 regula,
2714 4740 2997 4799 postquam
3035 4729 3266 4785 metallis
3307 4728 3652 4797 imprimitur,
3704 4742 3811 4780 non

2231 4822 3092 4892 nummus,,sedparacaraximus
3133 4821 3335 4893 (id’est,
3383 4821 3500 4874 sine
3547 4822 3695 4878 nota)
3725 4818 3810 4871 in-

2229 4912 2467 4970 venitur.
2500 4910 2614 4968 Non
2644 4929 2775 4984 ergo
2805 4914 3167 4984 quorumlibet
3199 4914 3473 4968 hominum
3508 4922 3613 4966 tam
3650 4918 3808 4966 noxia

2228 5011 2315 5059 est
2334 5018 2495 5073 quam
2523 5003 2756 5072 pravitas
2802 5004 3168 5067 sacerdotum,
3193 5006 3317 5058 dum
3345 5012 3716 5073 proponuntur
3741 5004 3808 5056 ad

2226 5095 2549 5166 exemplum.
2583 5093 2715 5148 Nam
2739 5095 2830 5164 qui
2854 5095 2960 5149 dux
2992 5094 3200 5150 itineris
3227 5095 3591 5157 constituitur,
3623 5094 3666 5147 si
3695 5094 3811 5163 ipse

2225 5189 2280 5243 in
2309 5187 2664 5258 prmripitium
2689 5186 2905 5252 labitur,
2957 5202 3174 5242 necesse
3213 5195 3295 5241 est
3335 5196 3394 5241 ut
3421 5186 3665 5256 quisquis
3690 5185 3811 5253 ejus

2226 5276 2452 5346 vestigia
2492 5277 2756 5344 sequitur,
2800 5276 2853 5330 in
2885 5275 3127 5345 ejusdem
3168 5277 3333 5331 ruina:
3366 5276 3630 5346 profundo
3660 5290 3809 5329 mer-

2229 5379 2407 5441 gatur.

2299 5460 2712 5515 Cousideremus
2755 5461 2957 5517 interea
3005 5462 3134 5531 quid
3185 5478 3347 5532 super
3389 5463 3490 5516 hac
3539 5460 3806 5516 sententia

2226 5553 2547 5623 praedicator
2592 5554 2842 5624 egregius
2887 5553 3070 5608 dicat:
3111 5572 3128 5604 ι
3172 5553 3271 5620 Qui
3314 5555 3699 5623 episcopatum.
3727 5553 3806 5606 ill?

2232 5643 2365 5712 quit,
2395 5642 2686 5706 desiderat.
2710 5647 2908 5700 bonum
2939 5656 3071 5716 opus
3098 5645 3367 5702 desiderat
3389 5645 3440 5717 (l
3475 5646 3607 5701 Tim.
3645 5642 3749 5699 mi.
3782 5663 3802 5696 ι
