4140 6462
329 389 434 445 257

1502 393 1704 452 LIBER
1744 395 2126 464 SECUNDUS,
2171 397 2389 457 EPIST.
2431 401 2474 458 ῐ.

3491 415 3598 473 258

329 507 428 562 llic
455 505 736 561 evidenter
759 506 1063 562 ostenditur
1088 509 1222 564 nihil
1247 510 1391 565 aliud
1427 526 1547 567 esse
1573 509 1902 582 pontificem,
1934 522 1983 575 Α
2011 512 2290 582 piendisve
2347 515 2699 588 dignitatibus
2747 519 3128 579 ecclesiasticis
3173 541 3276 583 una
3336 529 3597 588 duntaxat

329 613 488 668 quam
525 597 651 652 boni
699 597 878 665 operis
921 607 1262 656 sectatorem.
1309 601 1425 656 Non
1464 601 1606 657 enim
1636 603 1790 667 dixit,
1815 605 1911 658 bo-

327 707 450 745 nam
482 688 822 759 diguitatem,
843 689 926 744 vel
954 690 1152 746 bonum
1177 693 1433 748 honorem
1457 695 1750 760 desiderat,
1776 695 1868 749 sed
1893 712 1907 748 :

333 801 352 834 ‹
384 782 485 849 Qui
527 782 891 851 episcopatum
946 783 1246 852 desiderat,
1293 787 1491 840 bonum
1534 802 1668 857 opus
1702 787 1910 842 deside-

329 886 464 930 rat.»
500 875 577 928 Ac
607 873 650 927 si
683 874 862 927 dicat:
897 873 996 940 Qui
1040 877 1106 931 ad
1138 877 1504 946 episcopatmn
1537 878 1754 932 anhelat
1791 893 1911 948 pos-

328 968 607 1024 sidendum
640 967 756 1021 sine
775 966 917 1021 bono
941 983 1118 1037 opere,
1145 969 1305 1025 inane
1327 969 1443 1023 vult
1468 986 1660 1024 nomen
1685 970 1910 1024 induere

328 1061 443 1116 sine
481 1059 558 1113 rei
591 1059 757 1128 ipsius
792 1057 1038 1114 veritate.
1076 1057 1190 1113 Non
1217 1075 1347 1129 ergo
1378 1067 1589 1114 constat
1626 1061 1906 1129 episcopa-

329 1161 413 1207 tus
475 1155 528 1208 in
588 1153 797 1208 turritis
845 1150 1298 1214 Gcbellinorum,
1355 1151 1906 1205 trausmarinarumve

329 1245 562 1299 ferarum
592 1245 765 1316 pilcis,
802 1261 909 1298 non
949 1245 1000 1297 in
1029 1240 1430 1298 flammantibus
1462 1241 1754 1297 Martorum
1781 1243 1908 1296 sub-

329 1337 649 1393 mentalibus
693 1337 854 1398 rosis.
906 1352 1008 1390 non
1062 1336 1114 1389 in
1162 1334 1500 1390 bractearum
1529 1335 1906 1390 circumﬂuen-

326 1434 457 1488 tium
489 1431 745 1502 phaleris,
773 1447 878 1485 non
912 1431 1143 1499 denique
1183 1429 1235 1484 in
1263 1430 1570 1501 glomeratis
1591 1429 1898 1499 coustipan-

327 1528 459 1582 tium
499 1526 727 1580 militum
760 1525 965 1588 cuneis,
998 1539 1172 1594 neque
1209 1523 1260 1578 in
1298 1522 1650 1578 frementibus
1679 1537 1742 1576 ac
1780 1538 1906 1592 spu-

323 1617 530 1673 mantia
564 1617 718 1672 frena
750 1615 1127 1670 mandentibus
1158 1617 1341 1685 equis;
1393 1617 1488 1670 sed
1525 1615 1576 1669 in
1624 1615 1904 1669 honestate

325 1725 561 1773 morum,
590 1716 644 1763 et
672 1715 980 1762 sanctarum
1018 1707 1408 1761 exercitatione
1456 1707 1733 1761 virtutum.
1763 1705 1904 1760 Mox-

321 1813 429 1867 que
457 1795 731 1882 subjungit
756 1813 769 1848 :
807 1813 827 1847 ι
858 1793 1082 1865 Oportet
1111 1797 1423 1866 episcopqu
1457 1796 1903 1866 irreprehensibi-

2012 619 2197 658 eartun
2227 620 2346 674 qua:
2374 609 2643 677 praedictae
2674 618 2816 676 sunt,
2841 623 2991 680 peste
3013 621 3394 690 corrumpitur,
3425 623 3598 679 Simo-

2011 694 2179 748 niaca:
2212 696 2480 752 Intn'reseos
2511 700 2677 754 teneri
2709 701 2934 758 crimine
2953 703 3243 772 judicatur.
3267 710 3437 778 Quam
3465 731 3594 786 ergo

2010 788 2091 842 sui
2134 788 2360 845 afferent
2398 793 2824 862 excusationem,
2864 799 2952 867 qui
2984 798 3108 854 licet
3133 802 3307 858 verbis
3337 822 3440 860 non
3467 823 3596 863 con-

2010 880 2276 936 traxerint
2324 883 2528 938 venalis
2572 893 2726 952 pacta
2779 893 3107 957 commercii,
3153 898 3465 965 operatione
3510 909 3595 954 ta-

2011 987 2282 1062 mennon
2332 991 2470 1041 uno,
2509 978 2602 1031 sed
2639 979 2888 1036 omnibus
2926 983 3009 1037 his
3050 987 3347 1053 probantur
3391 991 3594 1062 laqueis

2009 1058 2242 1114 irretiti?
2289 1062 2666 1120 Verumtamen
2713 1065 2923 1134 jactaut
2966 1086 3044 1136 se,
3092 1085 3146 1128 ct
3185 1091 3250 1130 co
3299 1058 3595 1147 gloriantur

1996 1148 2286 1218 innoxios,
2320 1155 2446 1223 quia
2489 1156 2690 1210 nullam
2726 1159 2913 1214 talenti
2956 1177 3221 1219 sunnnam
3270 1185 3369 1238 pro
3418 1173 3591 1226 susci-

1999 1241 2216 1314 piendis
2244 1246 2537 1303 honoribus
2565 1262 2624 1304 se
2645 1251 2896 1322 pepigere
2921 1255 3157 1311 daturos.
3187 1257 3290 1313 Sed
3323 1261 3410 1316 dic
3436 1263 3590 1326 mihi.

2005 1348 2040 1388 ο
2072 1334 2289 1402 clerico,
2321 1339 2565 1409 quisquis
2612 1357 2694 1407 es,
2739 1343 2783 1396 si
2834 1344 3110 1417 redempto
3146 1350 3385 1418 quolibet
3425 1369 3592 1410 aureo

2001 1437 2133 1478 vase
2159 1423 2242 1480 vel
2271 1427 2490 1495 prtedio,
2521 1428 2812 1485 distractor
2839 1432 3078 1502 exigeret
3125 1445 3182 1490 ut
3227 1440 3418 1493 retenti
3452 1445 3592 1512 apud

2005 1520 2061 1567 te
2089 1513 2206 1568 vice
2241 1517 2400 1584 pretii
2431 1516 2738 1587 huiusmodi
2792 1520 2894 1576 sibi
2926 1523 3228 1580 sedulitatis
3263 1527 3589 1597 impendium

1980 1603 2308 1678 exhiberes;
2337 1607 2581 1678 nunquid
2607 1625 2712 1664 non
2737 1614 3074 1680 postmodmn
3104 1626 3418 1680 constanter
3438 1637 3590 1676 assc—

2005 1709 2156 1751 reres
2180 1706 2251 1761 te,
2271 1699 2409 1766 quod
2433 1711 2713 1770 acceptum
2737 1713 2839 1770 est,
2851 1703 2998 1772 justo
3016 1707 3189 1774 pretio
3211 1715 3592 1782 comparasse?

2005 1802 2110 1842 non
2157 1789 2405 1845 videlicet
2454 1794 2578 1862 quia
2637 1798 2919 1864 pecuniam
2965 1800 3287 1868 pergolvisti,
3330 1806 3425 1859 sed
3463 1807 3588 1876 quia

323 1889 428 1944 lem
459 1874 590 1944 esse
623 1885 832 1957 (Ibid.).
866 1904 886 1937 ι
918 1885 1022 1940 Hie
1047 1895 1207 1941 tanta:
1245 1886 1358 1940 vult
1399 1901 1519 1941 esse
1556 1886 1900 1956 perfectionis
1933 1869 1975 1927 Β
2003 1879 2282 1935 servitium
2312 1884 2610 1952 prabuisti.
2660 1888 2878 1944 Diceres
2907 1891 3071 1956 enim,
3119 1900 3174 1946 et
3209 1907 3317 1952 non
3346 1869 3591 1953 fortassis

321 1980 656 2050 episcopum,
685 1989 744 2034 ut
775 1995 912 2051 pene
937 1991 1088 2036 extra
1119 1990 1367 2036 naturam
1390 1982 1642 2051 loquatur
1669 1981 1901 2052 Aposto-

323 2071 424 2126 lus.
457 2071 590 2140 Quis
617 2073 760 2127 enim
790 2073 843 2127 in
873 2087 1038 2128 carne
1065 2073 1391 2128 constitutus
1420 2082 1528 2128 tam
1555 2083 1711 2127 caute
1739 2073 1899 2136 vivat,

322 2173 433 2218 tam
487 2179 547 2219 se
592 2163 821 2218 sollicite
867 2163 1103 2234 undique
1159 2163 1577 2234 circumspiciat,
1617 2173 1678 2218 ut
1718 2178 1901 2231 repre-

321 2252 481 2306 hendi
509 2250 796 2320 aliquando
824 2253 1093 2322 nequeat?
1121 2252 1212 2307 Va:
1243 2253 1327 2307 his
1354 2255 1444 2322 qui
1477 2262 1531 2308 et
1560 2253 1902 2323 reprehensi-

320 2344 502 2400 biliter
539 2345 746 2408 vivunt,
784 2355 838 2398 et
869 2344 1046 2399 locum
1090 2345 1640 2416 irreprebensibiliter
1687 2345 1903 2401 vivendi

319 2435 500 2489 adhuc
528 2434 1004 2504 reprehensibilius
1042 2437 1462 2505 concupiscunt!
1511 2436 1591 2491 Ex
1621 2437 1709 2492 his
1748 2438 1902 2493 ninn-

318 2542 438 2581 rum
461 2535 607 2592 sunt,
636 2527 726 2596 qui
765 2527 1144 2584 obliviscentes
1187 2527 1437 2584 affectum
1475 2530 1811 2601 cognationis
1849 2541 1905 2588 et

318 2620 528 2690 patriae,
571 2630 870 2689 sequuntur
912 2628 1093 2674 castra
1137 2636 1321 2690 regum
1354 2638 1451 2692 per
1488 2623 1670 2694 ignota
1697 2633 1752 2678 et
1779 2625 1904 2678 bar-

318 2711 450 2765 bara
498 2724 661 2779 regna
708 2718 996 2764 terrarum.
1035 2711 1100 2764 Et
1141 2710 1354 2766 adhoc
1385 2726 1478 2766 eos
1522 2711 1747 2781 impellit
1775 2726 1904 2782 per-

319 2803 563 2858 euntium
593 2803 818 2857 ambitio
863 2803 1202 2874 dignitatum,
1241 2803 1384 2873 quod
1425 2812 1755 2874 extorquere
1791 2820 1900 2860 non

317 2899 494 2969 potuit
539 2898 839 2953 ctelestitun
888 2899 1180 2970 promissio
1227 2899 1600 2968 praemiorum;
1652 2908 1712 2955 ut
1755 2902 1900 2957 enim

317 3005 428 3044 non
460 2990 570 3043 sint
597 2989 890 3044 domestica
943 2987 1204 3045 facultate
1251 2991 1527 3056 contenti,
1574 2991 1711 3046 ﬁunt
1759 2993 1901 3063 apud

317 3090 607 3135 extraneos
660 3081 965 3150 peregrini:
998 3089 1158 3150 utque
1201 3095 1363 3150 super
1415 3080 1550 3136 alios
1591 3081 1676 3137 vel
1719 3093 1900 3137 seram

319 3171 588 3242 arripiant
638 3170 887 3239 ferulam,
932 3171 1121 3227 duram
1151 3173 1280 3244 ipsis
1306 3174 1596 3243 propositis
1641 3174 1900 3231 exhibent

318 3266 645 3322 clientelam.
689 3265 972 3322 Enimvero
1004 3267 1258 3322 facilioris
1294 3269 1471 3322 exitus
1500 3267 1692 3333 fuerat,
1733 3270 1776 3324 si
1803 3285 1900 3340 pro

317 3358 614 3412 honoribus
637 3359 898 3412 venaliter
935 3359 1276 3427 acquirendis
1305 3361 1562 3430 pecunias
1599 3361 1704 3432 55
1731 3362 1900 3417 semel

316 3455 706 3524 appentlereut,
752 3471 913 3524 quam
971 3463 1048 3509 tot
1096 3453 1359 3518 laborum,
1396 3463 1478 3509 tot
1525 3469 1898 3525 pressurarum

317 3545 597 3599 molestias
646 3545 993 3597 sustinerent.
1035 3541 1170 3597 Nam
1201 3559 1324 3597 cum
1365 3544 1623 3612 propheta
1665 3544 1733 3599 de
1785 3543 1900 3597 viro

309 3636 456 3705 justo
486 3637 668 3691 dicat:
704 3655 722 3688 ι
755 3634 854 3703 Qui
882 3635 1087 3690 excutit
1118 3650 1312 3690 manus
1352 3650 1478 3690 suas
1514 3635 1582 3690 ab
1609 3635 1755 3690 omni
1787 3649 1900 3690 mu»

314 3743 447 3783 nere
489 3726 622 3798 (fsa.
667 3729 918 3800 nam)”
951 3726 1070 3796 quis
1116 3741 1239 3781 eum
1276 3741 1304 3781 a
1347 3741 1631 3781 munerum
1683 3735 1900 3797 praestas

319 3823 464 3876 tione
491 3819 760 3885 defendat,
790 3821 882 3890 qui
908 3828 964 3875 et
994 3819 1342 3891 semetipsum
1390 3819 1579 3874 alienae
1621 3821 1898 3876 servitutis

314 3914 544 3983 imperio
572 3914 841 3983 subjugat,
880 3922 933 3966 et
961 3912 1180 3982 insuper
1219 3912 1269 3966 in
1301 3912 1571 3967 diuturna:
1600 3913 1898 3983 expeditio-

315 4009 400 4064 nis
430 4010 697 4078 impensas
723 4006 1039 4061 facultatum
1067 4017 1288 4060 suarum
1319 4003 1466 4060 lucra
1503 4003 1790 4075 proﬂigati

385 4102 499 4172 (85)
523 4100 688 4155 Plane
713 4099 1025 4170 prophetica
1062 4098 1148 4154 illa
1177 4099 1443 4155 sententia
1472 4098 1551 4154 sic
1577 4099 1893 4168 exponitur,

312 4199 372 4248 ut
401 4195 502 4249 tria
528 4194 778 4248 dicantur
802 4203 1082 4248 munerum
1109 4205 1332 4264 genera,
1374 4191 1582 4247 scilicet
1621 4202 1817 4246 manus
1862 4207 1892 4246 a

311 4301 493 4348 manu,
531 4297 726 4338 munus
753 4282 822 4338 ab
848 4281 1125 4352 obsequio,
1160 4295 1356 4337 munus
1400 4297 1430 4335 a
1464 4280 1668 4353 lingua.
1714 4279 1894 4351 Siqui-

311 4379 430 4432 dem
477 4387 671 4429 munus
700 4389 729 4428 a
764 4388 924 4427 manu
966 4373 1238 4442 pecunia:
1281 4386 1476 4427 munus
1523 4373 1590 4427 ab
1632 4373 1893 4442 obsequio

308 4469 613 4547 obedientia
642 4466 1027 4537 subjectionis:
1063 4479 1258 4521 munus
1302 4477 1332 4518 a
1369 4463 1546 4535 lingua
1580 4462 1730 4519 favor
1759 4465 1892 4519 adu-

307 4561 545 4617 lationis.
587 4559 652 4615 Et
676 4575 799 4615 cum
831 4561 899 4615 ab
932 4572 1254 4628 unoquoque
1283 4557 1476 4612 borum
1503 4569 1696 4610 manus
1725 4569 1888 4610 excu-
1915 4575 1968 4639 Β

308 4650 518 4706 tieudas
546 4650 806 4720 propheta
834 4648 1136 4713 denuntiet,
1164 4643 1414 4701 omnibus
1441 4645 1526 4699 his
1565 4657 1758 4698 manus
1783 4644 1887 4698 im-

305 4744 538 4814 plicasse
592 4740 969 4804 convincitur,
1026 4739 1115 4809 qui
1177 4738 1551 4793 nanciscendte
1610 4735 1889 4806 dignitatis

306 4833 508 4889 ambitu
541 4841 864 4904 potestatum
896 4830 1207 4886 sublimium
1238 4839 1415 4884 castra
1458 4837 1723 4886 seetatttr.
1755 4826 1886 4881 Nam

305 4927 432 4980 dum
472 4926 524 4978 in
557 4923 817 4978 vehiculis
845 4921 1211 4992 acquirendis,
1265 4920 1709 4987 diversorumque
1740 4929 1888 4973 sum-

303 5026 489 5086 ptttutn
541 5013 907 5084 apparatibus,
953 5027 1060 5066 non
1109 5011 1317 5066 modica
1349 5021 1554 5064 summa
1604 5005 1884 5076 profundi-

307 5118 416 5174 tur,
443 5107 533 5163 hic
555 5106 738 5177 procul
769 5105 930 5161 dubio
955 5103 1093 5158 datae
1120 5103 1361 5175 pecuniae
1390 5101 1652 5157 obnoxius
1681 5099 1886 5154 inveni-

306 5209 428 5254 tur:
461 5199 552 5268 qui
599 5199 760 5253 etiam
793 5197 920 5251 nulli
968 5196 1187 5250 dubium
1234 5196 1362 5265 quin
1408 5195 1456 5248 ei
1487 5202 1542 5248 et
1569 5193 1883 5262 obsequium

301 5290 563 5360 praebeat,
596 5289 682 5344 cui
711 5287 887 5344 factus
917 5287 1124 5343 assecla
1151 5287 1251 5342 sub
1283 5297 1432 5340 tanto
1459 5283 1658 5341 laboris
1697 5295 1751 5340 et
1792 5285 1883 5340 iti-

303 5381 449 5435 neris
504 5379 650 5434 fasce
693 5379 936 5433 desudat.
988 5377 1272 5432 Postremo
1323 5375 1447 5431 dum
1511 5375 1730 5431 domino
1785 5390 1884 5430 suo

302 5470 554 5534 blandiri,
600 5461 823 5539 ejusque
897 5469 1156 5523 voluntati
1205 5463 1503 5537 congruere
1557 5475 1656 5538 per
1702 5468 1880 5522 omnia

301 5561 512 5626 nititur,
559 5573 700 5629 stepe
751 5559 853 5614 sibi
895 5559 1214 5629 quibusdam
1271 5557 1560 5612 adulatoria
1611 5556 1880 5612 favoribus

301 5659 628 5707 assentatur.
672 5648 841 5705 Pcrro
889 5658 1066 5703 autem
1109 5647 1354 5718 quisquis
1405 5648 1458 5702 in
1511 5649 1700 5703 dandis
1735 5649 1878 5703 accf-

371 5810 482 5883 (85)
514 5811 651 5868 Vide
676 5809 1024 5881 epistolam-3
1048 5807 1171 5864 libri
1203 5821 1260 5862 ιι.

2004 1973 2346 2044 impudenter
2383 1986 2676 2043 astrueres,
2702 1981 2930 2038 Cbarius
2969 1985 3098 2051 emi,
3139 1988 3263 2042 dum
3310 1999 3458 2046 tanto
3503 2009 3590 2048 mc

2003 2065 2191 2121 labore
2237 2081 2490 2122 vexarent
2523 2110 2538 2135 ,
2589 2071 2714 2125 dum
2763 2074 2919 2127 toties
2978 2073 3290 2132 facultatum
3343 2095 3586 2136 mearum

2004 2167 2250 2227 sumptus
2275 2161 2657 2230 expenderent,
2685 2179 2845 2232 quam
2883 2165 2928 2219 si
2960 2167 3124 2222 semel
3161 2168 3391 2237 praebita)
3413 2189 3588 2241 quan-

2005 2249 2177 2304 titatis
2205 2251 2486 2318 pecuniam
2518 2265 2884 2308 numerarem;
2932 2255 3280 2327 Nequaquam
3323 2275 3451 2332 ergo
3489 2265 3589 2319 sibi

2004 2341 2370 2396 innocentiam
2427 2343 2746 2413 spondeant,
2792 2355 2846 2401 et
2883 2362 2911 2400 a
2962 2346 3283 2405 Simoniacze
3325 2353 3593 2409 hmreseos

2003 2429 2228 2485 maculis
2263 2446 2320 2486 se
2351 2434 2578 2488 mundos
2616 2449 2735 2489 esse
2760 2435 3057 2502 confidant,
3087 2440 3177 2508 qui
3203 2440 3329 2496 licet
3373 2445 3588 2499 metalla

2001 2517 2268 2574 vibrantia
2297 2531 2402 2575 nOn
2433 2523 2761 2592 appendunt,
2799 2526 3028 2592 pretium
3057 2535 3233 2583 tamen
3277 2546 3376 2600 pro
3417 2537 3590 2588 susci-

2001 2613 2210 2681 piendis
2237 2612 2533 2670 honoribus
2560 2629 2658 2685 per
2695 2616 3046 2686 subjectionis
3087 2629 3141 2675 et
3172 2623 3415 2694 obsequii
3445 2642 3589 2693 qua:-

2002 2701 2125 2756 dam
2169 2703 2322 2773 quasi
2381 2704 2580 2759 talenta
2636 2706 2968 2776 persolvunt.
3016 2708 3140 2764 Haec
3201 2713 3465 2768 adversus
3494 2731 3588 2770 eos

2001 2791 2143 2846 dicta
2173 2791 2458 2859 sufﬁciant,
2485 2795 2576 2864 qui
2605 2805 2802 2866 negant
2831 2811 2887 2851 se
2917 2798 3124 2853 venalis
3152 2813 3272 2854 reos
3294 2817 3412 2856 esse
3439 2819 3588 2858 com-

2003 2886 2205 2948 mercii,
2242 2885 2364 2940 dum
2396 2895 2574 2942 tamen
2606 2886 2807 2942 fuerint
2829 2905 2927 2960 pro
2957 2891 3344 2948 dominationis
3380 2895 3586 2950 ambitu

2001 2975 2132 3031 dura
2158 2977 2249 3032 diu
2276 2979 2536 3034 servitute
2560 2979 2788 3048 gravati.

2072 3068 2180 3124 Vos
2208 3079 2409 3136 autem,
2433 3071 2791 3139 dilectissimi,
2824 3074 3018 3145 quibus
3051 3073 3165 3131 inec
3197 3085 3253 3131 et
3295 3078 3396 3132 alia
3424 3092 3586 3150 prava

2003 3159 2189 3215 datum
2219 3169 2302 3216 est
2343 3177 2407 3217 ex
2433 3164 2742 3234 apostolica:
2777 3167 2919 3220 sedis
2944 3169 3261 3224 auctoritate
3287 3173 3583 3242 corrigere,

2005 3257 2359 3326 vosmetipsos
2388 3258 2598 3314 caateris
2631 3274 2737 3313 non
2769 3261 2926 3314 modo
2958 3260 3220 3326 ﬁdelibus.
3267 3264 3361 3318 sed
3399 3273 3456 3318 et
3502 3282 3589 3320 sa-

2002 3346 2312 3401 cerdotibus
2359 3349 2648 3415 quamdam
2690 3349 2900 3404 vivendi
2956 3350 3192 3420 regulam
3234 3352 3498 3410 exhibete.
3527 3356 3584 3410 lu

2000 3437 2107 3491 vita
2137 3445 2320 3492 nostra
2349 3438 2556 3509 legatur
2584 3440 2711 3509 quid
2760 3440 2868 3510 agi,
2918 3442 3045 3509 quid
3074 3442 3232 3496 vitari
3262 3446 3541 3499 conveniat
3566 3462 3582 3512 ;

1999 3545 2064 3584 cx
2092 3530 2246 3586 labiis
2275 3531 2475 3586 nostris
2510 3531 2671 3586 verba
2716 3532 2890 3586 otiosa
2929 3547 3034 3601 non
3062 3531 3298 3599 effluant,
3330 3533 3582 3591 sacerdo-

2002 3623 2164 3678 talem
2198 3623 2430 3694 linguam
2474 3623 2692 3680 discreti
2736 3625 2936 3680 silentii
2985 3639 3215 3680 censura
3251 3637 3582 3696 compescat,

1999 3730 2105 3770 non
2122 3715 2230 3784 joci
2261 3715 2492 3782 solvant,
2522 3733 2628 3772 non
2675 3727 2862 3787 pectus
2901 3727 3143 3773 nostrum
3175 3717 3356 3772 laetitia
3393 3718 3583 3772 immo-

1999 3811 2184 3866 derata
2215 3811 2323 3883 56
2350 3813 2643 3866 concutiat.
2678 3811 2906 3866 Puerilis
2949 3812 3106 3866 ludus
3133 3812 3407 3876 abscedat,
3431 3827 3581 3866 mor-

1998 3903 2100 3956 dax
2130 3902 2455 3972 eloquentia,
2484 3903 2688 3958 urbana
2710 3903 2970 3967 dicacitas
2993 3913 3300 3958 evanescat.
3334 3903 3580 3960 Cavean-

1999 4003 2087 4048 tur
2115 3993 2362 4050 scurrilia
2392 3995 2580 4059 verba,
2609 4009 2710 4049 nec
2738 3994 3031 4065 aliquando
3058 3993 3387 4051 misceantur
3425 3993 3580 4049 fabu-

1995 4083 2108 4139 losa
2154 4082 2442 4153 colloquia.
2501 4083 2780 4150 Quomodo
2825 4083 2970 4138 enim
3018 4099 3083 4138 ex
3147 4098 3242 4139 ore
3286 4084 3585 4139 sacerdotis

1995 4175 2172 4232 oratio
2215 4175 2286 4230 ad
2343 4175 2512 4230 Deum
2565 4174 2764 4229 munda
2812 4174 3094 4245 dirigitur,
3146 4174 3288 4244 quod
3335 4175 3583 4231 videlicet

1994 4266 2146 4336 pravi
2190 4265 2457 4321 sermonis
2499 4265 2752 4321 sordibus
2793 4265 3143 4336 inquinatur?
3183 4274 3278 4319 aut
3313 4265 3584 4334 quomodo

1994 4356 2136 4410 inter
2149 4355 2316 4410 Deum
2333 4363 2390 4440 et
2409 4356 2655 4411 homines
2672 4355 2852 4426 lingua
2878 4355 3164 4410 mediatrix
3183 4353 3436 4419 edicitur,
3455 4370 3580 4425 quae

1993 4449 2131 4504 l'ram
2167 4448 2368 4516 iudicis
2393 4463 2458 4502 ex
2493 4448 2714 4518 proprio
2759 4454 2914 4502 reatu
2956 4457 3012 4502 et
3060 4447 3176 4518 ipsa
3222 4448 3495 4502 meretur?
3522 4446 3582 4503 in

1993 4555 2209 4596 causam
2255 4539 2451 4610 quippe
2511 4555 2638 4596 reus
2687 4538 3170 4609 supplicationibus
3227 4539 3430 4602 utitur,
3469 4553 3578 4591 nou

1993 4632 2324 4687 intercessor
2371 4633 2489 4702 ipse
2547 4632 2842 4701 eulpabilis
2891 4632 3184 4686 invenitur.
3257 4630 3581 4684 Mementote

1991 4726 2135 4796 quod
2155 4724 2528 4780 sacerdotibus
2550 4725 2748 4780 dicitur
2786 4723 3002 4795 (Matth.
3025 4723 3080 4794 v)
3109 4740 3122 4776 :
3159 4741 3178 4774 σ
3211 4719 3314 4776 Vos
3341 4721 3472 4776 estis
3496 4721 3578 4776 sal

1994 4828 2171 4873 terra}.
2210 4836 2228 4868 ι
2266 4816 2372 4872 Sed
2396 4817 2536 4872 sicut
2560 4817 2775 4873 Veritas
2798 4817 2970 4878 dicit:
3009 4834 3029 4866 ε
3064 4814 3120 4868 Si
3166 4812 3248 4867 sal
3272 4812 3572 4874 evanuerit,

1992 4907 2047 4964 in
2071 4925 2178 4978 quo
2206 4907 2528 4963 condietur?
2563 4927 2580 4961 ι
2622 4907 2831 4977 Exiguo
2861 4907 3056 4977 quippe
3099 4904 3214 4960 sale
3256 4902 3423 4958 multa
3458 4902 3576 4958 dul-

1991 5004 2235 5068 cescunt,
2272 5009 2326 5056 et
2351 5015 2518 5070 parvo
2564 5001 2901 5056 sacerdotum
2953 5011 3179 5052 numero
3220 4997 3380 5052 totius
3416 4994 3573 5051 Citri-

1989 5094 2178 5148 stiana:
2205 5092 2375 5164 plebis
2396 5093 2658 5157 eruditur,
2681 5101 2736 5149 et
2761 5089 3060 5146 instituitur
3084 5088 3392 5144 multitudo.
3419 5087 3572 5143 Sicut

1990 5185 2134 5238 enim
2158 5181 2392 5254 episcopi
2433 5181 2710 5238 duodecim
2740 5179 3102 5250 apostolorum
3143 5186 3440 5234 noscuntur
3469 5175 3567 5230 ob-

1990 5273 2161 5330 tinere
2185 5274 2509 5345 primatum;
2541 5273 2614 5327 ita
2640 5279 2694 5326 et
2723 5271 3033 5327 sacerdotes
3065 5269 3320 5326 Ecclesia:
3351 5272 3570 5337 septua-

1989 5365 2136 5436 ginta
2190 5362 2573 5435 discipulorum
2637 5364 2883 5419 ordinem
2946 5367 3352 5432 repraesentant.
3415 5358 3568 5428 Quod

1987 5455 2233 5525 profecto
2265 5455 2470 5511 mansio
2496 5453 2582 5509 illa
2627 5453 2903 5510 Israelitici
2935 5451 3109 5524 populi
3151 5451 3204 5503 in
3234 5447 3403 5502 Hclim
3430 5448 3568 5517 figu-

1989 5559 2106 5606 rate
2156 5550 2420 5620 designat.
2474 5549 2548 5604 lbi
2598 5549 2852 5604 nimirum
2908 5544 3187 5602 duodecim
3234 5539 3570 5611 proﬂuebant

1987 5639 2266 5710 apostolici
2297 5639 2493 5708 fontes,
2535 5639 2625 5710 qui
2670 5639 2835 5693 divini
2874 5635 3021 5691 verbi
3070 5632 3334 5688 imbribus
3359 5631 3566 5686 arentia
