4140 6452
551 384 661 441 259

1083 373 1144 428 S.
1181 365 1387 426 PETRI
1425 359 1709 421 DAMIANI
1747 357 1898 417 OPP.
1935 353 2117 411 PARS
2165 351 2294 409 SEU
2335 346 2568 405 TOMUS
2602 346 2644 401 I.
2677 377 2746 387 —
2778 344 2995 401 EPIST.
3036 342 3164 399 LIB.
3207 341 3342 398 VIII.

3711 342 3822 401 260

556 492 831 548 hominum
863 482 1022 542 corda
1050 475 1439 551 perfunderent
1467 493 1480 529 :
1515 473 1587 528 ibi
1623 470 1961 542 septuaginta
1990 468 2137 521 vire-
2163 480 2209 536 Α
2237 462 2415 517 liendo
2440 461 2753 532 perlustrat.
2801 457 3140 529 Quapropter
3182 457 3407 515 obsecro
3456 455 3825 512 fraternitatis

554 587 684 640 bant
708 582 918 652 palmae,
966 576 1186 631 totidem
1215 571 1464 627 videlicet
1503 563 1771 635 discipuli,
1811 562 1901 632 qui
1935 560 2136 614 mundo

557 675 831 732 diabolicae
889 667 1188 741 tyrannidis
1247 663 1506 731 servitute
1551 657 1847 726 depresso,
1899 652 2138 707 victoria:

554 767 753 822 Christi
804 761 1009 832 palmas
1049 756 1327 811 inferrent.
1378 751 1454 805 llli
1493 749 1758 817 siquidem
1805 747 1984 800 fontes
2027 743 2138 812 pal-

555 873 764 913 marum
795 856 1018 908 arbores
1047 849 1294 916 irrigant,
1323 844 1446 913 quia
1477 844 1617 898 sacri
1648 840 1930 911 pontiﬁces
1957 836 2137 890 verbis

555 948 798 1006 affluunt,
833 947 973 999 unde
1007 938 1188 994 caeteri
1234 935 1541 990 sacerdotes
1585 931 1840 986 Ecclesia:
1888 929 1940 982 in
1987 940 2136 996 spem

556 1038 856 1095 cmlestium
908 1031 1250 1102 pmmiorum
1317 1025 1433 1079 sine
1483 1022 1788 1078 cessatione
1838 1019 2135 1073 virescunt.

557 1132 656 1198 Qui
690 1129 941 1182 nimirum
972 1121 1253 1192 decupluto
1291 1115 1596 1186 septenario
1642 1126 1867 1167 numero
1911 1111 2014 1164 hoc
2064 1108 2144 1161 si-

557 1223 812 1292 gniﬁcare
833 1218 1103 1280 videntur,
1150 1222 1209 1268 ut
1252 1228 1349 1283 per
1386 1209 1714 1280 septiformis
1769 1205 1943 1260 rratiae
1971 1202 2140 1262 Spiri-

561 1325 670 1366 tum
700 1311 832 1381 legis
867 1306 1155 1376 decalogus
1191 1303 1496 1372 impleatur.

628 1403 764 1470 Quia
811 1402 994 1470 igitur,
1041 1396 1398 1460 dilectissimi,
1449 1408 1554 1447 non
1605 1390 1764 1446 modo
1804 1387 2140 1462 sacerdotes,

559 1497 652 1551 sed
683 1503 738 1548 et
761 1492 1102 1547 sacerdotum
1129 1503 1226 1542 vos
1248 1487 1404 1541 decet
1422 1497 1543 1539 esse
1573 1482 1892 1551 magistros,
1924 1491 2141 1532 necesse

558 1597 641 1642 est
666 1596 725 1640 ut
750 1585 858 1638 vita
879 1592 1056 1638 vestra
1086 1578 1330 1650 quaedam
1352 1576 1423 1630 sit
1444 1575 1609 1638 linea,
1637 1582 1693 1628 et
1716 1571 1863 1626 velut
1886 1570 2141 1623 adaman-

559 1683 630 1735 tis
667 1677 1020 1747 signaculum,
1053 1671 1195 1742 quod
1241 1667 1454 1724 vivendi
1505 1663 1718 1720 caeteris
1745 1662 2002 1717 adhibeat
2033 1659 2143 1712 for-

561 1784 725 1823 mam.
772 1763 1189 1822 Adamantinum
1233 1760 1430 1829 quippe
1471 1754 1702 1826 sigillum
1748 1767 1900 1807 suam
1927 1749 2140 1804 caeteris

560 1862 841 1932 imprimit,
891 1875 920 1913 a
973 1856 1132 1912 nullis
1171 1868 1300 1908 vero
1339 1850 1570 1906 metallis
1615 1847 1903 1916 imaginem
1955 1843 2140 1897 sumit.
2174 1819 2218 1878 Β
2245 1808 2286 1862 Α

557 1954 690 2008 Cum
721 1951 884 2021 igitur
911 1963 979 2002 ex
1003 1945 1231 2000 diversis
1260 1941 1440 1996 mundi
1469 1938 1710 2008 partibus
1738 1932 2144 1989 adventantium

558 2044 712 2098 vobis
738 2019 938 2110 ingruit
957 2035 1266 2098 multitudo,
1295 2045 1416 2086 cum
1446 2025 1772 2086 multimoda:
1806 2019 2148 2090 conspersio-

559 2133 645 2187 nis
673 2132 921 2187 homines
946 2127 1283 2193 obstrepunt,
1309 2135 1430 2176 cum
1456 2114 1768 2185 morigerari
1795 2112 1895 2168 sibi
1921 2110 2148 2180 quisque

561 2238 658 2277 vos
717 2222 1020 2290 importune
1067 2212 1433 2283 compellunt,
1481 2207 1659 2260 vultus
1705 2212 1882 2259 vester
1937 2214 2150 2269 semper

563 2315 727 2377 idem,
755 2311 834 2364 sie
859 2309 1050 2362 festiva
1077 2305 1309 2374 quadam
1345 2299 1637 2355 serenitate
1674 2295 2032 2363 resplendeat,
2059 2305 2147 2356 ne,

563 2403 706 2474 quod
741 2401 904 2463 absit,
957 2399 1011 2451 in
1058 2395 1237 2464 aliquo
1273 2391 1462 2446 levitas
1505 2385 1725 2460 puerilis
1759 2390 2042 2453 erumpat:
2070 2381 2150 2436 sic

563 2491 952 2550 sacerdotalem
988 2488 1193 2541 vultum
1225 2483 1463 2555 gravitas
1502 2488 1714 2534 matura
1741 2483 2052 2546 componat,
2082 2487 2151 2528 ne

563 2587 794 2656 rigorem
825 2582 1049 2636 nimium
1078 2576 1401 2632 intuentium
1431 2572 1713 2628 infirmitas
1747 2568 2152 2640 perhorrescat.

564 2682 658 2736 Sic
697 2679 831 2733 alios
883 2674 1176 2730 hilaritatis
1222 2678 1419 2726 nostrae
1458 2666 1682 2722 dulcedo
1729 2662 2052 2728 demulceat,
2091 2669 2152 2715 ut

562 2770 826 2826 severitas
876 2774 1058 2819 nostra
1119 2777 1239 2816 sese
1262 2761 1315 2814 in
1365 2757 1720 2830 petulantiam
1747 2754 1832 2810 vel
1868 2752 2147 2808 lasciviam

566 2877 670 2916 non
732 2857 980 2912 resolvat.
1030 2855 1227 2909 Ridere
1273 2853 1418 2921 quis,
1475 2849 1561 2904 vel
1599 2847 1794 2904 leviter
1822 2844 1966 2914 loqui
2011 2843 2149 2899 inci-

565 2951 738 3021 piens,
781 2948 823 3000 si
868 2961 964 2999 nos
1013 2952 1234 3013 repente
1263 2938 1639 3010 conspexerit,
1669 2936 1892 2990 verbum
1943 2933 2150 3003 suppri-

567 3050 700 3104 mat,
740 3039 820 3091 ori
868 3036 1092 3104 digitum
1127 3040 1474 3101 superponat,
1529 3029 1750 3083 territus
1794 3028 2148 3082 Obmutescat.

570 3131 660 3184 Sic
692 3130 771 3183 sic
808 3126 1056 3180 videlicet
1099 3139 1221 3178 cum
1259 3121 1421 3176 Petro
1463 3118 1642 3174 claves
1677 3116 1929 3172 Ecclesia:
1958 3115 2152 3170 merito

567 3217 693 3272 facti
725 3216 1034 3286 participes,
1083 3212 1426 3268 obtinemus:
1459 3209 1584 3262 dum
1636 3205 1997 3275 nosmetipsos
2031 3219 2153 3258 cer-

569 3319 678 3362 tam
709 3305 919 3360 vivendi
953 3303 1182 3357 fomlam
1212 3309 1374 3358 atque
1411 3297 1747 3369 signaculum
1778 3296 1988 3351 caeteris
2019 3294 2148 3349 fide-

567 3398 708 3452 libus
744 3394 1082 3450 exhibemus.

1135 3480 1466 3538 EPISTOLA
1508 3479 1567 3534 lI.

873 3593 941 3631 AD
972 3591 1017 3628 S.
1047 3590 1100 3626 R.
1127 3588 1177 3626 Ε.
1208 3585 1484 3625 EPISCOPOS
1499 3584 1843 3624 CARDINALES.

732 3669 995 3741 (Habetur
1020 3678 1144 3720 tom.
1183 3663 1302 3728 III,
1331 3673 1504 3733 estque
1543 3664 1846 3728 opusculum
1872 3662 1982 3733 51.)

1053 3755 1157 3826 57
1201 3752 1539 3807 EPISTULA
1576 3751 1660 3805 ιιι.

640 3871 706 3908 AD
759 3864 1078 3906 BONIFACIUM
1127 3863 1173 3901 S.
1216 3861 1267 3898 It.
1308 3861 1359 3898 Ε.
1399 3858 1739 3897 εΑιιυιΝΑιειι
1791 3858 2079 3899 Εριεεορωι

1187 3929 1549 3970 Αιιιλιιιειηδειι.

740 4013 1002 4084 (Habetur
1030 4021 1157 4063 tom.
1188 4007 1307 4071 III,
1330 4017 1505 4078 estque
1533 4010 1840 4072 opusculum
1869 4005 1985 4078 22.)

1140 4097 1470 4153 EPISTOLA
1499 4097 1582 4151 IV.

575 4215 641 4253 AD
679 4213 723 4250 S.
766 4211 817 4247 Β.
859 4209 909 4245 Ε.
953 4205 1313 4252 CARDINALES,
1353 4205 1673 4244 BONIFACIUDI
1721 4205 2010 4244 EPISCOPUH
2056 4206 2152 4243 AL-

775 4277 1068 4324 BANHNSEI,
1108 4275 1175 4315 ET
1211 4274 1520 4315 ετεριιΑΝιιιι
1558 4275 1954 4316 ιιιιεεβιιτιιςιιωι.

577 4363 976 4416 Aacuussruu.
999 4383 1066 4392 —
1085 4352 1234 4406 Hane
1261 4351 1544 4420 epistolam
1576 4350 1763 4406 scribit
1793 4366 1893 4419 pro
1919 4349 2154 4419 quodam

651 4429 818 4483 sancti
845 4423 1170 4494 Apollinaris
1213 4422 1523 4494 monasterii
1547 4421 1962 4494 _a_bbate,_orans
1994 4420 2153 4494 Boni:

652 4501 870 4557 facium,
897 4491 955 4550 et
987 4495 1319 4562 Stephanum
1363 4491 1421 4548 S.
1451 4492 1513 4544 lt.
1545 4491 1606 4545 E.
1639 4491 2058 4562 cardinaleSLut
2082 4491 2152 4545 illi

653 4569 1039 4626 humanitatem
1084 4557 1148 4618 ἐι
1200 4562 1540 4617 clementiam
1592 4561 1899 4615 exhibeant.
1950 4557 2235 4627 Quam-D

649 4643 834 4695 obrem
862 4647 1062 4700 autem,
1094 4643 1183 4688 aut
1210 4648 1314 4702 qua
1349 4633 1406 4688 in
1435 4649 1494 4687 re
1515 4631 1903 4702 humanitatem
1933 4633 1980 4684 ei
2013 4646 2151 4702 pra:-

651 4713 780 4767 stari
815 4709 979 4771 velit,
1021 4707 1146 4776 quia
1179 4700 1292 4774 ipse
1320 4718 1426 4759 non
1456 4701 1678 4766 iudicat,
1703 4702 1846 4757 haud
1877 4715 2007 4756 sane
2030 4700 2157 4756 licet

649 4782 910 4836 divinare.
985 4822 991 4828 .

653 4873 810 4927 Sedis
837 4867 1144 4938 apostolicae
1172 4867 1374 4921 sanctis
1403 4880 1466 4919 ac
1485 4866 1953 4920 reverendissrmis
1979 4881 2158 4920 sacer-

583 4964 794 5019 dotibus
847 4960 1136 5013 BONIFACIO
1191 4967 1245 5012 et
1295 4957 1599 5021 Srsrnaso,
1645 4955 1860 5010 Pnnus
1906 4965 2159 5025 peccator

585 5055 877 5112 monachus
904 5035 1239 5106 servitutem.

654 5147 788 5202 Nolo
829 5161 922 5197 vos
959 5143 1142 5205 lateat,
1178 5140 1514 5196 dilectissimi
1566 5139 1696 5194 mihi
1729 5137 1924 5194 fratres
1969 5148 2023 5194 et
2063 5140 2158 5194 do-

586 5240 748 5305 mini,
787 5238 910 5307 quia
963 5236 1252 5289 modernus
1307 5235 1407 5288 iste
1450 5231 1636 5295 Jacob,
1688 5242 1868 5288 rector
1910 5232 2160 5288 videlicet

586 5329 894 5384 monasterii
939 5327 1109 5381 sancti
1157 5325 1511 5394 Apollinaris,
1541 5326 1710 5380 nostri
1755 5325 1954 5379 montis
1998 5341 2158 5379 cacu-

587 5435 706 5473 men
737 5419 982 5486 irrepsit;
1017 5417 1143 5477 itno,
1175 5415 1263 5482 qui
1297 5415 1348 5466 in
1377 5413 1550 5482 planis
1571 5431 1636 5469 ac
1659 5413 1933 5470 inoffensis
1967 5413 2162 5471 solitus

585 5521 667 5564 est
695 5509 1026 5563 convallibus
1072 5519 1280 5575 repere,
1317 5503 1526 5558 timoris
1571 5505 1875 5559 calcaribus
1916 5507 2157 5560 concita-

585 5611 690 5661 tus,
719 5602 865 5655 velut
909 5600 1118 5654 alarum
1161 5597 1384 5668 remigio
1425 5597 1709 5667 praeruptis
1761 5599 2024 5654 montium
2063 5615 2160 5654 co-

583 5701 736 5744 actus
764 5701 847 5743 est
894 5688 1187 5758 perniciter
1225 5687 1502 5742 involare:
1535 5696 1592 5741 et
1634 5687 1725 5757 qui
1753 5702 1851 5758 per
1878 5687 2034 5759 plana
2074 5690 2161 5744 vix

583 5779 898 5835 claudicans
943 5788 1144 5848 reptat,
1193 5779 1475 5850 scopulosa
1509 5781 1777 5835 montium
1815 5780 1944 5851 juga
1989 5781 2164 5836 subsi-

2239 563 2431 608 vestra:
2457 553 2825 617 clementiam,
2862 561 2920 604 ut
2962 551 3054 620 qui
3104 551 3210 603 duo
3254 559 3510 618 tanquam
3543 549 3737 605 Petrus
3767 560 3827 605 et

2235 644 2471 701 Joannes
2517 645 2789 708 claudum,
2821 642 3142 712 compellitis
3189 656 3432 705 currere,
3483 657 3588 694 non
3625 656 3822 694 aurum

2238 738 2362 802 sibi,
2392 737 2475 789 vel
2504 746 2808 804 argentum,
2837 735 2979 802 quod
3012 733 3288 786 vobiscum
3321 730 3551 787 fortasse
3597 750 3702 786 non
3735 743 3824 788 est

2239 827 2386 897 (Act.
2439 826 2532 897 ιιι)
2563 843 2576 879 :
2608 827 2701 880 sed
2748 824 3208 888 misericordiam,
3259 838 3424 892 quam
3474 823 3717 886 habetis,
3769 835 3825 879 et

2237 919 2576 972 abundanter
2610 916 2862 980 affluitis,
2909 915 3207 970 clementer
3257 915 3529 970 exhibete.
3573 916 3825 970 Consuli-

2239 1013 2438 1066 dentur
2465 1010 2649 1079 itaque
2678 1005 2793 1076 ejus
2828 1009 2986 1063 bases
3013 1017 3067 1062 et
3096 1008 3310 1078 plantae,
3340 1017 3398 1060 ut
3427 1007 3493 1061 de
3537 1008 3693 1061 ruina
3739 1009 3822 1063 sui

2241 1103 2367 1166 loci,
2398 1101 2480 1154 vel
2527 1099 2877 1154 habitationis
2903 1099 3117 1154 excidio
3165 1114 3270 1152 non
3308 1113 3530 1153 necesse
3559 1098 3628 1151 sit
3659 1098 3827 1168 trepi-

2241 1193 2395 1248 dare.
2427 1191 2606 1247 Prosit
2643 1192 2808 1266 igitur
2862 1191 2935 1245 illi
2986 1199 3094 1244 tam
3140 1189 3294 1242 ardui
3346 1189 3545 1242 montis
3591 1189 3828 1266 subiisse

2240 1281 2534 1353 fastigium,
2580 1290 2636 1337 et
2683 1265 2755 1336 sit
2807 1281 2947 1335 unde
2994 1280 3105 1334 Deo
3155 1279 3360 1350 gratias
3413 1277 3612 1334 referat
3643 1265 3826 1335 adhuc

2242 1389 2397 1428 suum
2443 1373 2792 1443 ingressurus
2839 1371 2892 1424 in
2939 1368 3229 1440 templum,
3259 1367 3562 1433 ambulans,
3595 1377 3650 1424 et
3684 1371 3828 1424 exsi-

2241 1463 2395 1528 liens,
2433 1471 2489 1517 et
2515 1462 2738 1517 laudans
2767 1461 2958 1516 Deum.

2809 1549 3146 1606 EPISTOLA
3185 1550 3252 1606 V.

2278 1657 2346 1696 Αυ
2383 1658 2430 1699 S.
2471 1659 2524 1698 II.
2565 1658 2618 1698 Ε.
2653 1655 3004 1705 CARDINALES,
3039 1653 3450 1694 HILDEBRANDUI
3484 1653 3788 1694 Αιιειιιυιλο.

2703 1729 2774 1768 ΕΤ
2821 1726 3136 1766 εἸῈΡΗΔΝυΙ
3174 1725 3356 1766 PRESB.

2293 1819 2744 1862 acrmsuruu.—
2779 1803 2995 1857 Arcana
3062 1801 3225 1854 totius
3285 1800 3470 1854 mundi
3533 1801 3830 1856 creationis

2322 1877 2683 1947 mysteria,_et
2722 1873 2991 1947 praecipue
3027 1871 3348 1947 Sabbatum,
3390 1885 3498 1940 quo
3525 1870 3610 1947 die
3647 1885 3830 1947 rerum

2320 1941 2559 2002 omnium
2587 1941 2846 1998 Conditor
2879 1943 2946 1996 ab
2983 1941 3130 1995 omni
3168 1955 3332 2009 opere
3374 1941 3626 2004 cessavit,
3661 1941 3833 1994 inter-

2320 2024 2582 2088 pretatur.
2631 2013 2736 2068 Per
2767 2011 3060 2088 Sabbatum
3089 2009 3568 2088 aqtem_Chris_t_um
3600 2009 3829 2088 intelligi

2320 2079 2496 2148 docet,
2527 2085 2578 2137 in
2608 2098 2745 2152 quo,
2776 2083 2935 2152 hujus
2981 2080 3162 2135 mundi
3207 2079 3587 2152 voluptatibus
3604 2079 3831 2152 posthu-

2323 2156 2467 2221 bitis,
2497 2154 2606 2224 58
2627 2150 2698 2208 et
2726 2150 3078 2224 terrenarum
3107 2166 3301 2224 rerum
3333 2165 3518 2224 amore
3559 2150 3850 2224 deposito,

2323 2219 2755 2280 human'a'mens
2783 2223 2937 2291 quasi
2983 2221 3174 2274 feriata
3215 2219 3529 2291 felicissime
3569 2220 3834 2291 conquie-

2320 2296 2468 2350 scit:
2509 2290 2872 2349 necessarium
2905 2301 3084 2344 tamen
3125 2305 3264 2356 esse,
3309 2298 3368 2344 ut
3401 2290 3538 2343 hanc
3582 2290 3831 2357 requiem

2321 2365 2702 2433 adipiscamur,
2733 2363 2977 2433 animum
3003 2369 3246 2433 nostrum
3289 2376 3319 2414 a
3347 2358 3589 2433 profanis
3613 2359 3826 2433 cogita-

2323 2429 2591 2500 tionibus,
2618 2443 2674 2486 et
2703 2432 2886 2487 mundi
2927 2431 3201 2500 illecebris
3227 2440 3480 2499 tanquam
3511 2429 3580 2483 ab
3611 2429 3830 2500 injustis

2322 2499 2724 2574 possessoribus
2751 2502 3054 2566 vindicare,
3084 2509 3139 2554 et
3178 2499 3410 2574 Christo_
3426 2514 3554 2554 vero
3585 2499 3832 2574 _Domino

2322 2569 2613 2637 sincerum,
2651 2573 3019 2642 illibatumque
3059 2569 3468 2642 reservare.__lta
3514 2569 3657 2623 enim
3705 2583 3835 2642 vere

2322 2646 2680 2699 sabbatismus
2728 2637 3056 2712 implebilur,
3106 2641 3232 2693 dum
3279 2639 3486 2712 scilicet
3529 2649 3583 2693 et
3625 2653 3725 2693 nos
3773 2637 3829 2692 in

2321 2730 2417 2778 eo,
2446 2724 2502 2768 et
2536 2715 2624 2768 ille
2669 2715 2722 2768 in
2753 2709 2908 2767 nobis
2950 2721 3211 2766 aeternum
3261 2709 3591 2764 domiciliqu
3623 2717 3830 2763 statue-

2321 2800 2460 2840 “IIIS.

2321 2875 2552 2932 Gemino
2599 2873 2744 2929 sedis
2795 2871 3102 2942 apostolicae
3155 2870 3575 2945 11ιιυειιιιλιιυοί,
3612 2868 3831 2924 Penus

2251 2975 2509 3039 peccator
2557 2966 2859 3021 monachus
2910 2961 3282 3018 indissolubile
3335 2960 3605 3016 vinculqu
3650 2962 3832 3015 chari-

2254 3059 2380 3116 tatis

2310 3149 2563 3227 Vulgare
2593 3156 2696 3215 est,
2729 3145 3090 3210 dilectissimi,
3119 3144 3242 3214 quia
3277 3143 3569 3213 locupletes
3602 3141 3834 3211 quilibet

2250 3244 2508 3302 uberibus
2526 3242 2834 3297 divitiarum
2857 3239 3025 3309 copiis
3048 3254 3152 3293 non
3177 3236 3476 3300 alllucrent,
3501 3235 3544 3290 si
3567 3249 3832 3305 pauperes

2250 3336 2352 3392 sibi
2390 3334 2517 3388 vilia
2547 3332 2734 3388 saltem
2780 3330 3122 3396 munuscula,
3150 3330 3234 3384 vel
3259 3329 3447 3383 exenia
3493 3327 3558 3382 de
3602 3326 3715 3381 suis
3746 3341 3834 3380 re-

2251 3425 2388 3481 culis
2423 3439 2529 3478 non
2578 3421 2854 3478 offerrent.
2904 3421 2972 3476 Et
3012 3435 3154 3490 saepe
3199 3419 3511 3474 deliciosum
3561 3431 3834 3488 quemque

2253 3525 2413 3571 tenue
2444 3513 2696 3585 pauperis
2739 3513 2970 3568 delectat
3015 3511 3337 3574 olusculum,
3384 3520 3548 3579 atque
3585 3509 3834 3579 protinus

2245 3609 2520 3680 jacentem
2571 3606 2910 3662 stomachum
2954 3611 3186 3666 recreat,
3229 3602 3316 3657 eui
3361 3601 3566 3656 scilicet
3604 3609 3835 3654 eatenus

2251 3697 2406 3767 quasi
2463 3697 2722 3764 languens
2779 3694 2981 3764 adipati
3027 3693 3167 3764 juris
3219 3691 3456 3748 edulium
3509 3690 3830 3744 nauseabat.

2255 3789 2327 3846 Ut
2351 3787 2478 3858 quid
2506 3787 2669 3857 igitur
2693 3801 2816 3854 ego,
2847 3785 2973 3840 licet
2997 3784 3352 3839 circumcisus
3380 3781 3838 3850 cloquio,pauper

2255 3877 2494 3949 ingenio,
2516 3875 2692 3931 claros
2718 3884 2772 3930 et
2798 3874 3038 3930 eruditos
3063 3875 3212 3928 viros
3237 3889 3428 3928 verear
3449 3872 3680 3941 alloqui;
3707 3887 3834 3926 cum

2255 3969 2416 4023 iidem
2451 3968 2550 4038 ipsi
2598 3968 2880 4022 nobiscum
2929 3981 3034 4020 non
3061 3965 3522 4036 philosophorum,
3551 3964 3644 4019 sed
3671 3963 3838 4018 disci-

2256 4059 2363 4130 puli
2392 4060 2501 4114 sint
2531 4059 2716 4128 utique
2749 4056 3112 4128 piscatorum?
3138 4055 3444 4112 Przesertim
3472 4064 3672 4111 cumet
3699 4053 3836 4108 Pau-

2257 4151 2341 4204 lus
2375 4150 2561 4204 dieat:
2597 4169 2614 4200 ι
2667 4147 3051 4218 Sapientibus,
3095 4156 3151 4202 ct
3199 4147 3575 4216 insipientibus
3622 4145 3837 4200 debitor

2256 4257 2375 4298 sum
2415 4240 2594 4312 (Rom.
2643 4241 2704 4308 ι).
2746 4261 2766 4293 ι
2803 4240 2909 4296 Sed
2954 4241 3211 4310 quoniam
3259 4255 3359 4310 ego
3405 4253 3578 4308 nuper
3615 4253 3643 4291 a
3681 4237 3840 4292 vobis

2257 4346 2439 4394 carne,
2472 4348 2576 4385 non
2621 4331 2802 4394 corde,
2833 4331 3034 4401 quietis
3076 4345 3260 4384 amore
3304 4329 3627 4399 disiunctus,
3676 4327 3843 4397 spiri-

2259 4422 2402 4478 tuale
2444 4422 2700 4494 proposui
2752 4421 3046 4477 Sabbatum
3086 4422 3306 4476 colere:
3351 4421 3480 4476 libet
3523 4434 3680 4490 super
3734 4419 3842 4474 hoc

2261 4512 2500 4568 Sabbato
2527 4527 2649 4567 cum
2673 4521 2862 4567 sancta
2890 4524 3072 4566 vestra
3098 4511 3383 4581 prudentia
3412 4511 3688 4566 succincte
3709 4510 3840 4580 quid

2261 4605 2557 4674 disputare.
2592 4604 2776 4672 Itaque
2802 4603 2892 4672 qui
2941 4602 3236 4658 Sabbatum
3268 4602 3501 4668 celebro,
3533 4601 3662 4672 quid
3703 4601 3840 4656 mihi

2261 4697 2330 4752 de
2358 4696 2450 4751 illo
2487 4696 2751 4761 videatur,
2783 4710 3012 4764 expono.

2324 4784 2550 4840 Nullum
2578 4800 2812 4854 namque
2834 4795 3160 4855 praaceptum
3190 4784 3244 4840 in
3278 4792 3386 4838 tota
3417 4782 3615 4838 veteris
3641 4782 3843 4838 instru-

2262 4876 2428 4930 menti
2463 4875 2578 4945 lege
2609 4874 2821 4945 reperio
2852 4883 2962 4928 tam
3008 4875 3258 4931 districte
3303 4874 3642 4944 propositum
3663 4913 3678 4938 ,
3726 4881 3838 4926 tam

2263 4965 2575 5035 frequenter
2599 4964 2883 5029 indictum,
2908 4974 2989 5018 tot
3013 4965 3468 5022 admonitionibus
3491 4963 3837 5018 inculcatum.

2262 5057 2376 5111 Iloe
2401 5056 2546 5111 enim
2593 5069 2702 5110 non
2734 5056 2893 5112 modo
2927 5056 3226 5126 saepissime
3266 5057 3408 5110 inter
3452 5056 3762 5110 sanctiones
3785 5061 3843 5107 et

2260 5147 2614 5203 caeremonias
2663 5147 2818 5218 legis,
2868 5149 2963 5222 sed
3006 5150 3170 5204 etiam
3215 5149 3268 5203 in
3313 5148 3698 5219 prophetarum
3731 5147 3842 5201 fre-
3939 5163 3956 5178 ·

2259 5245 2550 5307 quentatur
2579 5235 2832 5292 oraculis.
2870 5256 2889 5289 ι
2940 5238 3246 5300 Custodite,
3278 5239 3485 5308 inquit,
3524 5238 3665 5292 diem
3698 5235 3840 5292 Sab-

2259 5327 2394 5382 bati.
2424 5326 2614 5382 Omnis
2643 5327 2803 5384 homo
2830 5329 2924 5397 qui
2967 5346 3073 5385 non
3104 5330 3476 5386 observaverit
3519 5332 3658 5387 diem
3704 5330 3844 5385 Sab-

2261 5418 2393 5483 bati,
2421 5419 2618 5489 peribit
2637 5421 2816 5476 anima
2839 5421 2925 5476 illa
2950 5423 3018 5478 de
3043 5423 3239 5494 populo
3265 5439 3364 5478 suo
3386 5420 3584 5494 (Exod.
3609 5421 3783 5494 xui).
3817 5441 3836 5473 ι

2263 5510 2400 5578 Quid
2428 5525 2557 5579 ergo
2587 5526 2684 5580 per
2723 5510 3018 5568 Sabbatum
3064 5515 3324 5570 debemus
3371 5514 3702 5583 intelligere,
3736 5511 3844 5567 nisi

2263 5601 2575 5658 Christum?
2620 5601 2678 5656 ln
2731 5603 2836 5659 isto
2878 5603 3076 5674 quippe
3125 5603 3362 5660 Sabbato
3413 5603 3842 5675 requiescimus,

2265 5708 2387 5747 cum
2425 5692 2478 5747 in
2507 5693 2597 5748 illo
2624 5693 2738 5748 solo
2765 5708 2915 5762 spem
2941 5695 3214 5765 ponimus,
3241 5711 3364 5751 cum
3396 5697 3541 5752 hunc
3585 5704 3697 5751 toto
3724 5709 3847 5749 cor-

2267 5785 2350 5839 dis
2375 5799 2559 5842 amore
2584 5785 2857 5856 diligimus
2887 5801 2903 5841 :
2932 5801 2996 5843 ac
3023 5802 3205 5843 rerum
3243 5789 3621 5854 temporalium
3649 5803 3851 5845 concu-

640 5898 738 5945 ttta
763 5897 937 5948 muiile
962 5901 1010 5946 in
1037 5901 1114 5950 ed.
1142 5900 1265 5950 Ven.
1293 5901 1522 5951 Restitne
1550 5917 1562 5951 :
1586 5905 1784 5955 Gemino
1803 5899 1932 5954 satis
1962 5900 2242 5954 apostolica:
2271 5899 2445 5952 (animi
2467 5899 2804 5952 Hitdebrando
2825 5905 2870 5948 st
2889 5894 3132 5962 Stephano
3160 5896 3456 5962 presbytero,
3505 5895 3696 5954 Petrus,
3719 5898 3821 5945 etc.
