4140 6484
347 360 444 416 261

1517 360 1715 418 LIBER
1752 361 2141 422 SECUNDUS.
2175 367 2394 426 EPIST.
2437 372 2494 424 γ.

3501 386 3606 443 26!

344 475 662 546 piseentiam
702 476 1105 542 postpbncntcs,
1130 488 1160 527 a
1185 475 1460 530 servilium
1485 491 1708 546 operum
1736 476 1922 532 labore
1949 480 1996 540 Α
2025 481 2422 552 signiﬁcatione
2446 499 2794 546 concurrunt.
2832 509 2850 544 ι
2895 492 3012 564 ipse
3042 504 3127 551 est
3173 498 3318 553 enim
3365 515 3469 571 pax
3505 519 3608 558 no-

344 583 641 624 cessamus.
677 567 854 622 Unum
884 567 1112 631 scilicet,
1146 568 1394 637 idemque
1434 567 1567 637 legis
1593 578 1918 640 pneceptum

341 673 444 724 εει,
476 669 530 714 ει
554 659 848 715 Sabbatum
878 659 1076 721 colere,
1105 669 1160 713 et
1195 661 1546 728 praccedcntis
1571 661 1743 731 angeli
1773 663 1920 718 voci-

341 754 443 808 bus
485 751 778 806 obedireJr
814 750 986 813 Ecce,
1027 751 1231 820 inquit,
1278 766 1376 820 ego
1417 751 1628 806 mittam
1666 751 1917 820 angelum

341 859 544 906 meum,
575 842 665 912 qui
689 844 958 912 praecedat
983 848 1055 904 te,
1082 849 1137 895 ει
1157 841 1429 896 custodiat
1457 843 1508 896 in
1537 843 1644 908 via,
1672 853 1725 897 et
1756 843 1920 897 intro-

337 935 502 990 ducat
529 935 580 987 in
609 933 785 987 locum
840 946 999 1001 quem
1026 932 1229 1000 paravi.
1258 930 1493 987 Observa
1518 947 1662 996 etim,
1693 942 1749 986 et
1790 932 1914 988 audi

335 1041 523 1080 vocem
570 1021 706 1092 ejus,
757 1037 861 1077 nec
904 1023 1353 1076 contemnendum
1400 1031 1587 1092 putes,
1633 1022 1758 1092 quia
1808 1038 1915 1076 non

335 1117 574 1170 dimittet
600 1131 720 1170 cum
745 1114 1078 1183 peccaveris,
1106 1123 1159 1168 et
1184 1124 1267 1169 est
1291 1129 1484 1168 nomen
1514 1129 1692 1168 meum
1720 1114 1774 1168 in
1801 1114 1909 1169 illo.

334 1207 489 1274 Quod
531 1207 575 1261 si
605 1206 842 1260 audieris
880 1221 1067 1261 vocem
1097 1205 1238 1273 ejus,
1279 1215 1336 1259 et
1368 1206 1560 1260 feceris
1589 1207 1767 1261 omnia
1795 1221 1915 1276 quae

331 1302 548 1370 loquor,
594 1299 847 1354 inimicus
875 1314 969 1354 ero
1008 1299 1240 1354 inimicis
1269 1301 1395 1363 tuis,
1423 1308 1479 1354 et
1521 1299 1752 1370 amigam
1781 1301 1914 1355 allli-

330 1399 520 1462 gentes
567 1397 656 1455 te,
708 1387 1083 1457 praecedetque
1131 1396 1183 1443 te
1233 1389 1457 1458 angelus
1502 1405 1656 1445 meus
1700 1388 1909 1461 (Exod.

331 1482 516 1552 mn).
551 1498 571 1532 ι
617 1478 770 1534 Unde
811 1487 928 1544 εει,
972 1479 1118 1550 quod
1160 1481 1214 1534 in
1256 1481 1432 1549 prima
1471 1495 1661 1536 earum
1704 1482 1908 1546 tabula,

329 1588 452 1643 quae
480 1572 648 1643 Moysi
693 1572 833 1627 datae
879 1581 1027 1634 sunt,
1071 1572 1163 1626 ubi
1208 1587 1316 1628 non
1343 1581 1469 1628 sunt
1510 1573 1613 1628 nisi
1646 1574 1746 1626 tria
1773 1573 1912 1628 dun-

329 1672 483 1717 taxat
520 1663 772 1717 mandata
814 1662 1158 1732 conscripta,
1205 1663 1309 1718 hoc
1353 1664 1568 1718 tertium
1618 1665 1907 1719 invenitur.

326 1753 463 1808 Nam
512 1761 793 1822 postquam
827 1751 934 1807 illic
979 1752 1238 1820 scriptum
1286 1761 1371 1808 est
1409 1767 1424 1806 :
1457 1772 1476 1805 ι
1523 1752 1637 1808 Non
1683 1753 1908 1810 habebis

327 1845 460 1900 deos
498 1843 740 1909 alienos;
780 1861 799 1895 ι
830 1853 926 1897 et:
961 1861 980 1893 ι
1011 1841 1128 1898 Non
1171 1858 1416 1898 assumes
1459 1858 1652 1898 nomen
1695 1843 1905 1898 Domini
1936 1828 1982 1888 Β

331 1937 424 1993 Dei
473 1937 548 1990 ιιιί
597 1936 650 1989 in
695 1951 934 1999 vanum;
976 1953 993 1985 ι
1021 1935 1268 2005 protinus
1308 1936 1558 1990 additur:
1589 1954 1608 1987 ‹
1637 1935 1908 1990 Memento

325 2037 386 2082 ut
429 2028 574 2081 diem
619 2026 839 2081 Saltbati
881 2026 1192 2081 sanctiﬁces
1233 2026 1427 2095 (Exod.
1471 2026 1585 2098 xx).
1638 2045 1658 2079 ι
1705 2028 1760 2081 In
1803 2027 1907 2082 alia

247 2173 264 2180 -
322 2137 454 2176 vero
485 2120 696 2185 tabula,
726 2120 815 2174 ubi
856 2135 962 2174 non
1001 2118 1115 2188 jam
1146 2121 1214 2174 ad
1248 2119 1358 2190 59
1382 2119 1618 2174 divinam
1658 2121 1909 2175 substan-

325 2211 456 2266 tiam
506 2209 864 2282 pertinentia,
919 2210 1016 2266 sed
1069 2211 1342 2266 exteriora
1401 2219 1603 2280 septem
1657 2211 1908 2267 videntur

325 2300 504 2355 inesse
529 2299 806 2364 mandata,
833 2300 912 2355 sic
937 2299 1125 2370 incipit
1154 2316 1168 2354 :
1204 2317 1222 2351 ι
1255 2298 1472 2354 Honora
1497 2309 1705 2370 patrem
1732 2311 1904 2370 tuum,

320 2400 382 2448 et
429 2400 657 2446 matrem
784 2387 1009 2460 (Ibid.);
1049 2408 1068 2443 ι
1104 2391 1169 2446 de
1202 2405 1309 2459 quo
1345 2391 1550 2446 idcirco
1586 2391 1720 2446 dicit
1755 2391 1904 2462 Apo-

322 2483 516 2548 Stolus,
559 2483 701 2552 quod
731 2481 802 2537 sit
845 2483 1080 2553 primum
1115 2481 1428 2536 mandatum
1463 2481 1514 2534 in
1546 2481 1904 2549 promissione

321 2574 539 2644 (Ephes.
578 2573 676 2644 vt),
725 2573 980 2642 quoniam
1027 2571 1261 2641 primum
1309 2570 1362 2624 in
1413 2571 1662 2626 secundae
1709 2571 1903 2626 tabula:

318 2665 540 2735 ponitur
587 2664 810 2728 ordine,
857 2663 1094 2732 alioquin
1147 2670 1399 2732 quartum
1453 2663 1636 2732 potius
1683 2661 1901 2717 deberet

315 2754 421 2808 dici
453 2769 613 2824 quam
660 2754 913 2823 primum,
964 2752 1018 2806 in
1057 2753 1414 2821 promissione
1443 2752 1653 2808 scilicet
1694 2751 1898 2823 longa:-

319 2844 527 2899 vitatis.
556 2843 695 2898 Dicit
719 2844 863 2899 enim
895 2842 1021 2898 alibi
1057 2861 1071 2897 :
1102 2862 1121 2894 ι
1155 2843 1370 2899 Honora
1408 2852 1617 2914 patrem
1646 2851 1817 2909 tuum,
1846 2850 1903 2898 ct

315 2947 572 2997 matrem,
603 2941 666 2988 ut
689 2933 764 2988 sis
787 2933 1061 3004 longaevus
1090 2948 1253 3004 super
1280 2942 1478 2988 terram
1607 2930 1845 3005 (Ubii).
1873 2953 1894 2987 ι

316 3025 453 3092 Quia
505 3041 635 3096 ergo
669 3039 764 3096 per
795 3025 1092 3080 Sabbatum
1139 3024 1391 3082 Christus
1435 3026 1708 3089 innuitur,
1752 3036 1898 3082 recte

314 3122 372 3177 in
420 3121 511 3175 illa
544 3119 722 3174 tabula
757 3118 978 3174 Sabbati
1012 3120 1324 3174 mandatum
1371 3121 1612 3190 ponitur,
1654 3120 1746 3175 ubi
1781 3120 1893 3175 sola

2024 581 2133 627 stra
2182 576 2270 644 qui
2303 576 2431 634 fecit
2472 588 2701 650 utraque
2739 598 2902 638 unum
2935 584 3148 654 (Ephes.
3192 589 3274 658 ιι).
3306 609 3324 638 ι
3359 591 3426 644 Et
3456 602 3606 649 recte

2022 665 2076 719 in
2105 666 2208 721 hoc
2241 667 2476 723 Sabbato
2521 685 2702 726 rerum
2746 672 3004 728 Conditor
3047 679 3333 745 requievit,
3378 681 3503 749 quia
3547 683 3603 736 in

1986 778 1988 780 τ
2020 753 2236 811 Christo
2261 755 2389 812 Jesu
2419 759 2714 816 mediatore
2754 761 2845 817 Dei
2877 773 2931 818 et
2959 765 3268 833 hominum,
3300 769 3458 825 Pater
3481 787 3602 826 om-

2018 847 2287 916 nipotens,
2315 849 2459 918 quod
2493 865 2552 904 se
2592 864 2774 918 posset
2811 851 3102 920 oll‘endere,
3135 859 3350 926 penitus
3380 876 3484 915 non
3519 861 3601 914 in-

2017 939 2184 990 venit.
2247 936 2303 990 In
2353 951 2416 992 eo
2470 939 2700 1010 denique
2765 943 2961 997 merito
3020 945 3323 1014 requievit,
3375 949 3441 1002 de
3491 964 3597 1018 quo

2016 1026 2289 1095 discipulis
2337 1030 2679 1085 audientibus
2726 1032 2987 1100 intonuit,
3038 1037 3264 1091 dicens:
3304 1057 3322 1089 ι
3369 1038 3468 1093 Ηίε
3515 1049 3600 1093 est

2014 1116 2184 1174 Filius
2210 1134 2362 1175 meus
2395 1119 2640 1186 dilectus,
2674 1123 2726 1175 in
2751 1139 2857 1193 quo
2883 1124 3012 1178 mihi
3045 1125 3342 1195 complacui
3375 1126 3593 1197 (Matth.

2017 1204 2172 1276 xm).
2213 1206 2270 1260 In
2315 1207 2405 1261 illo
2457 1209 2722 1278 siquidem
2771 1212 3008 1266 suaviter
3051 1215 3347 1282 requievit,
3396 1225 3448 1270 et
3501 1231 3599 1270 nos

2012 1297 2354 1366 requiescere
2400 1301 2663 1369 praecipit.
2721 1301 2869 1358 Unde
2915 1312 2972 1357 et
3019 1305 3072 1358 in
3120 1305 3362 1361 Levitico
3415 1308 3594 1362 dicit:

2017 1407 2036 1438 ι
2074 1388 2311 1442 Sabbata
2363 1405 2482 1444 mea
2531 1392 2834 1458 custodite,
2891 1402 2947 1448 et
2993 1391 3359 1451 sanetuarium
3415 1414 3594 1452 meum

2012 1482 2237 1536 mctuite
2267 1481 2452 1554 (Leuit.
2485 1484 2624 1556 xu).
2654 1504 2673 1538 ι
2705 1484 2806 1554 Qui
2832 1488 2975 1542 enim
3018 1487 3335 1557 Sabbatum,
3374 1491 3488 1560 ipse
3513 1499 3596 1546 est
3668 1473 3674 1478 ’

2009 1581 2066 1629 ει
2089 1575 2483 1630 sanctuarium.
2519 1596 2537 1628 ι
2571 1576 2630 1630 ln
2659 1593 2766 1647 quo
2799 1599 2817 1631 ι
2844 1580 3097 1636 videlicet
3123 1601 3143 1634 ι
3182 1584 3391 1638 habitat
3419 1585 3599 1639 omnis

2010 1663 2290 1734 plenitudo
2325 1665 2626 1744 divinitatis
2674 1669 3030 1740 corporaliter
3073 1670 3309 1742 (Coloss.
3359 1674 3456 1744 ιι),
3488 1692 3506 1726 ι
3543 1683 3599 1728 ει

2010 1759 2076 1812 de
2103 1772 2211 1828 quo
2232 1757 2374 1813 idem
2399 1759 2529 1814 dicit
2555 1759 2842 1831 Apostolus
2872 1779 2886 1816 :
2918 1782 2937 1815 ‹
2976 1765 3114 1820 Deus
3139 1774 3258 1820 erat
3279 1767 3332 1821 in
3356 1766 3594 1832 Christo,

2010 1848 2266 1903 mundum
2301 1851 2656 1906 reconcilians
2695 1853 2798 1907 sibi
2833 1853 2918 1923 (II
2948 1854 3072 1908 Cor.
3100 1857 3176 1927 v).
3212 1875 3231 1908 ι
3265 1856 3372 1911 Sed
3420 1866 3476 1910 et
3505 1871 3597 1911 ea-

2009 1937 2132 1992 dem
2159 1939 2212 1992 in
2244 1939 2533 2008 Evangelio
2564 1941 2779 1996 Veritas
2809 1943 2943 1997 dicit
2974 1961 2986 1996 :
3020 1962 3039 1994 ι
3073 1943 3190 1997 lVon
3237 1959 3335 2014 pro
3379 1945 3460 1998 his
3496 1961 3593 1997 au-

2009 2035 2116 2082 tem
2146 2042 2277 2100 rogo
2307 2039 2540 2093 tantum,
2568 2033 2662 2085 sed
2693 2039 2750 2086 et
2776 2047 2874 2100 pro
2905 2032 3003 2096 eis,
3035 2032 3126 2102 qui
3162 2032 3420 2086 credituri
3466 2043 3592 2086 sunt

2007 2119 2062 2174 in
2094 2134 2179 2174 me
2204 2135 2302 2189 per
2328 2119 2552 2174 verbum
2581 2120 2840 2192 ipsorum,
2867 2129 2926 2175 ut
2957 2130 3011 2176 et
3034 2137 3226 2178 omnes
3255 2138 3418 2177 unum
3457 2123 3588 2188 sint,

2007 2210 2146 2264 sicut
2173 2218 2228 2264 tu
2257 2209 2416 2265 Pater
2441 2211 2495 2265 in
2530 2225 2636 2276 me,
2666 2219 2721 2265 et
2747 2225 2848 2281 ego
2880 2211 2932 2265 in
2960 2220 3030 2278 te,
3062 2219 3200 2267 utet
3229 2212 3328 2280 ipsi
3355 2213 3410 2266 in
3434 2211 3591 2266 nobis

2007 2303 2174 2355 unum
2214 2299 2323 2355 sint
2364 2299 2549 2372 (Joan.
2594 2301 2752 2365 xvn).
2789 2321 2807 2353 ι
2838 2302 2902 2356 Ει
2933 2302 3127 2356 iterum
3159 2319 3173 2356 :
3208 2320 3226 2352 ι
3265 2303 3374 2372 Ego
3403 2302 3457 2356 in
3489 2303 3588 2365 eis,

2005 2403 2061 2447 et
2087 2401 2142 2446 tu
2175 2393 2228 2447 in
2273 2407 2381 2458 me,
2407 2401 2466 2447 ut
2498 2393 2610 2448 sint
2645 2394 3002 2448 consummati
3041 2394 3093 2448 in
3125 2409 3291 2447 unum
3322 2393 3530 2463 (Ibid.).
3565 2411 3583 2444 ι

2077 2463 2184 2538 Sed
2211 2483 2444 2553 qualiter
2479 2485 2641 2539 homo
2681 2482 2863 2538 valeat
2889 2485 3290 2549 consummari,
3319 2485 3590 2552 quomodo

2005 2575 2196 2631 debeat
2245 2575 2464 2644 perﬁci,
2518 2575 2650 2628 libet
2699 2574 2975 2629 succincte
3034 2573 3429 2642 perstringere,
3481 2573 3592 2643 60

2001 2677 2164 2739 prout
2193 2667 2246 2722 in
2279 2667 2396 2736 ipso
2441 2666 2728 2721 mundanae
2755 2665 3048 2720 creationis
3077 2665 3236 2717 datur
3261 2665 3450 2717 ordine
3497 2679 3585 2715 re-

2003 2759 2189 2831 periri.
2219 2757 2352 2812 Nam
2390 2756 2517 2828 quia
2565 2757 2728 2812 homo
2754 2755 3122 2833 μικρόγοσμος,
3152 2755 3254 2808 Ιιοε
3284 2764 3367 2809 εει
3411 2756 3588 2806 minor

2004 2848 2239 2904 mundus
2267 2848 2550 2913 asseritur,
2581 2860 2802 2902 necesse
2847 2853 2930 2900 est
2973 2855 3031 2898 ut
3085 2845 3151 2898 ad
3195 2859 3306 2898 suae
3353 2843 3578 2914 plenitu-

2002 2938 2146 2994 dinis
2180 2938 2515 2992 incrementa
2553 2935 2905 3002 contendens,
2938 2937 3107 3005 ipsam
3147 2934 3429 2987 mundanae
3457 2949 3588 2986 con-

2000 3028 2222 3083 ditionis
2271 3028 2504 3098 speciem
2553 3027 2816 3090 imitetur,
2863 3034 2923 3079 ut
2975 3026 3114 3079 sicut
3147 3023 3374 3078 visibilis
3419 3033 3584 3092 atque

1999 3133 2294 3190 corporeus
2320 3118 2408 3174 hic
2433 3118 2665 3186 mundus
2690 3133 2786 3188 per
2812 3132 3032 3171 suarum
3070 3116 3266 3170 molem
3300 3130 3363 3169 ac
3404 3115 3583 3168 multi-

314 3211 412 3266 Dei
438 3211 576 3266 ﬁdes
619 3210 868 3266 habetur.
899 3208 1032 3265 Nam
1059 3218 1116 3266 et
1148 3211 1203 3265 in
1237 3188 1583 3280 ipsoimundi
1617 3210 1895 3266 nascentis

2003 3215 2240 3270 tudinem
2286 3222 2694 3269 consummatus
2742 3222 2827 3268 εει
2879 3213 3149 3281 partium;
3203 3210 3281 3264 sic
3324 3218 3378 3262 et
3425 3207 3586 3261 homo

309 3303 562 3369 exordio,
589 3316 711 3356 cum
742 3316 1177 3372 unumquemque
1220 3301 1362 3356 diem
1411 3299 1691 3371 Scriptura
1735 3317 1892 3357 mane

311 3392 555 3462 prastigat
583 3399 640 3445 et
671 3405 916 3460 vespere,
942 3390 1055 3461 jam
1097 3405 1220 3445 cum
1256 3390 1323 3444 ad
1367 3389 1663 3445 Sabbatum
1698 3405 1889 3461 perve-

314 3484 428 3548 nit,
462 3491 710 3538 neutrum
756 3481 947 3536 horum
985 3481 1230 3536 nominat
1267 3499 1279 3536 :
1313 3489 1372 3536 ut
1407 3481 1534 3538 illud
1571 3483 1725 3552 quasi
1771 3483 1892 3537 sine

310 3574 469 3630 initio
502 3589 642 3640 esse,
681 3572 766 3628 vel
811 3572 918 3628 ﬁne
961 3587 1187 3642 prorsus
1234 3574 1503 3628 ostendat.
1552 3573 1688 3628 Nam
1719 3573 1890 3644 stylus

309 3665 554 3720 historia;
601 3666 745 3720 hunc
779 3665 1027 3720 ordinem
1075 3671 1226 3719 tenet
1267 3662 1427 3740 (Gen.
1468 3663 1510 3737 ι)
1549 3682 1563 3718 :
1609 3684 1626 3716 ι
1664 3663 1888 3719 Factum

307 3765 412 3820 est,
440 3756 634 3824 inquit,
657 3769 900 3825 vespere.
928 3763 984 3809 et
1015 3768 1175 3808 mane
1195 3753 1310 3808 dies
1336 3762 1538 3809 sextus.
1571 3753 1737 3825 igitur
1762 3769 1886 3825 per-

309 3847 435 3902 l‘ecti
465 3855 590 3901 sunt
612 3846 756 3910 ειειί,
785 3854 841 3899 ει
866 3855 1029 3909 terra,
1064 3854 1120 3899 et
1143 3844 1322 3900 omnis
1348 3854 1574 3900 ornatus
1603 3860 1822 3912 eorum;
1861 3864 1882 3899 ι

308 3939 601 4008 statimque
641 3936 914 4007 subjungit
946 3953 962 3991 :
993 3955 1012 3988 ι
1042 3935 1452 4008 Complevitque
1500 3936 1660 3992 Deus
1685 3938 1772 3992 die
1801 3951 1890 3994 sc-

306 4029 474 4099 ptimo
516 4042 652 4096 opus
694 4042 848 4082 suum
899 4025 1041 4094 quod
1090 4025 1294 4079 fecerat
1340 4042 1353 4078 :
1403 4033 1459 4079 ει
1509 4025 1772 4094 requievit
1800 4026 1886 4081 die

307 4121 536 4190 septimo
583 4117 672 4190 ab.
699 4117 956 4172 universo
1002 4129 1199 4186 opere,
1232 4115 1374 4184 quod
1405 4124 1664 4184 patrarat.
1713 4136 1734 4168 ο
1769 4114 1884 4169 Νοιι

306 4215 454 4269 enim
490 4212 558 4267 ad
589 4211 759 4266 instar
786 4210 1014 4263 aliorum
1059 4207 1290 4272 dierum,
1323 4207 1388 4261 de
1429 4207 1702 4262 creatione
1750 4205 1886 4260 Sab-

305 4310 415 4366 bati
446 4309 600 4381 prius
628 4306 828 4376 aliquid
859 4305 1090 4368 dixerat,
1117 4303 1210 4358 sed
1238 4302 1318 4357 sic
1346 4300 1414 4355 ad
1447 4301 1572 4356 illud
1603 4301 1754 4369 quasi
1771 4300 1882 4369 jam

305 4411 494 4458 notum
540 4407 763 4469 repente
796 4395 1082 4466 prorupit:
1125 4402 1180 4448 et
1209 4392 1335 4447 dum
1389 4405 1490 4446 nec
1539 4405 1699 4445 mane
1745 4389 1881 4459 ejus,

305 4508 406 4550 nec
435 4505 714 4561 vesperam
760 4488 915 4550 dixit,
943 4484 1338 4555 quodammodo
1368 4497 1467 4538 nec
1512 4482 1723 4537 initium
1744 4522 1759 4548 ,
1785 4497 1885 4538 nec

1994 3317 2180 3362 noster
2217 3306 2446 3360 interior
2475 3306 2734 3376 paulatim
2766 3305 2832 3360 ad
2860 3305 2940 3360 sui
2985 3303 3371 3375 plenitmlinem
3402 3301 3586 3353 veniat

1993 3413 2093 3469 per
2131 3405 2419 3467 augmenta
2457 3397 2739 3450 virtutum.
2791 3397 2867 3451 De
2913 3410 3018 3464 qua
3068 3393 3321 3446 nimirum
3355 3389 3584 3458 plenitu-

1991 3487 2118 3542 dine
2141 3485 2415 3556 spirituali
2446 3485 2580 3540 dicit
2605 3485 2900 3556 Apostolus
2926 3502 2939 3537 :
2971 3502 2990 3534 ι
3023 3483 3203 3536 Donec
3230 3493 3580 3534 occurramus

1989 3591 2179 3632 omnes
2237 3575 2514 3638 invirum
2573 3575 2896 3646 perfectum,
2949 3575 3005 3627 in
3050 3585 3357 3626 mensuram
3401 3568 3576 3620 aetatis

1987 3667 2338 3738 plenitudinis
2362 3665 2564 3723 Christi
2609 3665 2824 3739 (Epltes.
2874 3665 2968 3734 tv).
3013 3681 3032 3714 ι
3062 3662 3176 3730 Age
3215 3659 3396 3728 igitur,
3441 3657 3578 3710 dixit

1989 3759 2134 3814 Deus
2164 3773 2178 3810 :
2234 3777 2252 3809 ι
2290 3757 2410 3813 Fiat
2440 3757 2526 3812 lux
2560 3754 2714 3828 (Gen.
2747 3757 2808 3826 ι).
2842 3774 2860 3805 υ
2891 3753 3041 3806 Τιιιιε
3069 3760 3246 3804 autem
3279 3750 3330 3802 in
3360 3748 3577 3804 homine

1990 3851 2211 3914 dicitur,
2245 3859 2302 3904 ut
2339 3849 2431 3904 lux
2475 3848 2592 3913 ﬁat,
2636 3862 2758 3900 eum
2803 3845 2980 3898 datur
3014 3851 3072 3895 ut
3122 3839 3443 3894 illuminatio
3473 3837 3573 3891 sibi

1987 3941 2322 3997 credulitatis
2348 3938 2632 4008 infulgeat.
2661 3935 2840 3990 Prima
2874 3934 3072 4004 quippe
3100 3930 3294 3984 mentis
3322 3928 3410 3981 lux
3443 3921 3577 3981 ﬁdes

1985 4039 2086 4085 εει.
2116 4028 2269 4085 Unde
2309 4027 2422 4098 jam
2474 4026 2716 4082 ﬁdelibus
2768 4025 2898 4080 dicit
2947 4021 3237 4091 Apostolus
3283 4037 3346 4072 τι
3377 4017 3575 4072 Fuistis

1986 4123 2273 4193 aliquando
2327 4123 2603 4187 tenebrat,
2652 4135 2794 4174 nunc
2843 4127 3020 4172 autem
3092 4116 3180 4168 lux
3229 4113 3280 4166 in
3349 4111 3575 4165 Domino

1987 4211 2199 4282 (Ephes.
2225 4216 2276 4279 v)
2311 4226 2325 4264 :
2356 4229 2375 4262 ι
2400 4219 2454 4263 ει
2481 4211 2584 4264 hoc
2606 4217 2688 4263 est
2715 4209 2948 4278 primum
2981 4207 3034 4259 in
3065 4205 3180 4274 lege
3210 4207 3568 4270 praeceptum:

1991 4321 2009 4352 ι
2041 4303 2178 4357 Audi
2216 4302 2422 4358 Israel:
2460 4301 2717 4356 Dominus
2763 4300 2903 4354 Deus
2943 4307 3085 4362 tuus,
3135 4296 3276 4350 Deus
3327 4309 3464 4348 unus
3491 4304 3575 4348 est

1987 4392 2164 4464 (Deut.
2195 4393 2293 4462 vi).
2325 4410 2344 4443 ι
2380 4389 2531 4445 Τιιιιε
2560 4390 2741 4459 itaque
2772 4389 2825 4442 in
2855 4387 3075 4442 homine
3111 4385 3320 4456 primus
3348 4385 3464 4438 dies
3491 4382 3570 4448 ﬁt,

1990 4499 2112 4540 cum
2143 4498 2314 4538 novus
2349 4483 2416 4536 ad
2445 4482 2603 4536 ﬁdem
2627 4479 2794 4534 venit.

306 4543 717 4640 lineinv‘li-abere
765 4543 1106 4634 monstravit.
1140 4577 1218 4630 Ad
1255 4574 1662 4630 similitudinem
1691 4543 1887 4644 quippe
1915 4543 1965 4603 θ
2062 4572 2310 4628 Secundo
2359 4571 2447 4626 die
2495 4569 2625 4625 fecit
2671 4569 2814 4624 Deus
2859 4567 3279 4631 ﬁrmamentum,
3307 4564 3447 4635 quod
3485 4571 3570 4618 est

305 4673 698 4733 Melchisedech
744 4669 1071 4734 sacerdotis,
1118 4667 1279 4721 etiam
1329 4661 1624 4720 Sabbatuin
1677 4662 1888 4734 Moyses

305 4765 636 4828 introducit,
685 4763 752 4818 de
806 4775 912 4829 quo
960 4760 1027 4813 ad
1075 4758 1329 4813 Hebraeos
1373 4755 1506 4810 dicit
1543 4754 1882 4825 Apostolus:

309 4879 331 4914 ε
363 4859 479 4915 Rex
509 4857 710 4921 Salem,
751 4853 893 4924 quod
923 4861 1008 4907 est
1050 4866 1143 4905 rex
1175 4849 1357 4920 pacis,
1403 4849 1520 4904 sine
1549 4856 1738 4918 patre,
1770 4847 1888 4903 sine

304 4960 498 5016 matre,
532 4949 650 5004 sine
676 4943 1004 5018 genealogia,
1050 4956 1150 4997 nec
1191 4941 1404 4994 initium
1441 4937 1682 5002 dierum,
1711 4950 1884 5008 neque

308 5044 469 5096 tinem
513 5038 720 5094 habens
751 5053 764 5090 :
810 5033 1141 5089 assimilatas
1169 5039 1346 5086 autem
1380 5028 1517 5083 Filio
1553 5027 1644 5082 Dei
1698 5033 1880 5082 manet

305 5133 565 5190 sacerdos
609 5130 663 5185 in
709 5134 1026 5199 perpetuum
1056 5121 1242 5192 (Hebr.
1275 5120 1394 5191 vn).
1431 5139 1450 5172 ι
1484 5117 1551 5172 Ει
1586 5125 1732 5172 ιεειε
1763 5130 1884 5186 quae

305 5243 472 5283 unum
501 5225 602 5281 sub
634 5220 918 5292 allegorica
953 5217 1121 5288 ﬁgura
1151 5215 1486 5284 signiﬁcant,
1521 5211 1574 5266 in
1607 5211 1722 5280 ipso
1748 5225 1883 5280 quo-

305 5333 412 5388 que
433 5313 748 5385 scriptionis
785 5309 973 5365 ordine
1014 5321 1120 5362 non
1152 5304 1482 5360 discordant.
1509 5301 1642 5356 Illud
1670 5315 1884 5372 quoque

306 5410 378 5463 ab
403 5416 634 5474 utroque
668 5418 774 5459 non
807 5401 1099 5468 discrepat,
1135 5396 1262 5465 quia
1311 5395 1451 5450 sicut.
1491 5391 1883 5451 Melchisedech

308 5516 398 5556 rex
432 5498 638 5563 Salem,
669 5510 762 5549 rea:
791 5493 934 5563 pacis
978 5490 1175 5545 dicitur
1206 5504 1219 5541 :
1253 5486 1324 5542 ita
1357 5484 1708 5540 nihilominus
1743 5486 1882 5541 Sab-

305 5595 491 5650 batnm
533 5589 735 5662 requies
782 5586 1190 5654 interpretatur.
1239 5579 1408 5650 Igitur
1455 5578 1568 5632 haec
1604 5577 1732 5643 duo,
1763 5593 1885 5649 qua

307 5700 527 5758 pacem,
560 5681 676 5738 sive
721 5678 998 5748 requiem,
1044 5673 1159 5729 suis
1203 5669 1511 5727 nominibus
1549 5668 1883 5758 exprimunt,

302 5757 673 5846 congruenter
718 5769 772 5825 in
813 5766 976 5831 hunc,
1011 5763 1102 5834 qui
1156 5774 1366 5817 summa
1413 5773 1516 5828 pax
1564 5768 1677 5824 est,
1709 5757 1882 5830 typica

1989 4662 2206 4728 coelum,
2235 4661 2471 4730 fecitque
2498 4660 2794 4715 divisiones
2821 4674 3107 4728 aquarum,
3135 4666 3194 4711 ut
3221 4657 3340 4710 alia:
3369 4670 3466 4725 per
3489 4654 3570 4707 in-

1987 4756 2185 4812 feriora
2213 4753 2529 4818 deﬂuerent,
2560 4753 2678 4807 alia:
2706 4753 2760 4807 in
2798 4750 3167 4822 superioribus
3199 4754 3565 4802 remanerent.

1987 4843 2124 4912 Quid
2156 4852 2334 4898 autem
2388 4841 2810 4908 ﬁrmamentum,
2847 4842 2949 4896 nisi
2997 4841 3164 4896 robur
3207 4846 3290 4892 εει
3323 4837 3566 4906 Scriptur—

1986 4934 2208 4990 rarum?
2236 4933 2388 4990 Unde
2434 4933 2630 5004 legitur
2655 4932 2791 5002 (Isa.
2841 4934 3061 4996 xxxn‘),
3110 4945 3234 4998 qnta
3284 4928 3478 4982 ctelum
3513 4928 3565 4983 in

1985 5027 2071 5082 die
2094 5024 2282 5096 judicii
2330 5026 2618 5096 plicabitur
2663 5026 2804 5079 sicut
2839 5023 2994 5077 liber.
3022 5020 3160 5088 Quid
3202 5012 3383 5076 autem
3413 5036 3566 5088 aqua:
3652 5012 3657 5017 ’

1983 5116 2298 5181 inferiores,
2328 5115 2431 5171 nisi
2463 5113 2833 5169 multitudines
2879 5111 3196 5166 hominum?
3240 5109 3378 5178 Quid
3407 5123 3566 5178 supe-

1983 5210 2190 5276 riores,
2244 5209 2348 5263 nisi
2399 5207 2549 5262 chori
2606 5213 2732 5260 sunt
2780 5203 3132 5274 angelorum?
3180 5201 3367 5275 Angeli
3417 5201 3562 5255 enim

1986 5303 2388 5374 Scripturarum
2419 5299 2614 5354 caelum
2664 5313 2770 5353 non
2811 5297 3014 5353 habent
3051 5312 3211 5366 super
3238 5312 3314 5359 se,
3347 5295 3439 5349 sed
3465 5293 3565 5347 sub

1983 5410 2046 5450 se
2082 5411 2098 5448 :
2129 5394 2254 5462 quia
2286 5407 2388 5453 non
2413 5401 2572 5460 egent
2599 5397 2657 5442 ut
2679 5389 2906 5444 verbum
2935 5388 3026 5442 Dei
3059 5387 3297 5456 legentes
3319 5383 3565 5449 audiant,

1984 5487 2108 5557 quia
2139 5484 2314 5556 ipsum
2347 5482 2513 5536 Deum
2542 5489 2863 5550 prmsentem
2892 5477 3173 5533 manifeste
3201 5474 3558 5542 conspiciunt,
3616 5505 3618 5508 ν

1985 5577 2119 5631 etin
2161 5575 2278 5644 ejus
2319 5586 2535 5642 semper
2563 5586 2749 5625 amore
2792 5568 3182 5623 llammescunt.
3228 5562 3362 5618 Cum
3401 5563 3566 5633 igitur

1985 5667 2148 5736 homo
2177 5679 2272 5734 per
2300 5663 2724 5724 ﬁrmamentum,
2750 5661 2852 5714 hoc
2875 5667 2959 5712 est
2984 5671 3080 5726 per
3104 5654 3342 5711 cmlestis
3365 5654 3563 5725 eloquii

1935 5757 2392 5820 ’-documentum,
2420 5750 2531 5821 jam
2576 5750 2764 5818 incipit
2804 5746 3088 5804 inferiores
3130 5761 3298 5815 aquas
3324 5747 3569 5817 superio-
