4140 6460
581 373 689 430 283

1116 368 1174 425 S.
1205 364 1409 423 PETRI
1439 363 1720 421 DAMIANI
1761 360 1912 419 OPP.
1941 359 2123 418 PARS
2161 359 2295 417 SEU
2337 357 2577 417 TOMUS
2601 359 2640 414 I.
2687 389 2750 407 ν-
2777 358 2994 416 EPIST.
3025 359 3155 414 LIB.
3197 357 3328 415 VIII.

3721 357 3830 415 264

582 500 776 556 resque
798 483 1056 548 dividere,
1089 482 1141 538 id
1174 490 1276 546 est,
1303 479 1538 536 carnalia
1569 494 1598 533 a
1627 475 2014 548 spiritualibiis,
2045 483 2153 529 ter-
2183 479 2232 539 Α
2259 473 2457 528 imitari
2508 481 2735 527 conetur
2761 471 3088 538 exemplum.
3139 470 3292 526 Sicut
3316 471 3447 526 dicit
3492 471 3784 541 Apostolus
3815 492 3830 528 :

583 593 710 630 rena
741 594 768 628 a
805 574 1114 630 cmlestibus
1144 587 1429 641 separare;
1456 569 1570 638 jam
1613 569 1667 622 in
1703 583 1768 622 eo
1797 565 2066 621 secundus
2095 564 2156 618 fit

582 671 728 732 dies,
775 669 899 736 quia
947 682 1050 719 non
1082 665 1240 719 modo
1272 663 1391 716 liilei
1425 661 1594 715 lucem
1614 700 1629 722 ,
1665 659 1760 714 sed
1785 668 1841 713 et
1869 672 2047 712 rerum
2074 656 2158 710 in-

581 759 712 826 cipit
749 757 944 810 habere
973 755 1372 809 discretionem.

653 850 855 903 Deinde
901 849 1038 902 dixit
1086 848 1227 902 Deus
1273 863 1286 898 :
1326 863 1344 895 ‹
1378 844 1780 914 Congregentur
1825 853 2010 910 aqua),
2039 853 2157 907 qua:

582 941 682 993 sub
715 940 853 994 cmlo
899 949 1045 1002 sunt,
1079 939 1130 991 in
1177 937 1353 990 locum
1383 949 1569 998 unum,
1602 941 1658 987 et
1705 941 1963 1002 appareat
2006 928 2156 983 arida

581 1025 734 1097 (Gen.
766 1031 826 1096 i).
859 1047 878 1080 ι
913 1028 1075 1081 Facta
1109 1027 1270 1095 igitur
1299 1025 1559 1079 divisione
1589 1023 1731 1078 inter
1758 1031 1992 1085 terrena,
2018 1020 2159 1074 sicut

495 1119 499 1128 '
580 1117 780 1169 dictum
813 1125 912 1179 est,
959 1124 1118 1184 atque
1146 1114 1410 1178 cmlestia,
1442 1127 1665 1167 necesse
1693 1121 1778 1166 est
1818 1118 1878 1164 ut
1925 1111 2156 1165 humana

579 1225 730 1264 mens
776 1211 887 1264 haec
933 1212 1121 1263 eadem
1167 1218 1379 1262 terrena
1427 1207 1600 1261 adhuc
1631 1207 1774 1260 inter
1803 1219 1862 1260 se
1901 1203 2159 1258 minutius

579 1301 784 1354 dividat
812 1315 826 1353 :
852 1312 908 1354 et
949 1301 1027 1354 sic
1060 1300 1318 1368 reprobus
1354 1297 1601 1352 homines
1629 1295 1785 1364 hujus
1819 1305 2046 1350 terrenae
2071 1309 2160 1350 sa—

580 1390 794 1460 pientiie
836 1390 1104 1459 salsugine
1139 1389 1467 1458 prurientes,
1509 1403 1539 1440 a
1577 1386 1736 1456 justis
1785 1384 1988 1440 fontem
2034 1383 2156 1438 ﬁdei

579 1479 902 1542 sitientibus,
945 1489 1200 1549 tanquam
1231 1480 1298 1532 ab
1343 1478 1494 1532 arida
1533 1491 1682 1532 mare
1712 1473 1998 1531 discernat.
2030 1475 2158 1528 ltili-

580 1575 728 1628 delcs
771 1576 942 1640 enim,
991 1575 1104 1628 sive
1132 1572 1378 1628 carnales
1407 1570 1634 1642 quilibet
1673 1570 1874 1624 amaris
1905 1568 2159 1623 tentatio-

580 1682 705 1718 nuin
753 1664 1003 1720 ﬂuctibus
1053 1665 1400 1735 quatiuntur,
1445 1669 1500 1718 et
1543 1671 1797 1731 tanquam
1847 1657 2158 1729 procellosis

578 1760 953 1826 cupiditatum,
987 1759 1068 1814 vel
1117 1757 1439 1832 arrogantia'
1481 1753 1888 1824 tempestatibus
1927 1753 2160 1806 intume-

2265 581 2284 615 α
2319 564 2503 618 Estote
2529 563 2831 617 imitatores
2856 562 2950 617 Dei
2986 565 3123 617 sicut
3149 562 3239 616 lilii
3271 563 3598 628 charissimi,
3624 575 3682 617 et
3713 581 3832 619 ain-

2258 657 2440 709 bulate
2467 655 2520 708 in
2565 653 2872 718 dilectione,
2920 654 3060 708 sicut
3105 663 3158 708 ct
3197 653 3446 708 Christus
3489 653 3679 708 dilexit
3735 672 3834 710 nos

2215 783 2228 793 .
2258 745 2474 816 (Ephes.
2507 746 2582 816 v).
2617 765 2636 799 ι
2705 745 3012 800 Dili‘erentia
3043 746 3240 815 quippe
3267 754 3385 799 erat
3427 745 3567 800 inter
3607 745 3832 801 Paulum

2257 838 2349 907 qui
2377 838 2694 893 imitabatur
2717 839 3012 902 Christum,
3049 849 3105 894 et
3137 854 3231 893 eos
3257 854 3395 908 quos
3418 841 3745 909 provocabat
3767 843 3835 895 ad

2260 930 2580 984 imitandum
2633 930 2923 1001 seipsum:
2989 948 3008 981 ‹
3060 931 3404 994 imitatores,
3464 931 3674 1002 inquit,
3729 933 3835 987 mei

2258 1029 2452 1084 estote,
2479 1021 2699 1076 sicutet
2721 1036 2820 1092 ego
2843 1021 3044 1076 Christi
3072 1021 3122 1092 (1
3147 1021 3268 1076 Cor.
3298 1024 3397 1092 xi).
3437 1041 3455 1074 i
3763 1037 3770 1040 -

2336 1111 2485 1167 Unde
2522 1123 2676 1167 sexta
2717 1113 2803 1167 die
2825 1121 3041 1167 creatus
3070 1121 3154 1167 est
3189 1113 3352 1168 homo
3380 1114 3446 1168 ad
3471 1113 3554 1167 sui
3582 1113 3836 1168 similitu-

2259 1203 2439 1259 dinem
2471 1203 2766 1259 Creatoris.
2797 1202 2950 1270 Quod
2973 1203 3158 1272 utique
3183 1204 3327 1258 sicut
3353 1212 3481 1258 tiinc
3514 1205 3713 1258 factum
3750 1215 3837 1260 est

2260 1307 2359 1363 per
2390 1294 2641 1348 humanae
2678 1292 3007 1348 conditionis
3051 1293 3355 1358 exordium,
3384 1294 3459 1347 ita
3488 1309 3634 1349 nunc
3660 1296 3838 1364 agitur

2257 1397 2355 1452 per
2370 1383 2777 1438 iiistaurationis
2798 1383 2997 1438 intimas
3016 1393 3434 1440 sacramentum.
3461 1383 3557 1439 Hic
3577 1395 3836 1455 printerea

2259 1472 2400 1527 inter
2427 1473 2606 1527 omnia
2653 1482 2831 1538 terrae,
2862 1487 3037 1543 aquai,
3069 1472 3228 1527 simul
3253 1482 3311 1528 et
3354 1473 3500 1528 aeris
3540 1475 3838 1532 animantia

2257 1565 2410 1635 quasi
2470 1565 2839 1620 monarehiam
2869 1565 3084 1634 accipit,
3111 1574 3166 1620 et
3189 1567 3477 1635 quemdam
3509 1566 3840 1623 siibliinioris

2257 1653 2587 1709 excellentiae
2608 1655 2968 1724 principatum
2993 1671 3008 1718 ;
3031 1655 3160 1724 quia
3187 1655 3271 1708 vir
3291 1655 3521 1724 quisque
3541 1655 3834 1725 perfectus,

2259 1758 2324 1799 ac
2349 1745 2641 1800 virtutibus
2664 1753 3070 1801 consummatus
3110 1745 3260 1801 novit
3282 1745 3349 1800 de
3377 1747 3602 1816 singulis
3626 1758 3834 1802 rectum

578 1859 754 1904 scunt.
809 1849 990 1902 Sancti
1041 1863 1168 1902 vero
1215 1829 1450 1918 quique,
1505 1861 1569 1900 ac
1613 1845 1767 1916 justi,
1813 1844 1961 1899 velut
2007 1841 2156 1896 arida
2190 1829 2234 1889 Β
2261 1835 2802 1907 proferrejudicium.
2833 1831 2986 1892 Sicut
3021 1838 3308 1909 Apostolus
3333 1838 3446 1894 ait:
3475 1857 3496 1890 ι
3536 1840 3842 1910 Spiritualis

578 1941 744 1992 Deum
778 1940 985 1999 sitiunt,
1015 1949 1069 1991 et
1111 1949 1366 2006 tanquam
1404 1936 1553 1990 ferax
1603 1946 1748 1988 terra
1779 1933 2016 1988 virentes
2055 1933 2154 1986 bo-

576 2043 764 2082 norum
802 2042 1023 2096 aperitin
1055 2027 1260 2082 fructus
1287 2027 1592 2097 germinare
1615 2027 1967 2080 contendunt.
2000 2021 2158 2078 Ideo-

575 2132 680 2187 que
729 2118 973 2187 przccipit
1007 2117 1167 2180 Deus,
1218 2128 1277 2170 ut
1319 2117 1507 2171 eodem
1539 2117 1624 2170 die
1650 2115 1980 2186 gerniinaret
2015 2122 2156 2168 terra

579 2210 800 2263 herbam
830 2210 1115 2272 virentem,
1149 2209 1432 2262 facientem
1465 2223 1649 2261 semen
1671 2247 1685 2271 ,
1714 2215 1768 2260 et
1809 2206 2010 2276 lignum
2057 2220 2155 2274 po-

578 2298 829 2352 iiiil'erum
863 2297 1064 2352 faciens
1090 2299 1343 2352 fructum.
1371 2297 1626 2366 Quisquis
1645 2311 1772 2367 ergo
1796 2297 1910 2350 haec
1930 2295 2159 2350 solerter

577 2390 927 2459 exsequitur,
955 2389 1202 2458 quisquis
1243 2389 1357 2443 haec
1399 2388 1666 2442 subtiliter
1696 2386 2004 2453 meditatur,
2035 2386 2158 2442 huic

575 2484 762 2554 procul
797 2483 959 2539 dubio
986 2484 1178 2538 tertius
1191 2481 1302 2551 jam
1331 2484 1446 2537 dies
1474 2481 1738 2538 exoritur.
1777 2481 2157 2553 Unusquisque

575 2589 706 2644 ergo
750 2589 808 2629 se
853 2574 920 2628 ab
965 2589 1150 2628 amara
1205 2575 1499 2629 carnaliter
1525 2574 1847 2644 sapientium
1886 2575 2158 2645 salsugine

575 2665 811 2730 dividat;
843 2645 1048 2720 fontem
1080 2649 1201 2719 vitae
1227 2665 1418 2732 Deum,
1449 2665 1624 2719 factus
1647 2665 1818 2730 arida,
1848 2665 2158 2720 medullitus

576 2758 742 2822 sitiat,
780 2758 1043 2812 bonorum
1076 2758 1346 2813 fructuum
1384 2758 1627 2829 germina
1660 2757 1935 2827 proferat;
1969 2767 2028 2813 ut
2053 2758 2156 2814 sibi

575 2850 692 2904 dies
723 2850 910 2903 tertius
939 2850 1232 2903 illucescat.

648 2937 742 2991 llis
772 2939 916 2992 enim
959 2939 1032 2992 ita
1067 2939 1403 3006 compositis,
1448 2945 1502 2992 et
1540 2938 1829 2993 salubriter
1869 2937 2154 3003 ordinatis,

573 3031 679 3102 61
710 3031 886 3084 anima
922 3029 1179 3096 hominis,
1211 3030 1364 3100 quasi
1395 3029 1612 3085 dimotis
1651 3039 1814 3100 atque
1859 3029 2048 3100 sopitis
2080 3038 2158 3085 le-

576 3122 762 3176 nebris
808 3121 1096 3186 vitiorum,
1144 3121 1332 3190 incipit
1379 3121 1594 3176 radiare
1651 3122 1826 3176 nitore
1873 3123 2150 3176 virtutum.

574 3211 903 3281 Atque'ideo
929 3179 1148 3276 dicitur,
1180 3179 1303 3280 quia
1329 3219 1520 3280 quarto
1551 3211 1637 3267 die
1662 3210 1802 3266 facta
1832 3221 1959 3266 sunt
1992 3211 2152 3265 lumi-
2181 3179 2227 3243 δ

577 3304 729 3356 uaria
761 3303 812 3356 in
846 3304 1186 3358 firmamento
1215 3303 1358 3356 eteli.
1402 3302 1538 3369 Quid
1573 3311 1656 3358 est
1679 3303 1820 3357 enim
1853 3304 1979 3374 quia
2008 3303 2156 3373 prius

574 3394 842 3464 germinat
877 3405 1043 3460 terra,
1074 3405 1128 3450 et
1177 3396 1423 3465 protinus
1467 3395 1752 3450 luminaria
1784 3405 1909 3451 sunt
1949 3405 2153 3462 creata,

577 3485 681 3541 nisi
727 3485 850 3554 quia
893 3473 1196 3556 prodeunte
1238 3488 1479 3556 germine
1525 3487 1650 3542 boni
1703 3488 1906 3557 Operis,
1956 3487 2044 3542 lux
2100 3488 2156 3543 in

578 3577 755 3629 anima
786 3576 1056 3645 copiosior
1084 3576 1278 3642 oritur,
1313 3586 1370 3631 ut
1396 3578 1593 3631 imitari
1621 3577 1796 3632 valeat
1820 3580 1902 3634 sui
1935 3580 2155 3651 vestigia

579 3669 1000 3736 Redemptoris?
1032 3668 1310 3723 Acceleret
1347 3685 1476 3737 ergo
1510 3679 1650 3723 terra
1682 3671 1880 3726 mentis
1908 3672 2158 3728 humanae

574 3759 935 3828 spiritualium
968 3769 1208 3828 segetum
1236 3760 1542 3829 germinare
1571 3767 1911 3829 proventum,
1948 3771 2007 3815 ut
2031 3763 2156 3817 ruti-

574 3849 811 3903 lantibus
858 3852 1059 3904 intimae
1108 3851 1245 3904 lucis
1298 3850 1460 3904 radiis
1510 3851 1840 3918 illiistretur;
1892 3863 2158 3920 quatenus

577 3943 705 3995 dum
751 3943 927 4009 quarti
959 3942 1061 3995 diei
1110 3941 1229 3996 lucc
1259 3941 1580 4009 perfruitur,
1617 3942 1779 3995 etiam
1820 3943 1887 3996 ad
1913 3953 2154 3998 contem-

576 4031 770 4100 planda
824 4031 1067 4085 coelestia
1120 4047 1269 4086 inore
1316 4032 1676 4102 spiritualium
1726 4033 2002 4090 volucrum
2071 4053 2153 4091 rae

576 4122 777 4193 piatur.

650 4212 803 4267 Unde
836 4220 938 4275 est,
970 4211 1112 4280 quod
1141 4211 1192 4264 in
1225 4212 1414 4281 quinto
1453 4211 1538 4265 die
1581 4213 1747 4267 creati
1787 4221 1913 4269 sunt
1943 4216 2120 4285 pisces
2141 4259 2156 4282 ,

576 4319 676 4374 per
702 4319 837 4371 quos
873 4303 1223 4369 designantur
1254 4303 1288 4356 ii
1322 4303 1412 4371 qui
1447 4304 1782 4372 baptismatis
1822 4320 2156 4364 sacramenta

576 4394 922 4462 suscipiunt;
973 4391 1216 4446 volucres
1245 4393 1428 4454 etiam,
1464 4393 1556 4462 qui
1599 4394 1907 4464 signiﬁcant
1943 4413 2036 4451 eos
2067 4399 2158 4467 qui

578 4485 839 4536 virtutum
883 4481 1072 4552 pennis
1115 4482 1179 4534 ad
1218 4482 1457 4536 ctelestia
1489 4498 1547 4537 se
1588 4485 1996 4553 contemplanda
2040 4503 2158 4541 sus-

578 4576 836 4646 pendunt.
871 4570 1125 4644 Quintum
1168 4589 1295 4643 ergo
1331 4574 1621 4642 diem,cum
1653 4575 1962 4631 volucribus
1995 4577 2156 4634 habet

578 4666 844 4741 quisquis,
875 4664 1057 4719 saeculi
1092 4665 1247 4735 hujus
1286 4681 1472 4722 amore
1499 4675 1831 4736 contempto,
1874 4669 2028 4738 quasi
2059 4669 2156 4723 de-

580 4759 832 4827 dignatur
860 4771 1073 4811 cmiiiiiii
1106 4756 1318 4811 calcare
1350 4766 1642 4819 terrenum,
1687 4771 1751 4813 ac
1785 4771 1882 4828 per
1909 4768 2156 4815 eontem-

579 4849 833 4918 plationis
860 4849 1090 4915 gratiam
1133 4849 1199 4903 ad
1228 4850 1461 4904 cmlestis
1488 4850 1670 4918 gloriae
1709 4865 1767 4905 se
1791 4852 2039 4919 provehit
2062 4868 2157 4923 ap-

582 4938 832 5009 petitum.
875 4938 974 4992 Hic
1014 4939 1196 5010 itaque
1225 4955 1332 4994 non
1362 4938 1476 5008 jam
1509 4941 1561 4994 in
1593 4948 1737 4995 terra
1766 4942 2029 5012 graditur,
2061 4947 2154 4999 sed

579 5047 679 5103 per
711 5045 892 5085 aerem
944 5031 1086 5086 volat
1111 5051 1122 5087 :
1147 5033 1270 5102 quia
1307 5041 1519 5086 terrena
1561 5048 1789 5101 quaeque
1831 5033 2154 5104 despiciens,

581 5123 647 5178 ad
683 5123 924 5177 caelestia
964 5125 1267 5179 sitibundus
1312 5123 1550 5179 anhelat.
1580 5145 1596 5176 i
1638 5125 1841 5190 Sitivit,
1888 5127 2154 5196 inquiens,

582 5221 758 5271 anima
791 5231 908 5270 mea
937 5217 1004 5270 ad
1034 5215 1200 5271 Deum
1234 5217 1438 5271 fontem
1463 5217 1894 5288 vivum;quando
1920 5221 2157 5286 veniam,

585 5315 637 5358 et
666 5307 934 5376 apparebo
964 5315 1090 5359 ante
1116 5305 1307 5359 faciem
1340 5305 1471 5360 Dei?
1495 5327 1513 5359 ι
1545 5304 1716 5376 (Psal.
1749 5309 1880 5380 xu).
1906 5308 2004 5364 l-Iic
2031 5323 2159 5384 ergo

589 5399 737 5462 quasi
769 5400 850 5449 vir
878 5396 1146 5466 perfectus
1187 5396 1251 5448 ad
1283 5397 1364 5449 sui
1393 5397 1702 5451 Conditoris
1729 5399 1921 5453 merito
1959 5396 2162 5454 {orma-

589 5498 675 5538 tiir
699 5488 1009 5557 imaginem,
1035 5485 1287 5540 nimirum
1305 5483 1398 5554 qui
1419 5493 1619 5539 tantam
1641 5482 2002 5552 spiritualium
2027 5483 2157 5537 cha-

590 5579 870 5630 risiuatiiin
916 5578 1154 5644 possidet
1183 5576 1524 5646 dignitatem,
1566 5584 1624 5630 ut
1651 5591 1758 5632 non
1795 5577 1906 5645 jam
1947 5575 2156 5632 solum-

589 5671 747 5722 modo
818 5673 1184 5740 qiioruiiilibet
1248 5686 1488 5726 normam
1563 5669 1906 5742 praecipiatur
1974 5677 2156 5725 tenere

586 5769 921 5828 sanctorum,
965 5763 1061 5818 sed
1090 5771 1145 5819 et
1183 5763 1355 5833 ipsum
1387 5761 1507 5831 Dei,
1541 5763 1592 5818 in
1625 5771 1883 5834 quantum
1923 5763 2001 5819 fas
2045 5769 2150 5828 est,

2183 4528 2235 4588 D

2260 1933 2440 1981 autem
2469 1926 2676 1996 judicat
2694 1927 2898 1993 omnia,
2944 1928 3060 1997 ipse
3099 1936 3279 1982 autem
3326 1942 3357 1982 a
3387 1929 3603 1986 nemine
3633 1930 3843 2000 judica-

2261 2027 2347 2072 tur
2366 2018 2420 2089 (Ι
2445 2019 2568 2073 Cor.
2590 2019 2674 2090 ii).
2719 2037 2738 2072 ι
2764 2018 2902 2074 Hinc
2925 2021 3108 2090 itaque
3133 2021 3276 2076 Deus
3300 2022 3638 2092 omnipotens
3663 2025 3840 2079 viruiii

2257 2111 2458 2166 mundo
2509 2111 2716 2166 scilicet
2761 2121 3058 2177 mortuum,
3093 2110 3306 2182 sibique
3351 2113 3634 2181 viventem,
3684 2132 3842 2170 suum

2258 2203 2538 2257 constituit
2565 2204 2839 2270 thronum,
2880 2220 2944 2259 ac
2985 2220 3084 2274 per
3117 2221 3241 2261 eum
3288 2220 3430 2276 saepe
3471 2206 3694 2278 iustitiae
3729 2223 3844 2264 sua

2258 2295 2562 2365 promulgat
2589 2295 2843 2351 edictum.
2895 2296 3032 2352 Hinc
3063 2305 3148 2352 est
3172 2298 3357 2362 etiam,
3386 2299 3531 2368 quod
3575 2299 3710 2355 ordo
3755 2299 3844 2356 illo

2259 2385 2531 2454 angelicus
2557 2399 2654 2454 per
2680 2399 2840 2455 quem
2865 2385 3203 2456 fieqiieiitius
3240 2386 3442 2454 judicia
3471 2403 3569 2443 sua
3598 2389 3845 2444 decernit

2258 2476 2598 2546 omnipotens
2625 2478 2784 2545 Deus,
2811 2478 3036 2532 thronus
3059 2489 3281 2533 vocatur
3303 2499 3316 2532 :
3341 2481 3467 2550 quia
3493 2481 3545 2534 in
3574 2482 3656 2535 eis
3687 2495 3842 2536 suin-

2261 2581 2380 2621 nius
2404 2567 2610 2623 arbiter
2635 2570 2906 2638 praesidet,
2929 2584 3052 2624 cum
3091 2570 3290 2640 judicia
3319 2585 3415 2640 per
3437 2586 3532 2627 eos
3573 2573 3844 2646 aequitatis

2259 2667 2495 2712 exercet.
2524 2657 2826 2714 Perfectum
2859 2660 3038 2730 itaque
3067 2661 3243 2715 virum
3277 2661 3415 2717 Dens
3442 2651 3602 2717 suuni
3640 2665 3844 2719 consti-

2260 2749 2360 2803 tuit
2386 2749 2598 2815 solium,
2648 2763 2706 2804 ut
2737 2752 2788 2806 in
2815 2767 2880 2806 eo
2921 2752 3158 2808 suaviter
3191 2763 3512 2823 requiescat.
3547 2755 3698 2811 Unde
3743 2771 3844 2827 per

2259 2845 2576 2914 prophetam
2603 2863 2617 2899 :
2647 2863 2668 2897 r
2701 2846 2875 2919 Super
2908 2863 3086 2918 quem,
3117 2850 3306 2918 inquit.
3340 2853 3640 2922 requiescet
3668 2855 3846 2925 Spiri-

2261 2941 2348 2992 tus
2375 2950 2546 3000 meus,
2569 2937 2670 2992 nisi
2698 2954 2859 3009 super
2886 2939 3162 3006 humilem,
3191 2950 3245 2995 et
3267 2951 3627 3010 mansuetum,
3648 2953 3706 3000 et
3734 2955 3845 3001 tre-

2258 3037 2492 3082 mentem
2523 3043 2803 3084 sermones
2831 3031 3022 3085 mens?
3057 3049 3073 3082 i
3111 3031 3246 3103 (Isa.
3280 3034 3452 3105 mm.)

2330 3117 2400 3173 Et
2424 3119 2742 3185 notandum,
2773 3122 2913 3190 quod
2939 3137 3037 3193 per
3058 3139 3494 3197 unumquemque
3531 3128 3671 3183 diem
3702 3130 3842 3186 dici-

2261 3215 2348 3262 tur
2372 3227 2384 3262 :
2412 3209 2633 3264 Factum
2661 3220 2743 3265 est
2773 3226 3011 3281 vespere,
3041 3221 3095 3267 et
3123 3229 3320 3271 mane:
3353 3231 3573 3287 vespere
3593 3219 3700 3289 62
3730 3221 3840 3275 sci-

2255 3297 2381 3354 licet
2409 3299 2522 3370 ipsa
2551 3301 2672 3356 boni
2709 3303 2887 3372 operis
2925 3310 3008 3358 est
3047 3302 3324 3374 perfectio,
3377 3320 3534 3360 inane
3577 3323 3706 3363 vero
3746 3308 3842 3365 lux

2255 3391 2472 3446 mentis.
2499 3390 2631 3445 Nam
2654 3407 2775 3446 cum
2804 3392 3002 3447 bonum
3029 3409 3165 3464 Opus
3189 3396 3432 3465 pervenit
3460 3398 3526 3450 ad
3552 3397 3840 3468 perfectio-

2255 3495 2402 3547 nem,
2436 3490 2563 3536 tunc
2589 3481 2642 3536 in
2681 3485 2956 3551 operantis
2986 3492 3163 3538 incute
3203 3484 3294 3539 lux
3324 3486 3511 3555 gratia:
3540 3487 3841 3555 spiritualis

2228 3575 2536 3639 exoritur;
2571 3584 2631 3629 ut
2655 3574 2780 3629 dum
2811 3590 2946 3644 opus
2973 3575 3104 3630 foris
3130 3577 3463 3648 exsequitur,
3515 3579 3841 3638 intrinsecus

2257 3663 2371 3734 ipse
2394 3664 2568 3735 gratia
2601 3665 2836 3735 Spiritus
2866 3666 3182 3722 illiistretiir.

2327 3752 2421 3808 Sic
2463 3754 2642 3823 itaque
2671 3756 2982 3825 pervenitur
3009 3756 3076 3811 ad
3119 3757 3438 3822 Sabhatum,
3469 3759 3521 3813 in
3547 3775 3653 3830 quo
3696 3761 3841 3819 Dens

2255 3853 2312 3899 et
2335 3845 2450 3914 ipse
2473 3847 2861 3902 consummatis
2881 3847 3134 3916 Operibus
3156 3849 3464 3918 requiescit,
3488 3860 3543 3905 et
3557 3852 3837 3909 hominem

2257 3936 2601 4005 requiescere
2644 3937 2906 4007 praecipit.
2948 3936 3062 3992 Hoc
3089 3939 3271 4008 itaque
3311 3939 3470 3995 modo
3497 3950 3553 3995 et
3582 3942 3744 3999 homo
3778 3944 3840 3999 fit

2259 4026 2552 4082 Sabbatiim
2581 4027 2700 4094 Dei,
2729 4037 2785 4084 et
2831 4029 2972 4084 Deus
2998 4028 3291 4084 Sabbatum
3324 4031 3558 4088 hominis
3583 4049 3598 4100 ;
3630 4049 3754 4088 cum
3785 4044 3843 4091 et

2259 4117 2372 4187 ipse
2402 4118 2455 4171 in
2491 4118 2622 4182 Deo,
2651 4127 2706 4174 ct
2737 4121 2877 4174 Deus
2902 4121 3192 4190 requiescit
3221 4123 3273 4176 in
3300 4138 3385 4178 eo.
3427 4142 3447 4176 ι
3500 4123 3728 4192 Manete,
3758 4127 3842 4181 iii-

2258 4209 2393 4277 quit,
2419 4209 2471 4263 in
2503 4225 2587 4263 me
2615 4218 2668 4263 et
2689 4224 2789 4281 ego
2827 4211 2879 4264 in
2910 4213 3060 4266 vobis
3081 4213 3262 4284 (Jaan.
3289 4225 3399 4286 XV).
3442 4235 3461 4266 ι
3493 4215 3608 4286 Ipse
3632 4219 3837 4288 quippe

2261 4300 2415 4353 nobis
2443 4310 2496 4353 et
2527 4301 2876 4368 intemporale
2899 4312 3126 4372 tempus,
3170 4313 3224 4358 et
3271 4304 3493 4360 illocalis
3534 4305 3620 4361 est
3664 4307 3840 4365 locus-

2260 4389 2485 4443 lllocalis
2507 4390 2731 4454 scilicet,
2761 4392 2884 4460 quia
2912 4409 3015 4448 non
3043 4395 3541 4462 circumscribitur;
3572 4397 3842 4470 intempo-

2262 4479 2411 4546 ralis,
2433 4481 2556 4551 quia
2581 4497 2852 4552 nunquam
2877 4484 3078 4539 linitur.
3103 4485 3337 4555 Tempus
3357 4488 3536 4557 itaque
3557 4489 3710 4544 nobis
3729 4503 3840 4558 est,

2260 4572 2388 4626 dum
2415 4573 2543 4628 dicit
2568 4593 2581 4628 :
2602 4591 2621 4626 ι
2641 4574 2827 4631 Nonne
2852 4577 3129 4632 duodecim
3144 4579 3293 4632 horae
3318 4579 3594 4633 suntdiei?
3612 4597 3631 4632 ο
3652 4581 3835 4651 (Joan.

2260 4666 2364 4735 xr.)
2391 4665 2461 4720 Se
2488 4666 2692 4722 scilicet
2719 4668 2880 4732 diem,
2902 4669 3180 4724 duodecim
3218 4679 3398 4725 autem
3431 4671 3593 4727 horas
3616 4673 3838 4730 totidem

2259 4755 2391 4811 dicit
2419 4759 2710 4825 apostolos.
2729 4757 2901 4813 Locus
2921 4775 3050 4814 vero
3077 4759 3184 4813 illic
3205 4761 3570 4816 indubitanter
3582 4765 3839 4832 exprimi-

2261 4857 2365 4914 tur,
2385 4849 2472 4903 ubi
2496 4848 2758 4919 Propheta
2781 4866 2901 4904 cum
2925 4851 3270 4920 praemisisset
3297 4869 3310 4906 :
3337 4872 3358 4904 ι
3392 4853 3470 4907 Tn
3492 4861 3673 4908 autem
3695 4855 3834 4911 idem

2257 4939 2372 5008 ipse
2395 4955 2474 5004 es,
2499 4949 2553 4994 et
2575 4942 2699 4993 anni
2725 4942 2796 4994 tui
2821 4956 2922 4996 non
2953 4941 3239 5006 deficient;
3276 4961 3294 4993 ι
3321 4944 3565 5014 protinus
3598 4945 3834 5001 addidit:

2267 5050 2284 5080 ι
2309 5029 2429 5085 Filii
2464 5046 2740 5086 servorum
2784 5042 2994 5085 tiiornni
3042 5031 3354 5087 habitabant
3396 5033 3466 5087 ibi
3491 5031 3661 5103 (Psal.
3688 5033 3785 5107 Cl),
3811 5056 3831 5088 ι

2262 5120 2402 5176 haud
2423 5119 2644 5180 dubium
2664 5121 2793 5192 quin
2825 5122 2876 5174 in
2911 5131 2978 5177 te.
3003 5122 3154 5179 Fecit
3182 5124 3365 5193 itaque
3395 5125 3531 5178 Deus
3557 5124 3753 5179 caelum
3779 5136 3838 5180 et

2263 5219 2481 5274 terrain,
2511 5221 2566 5266 et
2592 5213 2917 5281 requievisse
2937 5229 3043 5268 non
3070 5214 3302 5268 dicitur:
3330 5214 3457 5270 fecit
3476 5215 3836 5284 germinantia

2261 5311 2419 5356 terra!
2445 5309 2501 5356 et
2527 5301 2809 5358 luminaria
2836 5304 2980 5370 εαξη,
3009 5315 3063 5360 et
3099 5308 3425 5376 requievisse
3459 5325 3567 5364 non
3594 5308 3793 5365 dicitur
3817 5329 3830 5364 :

2260 5390 2386 5447 fecit
2405 5394 2584 5448 omnia
2613 5409 2730 5464 quas
2750 5405 3045 5464 pascuntur
3068 5397 3121 5451 in
3146 5400 3328 5461 terris,
3362 5402 3440 5453 vel
3475 5415 3595 5470 quae
3614 5415 3838 5456 moven-

2262 5487 2353 5533 tur
2381 5480 2435 5534 in
2466 5481 2640 5548 aquis.
2667 5491 2724 5535 et
2752 5481 2804 5534 in
2841 5481 3094 5538 omnibus
3119 5483 3204 5539 his
3229 5499 3496 5553 nusquam
3530 5485 3726 5554 legitur
3748 5503 3842 5540 re-

2262 5574 2567 5644 quievisse;
2593 5575 2684 5629 sed
2707 5575 2974 5646 plasmato
2997 5574 3064 5630 ad
3090 5577 3376 5648 imaginem
3401 5592 3558 5633 suam
3590 5577 3836 5646 homine,

2265 5666 2561 5722 Sabbatiim
2585 5668 2829 5738 pI'OIIlll’S
2848 5668 3047 5738 quietis
3068 5668 3263 5737 illuxit,
3289 5681 3342 5724 et
3362 5671 3442 5725 sic
3461 5671 3842 5729 universitatis

2259 5759 2524 5818 Conditor
2550 5761 2839 5832 requievit;
2869 5771 3071 5818 etcum
3114 5763 3229 5832 ipse
3259 5778 3354 5834 per
3390 5763 3711 5834 prophetam
3745 5763 3840 5820 di-
