4140 6456
373 383 480 440 265

1603 373 1802 430 LIBER
1841 373 2220 440 SECUNDUS,
2256 373 2474 430 EPIST.
2507 372 2570 428 V.

3506 375 3610 432 266

373 503 500 554 eat:
536 512 554 546 ι
587 493 793 548 (mlum
839 490 971 546 mihi
1009 498 1165 546 sedes
1193 498 1297 554 est,
1341 498 1485 545 terra
1521 497 1700 544 autem
1738 488 1941 544 scabel-
1969 492 2020 551 Α
2042 486 2313 542 Creatoris
2354 487 2438 541 sui
2467 486 2588 541 luce
2614 484 2928 556 perfruitur,
2953 499 3072 554 quae
3121 485 3467 543 vcrnantibus
3495 490 3608 542 vir-

375 587 487 642 ium
515 583 708 652 pedum
737 594 980 634 meorum
1011 578 1146 649 (Ira.
1180 578 1366 648 var);
1405 596 1426 630 ι
1457 576 1601 646 quod
1646 577 1700 631 in
1731 577 1944 630 illorum

374 673 684 732 conditione
723 686 831 724 non
876 669 1092 734 dicitur,
1133 669 1186 722 in
1216 667 1328 722 sola
1365 667 1948 722 hominis'conditione

375 761 644 833 quievisse
665 757 982 829 perhibetur
1005 775 1020 823 ;
1052 767 1107 813 et
1127 766 1184 811 ut
1204 757 1374 828 magis
1400 772 1466 811 ac
1486 756 1657 827 magis
1681 756 1946 826 insignem

375 854 536 923 hujus
558 853 664 908 diei
688 861 907 921 stupeas
926 849 1264 920 dignitatem,
1281 849 1408 903 dicit
1428 847 1705 918 Scriptura
1729 864 1744 902 :
1775 865 1792 899 ι
1811 846 1947 913 Quia

377 941 657 1000 benedixit
686 939 832 995 Deus
857 938 961 993 diei
983 938 1230 1008 septimo,
1274 944 1331 992 et
1375 935 1732 992 sanctificavit
1776 934 1946 1002 illum,

377 1032 506 1103 quia
538 1031 591 1085 in
619 1029 736 1099 ipso
761 1036 1066 1084 cessaverat
1102 1025 1172 1082 ab
1202 1027 1451 1080 universo
1477 1039 1640 1094 opere
1664 1039 1764 1080 suo
1791 1023 1946 1095 (Gen.

377 1123 474 1195 tt):
511 1143 530 1175 ι
565 1122 709 1192 quod
735 1121 790 1176 in
819 1119 1025 1175 caeteris
1046 1117 1236 1173 diebus
1285 1116 1479 1172 fecisse
1502 1115 1650 1172 nullo
1675 1114 1834 1170 modo
1859 1129 1948 1171 re-

379 1213 608 1285 peritur.
637 1212 777 1280 Quid
815 1219 900 1266 est
943 1209 1087 1265 enim
1132 1208 1239 1263 Deo
1269 1207 1563 1262 Sabbatum
1589 1205 1949 1270 sanctificare,

379 1304 481 1361 nisi
528 1303 782 1372 templum
811 1299 1028 1356 sibimet
1069 1297 1124 1352 in
1169 1297 1341 1352 sancti
1383 1304 1546 1366 atque
1591 1293 1815 1364 perfecti
1847 1293 1951 1350 viri

383 1404 562 1449 mente
607 1401 920 1448 construere
945 1386 968 1441 ἲ
991 1388 1143 1444 Sicut
1169 1397 1225 1442 et
1250 1385 1570 1456 Apostolus:
1596 1404 1614 1438 ι
1649 1383 1951 1466 Templum,

380 1487 481 1551 ait,
514 1485 627 1550 Dei,
661 1483 803 1552 quod
826 1481 956 1536 estis
984 1495 1099 1546 vos,
1124 1488 1181 1535 et
1222 1477 1454 1549 Spiritus
1494 1483 1716 1533 sanctus
1743 1474 1954 1530 habitat

382 1577 436 1634 in
463 1577 618 1632 vobis
644 1575 696 1646 (Ι
725 1575 847 1628 Cor.
873 1572 978 1641 ut).
1017 1591 1036 1624 s

447 1666 615 1722 Porro
639 1674 818 1720 autem
845 1664 985 1720 sicut
1007 1662 1075 1717 de
1094 1660 1329 1716 Sabhato
1353 1659 1606 1725 diximus,
1642 1659 1717 1713 ita
1743 1672 1955 1727 quoque

383 1755 520 1812 ratio
571 1754 740 1824 exigit
784 1766 845 1808 ut
895 1752 962 1807 de
995 1751 1192 1822 templo
1225 1751 1469 1806 dicamus
1493 1790 1509 1815 ,
1551 1749 1680 1819 quia
1709 1755 1767 1802 et
1810 1747 1953 1802 Deus

2050 583 2221 630 tutum
2253 575 2611 646 spiritualium
2645 575 2978 646 germinibus
3005 577 3307 642 decoratur,
3323 593 3498 646 -quam
3523 581 3606 635 de.

2047 663 2210 733 nique
2233 663 2353 719 fons
2374 664 2647 734 sapientia:
2664 662 3051 733 proﬂuentihus
3074 679 3138 718 ex
3164 680 3224 721 se
3244 676 3473 734 quatuor
3493 683 3612 738 gur-

2047 753 2246 825 gitibus
2283 755 2489 826 irrigat,
2519 765 2682 824 atque
2701 755 2768 808 ad
2809 753 3161 824 proferendos
3195 758 3453 812 bonorum
3489 773 3614 828 ope-

2049 860 2167 898 rum
2205 843 2413 900 fructus
2444 844 2678 900 caelestis
2719 844 2906 915 gratia:
2937 845 3155 900 madore
3181 844 3432 901 fecundat
3462 848 3617 905 :hrec

2045 933 2413 1004 proculdubio
2449 935 2752 1004 paradisus,
2779 936 2895 992 haec
2932 945 3013 991 est
3058 937 3246 992 hortus
3278 937 3614 1004 deliciarum,

2048 1024 2117 1078 de
2132 1039 2236 1094 qua
2250 1026 2508 1081 Dominus
2527 1042 2622 1097 per
2635 1027 2827 1082 Isaiam
2841 1028 2999 1083 dicit:
3024 1048 3041 1080 ι
3061 1029 3342 1085 Effundam
3366 1032 3616 1102 spiritum
3710 1063 3730 1081 ρ

2047 1125 2227 1166 meum
2252 1128 2412 1184 super
2435 1127 2620 1170 semen
2667 1124 2836 1182 tuum,
2877 1126 2932 1172 et
2967 1117 3396 1175 benedictionem
3440 1135 3616 1176 meam

2049 1217 2211 1271 super
2259 1204 2481 1274 stirpem
2533 1214 2698 1269 tuam,
2726 1215 2781 1261 et
2821 1208 3196 1278 germinabunt
3233 1212 3374 1267 inter
3421 1213 3622 1270 herbas

2049 1293 2202 1362 quasi
2218 1292 2408 1348 salices
2426 1291 2581 1360 juxta
2613 1295 3032 1364 prmterlluentes
3061 1313 3227 1368 aquas
3248 1299 3381 1371 (Isa.
3411 1300 3610 1374 xuv)»

2049 1383 2202 1438 Tunc
2229 1384 2327 1450 illi,
2359 1387 2499 1454 quod
2529 1402 2624 1455 per
2646 1387 2782 1444 Osee
2808 1390 3122 1459 prophetam
3147 1393 3498 1460 promittitur,
3533 1393 3617 1451 ef-

2051 1473 2684 1546 ﬁcaciteradimpleturu
2717 1479 2822 1535 Ero
2851 1482 3004 1551 quasi
3030 1497 3138 1548 ros,
3163 1483 3323 1539 lsrael
3349 1489 3619 1556 gemina-

2050 1567 2131 1622 bit
2164 1567 2318 1636 quasi
2368 1567 2560 1638 lilium,
2588 1579 2643 1625 et
2670 1581 2914 1641 erumpet
2949 1574 3100 1628 radix
3130 1573 3244 1642 ejus
3273 1586 3332 1631 ut
3383 1576 3571 1634 Libani
3604 1598 3622 1637 ι

2052 1653 2205 1710 ibunt
2231 1656 2369 1711 rami
2392 1655 2528 1725 ejus,
2556 1667 2612 1713 et
2652 1659 2756 1714 erit
2802 1661 2957 1729 quasi
3004 1661 3143 1718 oliva
3192 1663 3361 1735 gloria
3405 1665 3544 1735 ejus.
3570 1678 3627 1724 et

2053 1744 2187 1800 odor
2214 1745 2330 1815 ejus
2357 1756 2415 1802 ut
2440 1747 2650 1804 Libani.
2677 1749 3068 1806 Convertentur
3092 1756 3339 1810 sedentes
3353 1757 3406 1812 in
3432 1761 3623 1814 umbra

393 1843 647 1914 templum
674 1842 926 1908 hominis,
952 1849 1008 1896 et
1042 1841 1203 1897 homo
1229 1847 1314 1895 est
1359 1839 1614 1909 templum
1648 1837 1774 1902 Dei;
1820 1837 1960 1892 sicut
1985 1828 2032 1890 B
2058 1833 2204 1903 ejus;
2234 1837 2415 1892 vivent
2462 1839 2664 1904 tritico,
2698 1849 2753 1895 et
2802 1841 3178 1911 germinahunt
3226 1847 3382 1914 quasi
3421 1847 3623 1916 vinea;

386 1935 443 1990 in
471 1932 789 2004 Apocalypsi
831 1931 1057 1987 Joannis
1079 1931 1312 1986 dicitur:
1341 1947 1360 1980 ι
1392 1928 1673 1998 Templum
1701 1942 1808 1983 non
1845 1926 1955 1982 vidi

381 2025 438 2080 in
463 2038 548 2080 ea.
584 2025 842 2079 Dominus
871 2024 1012 2078 enim
1042 2023 1183 2077 Deus
1224 2020 1562 2090 omnipotens
1593 2018 1848 2088 templum
1890 2015 1956 2072 il-

381 2112 485 2168 lius
524 2119 629 2176 est,
671 2119 726 2166 et
763 2125 934 2181 agnus
976 2109 1158 2181 (Apoc.
1205 2107 1341 2179 xxi).
1376 2125 1396 2158 ι
1449 2105 1729 2175 Templum
1776 2105 1958 2175 itaque

385 2200 620 2258 hominis
647 2200 786 2270 Deus
804 2240 820 2265 ,
848 2199 1103 2270 templum
1129 2199 1224 2255 Dei
1254 2199 1314 2253 lit
1340 2198 1517 2254 homo.
1563 2195 1676 2253 Hoc
1722 2197 1958 2252 hominis

385 2291 640 2362 templum
687 2290 984 2361 spiritualis
1031 2297 1115 2346 est
1169 2288 1490 2359 paradisus,
1543 2300 1697 2342 mens
1755 2285 1960 2342 scilicet

382 2388 592 2446 sancta,
638 2392 792 2433 mens
838 2377 1096 2448 perfecta,
1147 2375 1543 2446 mens‘munda,
1587 2383 1749 2445 atque
1777 2374 1844 2430 ad
1875 2373 1960 2429 sui

381 2468 690 2525 Conditoris
717 2468 1003 2539 imaginem
1046 2468 1321 2538 signanter
1361 2480 1638 2535 expressa.
1684 2465 1828 2528 Hinc,
1873 2464 1958 2518 in-

383 2574 566 2630 quam,
596 2575 766 2622 mens,
793 2560 907 2613 sive
930 2558 1209 2613 rationalis
1243 2558 1440 2621 anima,
1467 2557 1590 2626 jure
1618 2556 1816 2612 dicitur
1858 2569 1958 2625 pa-

385 2651 619 2716 radisus,
647 2665 767 2722 qua:
787 2657 843 2705 et
867 2650 1163 2705 coalestium
1191 2649 1576 2704 charismatum
1613 2655 1698 2702 est
1741 2645 1961 2701 fluentis

385 2739 607 2811 irrigua,
637 2748 694 2795 et
741 2747 993 2809 tanquam
1042 2738 1299 2795 fertilium
1337 2739 1591 2794 arborum
1627 2735 1714 2792 vel
1759 2735 1960 2792 herba-

385 2841 527 2894 rum,
555 2826 637 2883 sic
659 2826 960 2883 virentibus
987 2835 1297 2882 sanctarum
1332 2825 1590 2882 virtutum
1628 2831 1814 2880 vernat
1841 2837 1962 2894 ger-

386 2913 622 2970 minibus
641 2914 922 2971 adornata.
952 2914 1096 2971 Fons
1127 2915 1272 2970 enim
1307 2913 1415 2980 ille,
1454 2913 1568 2969 sive
1595 2910 1822 2977 ﬂuvius.
1869 2911 1964 2981 qui

385 3003 497 3060 illic
520 3005 716 3060 dicitur
738 3005 919 3076 egredi
956 3007 1023 3060 de
1059 3005 1177 3060 loco
1204 3004 1495 3074 voluptatis
1519 3003 1588 3059 ad
1633 3001 1963 3073 irrigandum

387 3093 720 3165 paradisum,
745 3095 945 3165 quique
967 3094 1223 3149 dividitur
1249 3093 1301 3146 in
1343 3100 1573 3162 quatuor
1601 3091 1796 3160 capita,
1825 3088 1964 3145 ratio

2054 1931 2367 1984 tnemoriale
2419 1929 2535 2000 ejus
2591 1933 2732 1988 sicut
2787 1935 2966 1989 vinum
3015 1935 3204 1993 Libani
3233 1939 3378 2008 (Ose.
3423 1942 3558 2011 xlv).
3601 1963 3622 1996 ι

2054 2016 2207 2073 Hanc
2234 2019 2398 2088 igitur
2431 2021 2684 2086 animam,
2711 2021 2848 2076 sicut
2888 2023 2954 2078 de
2980 2025 3215 2080 Sabbato
3240 2028 3456 2098 legitur,
3487 2031 3627 2089 Dens

2051 2105 2396 2175 omnipotens
2422 2107 2720 2163 sanctificat
2746 2117 2800 2164 et
2825 2110 3110 2176 bcncdicit,
3141 2113 3270 2169 etin
3300 2129 3363 2169 ea
3390 2117 3624 2175 delecta-

2053 2193 2234 2251 biliter
2253 2197 2563 2266 requiescit.
2588 2195 2715 2278 Haec
2739 2199 3002 2269 siquidem
3029 2217 3156 2258 vere
3175 2202 3490 2275 Sabbatum,
3516 2210 3630 2267 haec

2056 2285 2335 2356 templum,
2363 2287 2476 2342 haec
2503 2288 2584 2344 sui
2609 2289 2880 2346 Creatoris
2908 2300 2992 2346 est
3011 2296 3396 2353 sanctuarium.

2127 2371 2297 2430 Porro
2322 2383 2501 2429 autem
2541 2375 2679 2432 sicut
2705 2375 2996 2449 Egyptum
3031 2385 3297 2452 percussit
3334 2386 3486 2458 plaga
3515 2405 3630 2445 mu-

2059 2477 2274 2518 scarum
2303 2463 2971 2534 (Exod.vm),lsraeliticus
2999 2483 3178 2529 autem
3227 2478 3454 2546 populus
3477 2495 3630 2536 accc.

2059 2553 2139 2621 pit
2158 2551 2210 2606 in
2234 2568 2458 2609 munere
2481 2553 2795 2623 Sabhatum,
2823 2558 2897 2613 ita
2918 2575 3132 2630 semper
3150 2572 3204 2617 et
3225 2567 3453 2633 reprobo
3479 2585 3631 2626 mens

2059 2639 2214 2694 avide
2234 2654 2330 2711 per
2359 2641 2543 2695 mundi
2597 2641 2756 2712 hujus
2783 2645 2991 2715 negotia
3023 2647 3260 2716 inquieta
3293 2650 3628 2722 diffunditur,

2059 2737 2116 2785 et
2135 2728 2315 2783 anima
2339 2738 2524 2784 sancta
2581 2730 2633 2784 in
2661 2731 2771 2786 sola
2798 2733 2879 2788 sui
2909 2732 3285 2806 Redemptoris
3320 2741 3632 2809 quietudine

2061 2819 2375 2876 delectatur.
2404 2819 2539 2876 Hinc
2564 2831 2668 2888 est,
2691 2825 2830 2892 quod
2861 2839 2964 2880 non
2997 2823 3143 2890 alibi,
3165 2826 3258 2883 sed
3288 2829 3340 2884 in
3370 2829 3632 2889 fleblatha

2062 2923 2158 2964 rex
2191 2908 2476 2980 Babylonis
2498 2908 2737 2965 Sedecite
2764 2911 2900 2968 ﬁlios
2923 2913 3231 2980 trucidavit,
3263 2925 3318 2972 et
3341 2926 3460 2988 post
3489 2918 3633 2987 ejus-

2063 2999 2185 3055 dem
2230 3000 2415 3055 oculos
2458 3001 2600 3055 eruit
2626 3000 2732 3072 (IV
2764 3001 2894 3074 Reg.
2927 3019 3033 3061 xxv
3057 3006 3096 3078 ).
3123 3005 3288 3062 Plane
3319 3010 3443 3064 dum
3483 3008 3631 3066 Scri-

2061 3095 2222 3158 ptura
2263 3101 2417 3144 sacra
2462 3089 2698 3145 Sedeciaa
2753 3091 3118 3160 captivitatem
3152 3104 3353 3162 narrat,
3389 3099 3634 3156 ordinem

391 3183 590 3240 mentis
614 3193 726 3252 est,
757 3199 824 3238 ex
872 3198 998 3254 qua,
1041 3181 1185 3238 velut
1229 3180 1474 3252 originali
1513 3179 1680 3246 fonte,
1737 3166 2039 3249 quatuorC
2067 3181 2391 3251 captivitatis
2442 3181 2669 3237 interna:
2720 3183 3019 3239 denuntiat.
3073 3183 3190 3240 Rex
3233 3187 3430 3258 quippe
3466 3189 3637 3262 Baby-

387 3275 640 3340 virtutes,
659 3274 870 3345 justitia
907 3274 1186 3338 videlicet,
1233 3272 1492 3328 fortitudo
1517 3312 1533 3339 ,
1588 3270 1874 3342 prudentia
1911 3279 1968 3327 et

389 3365 774 3434 temperantia,
822 3363 976 3434 quasi
1018 3363 1241 3418 totidem
1283 3360 1545 3418 salutiferi
1591 3361 1699 3433 33
1733 3359 1970 3431 gurgites

394 3452 686 3524 profluunt,
713 3455 804 3524 qui
834 3463 1033 3508 terram
1057 3453 1224 3508 nostri
1253 3451 1432 3507 cordis
1453 3449 1685 3506 fertilem
1717 3449 1966 3504 reddunt.

392 3531 623 3614 Lignum
669 3557 798 3598 vero
823 3543 948 3597 vitaz
992 3542 1107 3612 ipsa
1145 3540 1410 3596 bonorum
1450 3546 1536 3593 est
1579 3538 1866 3608 sapientia,
1902 3536 1970 3592 de

394 3641 499 3702 qua
546 3639 600 3685 et
645 3630 896 3686 Salomon
948 3629 1064 3684 ait:
1098 3646 1118 3681 ι
1152 3628 1377 3700 Lignum
1423 3625 1546 3680 vita:
1596 3634 1680 3680 est
1723 3624 1824 3691 his,
1876 3623 1969 3694 qui

392 3719 866 3789 apprehenderunt
907 3732 1027 3772 eam
1054 3755 1070 3781 ,
1108 3725 1163 3772 et
1201 3716 1292 3784 qui
1339 3712 1573 3770 tenuerit
1623 3727 1744 3768 eam
1783 3713 1971 3768 beatus

394 3806 576 3877 (Prov.
619 3808 725 3879 ιιι).
763 3829 782 3862 ι
833 3808 1058 3880 Lignum
1103 3821 1234 3861 vero
1275 3805 1513 3862 scientiae
1559 3803 1682 3859 boni
1730 3812 1783 3858 et
1822 3803 1970 3870 mali,

395 3900 753 3971 transgressio
775 3909 856 3955 est
880 3899 1015 3970 legis
1044 3897 1275 3962 indictaa,
1304 3896 1840 3965 experimentumque
1867 3894 1970 3947 mi-

394 3989 570 4046 seriae.
599 3989 704 4044 Sed
733 3989 857 4058 quia
881 3989 1034 4043 nobis
1078 3985 1411 4058 propositum
1460 4001 1563 4041 non
1592 3994 1674 4040 est
1700 3999 1972 4054 exponere

395 4087 588 4134 cuncta
631 4093 728 4148 per
771 4079 1042 4142 ordinem,
1085 4076 1313 4132 sulliciat
1355 4075 1468 4128 haec
1509 4075 1803 4141 succincte,
1850 4089 1972 4144 qua:

392 4166 526 4222 huic
552 4166 766 4236 negotio
795 4173 1127 4233 competunt,
1153 4163 1479 4233 prazlibasse.

467 4255 774 4312 Notandum
802 4270 929 4310 vero
954 4254 1087 4324 quia
1107 4262 1162 4308 et
1207 4253 1434 4322 reproba
1463 4250 1749 4320 cujuslibet
1793 4250 1973 4305 anima

397 4345 458 4402 fit
480 4344 724 4402 confusio
749 4345 934 4399 tartari
960 4361 976 4398 :
1002 4353 1057 4398 et
1083 4350 1288 4406 sancta,
1313 4343 1508 4395 munda
1551 4349 1712 4410 atque
1740 4341 1972 4411 perfecta

2067 3267 2204 3325 Ionis
2274 3278 2358 3326 est
2441 3271 2696 3349 antiquus
2773 3273 2988 3340 hostis,
3074 3291 3354 3345 possessor
3432 3279 3635 3336 intimas

2065 3356 2435 3424 confusionis,
2491 3361 2582 3429 qui
2639 3361 2789 3430 prius
2849 3361 2985 3418 filios
3031 3373 3156 3419 ante
3204 3367 3460 3425 intuentis
3512 3386 3636 3427 ocu-

2064 3443 2145 3501 los
2172 3448 2403 3503 trucidat
2433 3488 2449 3514 ,
2481 3449 2607 3518 quia
2647 3463 2790 3519 saepe
2822 3452 2902 3505 sic
2925 3451 3063 3506 bona
3095 3467 3255 3522 Opera
3281 3456 3551 3526 interficit,
3577 3471 3639 3516 ut

2065 3537 2183 3592 haec
2211 3551 2269 3591 se
2290 3537 2539 3593 amittere
2565 3538 2703 3608 ipse,
2734 3539 2826 3608 qui
2852 3548 3038 3609 captus
3081 3551 3182 3604 est,
3217 3543 3402 3599 dolens
3429 3557 3634 3602 cernat.

2063 3622 2174 3696 64
2195 3623 2327 3678 Nam
2348 3625 2512 3696 gemit
2536 3623 2851 3697 plerumque
2895 3630 3128 3695 animus,
3157 3639 3212 3684 et
3243 3641 3420 3687 tamen
3452 3637 3636 3692 carnis

2067 3728 2178 3768 su:e
2201 3713 2647 3771 delectationibus
2671 3710 2867 3782 victus,
2905 3718 3043 3773 bona
3069 3735 3186 3788 quae
3218 3723 3420 3790 genuit,
3449 3737 3636 3781 amans

2066 3803 2260 3872 perdit,
2282 3818 2362 3867 ea,
2389 3819 2506 3874 quur
2528 3805 2752 3874 patitur,
2774 3806 2967 3860 damna
2989 3807 3314 3873 considerat,
3338 3824 3437 3864 nec
3459 3819 3636 3868 tamen

2067 3893 2282 3946 virtutis
2304 3894 2584 3949 brachium
2610 3904 2794 3949 contra
2817 3911 2998 3965 regem
3034 3895 3318 3972 Babylonis
3342 3898 3513 3966 levat;
3541 3901 3637 3957 sed

2068 3985 2194 4042 dum
2232 3985 2416 4040 videns
2472 3985 2722 4054 nequitia:
2769 3989 3162 4059 perpetratione
3205 3993 3521 4060 percutitur,
3567 3996 3639 4050 ad

2069 4078 2173 4134 hoc
2199 4077 2520 4146 quandoque
2550 4080 2822 4146 peccando
2843 4081 3171 4147 perducitur,
3201 4091 3257 4135 ut
3281 4081 3396 4152 ipse
3426 4099 3641 4156 quoque

2069 4165 2295 4219 rationis
2327 4165 2528 4220 lumine
2552 4167 2812 4236 privetur.
2845 4168 2999 4225 Unde
3050 4169 3339 4242 Babylonis
3393 4190 3488 4231 rex
3538 4191 3635 4232 ex-

2069 4255 2286 4309 stinctis
2315 4256 2463 4323 prius
2486 4256 2632 4321 filiis,
2658 4256 2895 4314 Sedecias
2922 4259 3108 4317 oculos
3136 4264 3299 4329 eruit,
3325 4266 3450 4335 quia
3478 4267 3636 4342 mali-

2069 4359 2206 4414 gnus
2239 4346 2460 4414 spiritus
2489 4348 2762 4402 subductis
2792 4349 2938 4418 prius
2986 4351 3140 4408 bonis
3197 4357 3466 4423 operibus,
3521 4367 3643 4428 post

399 4435 607 4507 species
633 4434 890 4506 paradisi.
927 4432 1078 4488 Mens
1124 4432 1268 4487 enim
1317 4430 1524 4492 Odiosa.
1570 4431 1782 4499 cupida.
1831 4431 1976 4485 curis
2003 4504 2030 4507 _
2072 4437 2436 4507 intelligentiae
2475 4438 2650 4492 lumen
2705 4440 2861 4492 tollit.
2899 4440 3049 4506 Quod
3097 4451 3243 4498 recte
3287 4445 3542 4501 Sedecias
3585 4449 3640 4504 in

400 4504 770 4581 tantummodo
798 4523 1148 4580 saecularibus
1192 4521 1393 4588 dedita,
1425 4520 1662 4576 libidinis
1702 4519 1824 4590 igne
1850 4536 1974 4576 suc-
1997 4504 2050 4564 Ῑ)
2073 4504 2334 4583 Reblatha
2378 4529 2595 4596 patitur.
2629 4529 2889 4584 Reblatha
2924 4504 3120 4602 quippe
3147 4535 3311 4588 multa
3334 4537 3444 4591 Ιιωε
3471 4538 3640 4594 inter-

401 4628 581 4682 censa,
612 4629 790 4670 nonne
817 4613 914 4668 tibi
941 4613 1154 4668 videtur
1183 4611 1426 4666 infernus
1446 4651 1461 4675 ,
1509 4610 1560 4663 in
1597 4624 1704 4678 quo
1728 4610 1978 4666 videlicet

401 4703 704 4759 etdiabolus
715 4704 943 4768 habitat,
956 4712 1009 4759 et
1020 4702 1576 4772 concupiscentiarum
1592 4702 1740 4769 ignes
1751 4713 1980 4757 aestuare

403 4811 507 4850 non
555 4794 810 4850 cessant?
852 4793 964 4850 lllic
1008 4795 1155 4849 enim
1200 4793 1268 4848 de
1301 4791 1510 4846 luxuria
1537 4791 1858 4862 sulphureos
1881 4790 1979 4847 free

407 4895 491 4940 tor
512 4887 777 4953 oboritur,
807 4897 863 4941 et
887 4888 954 4942 de
978 4886 1359 4957 cogitationum
1401 4884 1852 4939 crebrescentium
1901 4893 1981 4940 tc-
2033 4897 2048 4912 ο

406 4980 635 5034 nebrusa
676 4979 923 5047 caligine,
958 4988 1212 5046 tanquam
1261 4975 1521 5030 teterrimi
1550 4974 1679 5028 fumi
1708 4974 1972 5028 volumina

407 5077 752 5135 generantur.
778 5068 910 5122 Nam
933 5069 1060 5122 dum
1083 5068 1184 5122 hoc
1209 5073 1374 5130 amat,
1398 5065 1524 5118 illud
1553 5065 1736 5129 timet;
1772 5064 1823 5117 in
1855 5064 1974 5118 aliis

407 5158 621 5226 gaudet,
651 5161 751 5212 hoc
788 5159 936 5221 odit;
979 5157 1108 5211 illud
1138 5155 1294 5210 avide
1339 5152 1707 5222 concupiscit;
1745 5151 1802 5205 fit
1835 5150 1970 5205 infe-

408 5247 477 5302 lix
506 5261 678 5311 mens,
710 5256 956 5317 suspecta
1004 5261 1217 5315 semper
1255 5252 1312 5299 et
1353 5258 1507 5312 vaga,
1553 5241 1780 5301 curiosa,
1814 5240 1974 5295 anxia

410 5337 567 5390 simul
615 5346 776 5406 atque
823 5337 1082 5400 sollicita,
1132 5347 1252 5404 quae
1298 5333 1445 5388 curis
1481 5325 1875 5400 impellentibus
1919 5330 1976 5383 in

411 5425 574 5478 multa
604 5426 880 5490 dividitur,
917 5427 1360 5493 diversarumque
1383 5423 1686 5492 passionum
1711 5422 2004 5476 n‘rorsious-

411 5511 697 5566 laceratur.
733 5513 857 5568 llaec
895 5515 1072 5582 itaque
1123 5511 1316 5566 flebilis
1357 5511 1534 5565 anima
1565 5511 1804 5578 gehenna
1834 5508 1975 5564 facta

413 5609 514 5666 est,
543 5610 774 5658 tartarus
796 5615 850 5658 et
881 5604 1140 5666 infernus,
1169 5617 1332 5673 quam
1368 5612 1422 5657 et
1444 5604 1687 5656 cruciant
1711 5610 1974 5657 tormenta

412 5706 682 5761 curarum,
715 5704 773 5750 et
797 5695 1047 5750 vitiorum
1079 5703 1250 5750 vastat
1277 5695 1598 5750 incendium.
1630 5694 1697 5750 At
1720 5695 1827 5760 illa,
1858 5712 1976 5766 qua:

727 5810 1004 5870 Ριτιιοι.
1049 5818 1319 5879 CXLIV.

2073 4625 2335 4687 pretatur.
2353 4617 2413 4672 Ei
2442 4633 2670 4687 namque
2691 4621 3116 4684 rationislumen
3133 4624 3326 4678 merito
3349 4627 3642 4695 clauditur,

2075 4705 2186 4775 qui,
2233 4714 2434 4760 sancta:
2483 4707 2679 4776 quietis
2724 4708 2904 4779 rigore
2953 4712 3271 4781 postposito,
3303 4725 3399 4780 per
3433 4717 3646 4784 negotia

2075 4794 2344 4850 mundana
2389 4803 2653 4864 raptatur.
2675 4793 2803 4852 Jure
2831 4799 2883 4852 in
2911 4799 3174 4853 Reblatha
3201 4815 3374 4855 caecus
3395 4801 3642 4870 efﬁcitur,

2077 4899 2220 4949 cum,
2246 4894 2550 4954 contempto
2572 4901 2698 4948 uno,
2730 4901 2828 4957 per
2849 4889 3014 4942 multa
3057 4903 3240 4959 vagus,
3269 4899 3325 4945 et
3358 4891 3643 4962 impatiens

2079 4977 2290 5030 animus
2315 4976 2622 5046 dissipatur.
2664 4977 2954 5033 Israelitica
2985 4979 3148 5050 igitur
3199 4981 3374 5034 anima
3403 4983 3637 5038 sabbati-

2080 5072 2190 5130 zat,
2215 5063 2339 5117 dum
2373 5074 2574 5119 remota
2611 5079 2640 5118 a
2667 5065 3000 5134 negotiorum
3028 5066 3364 5123 saecularium
3398 5072 3640 5139 strepitu,

2080 5152 2396 5209 lectionibus
2449 5165 2505 5210 et
2553 5154 2886 5210 orationibus
2927 5166 3114 5222 vacat;
3153 5158 3467 5229 [Egyptiaca
3515 5176 3644 5216 vero

2079 5259 2384 5298 muscarum
2413 5245 2769 5313 ingruentium
2799 5235 3141 5304 infestatione
3167 5249 3490 5319 percellitur,
3519 5251 3643 5306 dum

2080 5340 2412 5387 terrenarum
2460 5341 2674 5387 actuum
2730 5334 3093 5403 inquietudine
3144 5337 3457 5392 delectatur.
3505 5337 3643 5406 Quid

2077 5431 2158 5476 est
2187 5423 2331 5477 enim
2357 5423 2410 5476 iu
2435 5423 2535 5478 hac
2555 5424 2663 5478 vita
2687 5425 3021 5494 laboriosius,
3053 5444 3208 5496 quam
3239 5429 3465 5484 terrenis
3499 5431 3642 5486 desi-

2081 5513 2242 5568 deriis
2266 5515 2537 5569 astuare?
2572 5514 2710 5581 Quid
2739 5516 2990 5585 quietius,
3019 5529 3179 5586 atque
3215 5518 3450 5577 suavius.
3482 5534 3643 5589 quam

2080 5603 2238 5673 hujus
2265 5605 2446 5661 seaculi
2485 5605 2614 5660 nihil
2644 5622 2862 5675 prorsus
2895 5608 3182 5676 appetere?
3218 5607 3308 5661 Ait
3341 5607 3592 5664 Salomon
3628 5629 3642 5664 :

2086 5711 2106 5746 ι
2142 5693 2337 5751 Muscas
2394 5695 2682 5750 morientes
2746 5697 2974 5766 perdunt
3023 5698 3342 5752 suavitatem
3389 5701 3646 5768 unguenti

3190 5813 3229 5874 9
