4140 6452
493 402 500 410 ’
518 395 622 452 267

515 514 718 587 (Eccle.
746 512 835 583 x);
859 529 878 563 ι
909 509 1034 579 quia
1057 507 1408 580 cogitationes
1433 498 1712 573 superﬂua:
1730 511 1851 587 quae
1883 491 2099 587 assidue
2123 492 2175 552 Α

515 582 570 659 In
583 602 762 657 animo
775 582 1014 655 carnalia
1026 597 1297 667 cogitante
1312 599 1626 653 nascuntur,
1640 596 1802 656 atque
1815 582 2092 646 deﬁciunt,

515 709 636 749 eam
677 691 1018 755 suavitatem,
1063 703 1169 759 qua
1215 683 1580 754 unusquisque
1624 678 1951 735 intrinsecus
1996 688 2094 744 per

518 783 776 853 Spiritum
805 790 998 836 unctus
1025 787 1128 842 est,
1169 777 1418 847 perdunt.
1454 771 1605 829 Unde
1638 785 1761 826 cum
1797 767 1935 822 miro
1974 765 2092 834 pie-

520 871 648 927 tatis
671 884 835 940 opere
858 870 923 924 ad
952 884 1047 924 cor
1077 869 1274 922 veritas
1317 863 1488 928 venit,
1525 860 1674 931 prius
1703 860 1772 913 ab
1795 873 1859 913 eo
1887 855 2092 927 c0gita-

522 962 724 1020 tionum
746 958 1044 1014 carnalium
1069 965 1231 1011 aestus
1254 951 1419 1021 ejicit,
1446 959 1498 1005 et
1524 957 1646 1020 post
1668 947 1722 1003 in
1744 961 1810 1002 eo
1833 945 2092 999 virtutum

517 1050 657 1108 dona
687 1050 938 1120 disponit.
975 1045 1128 1114 Quod
1157 1045 1294 1101 bene
1317 1042 1472 1097 nobis
1515 1053 1668 1095 sacra
1705 1034 1981 1106 Evangelii
2011 1033 2097 1088 hi-

517 1142 684 1196 storia
709 1139 898 1202 innuit,
937 1137 990 1191 in
1033 1150 1139 1205 qua
1187 1134 1313 1189 dum
1348 1131 1416 1186 ad
1463 1126 1884 1186 resuscitandam
1927 1122 2094 1177 ﬁliam

515 1230 774 1301 principis
794 1228 1053 1284 Dominus
1075 1226 1332 1281 invitatus
1352 1222 1570 1289 dicitur,
1587 1218 1836 1292 protinus
1856 1215 2090 1271 additur:

519 1347 539 1380 ε
575 1328 785 1382 Etcum
813 1322 986 1394 ejecta
1013 1330 1159 1378 esset
1181 1321 1336 1376 turba
1356 1360 1372 1384 ,
1403 1318 1622 1373 intravit
1665 1324 1721 1371 et
1762 1313 1934 1368 tenuit
1973 1325 2092 1365 ma-

517 1435 643 1474 num
667 1417 808 1487 ejus,
855 1425 913 1472 et
941 1413 1176 1471 surrexit
1218 1412 1393 1482 puella
1444 1409 1656 1482 (Matth.
1706 1405 1807 1477 rx).
1855 1423 1874 1457 ι
1925 1402 2094 1457 Foras

516 1526 647 1582 ergo
675 1508 833 1564 turba
865 1504 1101 1577 ejicitur,
1123 1511 1185 1558 ut
1205 1502 1378 1573 puella
1406 1499 1724 1560 suscitetur,
1751 1494 1878 1567 quia
1916 1494 1964 1548 si
1988 1507 2094 1546 non

514 1601 668 1671 prius
713 1614 744 1654 a
794 1595 1178 1652 socretiorihus
1219 1591 1399 1648 cordis
1457 1587 1741 1658 expellitur
1788 1585 2093 1653 importuna

516 1688 856 1745 saecularium
884 1684 1172 1741 multitudo
1198 1694 1472 1746 curarum,
1519 1678 1696 1733 anima
1739 1689 1860 1748 quae
1900 1674 2094 1729 intrin-

517 1795 672 1836 secus
687 1776 833 1848 jacet
857 1785 1092 1840 mortua,
1119 1789 1224 1829 non
1252 1771 1506 1840 resurgit.
1525 1768 1659 1823 Nam
1689 1767 1813 1821 dum
1831 1765 2093 1835 seperln-

1058 392 1116 448 S.
1144 386 1348 446 PETRI
1383 377 1666 441 DAMIANI
1690 373 1838 436 OPP.
1876 370 2055 431 PARS
2083 371 2224 429 δεῖ]
2266 364 2500 428 Τοιιυε
2533 364 2573 424 l.
2604 398 2671 408 —
2705 363 2924 422 EPIST.
2965 360 3090 420 LIB.
3129 358 3260 419 VIII.

3655 360 3765 419 268

2200 488 2471 543 cularibus
2491 495 2550 541 ut
2569 484 2851 556 eilplaceat
2870 481 2957 538 cui
2986 494 3044 537 se
3066 481 3310 552 probavnt
3329 476 3415 548 (11
3444 476 3579 532 Tim.
3617 484 3699 551 tt).
3738 497 3758 534 ι

2195 577 2454 648 Malignus
2485 576 2647 632 etiam
2678 573 2924 644 spiritus,
2952 571 3044 641 qui
3085 559 3278 624 auctor
3307 576 3390 624 est
3432 568 3586 633 idoli,
3631 569 3767 625 dici-

2195 677 2284 726 tur
2303 669 2553 740 princeps
2578 664 2783 721 mundi.
2841 663 2908 718 Et
2951 659 3226 718 Iacobus:
3274 677 3293 712 ι
3329 658 3610 729 Quisquis,
3665 661 3761 724 ait,

2193 759 2401 813 amicus
2422 766 2505 813 est
2524 757 2682 825 hujus
2709 753 2915 818 mundi,
2972 751 3224 806 inimicus
3258 749 3353 805 Dei
3417 750 3760 806 constituitur

2195 850 2334 921 (Jac.
2386 849 2484 920 tv).
2517 868 2538 901 ι
2572 846 2714 914 Quid
2757 860 2888 916 ergo
2932 842 3111 900 diﬁ‘ert
3141 850 3318 897 utrum
3343 855 3443 911 per
3469 841 3768 913 sacrilegas

2193 935 2419 1007 hostias,
2449 941 2566 997 sive
2589 955 2686 1009 per
2706 939 2989 1007 reprobam
3019 936 3182 990 vitam
3214 934 3282 990 ad
3320 935 3416 989 Dei
3449 934 3766 990 inimicitias

2192 1046 2392 1102 pravus
2410 1031 2638 1101 quisque
2661 1036 2976 1100 prorumpat
3001 1020 3027 1073 ἲ

2267 1121 2570 1192 Sicutergo
2587 1120 2697 1190 jam
2726 1118 2987 1183 diximus,
3024 1116 3098 1172 nil
3129 1118 3350 1187 prodest
3392 1117 3533 1186 quod
3561 1126 3762 1173 terram

2191 1210 2359 1267 Israel
2391 1209 2694 1264 inhabitare
2716 1207 2829 1276 jam
2851 1207 3136 1275 ctepimus,
3163 1205 3267 1260 nisi
3298 1221 3463 1259 unum
3489 1215 3543 1259 et
3589 1205 3764 1260 solum

2195 1300 2364 1357 Deum
2393 1299 2559 1356 Israel
2583 1300 2704 1354 sine
2727 1297 3006 1370 gentilium
3035 1297 3256 1352 deorum
3276 1296 3599 1352 admislione
3622 1296 3768 1352 cola-

2194 1409 2333 1450 mus.
2364 1392 2495 1461 Qnte
2519 1403 2700 1447 autem
2727 1399 2810 1446 est
2839 1400 3004 1456 terra,
3036 1405 3196 1460 quam
3224 1389 3472 1455 dicimus,
3498 1390 3600 1445 nisi
3637 1389 3724 1444 illa
3749 1430 3767 1455 ,

2192 1499 2355 1554 quam
2379 1483 2724 1555 signiﬁcabat
2749 1481 2992 1537 Naaman
3023 1479 3215 1552 Syrus,
3248 1495 3370 1535 cum
3396 1480 3607 1536 diceret
3657 1479 3771 1534 Eli-

2194 1587 2307 1638 seo,
2344 1589 2364 1624 ι
2395 1571 2655 1638 Obsecro,
2682 1571 2879 1644 inquit,
2908 1571 3144 1626 concede
3173 1569 3304 1623 mihi
3335 1584 3495 1624 servo
3557 1577 3672 1633 tuo,
3709 1579 3772 1624 ut

2196 1660 2376 1716 tollam
2398 1675 2537 1716 onus
2552 1660 2781 1715 duorum
2809 1660 3114 1715 burdonum
3140 1659 3207 1713 de
3242 1658 3420 1712 terra?
3446 1676 3464 1709 ι
3502 1657 3607 1728 (IV
3641 1657 3766 1728 Reg.

2193 1751 2274 1822 v.)
2298 1751 2435 1818 Quid
2463 1758 2642 1805 autem
2673 1765 2770 1820 per
2801 1749 3132 1819 allegoriam,
3156 1748 3414 1803 Naamam
3446 1748 3634 1820 Syrus,
3663 1749 3769 1804 nisi

505 1885 768 1926 numeras
781 1877 1126 1923 'terrenorum
1151 1863 1537 1920 desideriorum
1558 1858 1910 1929 cogitationes
1937 1870 2090 1926 spar-

2197 1857 2364 1914 genus
2393 1842 2639 1913 designat
2663 1841 3000 1896 humanum?
3028 1839 3183 1896 Sicut
3202 1842 3344 1895 enim
3371 1839 3610 1895 Naaman
3640 1848 3770 1896 ante

508 1962 610 2028 git,
637 1959 704 2012 ad
720 1957 1209 2014 considerationem
1240 1963 1322 2008 snt
1365 1966 1484 2007 sese
1523 1949 1829 2004 nullatenus
1866 1945 2089 2015 colligit.

511 2049 698 2105 Nullus
721 2049 916 2119 quippe
943 2046 1286 2116 sapientiam,
1313 2059 1433 2114 qum
1465 2043 1606 2097 Deus
1633 2048 1738 2104 est,
1780 2038 1938 2112 plene
1963 2052 2090 2107 per-

511 2142 671 2212 cipit,
694 2141 798 2196 nisi
827 2139 918 2209 qui
952 2138 1020 2193 ab
1044 2137 1190 2193 omni
1220 2150 1278 2191 se
1306 2134 1624 2212 abstrahere
1657 2131 1932 2186 actionum
1972 2143 2093 2182 car-

513 2233 713 2288 nalium
749 2229 1099 2286 ﬂuctuatione
1143 2225 1439 2282 contendit.
1487 2221 1643 2278 Unde
1683 2220 1817 2275 alias
1845 2219 2042 2274 dicitur
2072 2232 2088 2271 :

519 2340 538 2374 ε
561 2319 890 2393 Sapientiam
921 2317 1098 2375 scribe
1121 2316 1174 2370 in
1203 2324 1441 2384 tempore
1465 2313 1651 2376 otii,et
1671 2311 1761 2380 qui
1794 2310 2094 2363 minoratur

515 2413 670 2476 actis,
703 2411 818 2480 ipse
839 2407 1067 2479 percipit
1091 2420 1208 2461 eam
1251 2403 1442 2475 (Eccli.
1471 2401 1720 2469 xxxvm).
1752 2418 1771 2452 ι
1798 2398 1934 2466 Quia
1962 2411 2090 2466 ergo

513 2503 630 2558 sine
658 2499 801 2556 cultu
827 2507 885 2554 et
910 2496 1292 2554 observatione
1310 2493 1531 2549 Sabbati
1554 2507 1672 2548 esse
1700 2489 1957 2546 Israelita:
1983 2503 2088 2542 non

512 2604 800 2661 possumus
824 2629 840 2654 ,
871 2587 1206 2644 celebremus
1234 2581 1529 2654 spiritualis
1555 2581 1653 2637 otii
1684 2579 2001 2643 Sabbatum,
2032 2585 2092 2631 ut

514 2699 618 2738 non
639 2682 789 2737 sicut
812 2679 1048 2752 Egyptii
1081 2676 1464 2748 perturbentur
1496 2674 1566 2729 ab
1593 2672 1957 2744 ingruentium
1989 2669 2096 2752 im-‘

511 2774 843 2846 portunitate
872 2784 1198 2827 muscarum.
1250 2766 1385 2822 Nam
1427 2767 1596 2837 quia,
1633 2766 1867 2821 donante
1908 2763 2089 2842 divina

509 2867 818 2932 clementia,
843 2862 1227 2936 jant‘pressuri
1272 2860 1616 2932 pervenimus
1646 2857 1700 2912 in
1740 2855 2089 2910 lsraeliticam

514 2969 733 3021 terram,
764 2972 871 3011 non
905 2964 988 3009 est
1016 2953 1095 3008 l'as
1118 2951 1482 3007 Israelitarum
1512 2949 1762 3018 ignorare
1792 2946 2086 3010 culturam;

513 3065 582 3105 ne
611 3048 659 3103 si
692 3061 876 3101 eorum
911 3043 1261 3113 caeremonias
1290 3058 1396 3096 non
1443 3038 1769 3094 addiscimus
1789 3075 1804 3100 ,
1851 3033 2091 3089 cruentis

505 3140 724 3194 leonum
755 3134 1100 3190 invisibilium
1126 3131 1376 3187 dentibus
1392 3143 1743 3198 exponamur.
1777 3125 1928 3181 Sicut
1946 3125 2089 3179 enim

2193 1935 2459 2008 leprosus,
2483 1949 2608 1989 mox
2636 1943 2696 1988 ut
2722 1932 2919 2004 septies
2953 1948 3093 2002 aqua
3121 1931 3372 1988 Jordanis
3414 1933 3673 1997 abluitur,
3697 1933 3768 1989 ab
3867 1999 3873 2010 Ι

2193 2024 2338 2080 οηιηί
2361 2024 2522 2094 lepra:
2543 2023 2792 2093 squalore
2811 2032 3090 2094 purgatur,
3117 2023 3189 2076 ita
3218 2023 3518 2078 mundanus
3542 2023 3771 2094 populus

2192 2123 2397 2184 septem
2423 2114 2751 2169 charismata
2784 2113 2929 2168 illius
2965 2111 3228 2168 columbae
3272 2113 3593 2182 percipiens,
3647 2127 3772 2181 qua:

2193 2217 2355 2272 supra
2379 2201 2666 2256 Dominum
2694 2201 2746 2254 in
2771 2197 3004 2255 Iordane
3027 2200 3328 2264 descendit,
3356 2216 3474 2269 per.
3501 2200 3639 2255 sacri
3669 2201 3769 2254 ba-

2194 2291 2468 2362 ptismatis
2499 2289 2776 2345 lavacrum
2811 2289 3061 2358 contagia
3106 2289 3348 2359 deposuit
3394 2297 3768 2360 peccatorum.

2193 2386 2332 2454 Quid
2357 2401 2484 2441 vero
2508 2393 2677 2450 terra,
2703 2399 2868 2454 quam
2896 2382 3137 2438 Naaman
3165 2382 3422 2452 postulat,
3450 2384 3552 2439 nisi
3585 2383 3769 2438 incar-

2193 2477 2466 2531 nationem
2489 2474 2758 2546 signiﬁcat
2788 2473 3205 2543 Redemptoris?
3233 2473 3356 2529 Haec
3395 2484 3500 2538 est,
3537 2489 3633 2544 per
3659 2489 3775 2544 my-

2193 2567 2442 2632 sterium,
2475 2567 2566 2621 illa
2595 2564 3035 2636 repromissionis
3061 2573 3229 2628 terra,
3261 2579 3382 2634 qua:
3431 2563 3514 2618 lac
3562 2573 3617 2618 et
3665 2561 3774 2618 mel

2193 2656 2360 2714 ﬂuere
2399 2659 2615 2714 dicitur.
2688 2656 2796 2713 Lac
2845 2657 2992 2711 enim
3033 2655 3099 2711 de
3150 2670 3316 2710 carne
3362 2655 3499 2720 ﬁuit,
3562 2655 3666 2709 mel
3703 2653 3776 2710 de

2193 2748 2560 2820 superioribus
2606 2746 2773 2803 venit.
2824 2746 2960 2813 Quia
3020 2746 3184 2818 igitur
3230 2746 3284 2800 in
3323 2761 3430 2801 uno
3473 2745 3778 2801 mediatore

2195 2837 2290 2894 Dei
2317 2851 2371 2894 et
2396 2839 2696 2906 hominum,
2732 2847 2787 2894 et
2818 2837 3168 2893 humanitatis
3213 2837 3297 2893 lac
3326 2847 3380 2892 et
3428 2837 3532 2893 mel
3568 2835 3772 2892 divini-

2196 2931 2320 2986 tatis
2356 2932 2529 2986 inesse
2570 2931 2932 3001 cognoscitur,
2959 2939 3105 2986 recte
3151 2944 3250 3001 per
3295 2938 3500 2984 terram
3524 2929 3687 2995 lacte,
3717 2937 3778 2984 et

2196 3021 2353 3076 melle
2381 3031 2713 3088 manantem,
2736 3021 3120 3076 incarnationis
3147 3020 3266 3090 ejus
3289 3019 3604 3092 mysterium
3637 3018 3776 3088 ligu-

2195 3125 2364 3169 ratur.
2398 3112 2549 3182 Quod
2579 3121 2759 3167 autem
2789 3127 2856 3166 ex
2886 3113 2986 3166 hac
3016 3119 3160 3166 terra
3189 3126 3326 3166 onus
3367 3110 3595 3165 duorum
3643 3108 3775 3163 bur-

507 3243 667 3284 saera
697 3225 905 3296 Begum
939 3231 1169 3278 testatur
1215 3195 1476 3284 historia,
1511 3217 1814 3274 nuntiatum
1848 3224 1932 3270 est
1976 3213 2090 3284 regi
2115 3195 2164 3259 C
2193 3202 2572 3296 donum_peti_t.
2621 3202 2750 3296 quid
2803 3201 2972 3296 aliud:
3029 3215 3191 3296 quam
3232 3201 3459 3255 duorum
3505 3199 3776 3296 apostolo:

510 3316 852 3388 Assyriorum
882 3329 896 3368 :
925 3331 944 3365 ‹
981 3311 1182 3369 Gentes
1205 3350 1220 3375 ,
1270 3309 1461 3379 inquit,
1495 3322 1633 3379 quas
1671 3303 2010 3369 transtulisti,
2037 3310 2095 3358 et

511 3409 759 3465 habitare
773 3404 953 3462 fecisti
985 3404 1038 3460 in
1077 3401 1384 3458 civitatibus
1408 3399 1687 3464 Samaria,
1719 3397 1973 3467 ignorant
2010 3394 2090 3450 le-

511 3500 694 3570 gitima
719 3498 813 3553 Dei
846 3507 1023 3551 teme.
1059 3493 1127 3550 Et
1153 3492 1376 3547 immisit
1404 3492 1456 3545 in
1487 3504 1582 3545 eos
1607 3489 1861 3544 Dominus
1886 3487 2090 3550 leones,

511 3601 567 3646 et
587 3604 712 3645 ecce
737 3585 1070 3642 interﬁciunt
1095 3597 1208 3660 eos,
1232 3597 1298 3638 eo
1334 3581 1477 3652 quod
1507 3581 1754 3650 ignorent
1791 3579 1950 3635 ritum
1994 3575 2090 3631 Dei

503 3691 672 3737 terra}
695 3677 802 3752 (IV
845 3677 974 3746 Reg.
1004 3676 1156 3744 xvn).
1197 3692 1217 3726 ι
1255 3672 1514 3742 Quisquis
1540 3679 1744 3735 autem,
1773 3669 1866 3739 qui
1895 3669 1948 3723 in
1977 3667 2088 3738 spi-

517 3767 701 3825 rituali
743 3767 1068 3823 constitutus
1105 3771 1190 3818 est
1227 3762 1440 3827 ordine,
1467 3761 1546 3817 sic
1567 3761 1676 3816 Deo
1715 3759 1952 3815 deservit
1996 3772 2093 3827 per

511 3861 620 3933 65
649 3859 935 3914 exterioris
963 3855 1180 3912 habitus
1213 3855 1474 3925 speciem,
1503 3863 1564 3908 ut
1595 3862 1775 3908 tamen
1809 3849 2091 3908 saecularis

514 3955 638 4005 vitze
663 3965 770 4004 non
796 3949 1012 4005 deserat
1031 3955 1357 4003 vetustatem
1377 3962 1394 4012 ;
1415 3945 1502 4000 hic
1515 3944 1916 4018 quodammodo
1929 3941 2091 3999 unius

515 4041 610 4096 Dei
636 4039 860 4102 cultum,
885 4053 949 4092 ac
971 4037 1319 4092 caeremonias
1342 4036 1589 4106 ignorare
1637 4033 2010 4105 perpenditur,
2034 4041 2091 4088 et

515 4127 668 4196 quasi
700 4127 804 4182 diis
834 4125 1075 4196 pluribus
1102 4124 1374 4178 deservire
1425 4132 1668 4178 conatur.
1725 4121 1881 4178 Unde
1931 4130 1987 4178 et
2023 4120 2090 4177 de

515 4219 623 4275 illis
661 4232 871 4288 quoque
901 4215 1098 4270 dicitur
1124 4229 1143 4268 :
1187 4232 1207 4264 ι
1237 4212 1371 4279 Quia
1431 4229 1550 4267 cum
1612 4212 1898 4269 Dominum
1945 4210 2089 4267 cole-

516 4321 654 4376 rent,
692 4309 794 4363 diis
829 4322 1042 4377 quoque
1071 4305 1182 4360 suis
1207 4303 1602 4367 deserviebant,
1655 4301 1810 4370 juxta
1858 4316 2089 4356 consue-

517 4400 754 4454 tudinem
787 4397 1024 4468 gentium
1043 4393 1255 4464 (lbid.).
1293 4413 1312 4446 ι
1338 4392 1627 4448 Dominum
1655 4393 1853 4464 quippe
1873 4400 1928 4447 et
1956 4391 2088 4446 deos

515 4490 753 4562 gentium
781 4486 1176 4562 quodammodo
1213 4485 1389 4540 colere
1430 4485 1660 4553 (nisque
1718 4483 2083 4545 convincitur,

516 4559 564 4638 si
595 4581 674 4636 sic
696 4559 1073 4634 sacri'ordinis
1095 4577 1146 4630 in
1178 4591 1286 4645 quo
1325 4587 1410 4632 est
1441 4575 1674 4631 oﬁicium
1718 4574 2085 4638 administrat,

515 4684 575 4726 ut
604 4681 780 4726 tamen
809 4669 1084 4736 anegotiis
1109 4667 1456 4724 saecularibus
1478 4675 1533 4721 et
1555 4666 1790 4722 carnalis
1809 4665 1858 4718 vi
1869 4674 1933 4718 ta:
1959 4681 2089 4719 con-

517 4763 798 4819 suetudine
825 4777 934 4816 non
980 4740 1219 4814 roce’tlat.
1278 4775 1302 4810 ι
1331 4756 1517 4820 Nemo,
1575 4755 1749 4824 inquit
1793 4755 2085 4820 Dominus,

520 4861 691 4918 potest
715 4852 922 4907 duobus
947 4851 1178 4907 dominis
1194 4849 1399 4905 servire
1425 4847 1640 4919 (Matth.
1669 4846 1770 4916 vi).
1792 4864 1811 4898 ›
1854 4845 1936 4900 An
1960 4847 2086 4916 quia

524 4943 849 4998 tolerabilius
877 4943 1091 4997 videtur
1119 4941 1427 5012 quempiam
1453 4939 1750 4994 carnaliter
1770 4939 1970 5003 vivere,
1999 4939 2084 4994 vel

520 5033 773 5102 obsequia
803 5033 1002 5086 mundo
1026 5033 1301 5087 servitutis
1355 5031 1669 5099 impendere
1715 5043 1877 5099 quam
1928 5027 2084 5097 juxta

521 5124 680 5176 ritum
724 5121 962 5194 gentium
1026 5121 1358 5177 daemonibus
1403 5120 1720 5175 immolare?
1775 5119 1882 5174 Sed
1941 5120 2085 5174 idem

522 5211 925 5282 Propheta,qui
963 5212 1136 5267 dicit:
1186 5229 1206 5263 ι
1235 5210 1436 5267 Omnes
1460 5211 1532 5264 dii
1573 5210 1834 5280 gentium,
1887 5210 2086 5264 daemo-

520 5302 604 5356 nia
641 5299 813 5373 (Paul.
840 5301 982 5364 xcv),
1013 5320 1032 5354 ι
1060 5301 1190 5356 dicit
1213 5300 1378 5354 etiam
1405 5317 1418 5352 :
1449 5319 1465 5349 ι
1494 5300 1783 5360 Maledicti.
1805 5301 1894 5369 qui
1923 5300 2087 5355 decli-

522 5400 652 5444 nant
671 5407 698 5442 a
724 5391 988 5444 mandatis
1018 5391 1123 5447 tuis
1147 5387 1318 5458 (Psal.
1340 5395 1546 5452 cxvm).
1571 5408 1588 5440 ι
1609 5389 1750 5442 Idem
1775 5390 2094 5458 Apostolus,

521 5480 608 5550 qui
636 5480 764 5534 dicit
792 5495 805 5532 :
840 5497 857 5531 ι
896 5479 1026 5546 Quis
1054 5492 1350 5532 consensus
1373 5477 1572 5545 templo
1605 5477 1696 5532 Dei
1743 5495 1862 5533 cum
1896 5481 2088 5534 idolis?

521 5569 600 5640 (ll
643 5569 764 5624 Cor.
793 5571 894 5633 vt),
929 5589 946 5621 ι
972 5571 1103 5624 dicit
1149 5567 1353 5621 etiam:
1402 5586 1420 5619 ι
1452 5567 1551 5634 Qui
1589 5578 1769 5625 autem
1829 5571 1882 5626 itt
1923 5588 2088 5626 carne

523 5667 663 5722 sunt,
691 5661 796 5713 Deo
827 5658 1035 5725 placere
1065 5670 1168 5710 non
1200 5667 1424 5725 possunt
1450 5655 1623 5727 (Rom.
1652 5660 1792 5728 vui).
1830 5678 1849 5711 ι
1888 5660 1949 5713 Et
1990 5661 2090 5714 ite-

524 5763 640 5805 runt
672 5765 685 5801 :
715 5767 749 5814 Α
790 5746 956 5805 Nemo
981 5745 1215 5806 militans
1239 5745 1350 5807 Ι)ρο
1371 5747 1608 5818 implicat
1634 5762 1691 5802 se
1737 5749 1970 5818 negotiis
1991 5764 2087 5802 saa-

2198 3305 2338 3356 rum,
2391 3289 2539 3346 Petri
2576 3291 2784 3344 scilicet
2829 3298 2884 3344 et
2933 3289 3083 3344 Pauli
3131 3289 3450 3345 documenta
3496 3288 3776 3358 deposcit?

2196 3379 2353 3436 Unde
2380 3390 2434 3436 et
2459 3397 2598 3436 unus
2623 3397 2809 3437 eorum
2841 3381 2970 3436 dicit
3003 3397 3018 3434 :
3058 3398 3078 3432 ι
3109 3381 3210 3448 Qui
3235 3390 3486 3451 operatus
3509 3379 3774 3436 estl’etro

2195 3470 2249 3528 in
2278 3472 2576 3542 apostolatu
2605 3471 3052 3537 circu’mcisionis,
3080 3483 3338 3543 operatus
3386 3480 3470 3527 est
3519 3479 3576 3526 et
3632 3471 3769 3526 mihi

2197 3561 2340 3616 inter
2365 3569 2555 3632 gentes
2585 3559 2729 3632 (Gal.
2759 3562 2844 3632 ιι).
2871 3581 2890 3615 ι
2920 3561 3134 3632 thuia
3160 3576 3269 3616 non
3293 3561 3453 3618 modo
3472 3560 3772 3631 apostolos,

2194 3653 2289 3707 sed
2316 3653 2479 3708 etiam
2507 3668 2695 3708 omnes
2740 3653 3122 3724 przedicatores
3169 3655 3451 3711 scientiam
3482 3664 3537 3709 ct
3577 3669 3772 3724 opera-

2194 3738 2400 3800 tionem
2428 3744 2630 3801 habere
2655 3760 2878 3800 necesse
2902 3746 3142 3808 est,duos
3167 3747 3221 3802 itt
3278 3746 3586 3811 castellum,
3618 3746 3767 3818 quod

2193 3844 2383 3890 contra
2411 3850 2471 3889 se
2498 3843 2637 3900 erat,
2687 3833 2951 3890 Dominus
2997 3835 3288 3906 discipulos
3339 3835 3486 3891 misit
3548 3835 3767 3906 (Matth.

2194 3924 2333 3996 xxi),
2374 3935 2556 3995 atque,
2587 3928 2729 3983 sicut
2753 3927 2925 3982 Lucas
2947 3936 3198 3993 testatur,
3231 3929 3283 3982 in
3330 3943 3546 3984 omnem
3569 3927 3768 3982 civita-

2193 4027 2326 4082 tem.
2351 4030 2406 4074 et
2431 4020 2629 4084 locum,
2660 4035 2767 4088 quo
2791 4031 2911 4074 erat
2939 4019 3055 4088 ipse
3081 4029 3366 4081 venturus,
3407 4019 3648 4090 geminos
3677 4019 3771 4073 de-

2191 4112 2415 4168 stinavit
2458 4110 2612 4184 (Luc.
2659 4111 2782 4182 xu).
2839 4111 2991 4179 Quod
3041 4127 3170 4182 ergo
3223 4111 3460 4170 Naaman
3505 4111 3573 4167 de
3625 4121 3769 4166 terra

2191 4212 2376 4258 sancta
2408 4203 2636 4256 duorum
2684 4202 2985 4256 burdonum
3033 4203 3236 4271 expetit
3284 4203 3573 4266 sarcinam,
3605 4215 3770 4271 super

2191 4293 2561 4347 incarnatione
2587 4292 2699 4363 66
2728 4292 3002 4346 Dominica
3036 4306 3206 4361 genus
3227 4292 3522 4344 humanum
3551 4298 3770 4360 aposto-

2192 4383 2350 4438 licam
2378 4381 2590 4436 videtur
2611 4381 2904 4453 efﬂagitare
2935 4382 3259 4447 doctrinam,
3311 4391 3371 4436 ut
3420 4383 3474 4436 lti
3508 4381 3767 4452 sagittarii

2195 4473 2392 4528 mundo
2420 4481 2617 4528 terram
2656 4472 2929 4536 invehant,
2957 4487 3021 4526 cx
3053 4488 3160 4541 quo
3183 4473 3248 4526 ad
3277 4471 3550 4528 olIerenda
3601 4473 3768 4527 sacri-

2195 4568 2314 4622 licia
2337 4566 2509 4621 altare
2540 4568 2592 4622 in
2617 4575 2906 4636 conspectu
2942 4565 3248 4620 Conditoris
3279 4565 3389 4618 ﬁat.
3454 4564 3602 4621 Unde
3641 4564 3767 4619 ﬁliis

2190 4658 2354 4715 Israel
2383 4658 2645 4727 praecipit,
2673 4658 2901 4712 dicens:
2945 4676 2962 4708 ι
3007 4658 3196 4713 Altare
3234 4659 3301 4712 de
3350 4665 3492 4712 terra
3550 4657 3764 4713 facietis

2190 4751 2320 4804 mihi
2351 4748 2548 4820 (Exod.
2575 4753 2688 4819 xx).
2726 4769 2745 4802 ι
2779 4750 2961 4804 Altare
2989 4750 3197 4820 scilicet
3244 4753 3310 4806 de
3372 4761 3516 4807 terra
3569 4768 3600 4804 a
3655 4753 3765 4808 Deo

2187 4838 2390 4904 facere,
2425 4848 2510 4893 est
2539 4838 2591 4892 in
2624 4839 2792 4892 nostri
2822 4837 3200 4908 Redemptoris
3249 4840 3619 4895 incarnatione
3645 4854 3767 4907 spe»

2190 4945 2333 4984 rare.
2362 4929 2513 4983 Tunc
2541 4929 2740 4998 quippe
2787 4944 2816 4982 a
2867 4929 2976 4983 Deo
3001 4941 3188 4985 nostro
3229 4945 3424 4985 munus
3473 4929 3762 4999 accipitur,

2192 5020 2405 5088 quando
2443 5020 2495 5072 in
2520 5018 2803 5094 hoc‘altari
2828 5029 3009 5074 nostra
3040 5020 3333 5084 humilitas,
3366 5020 3417 5072 id
3463 5029 3570 5082 est,
3599 5034 3764 5088 super

2194 5113 2486 5167 Dominicae
2541 5112 2928 5166 incarnationis
2978 5112 3135 5166 ﬁdem
3202 5112 3442 5181 posuerit
3499 5113 3763 5182 quidquid

2191 5216 2466 5275 operator.
2495 5204 2662 5258 Altari
2687 5219 2814 5275 ergo
2861 5207 2926 5260 de
2956 5215 3096 5259 terra
3142 5205 3377 5260 oblatum
3425 5219 3620 5259 munus
3661 5212 3764 5257 int-

2143 5299 2145 5301 ’
2192 5298 2464 5366 ponimus,
2486 5297 2533 5351 si
2561 5306 2715 5351 actus
2759 5306 2972 5352 nostros
3026 5297 3316 5352 Dominicae
3373 5295 3762 5350 incarnationis

2173 5389 2298 5443 .ﬁde
2326 5388 2642 5442 solidamus.
2682 5385 2756 5441 De
2814 5403 2919 5456 quo
2948 5387 3102 5443 altari
3154 5404 3248 5456 per
3292 5388 3486 5443 Isaiam
3520 5387 3757 5441 dicitur:

2195 5498 2213 5529 ι
2249 5479 2303 5532 Ιιι
2328 5479 2413 5531 die
2444 5477 2530 5530 illa
2554 5478 2659 5532 erit
2684 5478 2855 5531 altare
2893 5476 3102 5531 Domini
3127 5477 3178 5529 in
3209 5477 3388 5530 medio
3411 5485 3567 5530 terra:
3590 5471 3757 5544 Ᾱῐενο

2187 5570 2288 5638 pti,
2317 5577 2374 5622 et
2397 5568 2581 5624 titulus
2614 5569 2819 5622 Domini
2838 5567 2991 5637 juxta
3034 5567 3320 5621 terminum
3343 5565 3480 5634 ejus.
3541 5565 3606 5618 Et
3652 5564 3758 5618 erit

2189 5660 2242 5713 itt
2268 5659 2499 5729 signum,
2522 5669 2577 5713 et
2615 5658 2668 5712 in
2733 5657 3097 5712 testimonium
3147 5657 3375 5710 Domino
3419 5656 3755 5710 exercituum

2191 5750 2243 5804 in
2282 5761 2420 5802 terra
2451 5747 2666 5818 Egypti
2701 5746 2854 5818 (lsai.
2892 5747 3027 5817 xix).
3065 5765 3082 5798 ι
3110 5745 3259 5812 Quod
3284 5755 3463 5800 autem
3514 5744 3754 5800 Naamatt
