4140 6452
387 345 490 410 Ξῧθ

1559 346 1757 402 LIBER
1795 344 2172 404 SECUNDUS.
2205 341 2420 399 EPIST.
2461 341 2548 398 Vl.

3505 347 3607 400 270

385 482 492 523 non
519 465 589 520 ob
618 460 758 516 aliud
790 467 988 516 terram
1023 456 1294 528 propheta:
1332 455 1683 526 poposcisset,
1748 470 1853 510 msr
1893 464 1954 508 ut
1984 461 2028 516 Α
2057 454 2305 524 ignobilis
2329 453 2448 519 otii,
2468 455 2562 506 sed
2584 448 2865 506 laboriosa:
2884 451 3080 521 quietis
3096 451 3388 507 Sahbatum
3409 458 3606 520 colere,

383 570 451 610 ex
480 567 544 609 ea
584 550 812 606 Domino
832 548 1003 602 altare
1024 553 1377 610 construeret,
1408 546 1460 599 in
1489 545 1601 599 suis
1629 544 1743 614 ipse
1770 543 1950 598 verbis

384 641 638 704 ostendit,
663 655 784 694 cum
814 637 924 692 illic
964 645 1166 706 praesto
1212 635 1484 705 subjungit
1519 651 1532 687 :
1590 651 1608 685 ι
1643 631 1759 688 Non
1804 632 1948 687 enim

383 736 546 790 faciet
567 733 706 787 ultra
728 745 920 787 servus
969 738 1091 784 tuus
1139 729 1510 785 holocaustum
1554 735 1610 784 et
1673 727 1950 783 victimam

383 825 490 879 diis
513 823 726 886 alienis,
751 820 855 874 nisi
887 819 1114 873 Domino
1141 817 1244 888 (IV
1269 817 1395 888 Reg.
1419 818 1497 888 v).
1539 836 1559 870 ι

452 917 510 970 In
528 917 631 969 hac
645 928 772 984 ergo
789 921 932 966 terra
957 919 1011 964 et
1030 925 1128 964 nos
1142 909 1380 965 colamus
1406 909 1595 974 Deum,
1621 924 1724 965 non
1755 924 1949 964 secun-

383 1006 508 1060 dum
527 1013 785 1066 nostram,
809 1002 902 1057 sed
925 1000 1216 1056 secundum
1244 999 1412 1070 legem
1430 1013 1602 1063 suam,
1627 1013 1694 1054 ne
1719 998 1858 1053 sicut
1885 997 1953 1054 de

384 1093 487 1148 illis
499 1091 793 1152 dicebatur,
809 1090 942 1144 etde
963 1089 1116 1142 nobis
1139 1087 1318 1141 valeat
1342 1086 1476 1140 dici:
1504 1106 1522 1138 ι
1551 1086 1801 1157 Ignorant
1823 1085 1954 1154 legi-

385 1184 516 1238 tima
532 1182 626 1236 Dei
645 1179 866 1251 terraa(l
882 1177 919 1232 V
936 1177 1059 1249 Reg.
1088 1177 1244 1247 xvn).
1291 1196 1310 1228 ι
1346 1177 1650 1232 Secundum
1674 1177 1948 1246 propriam

381 1275 577 1344 quippe
597 1272 768 1343 legem
803 1273 970 1325 Deum
997 1270 1172 1324 colere
1202 1269 1440 1323 cernitur
1476 1267 1568 1336 qui
1597 1269 1774 1336 specie
1798 1278 1952 1323 tenus

382 1363 594 1433 quidem
613 1360 728 1431 ejus
745 1359 1006 1414 mandatis
1026 1361 1394 1428 obtemperat;
1425 1358 1516 1412 sed
1539 1358 1592 1411 in
1624 1357 1690 1413 iis
1738 1373 1855 1426 quae
1879 1357 1952 1409 fa-

384 1456 480 1520 cit,
497 1455 562 1508 ad
583 1453 813 1524 propria:
833 1451 1079 1506 utilitatis
1100 1453 1435 1506 commodum
1459 1448 1821 1519 principaliter
1833 1462 1954 1518 spec

381 1555 511 1610 etat,
535 1553 611 1610 et,
640 1543 1103 1614 dum.exteriorem
1130 1539 1552 1595 Christianitatis
1566 1538 1952 1605 exhibetregu-

382 1637 486 1690 lam
496 1676 512 1701 ,
528 1636 627 1690 sub
641 1634 941 1690 honestatis
954 1633 1168 1702 quidem
1184 1631 1360 1686 colore
1373 1645 1430 1686 se
1446 1630 1624 1703 palliat
1634 1671 1650 1697 ,
1663 1631 1755 1685 sed
1768 1629 1835 1683 ad
1849 1630 1952 1683 hoc

381 1728 704 1783 intrinsecus
734 1735 794 1780 ut
822 1725 877 1779 in
903 1724 1006 1778 hac
1024 1724 1136 1777 vita
1159 1714 1507 1792 prosperetur
1528 1720 1764 1776 anhelat.
1798 1718 1950 1774 Tunc

2055 555 2114 597 ut
2143 558 2207 597 ex
2234 544 2335 596 boe
2363 542 2732 617 mereamurin
2759 543 2898 597 diem
2935 543 3290 608 Dominicum,
3321 544 3411 614 qui
3462 545 3607 598 nullo

2051 633 2318 687 clauditur
2344 631 2470 695 line,
2503 632 2756 686 transire.

2119 723 2260 777 Deus
2286 723 2643 793 omnipotens,
2673 722 3024 786 dilectissimi,
3056 723 3146 792 qui
3177 740 3270 778 vos
3298 739 3476 779 coram
3509 725 3606 778 ho-

2050 814 2281 870 minibus
2317 812 2442 868 fecit
2469 814 2726 882 insignes,
2758 813 2950 867 tribuat
2984 813 3146 867 etiam
3197 814 3248 867 in
3276 815 3387 868 suis
3409 815 3609 870 obtuti-

2048 907 2150 960 bus
2184 905 2316 976 legis
2336 921 2446 960 suae
2476 905 2740 960 veraciter
2767 919 2888 973 esse
2915 904 3168 960 cultores.

2606 991 2936 1048 EPISTULA
2959 993 3043 1048 Vl.

2049 1099 2116 1136 AD
2169 1096 2374 1137 εοευειι
2423 1097 2830 1136 ιιιωειςιιηυωί
2892 1099 2961 1137 E‘I‘
3017 1098 3327 1138 ετεριιλκυκ
3394 1099 3440 1138 8.
3467 1099 3516 1138 ﬂ.
3550 1099 3606 1140 Β.

2669 1166 3014 1206 (ῑΑιωιΝΑιιςδ.

2047 1262 2437 1338 Assenserunt.
2463 1294 2532 1303 —
2555 1263 2768 1338 Librum
2799 1267 2920 1338 sibi,
2943 1281 3100 1338 quem
3125 1267 3304 1321 multis
3333 1267 3605 1320 laboribus

2118 1333 2422 1402 vigiliisque
2450 1334 2693 1402 proxime
2740 1333 3048 1391 confecerat
3076 1375 3092 1399 ,
3132 1338 3200 1389 ab
3223 1338 3528 1391 Alexandro
3561 1339 3601 1391 ll

2118 1401 2361 1456 Romano
2381 1401 2631 1470 pontifice
2657 1405 2966 1472 subreptum
3031 1405 3215 1458 fraude
3265 1407 3609 1461 vehementer

2119 1473 2362 1542 queritur
2398 1482 2472 1536 et,
2504 1483 2564 1542 ut
2587 1472 2688 1527 sibi
2721 1474 2927 1528 restitui
2971 1488 3190 1542 operam
3235 1475 3381 1536 dent,
3432 1475 3610 1530 llilde-

2119 1539 2380 1600 brandum
2412 1552 2466 1594 et
2497 1540 2830 1611 Stephanum
2860 1539 3166 1596 cardinales
3194 1542 3464 1612 elllagitat.

2117 1630 2615 1702 lnexpugnabilibus
2643 1632 2898 1687 Romana:
2918 1632 3170 1688 Ecclesia:
3192 1633 3609 1703 elypeisdomno

2049 1735 2148 1775 suo
2178 1720 2578 1787 llthssnmno,
2621 1731 2678 1777 et
2737 1722 3046 1777 dulcissimo
3101 1723 3255 1776 fratri
3302 1723 3606 1789 Srsrmuo,

381 1830 560 1874 autem
580 1821 746 1874 Deum
763 1817 1054 1874 secundum
1073 1816 1188 1886 ejus
1208 1815 1376 1885 legem
1402 1829 1467 1869 ac
1487 1813 1832 1869 caeremonias
1852 1825 1946 1867 co-
1974 1817 2023 1879 Β
2048 1810 2263 1867 Ρετιιυς
2285 1823 2534 1880 peccator
2558 1815 2855 1868 monachus
2875 1814 3220 1868 servitutem.

382 1909 560 1972 limus,
587 1909 632 1963 si
658 1907 917 1978 quidquid
962 1919 1084 1960 eum
1109 1904 1246 1958 velle
1269 1903 1661 1973 cognoscimus,
1692 1901 1948 1971 neglectis

381 1999 600 2055 omnino
612 2014 731 2069 qua:
752 2008 936 2051 nostra
961 2005 1103 2060 sunt,
1129 1995 1265 2049 votis
1293 1994 1540 2049 omnibus
1557 1991 1942 2061 adimplernus;

381 2088 429 2143 si
459 2103 564 2142 nou
597 2100 917 2158 magnOpere
938 2083 1352 2154 perpendamus,
1400 2097 1562 2152 quam
1589 2082 1732 2137 circa
1754 2095 1853 2134 nos
1877 2079 1948 2134 sit

382 2177 558 2246 ampla
577 2176 894 2241 substantia,
920 2176 1014 2232 sed
1036 2190 1195 2245 quam
1221 2174 1446 2245 simplex
1464 2213 1480 2238 ,
1511 2188 1673 2244 quam
1721 2173 1944 2237 munda,

379 2281 538 2336 quam
569 2267 797 2336 denique
818 2266 1030 2320 sincera
1060 2266 1129 2320 sit
1160 2264 1482 2320 intrinsecus
1518 2263 1842 2319 conscientia
1864 2279 1878 2328 ;
1899 2263 1945 2317 si

381 2372 488 2410 non
514 2371 767 2412 curamus
793 2355 1062 2426 quomodo
1086 2355 1341 2410 sublimes
1375 2355 1499 2425 equi
1527 2353 1680 2412 nobis
1711 2353 1945 2410 insidens

381 2447 525 2502 tibus
553 2447 848 2517 glomerent
879 2462 1115 2517 gressus,
1142 2445 1411 2515 quomodo
1439 2459 1538 2514 per
1586 2453 1830 2500 auratam
1861 2447 1943 2500 vi-

379 2538 606 2592 deantur
647 2538 884 2594 insanire
919 2539 1209 2604 cervicem,
1253 2536 1347 2592 sed
1380 2538 1646 2607 quomodo
1701 2553 1798 2592 nos
1841 2537 1943 2606 ipsi

379 2626 546 2682 Deum
571 2643 873 2686 mereamur
894 2629 1091 2683 habere
1115 2642 1414 2692 sessorem;
1446 2625 1492 2681 si
1519 2642 1625 2681 non
1654 2626 1943 2697 amplecta-

381 2732 500 2771 mur
529 2726 800 2772 mortuum
830 2718 1184 2787 quodcunque
1208 2716 1505 2782 metallum,
1540 2717 1635 2772 sed
1683 2717 1738 2771 in
1769 2719 1942 2787 capsi-

378 2806 470 2862 dili
499 2807 668 2862 nostri
693 2808 926 2876 pectoris
965 2807 1318 2862 recondamus
1364 2805 1594 2877 lapidem
1626 2808 1860 2872 'vivum;
1893 2809 1940 2864 si

377 2913 482 2951 non
510 2898 562 2952 in
584 2899 821 2954 vestibus
838 2907 1153 2954 ornamenta
1195 2914 1546 2970 gemmarum,
1589 2899 1681 2954 sed
1709 2900 1763 2953 in
1788 2915 1941 2954 men-

380 2986 523 3041 tibus
568 2986 788 3041 rutilent
822 2988 1129 3058 margaritae
1173 2989 1538 3053 virtutum;si
1587 2986 1641 3042 in
1687 2990 1940 3046 cordibus

377 3076 576 3130 nostris
600 3083 655 3131 et
701 3078 952 3154 puritatis
983 3079 1202 3141 vitrum,
1253 3087 1308 3133 et
1367 3079 1644 3149 sapientia:
1686 3080 1939 3146 salutaris

2122 1903 2405 1970 Querelam
2459 1905 2810 1973 omnipotenti
2861 1905 2988 1968 Deo,
3031 1915 3086 1960 et
3126 1904 3294 1968 vobis,
3345 1905 3438 1975 qui
3492 1903 3609 1972 ejus

2047 1992 2179 2046 estis
2199 1993 2460 2057 membra,
2481 1991 2690 2060 depono
2719 1993 2786 2047 de
2814 1993 3033 2046 domino
3063 2002 3251 2071 nostro
3312 2007 3474 2063 papa,
3512 1993 3603 2062 qui

2046 2096 2142 2136 eor
2169 2096 2346 2152 mequ
2373 2091 2480 2136 tam
2508 2083 2701 2137 crebro
2746 2097 2980 2136 maerore
3009 2083 3299 2137 conturbat
3340 2091 3396 2138 et
3444 2097 3606 2152 gran-

2046 2176 2188 2230 daevi
2205 2175 2317 2244 jam
2345 2175 2490 2230 senis
2511 2175 2743 2229 animam
2768 2177 2835 2229 ad
2862 2175 3276 2229 amaritudinem
3327 2184 3602 2244 provocat.

2045 2267 2190 2321 Tulit
2213 2269 2356 2322 enim
2383 2267 2574 2321 librum
2599 2278 2861 2332 nostrum,
2895 2282 3055 2336 quem
3079 2266 3330 2322 videlicet
3361 2266 3427 2320 de
3471 2282 3608 2336 pau~

2045 2356 2310 2426 pertatula
2334 2355 2507 2425 inopis
2537 2355 2785 2425 iugenioli
2813 2371 2932 2410 cum
2961 2369 3155 2426 magno
3205 2355 3388 2410 labore
3416 2356 3604 2410 decer-

2044 2461 2282 2516 pseram,
2313 2457 2366 2502 et
2386 2446 2528 2502 velut
2558 2447 2773 2501 unicum
2799 2447 2964 2500 lilium
2995 2447 3135 2500 ulnis
3163 2447 3387 2500 uterinm
3430 2445 3608 2501 dulce-

2043 2539 2186 2592 dinis
2205 2539 2593 2609 amplectebar;
2635 2549 2692 2593 ct
2733 2539 2877 2593 hunc
2919 2538 3151 2608 qualiter
3207 2537 3387 2592 tulerit
3430 2553 3606 2605 opera:

2041 2628 2271 2697 pretium
2300 2638 2382 2683 est
2425 2629 2746 2700 agnoscatis.
2780 2628 2993 2683 Sciebat
3023 2629 3163 2683 enim
3215 2628 3315 2682 hoc
3369 2643 3427 2682 se
3459 2644 3488 2680 a
3522 2644 3607 2682 me

2041 2715 2195 2770 aliter
2219 2716 2508 2784 impetrare
2535 2733 2636 2770 non
2668 2731 2860 2786 posse;
2888 2718 3081 2770 domno
3111 2716 3286 2770 abbati
3321 2715 3380 2770 S.
3411 2715 3602 2770 Salva-

2041 2805 2174 2860 ton's
2208 2821 2294 2859 tne
2315 2816 2577 2875 praesente
2601 2805 2820 2860 tradidit
2844 2847 2860 2870 ,
2889 2807 3203 2876 praecipiens
3247 2815 3306 2860 ut
3355 2807 3606 2860 transcri-

2040 2896 2214 2952 beret.
2246 2894 2411 2950 Nocte
2441 2912 2588 2962 vero,
2619 2911 2704 2951 me
2740 2897 3037 2960 nesciente,
3067 2899 3186 2952 tulit
3211 2897 3434 2965 suisque
3473 2897 3607 2950 scri-

2041 2986 2147 3042 niis
2169 2987 2461 3043 iusarcivit.
2487 2985 2553 3041 Et
2575 3002 2760 3042 revera
2789 2987 2893 3042 hoc
2933 2995 3012 3042 est
3055 2987 3330 3040 munditiae
3359 2987 3606 3040 sacerdo-

2041 3079 2165 3135 talis
2195 3077 2488 3149 ingenium,
2513 3078 2621 3132 imo
2643 3077 2746 3132 hoc
2789 3077 2995 3148 papalis
3029 3077 3280 3146 puritatis
3331 3085 3414 3129 est
3443 3077 3603 3144 argu-

379 3167 714 3238 resplendeat
735 3186 946 3238 aurum,
975 3179 1036 3225 ut
1064 3169 1332 3239 illamjam
1363 3170 1604 3225 imitetur
1643 3171 1936 3240 civitatem,
1967 3165 2013 3227 C
2044 3180 2308 3226 mentum.
2347 3169 2423 3226 Ex
2455 3171 2538 3225 his
2578 3179 2756 3225 tamen
2814 3183 2934 3223 cum
2990 3167 3357 3236 expostulatur
3404 3165 3608 3218 arridet

378 3258 442 3312 de
468 3274 571 3328 qua
602 3259 656 3312 in
681 3259 996 3331 Apocalypsi
1033 3275 1131 3331 per
1162 3260 1420 3316 Joannem
1457 3261 1689 3316 dicitur:
1725 3281 1744 3315 ι
1781 3263 1938 3319 Stru-

376 3359 529 3402 ctura
559 3349 694 3404 muri
721 3349 836 3419 ejus
855 3365 920 3406 ex
949 3350 1126 3420 lapide
1147 3350 1389 3421 iaspide;
1424 3351 1538 3422 ipsa
1569 3367 1700 3408 vero
1741 3353 1939 3411 civitas

375 3452 444 3492 ex
470 3454 604 3493 auro
638 3441 854 3504 mundo,
885 3441 1045 3496 simul
1083 3451 1140 3496 et
1165 3443 1308 3496 vitro
1328 3441 1562 3508 mundo;
1595 3441 1943 3500 fundamenta

375 3530 515 3584 muri
543 3530 775 3586 civitatis
802 3532 947 3586 omni
974 3532 1150 3602 lapide
1188 3532 1426 3602 pretioso
1453 3533 1713 3588 adornata
1755 3535 1942 3606 (Apoc.

379 3630 512 3700 xxi).
537 3649 555 3682 ι
590 3629 715 3685 Haec
748 3630 910 3700 igitur
933 3629 1130 3703 anima,
1156 3643 1278 3698 quae
1299 3628 1420 3684 talis
1443 3637 1546 3694 est,
1568 3628 1753 3698 procul
1783 3631 1944 3686 dubio

379 3720 658 3786 paradisus
683 3728 794 3784 est;
821 3720 954 3782 haec,
981 3718 1070 3774 ille
1089 3718 1401 3773 deliciarum
1432 3718 1620 3773 hortus
1652 3727 1760 3784 est,
1791 3718 1946 3787 cujus

351 3811 700 3886 linhahitator
723 3819 806 3865 est
829 3809 986 3864 Deus.
1013 3809 1142 3876 Quae
1171 3810 1298 3863 dum
1345 3808 1428 3864 sui
1483 3808 1791 3864 Conditoris
1815 3807 1944 3864 co'n-

377 3901 716 3970 templatione
741 3899 1051 3970 perfruitur,
1081 3899 1148 3953 ad
1182 3899 1328 3953 illam
1355 3899 1670 3968 dignitatem
1689 3940 1704 3964 ,
1751 3899 1806 3953 in
1835 3913 1944 3969 qua

377 3991 580 4060 primus
623 3991 782 4044 homo
824 3989 1075 4044 conditus
1133 3987 1328 4050 fuerat,
1397 3984 1739 4040 reformatur.
1792 3985 1985 4040 Unde“

381 4078 715 4136 Dominusin
752 4077 991 4133 Levitico
1041 4092 1161 4132 cum
1198 4076 1438 4131 dicturus
1461 4063 1604 4129 esset
1635 4092 1650 4127 :
1687 4093 1705 4125 ¢
1740 4073 1943 4128 Ponant

377 4169 774 4225 tabernaculum
797 4184 975 4224 meum
1007 4169 1058 4222 in
1089 4167 1266 4222 medio
1293 4165 1479 4230 vestri,
1507 4173 1561 4220 et
1589 4181 1696 4219 non
1726 4166 1944 4235 abjieiet

375 4275 468 4314 vos
496 4259 632 4314 ultra
673 4260 851 4313 anima
881 4272 1017 4320 mea,
1057 4267 1111 4312 ct
1137 4257 1422 4311 atnbulaho
1469 4255 1606 4309 inter
1624 4270 1720 4309 vos
1744 4263 1800 4309 et
1849 4270 1944 4310 ero

376 4363 550 4407 vester
574 4351 751 4417 Deus,
789 4366 989 4420 vosque
1045 4351 1196 4406 eritis
1251 4347 1478 4418 populus
1540 4361 1692 4401 meus
1752 4345 1938 4416 (Levit.

374 4441 542 4510 xxvr),
587 4459 605 4492 ι
634 4439 893 4510 ρι’τεωίεἰι
913 4439 1098 4494 dicens
1129 4454 1144 4491 :
1184 4457 1203 4488 ι
1235 4435 1539 4490 Comedetis
1575 4434 1938 4488 vetustissima

373 4540 636 4595 veterum,
659 4530 767 4600 67
797 4537 850 4583 et
878 4536 1056 4582 vetera
1087 4525 1242 4581 novis
1277 4521 1782 4592 supervenientibus
1809 4537 1937 4588 pro-

369 4619 802 4693 jicietis(lbid.).
849 4640 868 4672 ι
901 4618 1335 4675 Vetustissimum
1390 4613 1586 4684 quippe
1640 4613 1797 4667 nobis
1852 4621 1938 4668 est

375 4713 574 4780 primos
599 4711 841 4765 homines
897 4709 1064 4764 Deum
1111 4709 1163 4761 in
1193 4704 1444 4775 paradiso
1467 4701 1779 4772 conspicere
1807 4718 1822 4767 ;
1849 4716 1936 4755 ve-

373 4807 462 4854 tus
483 4809 684 4861 autem.
709 4797 1054 4852 lsraeliticum
1077 4793 1331 4865 populum
1365 4791 1822 4854 eireumcisionis,
1870 4805 1936 4846 ac

378 4889 762 4945 sacrificiorum
793 4889 954 4942 ritttm
1002 4887 1446 4951 diversarumque
1491 4883 1934 4937 czeremoniarum

379 4982 628 5035 mandata
653 4995 889 5035 servare.
915 4979 1068 5033 Tunc
1103 4977 1282 5045 itaque
1317 4973 1681 5028 vetustissima
1707 4981 1947 5027 veterum

379 5071 571 5125 mentis
592 5085 686 5124 ore
711 5069 1060 5136 comedimus,
1097 5083 1217 5122 cum
1249 5065 1313 5120 ad
1347 5065 1518 5118 instar
1565 5064 1720 5134 primi
1751 5077 1946 5132 paren-

380 5165 448 5220 tis
469 5163 561 5217 Dei
594 5163 825 5231 speciem
859 5160 1327 5228 contemplamur;
1381 5165 1565 5211 vetera
1611 5171 1739 5209 vero
1795 5155 1948 5209 novis

381 5253 880 5322 supervenientibus
933 5249 1118 5319 procul
1154 5247 1455 5314 abjicimus,
1495 5249 1618 5301 dum
1671 5245 1944 5314 Evangelii

379 5344 551 5414 gratia
585 5351 900 5397 coruscanle
938 5339 1183 5394 Mosaica:
1222 5337 1353 5405 legis
1399 5334 1799 5390 observantiam
1837 5349 1942 5387 non

380 5451 648 5488 curamus.
667 5431 768 5499 Qui
790 5449 918 5502 ergo
949 5430 1230 5501 possidere
1261 5443 1382 5481 cum
1410 5427 1521 5480 Deo
1548 5425 1784 5496 paradisi
1833 5425 1947 5493 glo—

343 5530 844 5598 ‘riamqua'rimus,
873 5528 960 5582 hic
1002 5540 1220 5580 necesse
1262 5531 1346 5577 est
1397 5530 1451 5575 ut
1505 5521 1552 5574 ei
1592 5519 1947 5588 nosmetipsos

382 5621 532 5689 prius
563 5619 932 5674 habitaculum
965 5615 1323 5686 praebeamus,
1353 5621 1642 5681 quatenus,
1681 5611 1811 5663 dum
1829 5609 1946 5676 ipse

373 5707 422 5762 ie:
460 5709 612 5762 nobis
643 5708 925 5762 habitatet
953 5719 1047 5758 nos
1100 5705 1154 5759 in
1205 5717 1290 5767 eo,
1338 5701 1416 5755 sic
1472 5699 1783 5753 studeamus
1840 5709 1944 5749 non

2040 3272 2304 3332 caputque
2349 3277 2526 3317 meum
2581 3270 2834 3330 tanquam
2883 3258 3001 3313 oleo
3035 3258 3237 3329 jocosae
3287 3253 3608 3310 urbanitatis

2042 3353 2308 3407 suavitate
2353 3349 2654 3413 demulcet;
2721 3349 3054 3402 sacerdotem
3105 3344 3312 3400 scilicet
3382 3345 3606 3411 deputat

2042 3441 2391 3503 histrionem;
2424 3441 2550 3494 dum
2580 3453 2668 3492 me
2695 3437 2855 3491 rebus
2877 3436 3174 3504 impugnat.
3202 3432 3380 3496 verbis
3419 3431 3606 3485 obdul—

2042 3537 2162 3594 eat;
2191 3543 2384 3583 manus
2405 3527 2597 3582 incutit
2623 3523 2948 3594 colaphum;
2999 3539 3061 3577 os
3089 3523 3358 3576 excitatur
3408 3521 3475 3574 ad
3533 3521 3608 3574 ri-

2045 3635 2183 3674 sum.
2216 3619 2311 3674 Cui
2365 3618 2540 3673 simile
2598 3615 2849 3670 Salomon
2903 3614 2955 3667 in
2999 3611 3351 3666 Proverbiis:
3396 3627 3416 3661 ‹
3453 3608 3608 3663 Sicut

2043 3709 2234 3762 noxius
2261 3717 2364 3772 est,
2403 3707 2596 3776 inquit,
2623 3705 2715 3774 qui
2745 3705 2910 3757 mittit
2941 3702 3157 3756 lanceas
3207 3709 3261 3754 et
3295 3700 3519 3768 sagittas
3543 3699 3596 3752 in

2043 3805 2306 3859 mortem;
2331 3795 2539 3864 sicea
2566 3793 2665 3856 vir,
2707 3793 2796 3860 qui
2830 3790 3194 3843 fraudulenter
3238 3796 3397 3841 nocet
3423 3788 3603 3841 amico

2043 3899 2160 3948 suo,
2190 3893 2382 3938 etcum
2414 3881 2964 3951 fueritdeprebensus
3001 3878 3172 3933 dicit:
3233 3877 3444 3931 Ludens
3495 3875 3599 3932 feci

2044 3973 2224 4045 (Prov.
2262 3971 2430 4042 xxvr).
2468 3990 2486 4023 ι
2522 3970 2762 4024 Romana
2786 3984 2946 4038 porro
2985 3969 3148 4022 tradit
3172 3967 3394 4021 historia
3419 3966 3597 4036 (Suet.

2041 4078 2092 4118 c.
2113 4063 2204 4134 48)
2230 4080 2242 4114 :
2268 4063 2391 4131 quia
2420 4061 2636 4115 Tiberio
2661 4059 2880 4120 Caesari,
2905 4058 3159 4128 quoniam
3188 4057 3354 4111 multo
3395 4069 3454 4110 se
3480 4057 3606 4110 vino

2042 4155 2236 4224 saepius
2269 4152 2653 4223 ingurgitabat,
2680 4151 2804 4205 dum
2834 4157 3118 4226 vocaretur
3166 4147 3422 4203 Claudius
3447 4147 3607 4202 Tibe-

2042 4247 2155 4300 rius
2193 4244 2354 4309 Nero,
2392 4243 2640 4298 dicebant
2690 4242 2978 4296 histriones
3019 4257 3033 4293 :
3083 4238 3302 4294 Caldius
3357 4237 3606 4293 Biberius

2041 4331 2201 4394 Nero.
2233 4331 2346 4400 Ego
2375 4344 2586 4401 quoque
2614 4329 2738 4400 quia
2766 4329 2946 4383 nescio
2969 4327 3190 4391 saltare,
3208 4327 3304 4382 sed
3339 4327 3600 4388 scribere.
3639 4313 3661 4327 ⁴

2043 4423 2276 4490 scribam
2317 4421 2563 4477 fortassis
2591 4419 2879 4488 aliquando
2910 4433 3018 4472 nou
3069 4416 3212 4487 quod
3250 4415 3604 4478 sacerdotem,

1969 4491 2017 4549 Π
2046 4514 2139 4566 sed
2169 4513 2310 4580 quod
2333 4513 2523 4564 deceat
2561 4509 2898 4566 histrionem.
2952 4506 3086 4561 Nam
3146 4515 3201 4562 et
3255 4521 3354 4576 ego
3404 4506 3608 4560 domini

2045 4605 2146 4657 mei
2170 4619 2364 4656 nomen
2387 4600 2546 4657 facile.
2565 4616 2776 4670 possem
2822 4599 3006 4668 jocoso
3065 4598 3174 4652 sale
3233 4611 3604 4667 consliergere.

2045 4693 2147 4746 nisi
2178 4693 2278 4746 hoc
2303 4692 2432 4745 mihi
2452 4700 2612 4744 tantae
2635 4689 2910 4760 dignitatis
2936 4687 3247 4742 excellentia
3272 4687 3601 4755 prohiberet.

2043 4775 2347 4834 Alexander
2377 4779 2591 4849 quippe,
2624 4777 2799 4831 levans
2840 4777 3106 4847 angustias
3151 4774 3476 4828 tenebrarum
3517 4774 3610 4840 in-_

2005 4905 2013 4911 -
2047 4880 2389 4940 Ierpretatur,
2415 4871 2552 4926 sicut
2588 4869 2641 4923 in
2685 4867 3070 4923 llebraicorum
3134 4864 3408 4917 nominum
3447 4864 3608 4920 inter-

2045 4963 2431 5032 pretationibus
2475 4962 2758 5016 invenitur.
2819 4957 3020 5024 Quibus
3062 4956 3314 5009 nimirum
3356 4955 3604 5011 tenebra-

2047 5071 2164 5108 rum
2198 5054 2464 5124 angustiis
2493 5053 2620 5122 quid
2643 5049 2784 5110 aliud
2811 5048 3142 5118 designatur,
3167 5062 3329 5117 quam
3359 5055 3436 5100 tot
3461 5047 3607 5098 labo-

2044 5148 2119 5203 ris
2150 5155 2205 5201 et
2224 5147 2546 5202 calamitatis
2580 5159 2851 5207 mrumnze,
2889 5157 3022 5210 quas
3061 5141 3318 5196 frenetica
3353 5139 3526 5192 rabies
3545 5151 3608 5190 ac

2042 5239 2193 5296 furor
2217 5241 2371 5295 nobis
2400 5237 2717 5294 Cadaloicus
2739 5234 2949 5290 intulit?
2975 5233 3240 5290 Cadalous
3268 5232 3428 5301 plane
3460 5239 3607 5283 tene-

2047 5332 2268 5386 brarum
2293 5327 2550 5383 excitavit
2572 5325 2868 5394 angustias,
2892 5339 3027 5393 quas
3062 5322 3217 5391 juxta
3245 5320 3326 5375 sui
3374 5316 3608 5374 nominis

2049 5417 2452 5490 etymologiam,
2483 5414 2792 5470 Alexander
2853 5428 2987 5483 papa
3042 5409 3257 5473 levavit,
3301 5407 3425 5475 quia
3479 5408 3607 5459 dum

2049 5508 2136 5562 ille
2161 5509 2472 5577 sulphureo,
2496 5519 2554 5561 ut
2581 5508 2650 5561 ita
2673 5506 2881 5575 loquar,
2933 5501 3154 5557 zEtnaa:
3176 5498 3440 5568 cupidinis
3463 5498 3609 5551 fumo

2049 5601 2226 5655 lumen
2251 5600 2556 5669 apostolicae
2581 5598 2724 5653 sedis
2784 5604 2864 5649 est
2909 5606 3194 5662 aggressus
3241 5588 3606 5659 exstinguere,

2050 5708 2240 5749 omnes
2272 5707 2368 5747 nos
2397 5691 2738 5745 tenebrarum
2763 5682 3024 5753 compulit
3052 5681 3329 5752 angustias
3351 5679 3604 5736 tolerare.
