  <div class='ocr_page' id='page_1' title='image "/cluster/home/n/w/nwhite01/storage/ocr_20150623/144/umn.31951002477437p/161.png"; bbox 0 0 4140 6456; ppageno 0'>
   <div class='ocr_carea' id='block_1_1' title="bbox 533 400 637 456">
    <p class='ocr_par' dir='ltr' id='par_1_1' title="bbox 533 400 637 456">
     <span class='ocr_line' id='line_1_1' title="bbox 533 400 637 456; baseline 0.019 -2"><span class='ocrx_word' id='word_1_1' title='bbox 533 400 637 456; x_wconf 74' lang='grc'><strong>271</strong></span> 
     </span>
    </p>
   </div>
   <div class='ocr_carea' id='block_1_2' title="bbox 1063 355 3248 458">
    <p class='ocr_par' dir='ltr' id='par_1_2' title="bbox 1063 355 3248 458">
     <span class='ocr_line' id='line_1_2' title="bbox 1063 355 3248 458; baseline -0.014 -15"><span class='ocrx_word' id='word_1_2' title='bbox 1063 388 1122 443; x_wconf 90' lang='lat' dir='ltr'><strong>S.</strong></span> <span class='ocrx_word' id='word_1_3' title='bbox 1162 381 1365 441; x_wconf 77' lang='lat' dir='ltr'><strong>PETRI</strong></span> <span class='ocrx_word' id='word_1_4' title='bbox 1393 377 1675 437; x_wconf 77' lang='lat' dir='ltr'><strong>DAMIANI</strong></span> <span class='ocrx_word' id='word_1_5' title='bbox 1709 376 1859 434; x_wconf 83' lang='lat' dir='ltr'><strong>OPP.</strong></span> <span class='ocrx_word' id='word_1_6' title='bbox 1892 373 2071 458; x_wconf 75' lang='lat' dir='ltr'><strong>P_ARS</strong></span> <span class='ocrx_word' id='word_1_7' title='bbox 2098 368 2232 426; x_wconf 85' lang='lat' dir='ltr'><strong>SEU</strong></span> <span class='ocrx_word' id='word_1_8' title='bbox 2261 365 2498 424; x_wconf 84' lang='lat' dir='ltr'><strong>TOMUS</strong></span> <span class='ocrx_word' id='word_1_9' title='bbox 2535 364 2575 420; x_wconf 84' lang='lat' dir='ltr'><strong>l.</strong></span> <span class='ocrx_word' id='word_1_10' title='bbox 2607 394 2674 404; x_wconf 97' lang='lat'><strong>—</strong></span> <span class='ocrx_word' id='word_1_11' title='bbox 2710 362 2926 419; x_wconf 82' lang='lat' dir='ltr'><strong>EPIST.</strong></span> <span class='ocrx_word' id='word_1_12' title='bbox 2960 358 3085 416; x_wconf 81' lang='lat' dir='ltr'><strong>LIB.</strong></span> <span class='ocrx_word' id='word_1_13' title='bbox 3113 355 3248 414; x_wconf 73' lang='lat' dir='ltr'><strong>Vill.</strong></span> 
     </span>
    </p>
   </div>
   <div class='ocr_carea' id='block_1_3' title="bbox 3655 339 3777 424">
    <p class='ocr_par' dir='ltr' id='par_1_3' title="bbox 3655 339 3777 424">
     <span class='ocr_line' id='line_1_3' title="bbox 3655 339 3777 424; baseline -0.008 -12"><span class='ocrx_word' id='word_1_14' title='bbox 3655 339 3777 424; x_wconf 57' lang='lat' dir='ltr'><strong>eis</strong></span> 
     </span>
    </p>
   </div>
   <div class='ocr_carea' id='block_1_4' title="bbox 538 484 2110 584">
    <p class='ocr_par' dir='ltr' id='par_1_4' title="bbox 538 484 2102 584">
     <span class='ocr_line' id='line_1_4' title="bbox 538 484 2102 584; baseline -0.024 -12"><span class='ocrx_word' id='word_1_15' title='bbox 538 509 894 584; x_wconf 81' lang='lat' dir='ltr'><strong>Quamobrem</strong></span> <span class='ocrx_word' id='word_1_16' title='bbox 922 519 1027 560; x_wconf 89' lang='lat' dir='ltr'><strong>non</strong></span> <span class='ocrx_word' id='word_1_17' title='bbox 1048 499 1206 555; x_wconf 92' lang='lat' dir='ltr'><strong>modo</strong></span> <span class='ocrx_word' id='word_1_18' title='bbox 1242 497 1490 551; x_wconf 89' lang='lat' dir='ltr'><strong>dominus</strong></span> <span class='ocrx_word' id='word_1_19' title='bbox 1554 501 1734 546; x_wconf 91' lang='lat' dir='ltr'><strong>noster</strong></span> <span class='ocrx_word' id='word_1_20' title='bbox 1787 502 1921 558; x_wconf 87' lang='lat' dir='ltr'><strong>papa</strong></span> <span class='ocrx_word' id='word_1_21' title='bbox 1950 525 1967 550; x_wconf 95' lang='lat'><strong>,</strong></span> <span class='ocrx_word' id='word_1_22' title='bbox 2009 484 2102 538; x_wconf 85' lang='lat' dir='ltr'><strong>sed</strong></span> 
     </span>
    </p>
   </div>
   <div class='ocr_carea' id='block_1_5' title="bbox 2208 484 3775 584">
    <p class='ocr_par' dir='ltr' id='par_1_5' title="bbox 2208 489 3775 567">
     <span class='ocr_line' id='line_1_5' title="bbox 2208 489 3775 567; baseline -0.007 -13"><span class='ocrx_word' id='word_1_23' title='bbox 2208 498 2496 554; x_wconf 76' lang='lat' dir='ltr'><strong>hilominus</strong></span> <span class='ocrx_word' id='word_1_24' title='bbox 2539 511 2735 567; x_wconf 88' lang='lat' dir='ltr'><strong>genera</strong></span> <span class='ocrx_word' id='word_1_25' title='bbox 2765 493 3022 548; x_wconf 89' lang='lat' dir='ltr'><strong>describit</strong></span> <span class='ocrx_word' id='word_1_26' title='bbox 3065 505 3186 546; x_wconf 89' lang='lat' dir='ltr'><strong>esse</strong></span> <span class='ocrx_word' id='word_1_27' title='bbox 3226 503 3528 560; x_wconf 62' lang='lat' dir='ltr'><strong>poenarum.</strong></span> <span class='ocrx_word' id='word_1_28' title='bbox 3559 489 3625 544; x_wconf 86' lang='lat' dir='ltr'><strong>Et</strong></span> <span class='ocrx_word' id='word_1_29' title='bbox 3651 493 3775 560; x_wconf 83' lang='lat' dir='ltr'><strong>quia</strong></span> 
     </span>
    </p>
   </div>
   <div class='ocr_carea' id='block_1_6' title="bbox 541 579 2105 660">
    <p class='ocr_par' dir='ltr' id='par_1_6' title="bbox 541 579 2105 660">
     <span class='ocr_line' id='line_1_6' title="bbox 541 579 2105 660; baseline -0.022 0"><span class='ocrx_word' id='word_1_30' title='bbox 541 579 728 660; x_wconf 66' lang='lat' dir='ltr'><strong>omnes</strong></span> <span class='ocrx_word' id='word_1_31' title='bbox 753 614 850 654; x_wconf 89' lang='lat' dir='ltr'><strong>nos</strong></span> <span class='ocrx_word' id='word_1_32' title='bbox 878 597 934 651; x_wconf 89' lang='lat' dir='ltr'><strong>in</strong></span> <span class='ocrx_word' id='word_1_33' title='bbox 993 600 1281 660; x_wconf 85' lang='lat' dir='ltr'><strong>conspectu</strong></span> <span class='ocrx_word' id='word_1_34' title='bbox 1321 584 1539 642; x_wconf 88' lang='lat' dir='ltr'><strong>Cadaloi</strong></span> <span class='ocrx_word' id='word_1_35' title='bbox 1565 623 1580 647; x_wconf 95' lang='lat'><strong>,</strong></span> <span class='ocrx_word' id='word_1_36' title='bbox 1652 579 1755 636; x_wconf 89' lang='lat' dir='ltr'><strong>dicl</strong></span> <span class='ocrx_word' id='word_1_37' title='bbox 1814 590 2105 649; x_wconf 88' lang='lat' dir='ltr'><strong>possumus</strong></span> 
     </span>
    </p>
   </div>
   <div class='ocr_carea' id='block_1_7' title="bbox 462 666 2105 756">
    <p class='ocr_par' dir='ltr' id='par_1_7' title="bbox 462 666 2105 756">
     <span class='ocr_line' id='line_1_7' title="bbox 462 666 2105 756; baseline -0.02 -5"><span class='ocrx_word' id='word_1_38' title='bbox 462 725 467 734; x_wconf 65' lang='grc' dir='ltr'>ε</span> <span class='ocrx_word' id='word_1_39' title='bbox 543 690 830 752; x_wconf 76' lang='lat' dir='ltr'><strong>Alexandri</strong></span> <span class='ocrx_word' id='word_1_40' title='bbox 854 705 870 754; x_wconf 87' lang='lat'><strong>;</strong></span> <span class='ocrx_word' id='word_1_41' title='bbox 901 685 1027 756; x_wconf 91' lang='lat' dir='ltr'><strong>quia</strong></span> <span class='ocrx_word' id='word_1_42' title='bbox 1054 684 1181 737; x_wconf 90' lang='lat' dir='ltr'><strong>dum</strong></span> <span class='ocrx_word' id='word_1_43' title='bbox 1209 681 1296 735; x_wconf 90' lang='lat' dir='ltr'><strong>ille</strong></span> <span class='ocrx_word' id='word_1_44' title='bbox 1320 677 1663 732; x_wconf 90' lang='lat' dir='ltr'><strong>tenebrarum</strong></span> <span class='ocrx_word' id='word_1_45' title='bbox 1694 670 1848 725; x_wconf 90' lang='lat' dir='ltr'><strong>nobis</strong></span> <span class='ocrx_word' id='word_1_46' title='bbox 1877 666 2105 737; x_wconf 90' lang='lat' dir='ltr'><strong>imponit</strong></span> 
     </span>
    </p>
   </div>
   <div class='ocr_carea' id='block_1_8' title="bbox 541 755 2105 854">
    <p class='ocr_par' dir='ltr' id='par_1_8' title="bbox 541 755 2105 854">
     <span class='ocr_line' id='line_1_8' title="bbox 541 755 2105 854; baseline -0.02 -15"><span class='ocrx_word' id='word_1_47' title='bbox 541 781 842 854; x_wconf 75' lang='lat' dir='ltr'><strong>angustias,</strong></span> <span class='ocrx_word' id='word_1_48' title='bbox 877 755 1030 846; x_wconf 88' lang='lat' dir='ltr'><strong>cujus</strong></span> <span class='ocrx_word' id='word_1_49' title='bbox 1064 785 1250 828; x_wconf 90' lang='lat' dir='ltr'><strong>sumus</strong></span> <span class='ocrx_word' id='word_1_50' title='bbox 1285 765 1575 839; x_wconf 88' lang='lat' dir='ltr'><strong>participes</strong></span> <span class='ocrx_word' id='word_1_51' title='bbox 1597 763 1650 817; x_wconf 89' lang='lat' dir='ltr'><strong>in</strong></span> <span class='ocrx_word' id='word_1_52' title='bbox 1681 755 2105 854; x_wconf 43' lang='lat' dir='ltr'><strong>laborm-merito</strong></span> 
     </span>
    </p>
   </div>
   <div class='ocr_carea' id='block_1_9' title="bbox 541 847 2102 930">
    <p class='ocr_par' dir='ltr' id='par_1_9' title="bbox 541 847 2102 930">
     <span class='ocr_line' id='line_1_9' title="bbox 541 847 2102 930; baseline -0.021 -1"><span class='ocrx_word' id='word_1_53' title='bbox 541 847 825 930; x_wconf 72' lang='lat' dir='ltr'><strong>censemur</strong></span> <span class='ocrx_word' id='word_1_54' title='bbox 844 876 897 923; x_wconf 92' lang='lat' dir='ltr'><strong>et</strong></span> <span class='ocrx_word' id='word_1_55' title='bbox 927 865 1162 921; x_wconf 90' lang='lat' dir='ltr'><strong>nomine.</strong></span> <span class='ocrx_word' id='word_1_56' title='bbox 1196 859 1302 916; x_wconf 85' lang='lat' dir='ltr'><strong>Sed</strong></span> <span class='ocrx_word' id='word_1_57' title='bbox 1328 872 1451 912; x_wconf 91' lang='lat' dir='ltr'><strong>cum</strong></span> <span class='ocrx_word' id='word_1_58' title='bbox 1491 857 1594 911; x_wconf 87' lang='lat' dir='ltr'><strong>hoc</strong></span> <span class='ocrx_word' id='word_1_59' title='bbox 1642 865 1836 908; x_wconf 89' lang='lat' dir='ltr'><strong>nomen</strong></span> <span class='ocrx_word' id='word_1_60' title='bbox 1889 847 2102 907; x_wconf 91' lang='lat' dir='ltr'><strong>habeat,</strong></span> 
     </span>
    </p>
   </div>
   <div class='ocr_carea' id='block_1_10' title="bbox 539 935 2107 1024">
    <p class='ocr_par' dir='ltr' id='par_1_10' title="bbox 539 935 2107 1024">
     <span class='ocr_line' id='line_1_10' title="bbox 539 935 2107 1024; baseline -0.02 -8"><span class='ocrx_word' id='word_1_61' title='bbox 539 963 741 1024; x_wconf 74' lang='lat' dir='ltr'><strong>leVare,</strong></span> <span class='ocrx_word' id='word_1_62' title='bbox 771 957 898 1012; x_wconf 90' lang='lat' dir='ltr'><strong>illud</strong></span> <span class='ocrx_word' id='word_1_63' title='bbox 927 955 1215 1023; x_wconf 81' lang='lat' dir='ltr'><strong>exprimat,</strong></span> <span class='ocrx_word' id='word_1_64' title='bbox 1241 941 1452 1009; x_wconf 80' lang='lat' dir='ltr'><strong>cadere,</strong></span> <span class='ocrx_word' id='word_1_65' title='bbox 1480 959 1574 1014; x_wconf 91' lang='lat' dir='ltr'><strong>per</strong></span> <span class='ocrx_word' id='word_1_66' title='bbox 1602 943 1724 1005; x_wconf 92' lang='lat' dir='ltr'><strong>hoc,</strong></span> <span class='ocrx_word' id='word_1_67' title='bbox 1754 940 1892 992; x_wconf 89' lang='lat' dir='ltr'><strong>inter</strong></span> <span class='ocrx_word' id='word_1_68' title='bbox 1920 935 2071 989; x_wconf 83' lang='lat' dir='ltr'><strong>levati</strong></span> <span class='ocrx_word' id='word_1_69' title='bbox 2089 962 2107 975; x_wconf 86' lang='lat'><strong>-</strong></span> 
     </span>
    </p>
   </div>
   <div class='ocr_carea' id='block_1_11' title="bbox 540 1029 2102 1112">
    <p class='ocr_par' dir='ltr' id='par_1_11' title="bbox 540 1029 2102 1112">
     <span class='ocr_line' id='line_1_11' title="bbox 540 1029 2102 1112; baseline -0.019 -4"><span class='ocrx_word' id='word_1_70' title='bbox 540 1061 728 1109; x_wconf 88' lang='lat' dir='ltr'><strong>temet</strong></span> <span class='ocrx_word' id='word_1_71' title='bbox 775 1049 1057 1105; x_wconf 89' lang='lat' dir='ltr'><strong>cadentem</strong></span> <span class='ocrx_word' id='word_1_72' title='bbox 1113 1040 1356 1112; x_wconf 64' lang='lat' dir='ltr'><strong>praelium</strong></span> <span class='ocrx_word' id='word_1_73' title='bbox 1385 1079 1400 1103; x_wconf 94' lang='lat'><strong>,</strong></span> <span class='ocrx_word' id='word_1_74' title='bbox 1450 1037 1598 1091; x_wconf 91' lang='lat' dir='ltr'><strong>illum</strong></span> <span class='ocrx_word' id='word_1_75' title='bbox 1651 1047 1811 1102; x_wconf 88' lang='lat' dir='ltr'><strong>quem</strong></span> <span class='ocrx_word' id='word_1_76' title='bbox 1865 1029 2102 1084; x_wconf 79' lang='lat' dir='ltr'><strong>Joannes</strong></span> 
     </span>
    </p>
   </div>
   <div class='ocr_carea' id='block_1_12' title="bbox 540 1119 2097 1204">
    <p class='ocr_par' dir='ltr' id='par_1_12' title="bbox 540 1119 2097 1204">
     <span class='ocr_line' id='line_1_12' title="bbox 540 1119 2097 1204; baseline -0.019 -5"><span class='ocrx_word' id='word_1_77' title='bbox 540 1153 742 1204; x_wconf 88' lang='lat' dir='ltr'><strong>narrat,</strong></span> <span class='ocrx_word' id='word_1_78' title='bbox 771 1141 837 1193; x_wconf 81' lang='lat' dir='ltr'><strong>ad</strong></span> <span class='ocrx_word' id='word_1_79' title='bbox 861 1135 1178 1191; x_wconf 86' lang='lat' dir='ltr'><strong>memoriam</strong></span> <span class='ocrx_word' id='word_1_80' title='bbox 1218 1131 1461 1200; x_wconf 79' lang='lat' dir='ltr'><strong>cogimur</strong></span> <span class='ocrx_word' id='word_1_81' title='bbox 1489 1139 1745 1182; x_wconf 88' lang='lat' dir='ltr'><strong>revocare</strong></span> <span class='ocrx_word' id='word_1_82' title='bbox 1773 1119 2097 1176; x_wconf 79' lang='lat' dir='ltr'><strong>conﬂictum.</strong></span> 
     </span>
    </p>
   </div>
   <div class='ocr_carea' id='block_1_13' title="bbox 543 1209 2108 1295">
    <p class='ocr_par' dir='ltr' id='par_1_13' title="bbox 543 1209 2108 1295">
     <span class='ocr_line' id='line_1_13' title="bbox 543 1209 2108 1295; baseline -0.016 -9"><span class='ocrx_word' id='word_1_83' title='bbox 543 1252 562 1286; x_wconf 75' lang='grc' dir='ltr'>ι</span> <span class='ocrx_word' id='word_1_84' title='bbox 600 1233 822 1288; x_wconf 89' lang='lat' dir='ltr'><strong>Factum</strong></span> <span class='ocrx_word' id='word_1_85' title='bbox 845 1237 947 1294; x_wconf 92' lang='lat' dir='ltr'><strong>est,</strong></span> <span class='ocrx_word' id='word_1_86' title='bbox 971 1225 1168 1295; x_wconf 90' lang='lat' dir='ltr'><strong>inquit,</strong></span> <span class='ocrx_word' id='word_1_87' title='bbox 1194 1221 1435 1294; x_wconf 63' lang='lat' dir='ltr'><strong>praelium</strong></span> <span class='ocrx_word' id='word_1_88' title='bbox 1467 1219 1520 1272; x_wconf 92' lang='lat' dir='ltr'><strong>in</strong></span> <span class='ocrx_word' id='word_1_89' title='bbox 1575 1215 1714 1272; x_wconf 63' lang='lat' dir='ltr'><strong>caelo</strong></span> <span class='ocrx_word' id='word_1_90' title='bbox 1744 1229 1758 1268; x_wconf 90' lang='lat'><strong>:</strong></span> <span class='ocrx_word' id='word_1_91' title='bbox 1788 1209 2015 1267; x_wconf 81' lang='lat' dir='ltr'><strong>Michael</strong></span> <span class='ocrx_word' id='word_1_92' title='bbox 2052 1215 2108 1262; x_wconf 91' lang='lat' dir='ltr'><strong>ct</strong></span> 
     </span>
    </p>
   </div>
   <div class='ocr_carea' id='block_1_14' title="bbox 539 1299 2098 1395">
    <p class='ocr_par' dir='ltr' id='par_1_14' title="bbox 539 1299 2098 1395">
     <span class='ocr_line' id='line_1_14' title="bbox 539 1299 2098 1395; baseline -0.02 -15"><span class='ocrx_word' id='word_1_93' title='bbox 539 1324 710 1395; x_wconf 77' lang='lat' dir='ltr'><strong>angeli</strong></span> <span class='ocrx_word' id='word_1_94' title='bbox 742 1322 858 1392; x_wconf 87' lang='lat' dir='ltr'><strong>ejus</strong></span> <span class='ocrx_word' id='word_1_95' title='bbox 883 1318 1265 1390; x_wconf 79' lang='lat' dir='ltr'><strong>praeliabautur</strong></span> <span class='ocrx_word' id='word_1_96' title='bbox 1292 1326 1414 1366; x_wconf 92' lang='lat' dir='ltr'><strong>cum</strong></span> <span class='ocrx_word' id='word_1_97' title='bbox 1451 1309 1685 1362; x_wconf 81' lang='lat' dir='ltr'><strong>dracone</strong></span> <span class='ocrx_word' id='word_1_98' title='bbox 1705 1302 1894 1395; x_wconf 83' lang='lat' dir='ltr'><strong>(Apoc.</strong></span> <span class='ocrx_word' id='word_1_99' title='bbox 1916 1299 2039 1370; x_wconf 85' lang='lat' dir='ltr'><strong>xu).</strong></span> <span class='ocrx_word' id='word_1_100' title='bbox 2078 1314 2098 1348; x_wconf 68' lang='grc' dir='ltr'><strong>ι</strong></span> 
     </span>
    </p>
   </div>
   <div class='ocr_carea' id='block_1_15' title="bbox 539 1393 2108 1490">
    <p class='ocr_par' dir='ltr' id='par_1_15' title="bbox 539 1393 2108 1490">
     <span class='ocr_line' id='line_1_15' title="bbox 539 1393 2108 1490; baseline -0.02 -17"><span class='ocrx_word' id='word_1_101' title='bbox 539 1393 744 1490; x_wconf 45' lang='grc' dir='ltr'><strong>Βελιυο</strong></span> <span class='ocrx_word' id='word_1_102' title='bbox 763 1413 922 1468; x_wconf 86' lang='lat' dir='ltr'><strong>etiam</strong></span> <span class='ocrx_word' id='word_1_103' title='bbox 945 1407 1102 1479; x_wconf 85' lang='lat' dir='ltr'><strong>paulo</strong></span> <span class='ocrx_word' id='word_1_104' title='bbox 1139 1412 1260 1474; x_wconf 90' lang='lat' dir='ltr'><strong>post</strong></span> <span class='ocrx_word' id='word_1_105' title='bbox 1292 1402 1508 1456; x_wconf 89' lang='lat' dir='ltr'><strong>additur</strong></span> <span class='ocrx_word' id='word_1_106' title='bbox 1536 1415 1550 1452; x_wconf 89' lang='lat'><strong>:</strong></span> <span class='ocrx_word' id='word_1_107' title='bbox 1585 1415 1606 1451; x_wconf 74' lang='grc' dir='ltr'>ι</span> <span class='ocrx_word' id='word_1_108' title='bbox 1633 1396 1700 1449; x_wconf 86' lang='lat' dir='ltr'><strong>Et</strong></span> <span class='ocrx_word' id='word_1_109' title='bbox 1727 1393 1998 1490; x_wconf 80' lang='lat' dir='ltr'><strong>projectus</strong></span> <span class='ocrx_word' id='word_1_110' title='bbox 2024 1395 2108 1487; x_wconf 73' lang='lat' dir='ltr'><strong>est</strong></span> 
     </span>
    </p>
   </div>
   <div class='ocr_carea' id='block_1_16' title="bbox 538 1483 2104 1563">
    <p class='ocr_par' dir='ltr' id='par_1_16' title="bbox 538 1483 2104 1563">
     <span class='ocr_line' id='line_1_16' title="bbox 538 1483 2104 1563; baseline -0.022 0"><span class='ocrx_word' id='word_1_111' title='bbox 538 1511 592 1562; x_wconf 89' lang='lat' dir='ltr'><strong>in</strong></span> <span class='ocrx_word' id='word_1_112' title='bbox 635 1483 834 1561; x_wconf 78' lang='lat' dir='ltr'><strong>terram</strong></span> <span class='ocrx_word' id='word_1_113' title='bbox 858 1501 1021 1554; x_wconf 87' lang='lat' dir='ltr'><strong>draco</strong></span> <span class='ocrx_word' id='word_1_114' title='bbox 1051 1497 1139 1552; x_wconf 90' lang='lat' dir='ltr'><strong>ille</strong></span> <span class='ocrx_word' id='word_1_115' title='bbox 1172 1508 1419 1563; x_wconf 84' lang='lat' dir='ltr'><strong>magnus,</strong></span> <span class='ocrx_word' id='word_1_116' title='bbox 1447 1501 1668 1558; x_wconf 88' lang='lat' dir='ltr'><strong>serpens</strong></span> <span class='ocrx_word' id='word_1_117' title='bbox 1694 1483 1970 1550; x_wconf 89' lang='lat' dir='ltr'><strong>antiquus,</strong></span> <span class='ocrx_word' id='word_1_118' title='bbox 2008 1483 2104 1546; x_wconf 88' lang='lat' dir='ltr'><strong>qui</strong></span> 
     </span>
    </p>
   </div>
   <div class='ocr_carea' id='block_1_17' title="bbox 538 1572 2104 1654">
    <p class='ocr_par' dir='ltr' id='par_1_17' title="bbox 538 1572 2104 1654">
     <span class='ocr_line' id='line_1_17' title="bbox 538 1572 2104 1654; baseline -0.021 0"><span class='ocrx_word' id='word_1_119' title='bbox 538 1605 763 1654; x_wconf 77' lang='lat' dir='ltr'><strong>vocatur</strong></span> <span class='ocrx_word' id='word_1_120' title='bbox 782 1590 1024 1648; x_wconf 83' lang='lat' dir='ltr'><strong>diabolus</strong></span> <span class='ocrx_word' id='word_1_121' title='bbox 1042 1598 1098 1642; x_wconf 90' lang='lat' dir='ltr'><strong>et</strong></span> <span class='ocrx_word' id='word_1_122' title='bbox 1119 1585 1350 1648; x_wconf 83' lang='lat' dir='ltr'><strong>Satanas</strong></span> <span class='ocrx_word' id='word_1_123' title='bbox 1371 1579 1576 1652; x_wconf 78' lang='lat' dir='ltr'><strong>(Ibid).</strong></span> <span class='ocrx_word' id='word_1_124' title='bbox 1605 1597 1624 1630; x_wconf 75' lang='grc' dir='ltr'><strong><em>ι</em></strong></span> <span class='ocrx_word' id='word_1_125' title='bbox 1652 1575 1731 1629; x_wconf 89' lang='lat' dir='ltr'><strong>Ad</strong></span> <span class='ocrx_word' id='word_1_126' title='bbox 1751 1572 1903 1642; x_wconf 91' lang='lat' dir='ltr'><strong>cujus</strong></span> <span class='ocrx_word' id='word_1_127' title='bbox 1918 1584 2104 1625; x_wconf 86' lang='lat' dir='ltr'><strong>exem-</strong></span> 
     </span>
    </p>
   </div>
   <div class='ocr_carea' id='block_1_18' title="bbox 539 1663 2104 1760">
    <p class='ocr_par' dir='ltr' id='par_1_18' title="bbox 539 1663 2104 1760">
     <span class='ocr_line' id='line_1_18' title="bbox 539 1663 2104 1760; baseline -0.019 -19"><span class='ocrx_word' id='word_1_128' title='bbox 539 1688 683 1760; x_wconf 88' lang='lat' dir='ltr'><strong>plum</strong></span> <span class='ocrx_word' id='word_1_129' title='bbox 710 1695 763 1740; x_wconf 90' lang='lat' dir='ltr'><strong>et</strong></span> <span class='ocrx_word' id='word_1_130' title='bbox 783 1682 1048 1738; x_wconf 85' lang='lat' dir='ltr'><strong>Cadalous</strong></span> <span class='ocrx_word' id='word_1_131' title='bbox 1067 1678 1132 1732; x_wconf 85' lang='lat' dir='ltr'><strong>de</strong></span> <span class='ocrx_word' id='word_1_132' title='bbox 1159 1675 1296 1730; x_wconf 62' lang='lat' dir='ltr'><strong>caelo</strong></span> <span class='ocrx_word' id='word_1_133' title='bbox 1348 1673 1401 1726; x_wconf 95' lang='lat' dir='ltr'><strong>iu</strong></span> <span class='ocrx_word' id='word_1_134' title='bbox 1436 1678 1694 1724; x_wconf 89' lang='lat' dir='ltr'><strong>tartarum</strong></span> <span class='ocrx_word' id='word_1_135' title='bbox 1725 1663 1938 1760; x_wconf 79' lang='lat' dir='ltr'><strong>cecidit,</strong></span> <span class='ocrx_word' id='word_1_136' title='bbox 1979 1673 2104 1715; x_wconf 91' lang='lat' dir='ltr'><strong>cum</strong></span> 
     </span>
    </p>
   </div>
   <div class='ocr_carea' id='block_1_19' title="bbox 539 1755 2106 1843">
    <p class='ocr_par' dir='ltr' id='par_1_19' title="bbox 539 1755 2106 1843">
     <span class='ocr_line' id='line_1_19' title="bbox 539 1755 2106 1843; baseline -0.019 -10"><span class='ocrx_word' id='word_1_137' title='bbox 539 1755 604 1833; x_wconf 80' lang='lat' dir='ltr'><strong>de</strong></span> <span class='ocrx_word' id='word_1_138' title='bbox 633 1777 774 1831; x_wconf 82' lang='lat' dir='ltr'><strong>sedis</strong></span> <span class='ocrx_word' id='word_1_139' title='bbox 795 1770 1100 1843; x_wconf 68' lang='lat' dir='ltr'><strong>apostolica:</strong></span> <span class='ocrx_word' id='word_1_140' title='bbox 1128 1765 1382 1828; x_wconf 88' lang='lat' dir='ltr'><strong>culmine,</strong></span> <span class='ocrx_word' id='word_1_141' title='bbox 1409 1761 1549 1832; x_wconf 89' lang='lat' dir='ltr'><strong>quod</strong></span> <span class='ocrx_word' id='word_1_142' title='bbox 1575 1758 1848 1829; x_wconf 85' lang='lat' dir='ltr'><strong>sperabat,</strong></span> <span class='ocrx_word' id='word_1_143' title='bbox 1875 1755 1927 1809; x_wconf 91' lang='lat' dir='ltr'><strong>in</strong></span> <span class='ocrx_word' id='word_1_144' title='bbox 1976 1765 2106 1806; x_wconf 84' lang='lat' dir='ltr'><strong>ana-</strong></span> 
     </span>
    </p>
   </div>
   <div class='ocr_carea' id='block_1_20' title="bbox 539 1853 1375 1927">
    <p class='ocr_par' dir='ltr' id='par_1_20' title="bbox 539 1853 1375 1927">
     <span class='ocr_line' id='line_1_20' title="bbox 539 1853 1375 1927; baseline -0.019 -6"><span class='ocrx_word' id='word_1_145' title='bbox 539 1864 792 1921; x_wconf 90' lang='lat' dir='ltr'><strong>thematis</strong></span> <span class='ocrx_word' id='word_1_146' title='bbox 811 1860 1120 1927; x_wconf 81' lang='lat' dir='ltr'><strong>voraginem</strong></span> <span class='ocrx_word' id='word_1_147' title='bbox 1148 1853 1375 1910; x_wconf 89' lang='lat' dir='ltr'><strong>corruit.</strong></span> 
     </span>
    </p>
   </div>
   <div class='ocr_carea' id='block_1_21' title="bbox 2207 579 3777 649">
    <p class='ocr_par' dir='ltr' id='par_1_21' title="bbox 2207 579 3777 649">
     <span class='ocr_line' id='line_1_21' title="bbox 2207 579 3777 649; baseline -0.004 -7"><span class='ocrx_word' id='word_1_148' title='bbox 2207 589 2567 642; x_wconf 87' lang='lat' dir='ltr'><strong>beatitudines</strong></span> <span class='ocrx_word' id='word_1_149' title='bbox 2595 587 2697 640; x_wconf 69' lang='lat' dir='ltr'><strong>illa:</strong></span> <span class='ocrx_word' id='word_1_150' title='bbox 2721 587 2863 639; x_wconf 88' lang='lat' dir='ltr'><strong>sicut</strong></span> <span class='ocrx_word' id='word_1_151' title='bbox 2903 583 3058 636; x_wconf 90' lang='lat' dir='ltr'><strong>nobis</strong></span> <span class='ocrx_word' id='word_1_152' title='bbox 3083 589 3211 636; x_wconf 91' lang='lat' dir='ltr'><strong>sunt</strong></span> <span class='ocrx_word' id='word_1_153' title='bbox 3241 580 3296 634; x_wconf 93' lang='lat' dir='ltr'><strong>in</strong></span> <span class='ocrx_word' id='word_1_154' title='bbox 3337 579 3668 649; x_wconf 80' lang='lat' dir='ltr'><strong>cognitione,</strong></span> <span class='ocrx_word' id='word_1_155' title='bbox 3698 581 3777 636; x_wconf 90' lang='lat' dir='ltr'><strong>sic</strong></span> 
     </span>
    </p>
   </div>
   <div class='ocr_carea' id='block_1_22' title="bbox 2207 671 3778 744">
    <p class='ocr_par' dir='ltr' id='par_1_22' title="bbox 2207 671 3778 744">
     <span class='ocr_line' id='line_1_22' title="bbox 2207 671 3778 744; baseline -0.003 -12"><span class='ocrx_word' id='word_1_156' title='bbox 2207 680 2412 734; x_wconf 89' lang='lat' dir='ltr'><strong>utinam</strong></span> <span class='ocrx_word' id='word_1_157' title='bbox 2443 679 2771 732; x_wconf 85' lang='lat' dir='ltr'><strong>haberentur</strong></span> <span class='ocrx_word' id='word_1_158' title='bbox 2812 676 2864 729; x_wconf 90' lang='lat' dir='ltr'><strong>in</strong></span> <span class='ocrx_word' id='word_1_159' title='bbox 2889 689 3081 744; x_wconf 88' lang='lat' dir='ltr'><strong>opere;</strong></span> <span class='ocrx_word' id='word_1_160' title='bbox 3131 687 3230 728; x_wconf 90' lang='lat' dir='ltr'><strong>nos</strong></span> <span class='ocrx_word' id='word_1_161' title='bbox 3259 672 3370 738; x_wconf 89' lang='lat' dir='ltr'><strong>hic,</strong></span> <span class='ocrx_word' id='word_1_162' title='bbox 3390 671 3546 741; x_wconf 86' lang='lat' dir='ltr'><strong>juxta</strong></span> <span class='ocrx_word' id='word_1_163' title='bbox 3577 671 3778 728; x_wconf 88' lang='lat' dir='ltr'><strong>Tullia-</strong></span> 
     </span>
    </p>
   </div>
   <div class='ocr_carea' id='block_1_23' title="bbox 2207 767 3777 836">
    <p class='ocr_par' dir='ltr' id='par_1_23' title="bbox 2207 767 3777 836">
     <span class='ocr_line' id='line_1_23' title="bbox 2207 767 3777 836; baseline -0.004 -11"><span class='ocrx_word' id='word_1_164' title='bbox 2207 786 2336 825; x_wconf 91' lang='lat' dir='ltr'><strong>num</strong></span> <span class='ocrx_word' id='word_1_165' title='bbox 2375 769 2643 832; x_wconf 90' lang='lat' dir='ltr'><strong>ordinem,</strong></span> <span class='ocrx_word' id='word_1_166' title='bbox 2695 767 2808 822; x_wconf 90' lang='lat' dir='ltr'><strong>sola</strong></span> <span class='ocrx_word' id='word_1_167' title='bbox 2845 778 3124 836; x_wconf 66' lang='lat' dir='ltr'><strong>poenarum</strong></span> <span class='ocrx_word' id='word_1_168' title='bbox 3170 777 3367 832; x_wconf 88' lang='lat' dir='ltr'><strong>genera</strong></span> <span class='ocrx_word' id='word_1_169' title='bbox 3411 775 3777 826; x_wconf 87' lang='lat' dir='ltr'><strong>numeremus,</strong></span> 
     </span>
    </p>
   </div>
   <div class='ocr_carea' id='block_1_24' title="bbox 2208 851 3779 924">
    <p class='ocr_par' dir='ltr' id='par_1_24' title="bbox 2208 851 3779 924">
     <span class='ocr_line' id='line_1_24' title="bbox 2208 851 3779 924; baseline -0.003 -11"><span class='ocrx_word' id='word_1_170' title='bbox 2208 859 2464 914; x_wconf 88' lang='lat' dir='ltr'><strong>damnum</strong></span> <span class='ocrx_word' id='word_1_171' title='bbox 2488 857 2757 923; x_wconf 80' lang='lat' dir='ltr'><strong>videlicet,</strong></span> <span class='ocrx_word' id='word_1_172' title='bbox 2787 854 3023 919; x_wconf 89' lang='lat' dir='ltr'><strong>vincula,</strong></span> <span class='ocrx_word' id='word_1_173' title='bbox 3052 853 3299 918; x_wconf 89' lang='lat' dir='ltr'><strong>verbera,</strong></span> <span class='ocrx_word' id='word_1_174' title='bbox 3324 851 3602 920; x_wconf 87' lang='lat' dir='ltr'><strong>talionem,</strong></span> <span class='ocrx_word' id='word_1_175' title='bbox 3627 853 3779 924; x_wconf 83' lang='lat' dir='ltr'><strong>igno-</strong></span> 
     </span>
    </p>
   </div>
   <div class='ocr_carea' id='block_1_25' title="bbox 2207 945 3782 1016">
    <p class='ocr_par' dir='ltr' id='par_1_25' title="bbox 2207 945 3782 1016">
     <span class='ocr_line' id='line_1_25' title="bbox 2207 945 3782 1016; baseline -0.001 -13"><span class='ocrx_word' id='word_1_176' title='bbox 2207 949 2454 1014; x_wconf 89' lang='lat' dir='ltr'><strong>miniam,</strong></span> <span class='ocrx_word' id='word_1_177' title='bbox 2485 948 2757 1011; x_wconf 80' lang='lat' dir='ltr'><strong>exsilium,</strong></span> <span class='ocrx_word' id='word_1_178' title='bbox 2810 956 3058 1011; x_wconf 91' lang='lat' dir='ltr'><strong>mortem,</strong></span> <span class='ocrx_word' id='word_1_179' title='bbox 3098 945 3431 1000; x_wconf 82' lang='lat' dir='ltr'><strong>servitutem.</strong></span> <span class='ocrx_word' id='word_1_180' title='bbox 3457 945 3592 1001; x_wconf 83' lang='lat' dir='ltr'><strong>Cum</strong></span> <span class='ocrx_word' id='word_1_181' title='bbox 3615 945 3782 1016; x_wconf 90' lang='lat' dir='ltr'><strong>igitur</strong></span> 
     </span>
    </p>
   </div>
   <div class='ocr_carea' id='block_1_26' title="bbox 2207 1035 3777 1108">
    <p class='ocr_par' dir='ltr' id='par_1_26' title="bbox 2207 1035 3777 1108">
     <span class='ocr_line' id='line_1_26' title="bbox 2207 1035 3777 1108; baseline -0.003 -13"><span class='ocrx_word' id='word_1_182' title='bbox 2207 1040 2323 1095; x_wconf 63' lang='lat' dir='ltr'><strong>haec</strong></span> <span class='ocrx_word' id='word_1_183' title='bbox 2349 1039 2528 1095; x_wconf 87' lang='lat' dir='ltr'><strong>omnia</strong></span> <span class='ocrx_word' id='word_1_184' title='bbox 2564 1037 2677 1092; x_wconf 85' lang='lat' dir='ltr'><strong>fere</strong></span> <span class='ocrx_word' id='word_1_185' title='bbox 2702 1053 2800 1108; x_wconf 91' lang='lat' dir='ltr'><strong>pro</strong></span> <span class='ocrx_word' id='word_1_186' title='bbox 2833 1036 2981 1092; x_wconf 87' lang='lat' dir='ltr'><strong>sedis</strong></span> <span class='ocrx_word' id='word_1_187' title='bbox 3008 1035 3319 1105; x_wconf 67' lang='lat' dir='ltr'><strong>apostolica:</strong></span> <span class='ocrx_word' id='word_1_188' title='bbox 3350 1037 3570 1090; x_wconf 82' lang='lat' dir='ltr'><strong>servitio</strong></span> <span class='ocrx_word' id='word_1_189' title='bbox 3599 1046 3777 1106; x_wconf 59' lang='lat' dir='ltr'><strong>pertu-</strong></span> 
     </span>
    </p>
   </div>
   <div class='ocr_carea' id='block_1_27' title="bbox 2209 1128 3778 1202">
    <p class='ocr_par' dir='ltr' id='par_1_27' title="bbox 2209 1128 3778 1202">
     <span class='ocr_line' id='line_1_27' title="bbox 2209 1128 3778 1202; baseline -0.001 -16"><span class='ocrx_word' id='word_1_190' title='bbox 2209 1131 2452 1196; x_wconf 89' lang='lat' dir='ltr'><strong>lerimus,</strong></span> <span class='ocrx_word' id='word_1_191' title='bbox 2481 1131 2727 1202; x_wconf 90' lang='lat' dir='ltr'><strong>dignum,</strong></span> <span class='ocrx_word' id='word_1_192' title='bbox 2758 1144 2965 1199; x_wconf 68' lang='lat' dir='ltr'><strong>quaeso,</strong></span> <span class='ocrx_word' id='word_1_193' title='bbox 2992 1139 3075 1183; x_wconf 87' lang='lat' dir='ltr'><strong>est</strong></span> <span class='ocrx_word' id='word_1_194' title='bbox 3104 1137 3184 1192; x_wconf 91' lang='lat' dir='ltr'><strong>ut,</strong></span> <span class='ocrx_word' id='word_1_195' title='bbox 3217 1128 3368 1196; x_wconf 87' lang='lat' dir='ltr'><strong>quasi</strong></span> <span class='ocrx_word' id='word_1_196' title='bbox 3395 1128 3572 1182; x_wconf 89' lang='lat' dir='ltr'><strong>soluto</strong></span> <span class='ocrx_word' id='word_1_197' title='bbox 3593 1144 3778 1198; x_wconf 75' lang='lat' dir='ltr'><strong>poena-</strong></span> 
     </span>
    </p>
   </div>
   <div class='ocr_carea' id='block_1_28' title="bbox 2207 1217 3779 1288">
    <p class='ocr_par' dir='ltr' id='par_1_28' title="bbox 2207 1217 3779 1288">
     <span class='ocr_line' id='line_1_28' title="bbox 2207 1217 3779 1288; baseline -0.003 -11"><span class='ocrx_word' id='word_1_198' title='bbox 2207 1238 2327 1277; x_wconf 91' lang='lat' dir='ltr'><strong>rum</strong></span> <span class='ocrx_word' id='word_1_199' title='bbox 2354 1222 2554 1288; x_wconf 91' lang='lat' dir='ltr'><strong>debito,</strong></span> <span class='ocrx_word' id='word_1_200' title='bbox 2582 1235 2725 1275; x_wconf 91' lang='lat' dir='ltr'><strong>nunc</strong></span> <span class='ocrx_word' id='word_1_201' title='bbox 2758 1220 2934 1274; x_wconf 91' lang='lat' dir='ltr'><strong>eidem</strong></span> <span class='ocrx_word' id='word_1_202' title='bbox 2959 1217 3071 1273; x_wconf 89' lang='lat' dir='ltr'><strong>sedi</strong></span> <span class='ocrx_word' id='word_1_203' title='bbox 3098 1217 3435 1286; x_wconf 89' lang='lat' dir='ltr'><strong>potissimum</strong></span> <span class='ocrx_word' id='word_1_204' title='bbox 3473 1218 3634 1273; x_wconf 89' lang='lat' dir='ltr'><strong>etiam</strong></span> <span class='ocrx_word' id='word_1_205' title='bbox 3679 1217 3779 1273; x_wconf 74' lang='lat' dir='ltr'><strong>foe-</strong></span> 
     </span>
    </p>
   </div>
   <div class='ocr_carea' id='block_1_29' title="bbox 2209 1309 3779 1382">
    <p class='ocr_par' dir='ltr' id='par_1_29' title="bbox 2209 1309 3779 1382">
     <span class='ocr_line' id='line_1_29' title="bbox 2209 1309 3779 1382; baseline -0.002 -16"><span class='ocrx_word' id='word_1_206' title='bbox 2209 1328 2309 1368; x_wconf 91' lang='lat' dir='ltr'><strong>nus</strong></span> <span class='ocrx_word' id='word_1_207' title='bbox 2330 1312 2540 1382; x_wconf 64' lang='lat' dir='ltr'><strong>injuriae</strong></span> <span class='ocrx_word' id='word_1_208' title='bbox 2560 1310 2946 1382; x_wconf 90' lang='lat' dir='ltr'><strong>persolvamus,</strong></span> <span class='ocrx_word' id='word_1_209' title='bbox 2970 1324 3282 1380; x_wconf 87' lang='lat' dir='ltr'><strong>quanquam</strong></span> <span class='ocrx_word' id='word_1_210' title='bbox 3305 1317 3361 1362; x_wconf 89' lang='lat' dir='ltr'><strong>et</strong></span> <span class='ocrx_word' id='word_1_211' title='bbox 3383 1309 3779 1365; x_wconf 88' lang='lat' dir='ltr'><strong>beatitudinum</strong></span> 
     </span>
    </p>
   </div>
   <div class='ocr_carea' id='block_1_30' title="bbox 2208 1399 3781 1474">
    <p class='ocr_par' dir='ltr' id='par_1_30' title="bbox 2208 1399 3781 1474">
     <span class='ocr_line' id='line_1_30' title="bbox 2208 1399 3781 1474; baseline -0.003 -16"><span class='ocrx_word' id='word_1_212' title='bbox 2208 1403 2482 1474; x_wconf 77' lang='lat' dir='ltr'><strong>Evangelii</strong></span> <span class='ocrx_word' id='word_1_213' title='bbox 2517 1417 2615 1472; x_wconf 92' lang='lat' dir='ltr'><strong>pro</strong></span> <span class='ocrx_word' id='word_1_214' title='bbox 2660 1401 2901 1472; x_wconf 89' lang='lat' dir='ltr'><strong>ejusdem</strong></span> <span class='ocrx_word' id='word_1_215' title='bbox 2949 1415 3101 1470; x_wconf 61' lang='lat' dir='ltr'><strong>papae</strong></span> <span class='ocrx_word' id='word_1_216' title='bbox 3142 1399 3363 1454; x_wconf 89' lang='lat' dir='ltr'><strong>servitio</strong></span> <span class='ocrx_word' id='word_1_217' title='bbox 3404 1415 3511 1454; x_wconf 89' lang='lat' dir='ltr'><strong>non</strong></span> <span class='ocrx_word' id='word_1_218' title='bbox 3558 1402 3781 1454; x_wconf 90' lang='lat' dir='ltr'><strong>omnino</strong></span> 
     </span>
    </p>
   </div>
   <div class='ocr_carea' id='block_1_31' title="bbox 2207 1489 3782 1562">
    <p class='ocr_par' dir='ltr' id='par_1_31' title="bbox 2207 1489 3782 1562">
     <span class='ocr_line' id='line_1_31' title="bbox 2207 1489 3782 1562; baseline -0.002 -15"><span class='ocrx_word' id='word_1_219' title='bbox 2207 1494 2486 1549; x_wconf 82' lang='lat' dir='ltr'><strong>videamur</strong></span> <span class='ocrx_word' id='word_1_220' title='bbox 2512 1491 2800 1562; x_wconf 79' lang='lat' dir='ltr'><strong>expertes?</strong></span> <span class='ocrx_word' id='word_1_221' title='bbox 2837 1490 3108 1546; x_wconf 83' lang='lat' dir='ltr'><strong>Habemus</strong></span> <span class='ocrx_word' id='word_1_222' title='bbox 3136 1489 3278 1544; x_wconf 90' lang='lat' dir='ltr'><strong>enim</strong></span> <span class='ocrx_word' id='word_1_223' title='bbox 3309 1490 3540 1559; x_wconf 87' lang='lat' dir='ltr'><strong>primam</strong></span> <span class='ocrx_word' id='word_1_224' title='bbox 3568 1499 3622 1546; x_wconf 91' lang='lat' dir='ltr'><strong>et</strong></span> <span class='ocrx_word' id='word_1_225' title='bbox 3653 1491 3782 1546; x_wconf 84' lang='lat' dir='ltr'><strong>ulti-</strong></span> 
     </span>
    </p>
   </div>
   <div class='ocr_carea' id='block_1_32' title="bbox 2206 1580 3777 1653">
    <p class='ocr_par' dir='ltr' id='par_1_32' title="bbox 2206 1580 3777 1653">
     <span class='ocr_line' id='line_1_32' title="bbox 2206 1580 3777 1653; baseline -0.003 -14"><span class='ocrx_word' id='word_1_226' title='bbox 2206 1600 2374 1651; x_wconf 88' lang='lat' dir='ltr'><strong>mam,</strong></span> <span class='ocrx_word' id='word_1_227' title='bbox 2421 1591 2788 1653; x_wconf 86' lang='lat' dir='ltr'><strong>paupertatem</strong></span> <span class='ocrx_word' id='word_1_228' title='bbox 2832 1580 3038 1636; x_wconf 86' lang='lat' dir='ltr'><strong>scilicet</strong></span> <span class='ocrx_word' id='word_1_229' title='bbox 3079 1588 3136 1634; x_wconf 90' lang='lat' dir='ltr'><strong>et</strong></span> <span class='ocrx_word' id='word_1_230' title='bbox 3163 1582 3625 1648; x_wconf 83' lang='lat' dir='ltr'><strong>persecutionem;</strong></span> <span class='ocrx_word' id='word_1_231' title='bbox 3677 1582 3777 1637; x_wconf 91' lang='lat' dir='ltr'><strong>ha-</strong></span> 
     </span>
    </p>
   </div>
   <div class='ocr_carea' id='block_1_33' title="bbox 2207 1673 3775 1742">
    <p class='ocr_par' dir='ltr' id='par_1_33' title="bbox 2207 1673 3775 1742">
     <span class='ocr_line' id='line_1_33' title="bbox 2207 1673 3775 1742; baseline -0.003 -8"><span class='ocrx_word' id='word_1_232' title='bbox 2207 1693 2328 1734; x_wconf 89' lang='lat' dir='ltr'><strong>rum</strong></span> <span class='ocrx_word' id='word_1_233' title='bbox 2371 1677 2577 1733; x_wconf 86' lang='lat' dir='ltr'><strong>scilicet</strong></span> <span class='ocrx_word' id='word_1_234' title='bbox 2623 1675 3012 1732; x_wconf 86' lang='lat' dir='ltr'><strong>beatitudinum</strong></span> <span class='ocrx_word' id='word_1_235' title='bbox 3061 1673 3231 1742; x_wconf 89' lang='lat' dir='ltr'><strong>copiis</strong></span> <span class='ocrx_word' id='word_1_236' title='bbox 3283 1673 3640 1728; x_wconf 84' lang='lat' dir='ltr'><strong>abundamus.</strong></span> <span class='ocrx_word' id='word_1_237' title='bbox 3673 1673 3775 1730; x_wconf 78' lang='lat' dir='ltr'><strong>Bo-</strong></span> 
     </span>
    </p>
   </div>
   <div class='ocr_carea' id='block_1_34' title="bbox 2205 1763 3779 1838">
    <p class='ocr_par' dir='ltr' id='par_1_34' title="bbox 2205 1763 3779 1838">
     <span class='ocr_line' id='line_1_34' title="bbox 2205 1763 3779 1838; baseline -0.004 -14"><span class='ocrx_word' id='word_1_238' title='bbox 2205 1767 2351 1824; x_wconf 88' lang='lat' dir='ltr'><strong>mani</strong></span> <span class='ocrx_word' id='word_1_239' title='bbox 2397 1769 2596 1838; x_wconf 86' lang='lat' dir='ltr'><strong>quippe</strong></span> <span class='ocrx_word' id='word_1_240' title='bbox 2659 1767 2850 1821; x_wconf 90' lang='lat' dir='ltr'><strong>nolunt</strong></span> <span class='ocrx_word' id='word_1_241' title='bbox 2908 1763 3324 1830; x_wconf 76' lang='lat' dir='ltr'><strong>Alexandrum,&#39;</strong></span> <span class='ocrx_word' id='word_1_242' title='bbox 3357 1765 3451 1819; x_wconf 89' lang='lat' dir='ltr'><strong>sed</strong></span> <span class='ocrx_word' id='word_1_243' title='bbox 3505 1766 3779 1820; x_wconf 76' lang='lat' dir='ltr'><strong>aerarium.</strong></span> 
     </span>
    </p>
   </div>
   <div class='ocr_carea' id='block_1_35' title="bbox 2207 1854 3777 1928">
    <p class='ocr_par' dir='ltr' id='par_1_35' title="bbox 2207 1854 3777 1928">
     <span class='ocr_line' id='line_1_35' title="bbox 2207 1854 3777 1928; baseline -0.007 -12"><span class='ocrx_word' id='word_1_244' title='bbox 2207 1860 2360 1916; x_wconf 83' lang='lat' dir='ltr'><strong>Hunc</strong></span> <span class='ocrx_word' id='word_1_245' title='bbox 2380 1860 2607 1924; x_wconf 90' lang='lat' dir='ltr'><strong>scilicet,</strong></span> <span class='ocrx_word' id='word_1_246' title='bbox 2634 1873 2792 1928; x_wconf 90' lang='lat' dir='ltr'><strong>quem</strong></span> <span class='ocrx_word' id='word_1_247' title='bbox 2814 1855 3105 1927; x_wconf 83' lang='lat' dir='ltr'><strong>Apostolus</strong></span> <span class='ocrx_word' id='word_1_248' title='bbox 3129 1855 3383 1928; x_wconf 86' lang='lat' dir='ltr'><strong>reprobat</strong></span> <span class='ocrx_word' id='word_1_249' title='bbox 3404 1854 3488 1925; x_wconf 71' lang='lat' dir='ltr'><strong>(II</strong></span> <span class='ocrx_word' id='word_1_250' title='bbox 3513 1855 3648 1909; x_wconf 84' lang='lat' dir='ltr'><strong>Tim.</strong></span> <span class='ocrx_word' id='word_1_251' title='bbox 3665 1858 3777 1928; x_wconf 86' lang='lat' dir='ltr'><strong>iv);</strong></span> 
     </span>
    </p>
   </div>
   <div class='ocr_carea' id='block_1_36' title="bbox 608 1917 3783 2020">
    <p class='ocr_par' dir='ltr' id='par_1_36' title="bbox 608 1917 3783 2020">
     <span class='ocr_line' id='line_1_36' title="bbox 608 1917 3783 2020; baseline -0.009 -11"><span class='ocrx_word' id='word_1_252' title='bbox 608 1954 876 2009; x_wconf 68' lang='lat' dir='ltr'><strong>Praaterea</strong></span> <span class='ocrx_word' id='word_1_253' title='bbox 903 1963 1172 2018; x_wconf 88' lang='lat' dir='ltr'><strong>nunquam</strong></span> <span class='ocrx_word' id='word_1_254' title='bbox 1201 1943 1360 2013; x_wconf 88' lang='lat' dir='ltr'><strong>hujus</strong></span> <span class='ocrx_word' id='word_1_255' title='bbox 1379 1939 1608 1997; x_wconf 89' lang='lat' dir='ltr'><strong>nominis</strong></span> <span class='ocrx_word' id='word_1_256' title='bbox 1627 1934 1866 2008; x_wconf 78' lang='lat' dir='ltr'><strong>pontifex</strong></span> <span class='ocrx_word' id='word_1_257' title='bbox 1893 1941 2104 2003; x_wconf 87' lang='lat' dir='ltr'><strong>aposto-</strong></span> <span class='ocrx_word' id='word_1_258' title='bbox 2133 1917 2179 1976; x_wconf 80' lang='grc' dir='ltr'><strong>Β</strong></span> <span class='ocrx_word' id='word_1_259' title='bbox 2206 1966 2315 2008; x_wconf 70' lang='lat' dir='ltr'><strong>non</strong></span> <span class='ocrx_word' id='word_1_260' title='bbox 2359 1967 2502 2016; x_wconf 56' lang='lat' dir='ltr'><strong>eum,</strong></span> <span class='ocrx_word' id='word_1_261' title='bbox 2557 1917 2666 2018; x_wconf 48' lang='lat' dir='ltr'><strong>qui.</strong></span> <span class='ocrx_word' id='word_1_262' title='bbox 2696 1964 2794 2020; x_wconf 63' lang='lat' dir='ltr'><strong>per</strong></span> <span class='ocrx_word' id='word_1_263' title='bbox 2845 1917 3208 2018; x_wconf 58' lang='lat' dir='ltr'><strong>a&#39;poswlom&quot;;</strong></span> <span class='ocrx_word' id='word_1_264' title='bbox 3255 1917 3783 2016; x_wconf 58' lang='lat' dir='ltr'><strong>apos,;mc0,,,mq,&#39;,e</strong></span> 
     </span>
    </p>
   </div>
   <div class='ocr_carea' id='block_1_37' title="bbox 537 2025 2104 2113">
    <p class='ocr_par' dir='ltr' id='par_1_37' title="bbox 537 2025 2104 2113">
     <span class='ocr_line' id='line_1_37' title="bbox 537 2025 2104 2113; baseline -0.019 -10"><span class='ocrx_word' id='word_1_265' title='bbox 537 2046 654 2103; x_wconf 76' lang='lat' dir='ltr'><strong>lica:</strong></span> <span class='ocrx_word' id='word_1_266' title='bbox 683 2045 797 2100; x_wconf 88' lang='lat' dir='ltr'><strong>sedi</strong></span> <span class='ocrx_word' id='word_1_267' title='bbox 822 2040 1142 2113; x_wconf 70' lang='lat' dir='ltr'><strong>praesedisse</strong></span> <span class='ocrx_word' id='word_1_268' title='bbox 1165 2035 1380 2106; x_wconf 80' lang='lat' dir='ltr'><strong>legitur,</strong></span> <span class='ocrx_word' id='word_1_269' title='bbox 1415 2030 1516 2086; x_wconf 90' lang='lat' dir='ltr'><strong>nisi</strong></span> <span class='ocrx_word' id='word_1_270' title='bbox 1572 2029 1717 2084; x_wconf 89' lang='lat' dir='ltr'><strong>solus</strong></span> <span class='ocrx_word' id='word_1_271' title='bbox 1761 2025 1846 2080; x_wconf 88' lang='lat' dir='ltr'><strong>ille</strong></span> <span class='ocrx_word' id='word_1_272' title='bbox 1900 2031 2104 2092; x_wconf 89' lang='lat' dir='ltr'><strong>martyr</strong></span> 
     </span>
    </p>
   </div>
   <div class='ocr_carea' id='block_1_38' title="bbox 538 2114 2100 2206">
    <p class='ocr_par' dir='ltr' id='par_1_38' title="bbox 538 2114 2100 2206">
     <span class='ocr_line' id='line_1_38' title="bbox 538 2114 2100 2206; baseline -0.017 -14"><span class='ocrx_word' id='word_1_273' title='bbox 538 2134 784 2206; x_wconf 88' lang='lat' dir='ltr'><strong>insignis,</strong></span> <span class='ocrx_word' id='word_1_274' title='bbox 812 2146 969 2201; x_wconf 88' lang='lat' dir='ltr'><strong>quem</strong></span> <span class='ocrx_word' id='word_1_275' title='bbox 992 2129 1179 2198; x_wconf 89' lang='lat' dir='ltr'><strong>quinto</strong></span> <span class='ocrx_word' id='word_1_276' title='bbox 1203 2126 1319 2180; x_wconf 89' lang='lat' dir='ltr'><strong>loco</strong></span> <span class='ocrx_word' id='word_1_277' title='bbox 1347 2138 1376 2176; x_wconf 88' lang='lat' dir='ltr'><strong>a</strong></span> <span class='ocrx_word' id='word_1_278' title='bbox 1405 2121 1466 2176; x_wconf 85' lang='grc' dir='ltr'><strong>Β.</strong></span> <span class='ocrx_word' id='word_1_279' title='bbox 1497 2117 1741 2206; x_wconf 75' lang='lat' dir='ltr'><strong>Petreio</strong></span> <span class='ocrx_word' id='word_1_280' title='bbox 1770 2114 1889 2186; x_wconf 84' lang='lat' dir='ltr'><strong>ejus</strong></span> <span class='ocrx_word' id='word_1_281' title='bbox 1913 2114 2100 2206; x_wconf 63' lang='lat' dir='ltr'><strong>catheo</strong></span> 
     </span>
    </p>
   </div>
   <div class='ocr_carea' id='block_1_39' title="bbox 507 2202 2103 2287">
    <p class='ocr_par' dir='ltr' id='par_1_39' title="bbox 507 2202 2103 2287">
     <span class='ocr_line' id='line_1_39' title="bbox 507 2202 2103 2287; baseline -0.019 -5"><span class='ocrx_word' id='word_1_282' title='bbox 507 2213 510 2218; x_wconf 53' lang='grc'><em>’</em></span> <span class='ocrx_word' id='word_1_283' title='bbox 539 2230 635 2281; x_wconf 89' lang='lat' dir='ltr'><strong>dra</strong></span> <span class='ocrx_word' id='word_1_284' title='bbox 651 2202 1035 2283; x_wconf 74' lang='lat' dir='ltr'><strong>constitutum,</strong></span> <span class='ocrx_word' id='word_1_285' title='bbox 1067 2231 1162 2287; x_wconf 90' lang='lat' dir='ltr'><strong>per</strong></span> <span class='ocrx_word' id='word_1_286' title='bbox 1185 2212 1366 2269; x_wconf 87' lang='lat' dir='ltr'><strong>omnia</strong></span> <span class='ocrx_word' id='word_1_287' title='bbox 1391 2208 1638 2264; x_wconf 88' lang='lat' dir='ltr'><strong>novimus</strong></span> <span class='ocrx_word' id='word_1_288' title='bbox 1660 2204 1826 2260; x_wconf 91' lang='lat' dir='ltr'><strong>fuisse</strong></span> <span class='ocrx_word' id='word_1_289' title='bbox 1859 2202 2103 2256; x_wconf 92' lang='lat' dir='ltr'><strong>membra</strong></span> 
     </span>
    </p>
   </div>
   <div class='ocr_carea' id='block_1_40' title="bbox 540 2294 2102 2378">
    <p class='ocr_par' dir='ltr' id='par_1_40' title="bbox 540 2294 2102 2378">
     <span class='ocr_line' id='line_1_40' title="bbox 540 2294 2102 2378; baseline -0.018 -6"><span class='ocrx_word' id='word_1_290' title='bbox 540 2315 876 2372; x_wconf 80' lang='lat' dir='ltr'><strong>transﬁxum.</strong></span> <span class='ocrx_word' id='word_1_291' title='bbox 899 2311 967 2364; x_wconf 89' lang='lat' dir='ltr'><strong>Et</strong></span> <span class='ocrx_word' id='word_1_292' title='bbox 990 2309 1114 2378; x_wconf 88' lang='lat' dir='ltr'><strong>quia</strong></span> <span class='ocrx_word' id='word_1_293' title='bbox 1137 2303 1426 2374; x_wconf 89' lang='lat' dir='ltr'><strong>compellor</strong></span> <span class='ocrx_word' id='word_1_294' title='bbox 1447 2300 1513 2354; x_wconf 89' lang='lat' dir='ltr'><strong>ad</strong></span> <span class='ocrx_word' id='word_1_295' title='bbox 1532 2297 1736 2362; x_wconf 90' lang='lat' dir='ltr'><strong>ludum,</strong></span> <span class='ocrx_word' id='word_1_296' title='bbox 1764 2294 1943 2349; x_wconf 88' lang='lat' dir='ltr'><strong>hocin</strong></span> <span class='ocrx_word' id='word_1_297' title='bbox 1971 2305 2102 2360; x_wconf 89' lang='lat' dir='ltr'><strong>apo-</strong></span> 
     </span>
    </p>
   </div>
   <div class='ocr_carea' id='block_1_41' title="bbox 540 2387 2105 2462">
    <p class='ocr_par' dir='ltr' id='par_1_41' title="bbox 540 2387 2105 2462">
     <span class='ocr_line' id='line_1_41' title="bbox 540 2387 2105 2462; baseline -0.015 0"><span class='ocrx_word' id='word_1_298' title='bbox 540 2407 730 2462; x_wconf 88' lang='lat' dir='ltr'><strong>stolica</strong></span> <span class='ocrx_word' id='word_1_299' title='bbox 756 2404 882 2460; x_wconf 87' lang='lat' dir='ltr'><strong>sede</strong></span> <span class='ocrx_word' id='word_1_300' title='bbox 913 2398 1230 2456; x_wconf 87' lang='lat' dir='ltr'><strong>vocabulum</strong></span> <span class='ocrx_word' id='word_1_301' title='bbox 1261 2393 1438 2450; x_wconf 86' lang='lat' dir='ltr'><strong>omnia</strong></span> <span class='ocrx_word' id='word_1_302' title='bbox 1461 2390 1563 2446; x_wconf 88' lang='lat' dir='ltr'><strong>sibi</strong></span> <span class='ocrx_word' id='word_1_303' title='bbox 1612 2387 1852 2443; x_wconf 83' lang='lat' dir='ltr'><strong>vindicat</strong></span> <span class='ocrx_word' id='word_1_304' title='bbox 1905 2397 2105 2455; x_wconf 89' lang='lat' dir='ltr'><strong>genera</strong></span> 
     </span>
    </p>
   </div>
   <div class='ocr_carea' id='block_1_42' title="bbox 539 2478 2106 2554">
    <p class='ocr_par' dir='ltr' id='par_1_42' title="bbox 539 2478 2106 2554">
     <span class='ocr_line' id='line_1_42' title="bbox 539 2478 2106 2554; baseline -0.017 -2"><span class='ocrx_word' id='word_1_305' title='bbox 539 2502 951 2554; x_wconf 90' lang='lat' dir='ltr'><strong>tormentorum,</strong></span> <span class='ocrx_word' id='word_1_306' title='bbox 979 2499 1034 2543; x_wconf 88' lang='lat' dir='ltr'><strong>et</strong></span> <span class='ocrx_word' id='word_1_307' title='bbox 1059 2487 1126 2542; x_wconf 89' lang='lat' dir='ltr'><strong>ab</strong></span> <span class='ocrx_word' id='word_1_308' title='bbox 1161 2484 1379 2554; x_wconf 89' lang='lat' dir='ltr'><strong>antiqua</strong></span> <span class='ocrx_word' id='word_1_309' title='bbox 1416 2495 1523 2535; x_wconf 90' lang='lat' dir='ltr'><strong>non</strong></span> <span class='ocrx_word' id='word_1_310' title='bbox 1551 2478 1844 2548; x_wconf 81' lang='lat' dir='ltr'><strong>degenerat</strong></span> <span class='ocrx_word' id='word_1_311' title='bbox 1877 2487 2106 2529; x_wconf 89' lang='lat' dir='ltr'><strong>consue-</strong></span> 
     </span>
    </p>
   </div>
   <div class='ocr_carea' id='block_1_43' title="bbox 538 2564 2106 2651">
    <p class='ocr_par' dir='ltr' id='par_1_43' title="bbox 538 2564 2106 2651">
     <span class='ocr_line' id='line_1_43' title="bbox 538 2564 2106 2651; baseline -0.014 -9"><span class='ocrx_word' id='word_1_312' title='bbox 538 2587 746 2651; x_wconf 90' lang='lat' dir='ltr'><strong>tudine,</strong></span> <span class='ocrx_word' id='word_1_313' title='bbox 774 2585 900 2639; x_wconf 91' lang='lat' dir='ltr'><strong>dum</strong></span> <span class='ocrx_word' id='word_1_314' title='bbox 929 2579 1238 2634; x_wconf 84' lang='lat' dir='ltr'><strong>haereditate</strong></span> <span class='ocrx_word' id='word_1_315' title='bbox 1265 2573 1505 2644; x_wconf 90' lang='lat' dir='ltr'><strong>possidet</strong></span> <span class='ocrx_word' id='word_1_316' title='bbox 1531 2567 1951 2626; x_wconf 90' lang='lat' dir='ltr'><strong>tribulationem.</strong></span> <span class='ocrx_word' id='word_1_317' title='bbox 1994 2564 2106 2620; x_wconf 91' lang='lat' dir='ltr'><strong>lmo</strong></span> 
     </span>
    </p>
   </div>
   <div class='ocr_carea' id='block_1_44' title="bbox 536 2663 2105 2750">
    <p class='ocr_par' dir='ltr' id='par_1_44' title="bbox 536 2663 2105 2750">
     <span class='ocr_line' id='line_1_44' title="bbox 536 2663 2105 2750; baseline -0.016 -17"><span class='ocrx_word' id='word_1_318' title='bbox 536 2679 688 2750; x_wconf 86' lang='lat' dir='ltr'><strong>juxta</strong></span> <span class='ocrx_word' id='word_1_319' title='bbox 713 2672 946 2730; x_wconf 90' lang='lat' dir='ltr'><strong>nominis</strong></span> <span class='ocrx_word' id='word_1_320' title='bbox 973 2669 1129 2738; x_wconf 89' lang='lat' dir='ltr'><strong>hujus</strong></span> <span class='ocrx_word' id='word_1_321' title='bbox 1186 2663 1719 2735; x_wconf 88' lang='lat' dir='ltr'><strong>interpretationem,</strong></span> <span class='ocrx_word' id='word_1_322' title='bbox 1771 2667 1916 2714; x_wconf 92' lang='lat' dir='ltr'><strong>totus</strong></span> <span class='ocrx_word' id='word_1_323' title='bbox 1945 2670 2105 2711; x_wconf 85' lang='lat' dir='ltr'><strong>mun-</strong></span> 
     </span>
    </p>
   </div>
   <div class='ocr_carea' id='block_1_45' title="bbox 541 2753 2106 2825">
    <p class='ocr_par' dir='ltr' id='par_1_45' title="bbox 541 2753 2106 2825">
     <span class='ocr_line' id='line_1_45' title="bbox 541 2753 2106 2825; baseline -0.016 0"><span class='ocrx_word' id='word_1_324' title='bbox 541 2771 643 2825; x_wconf 91' lang='lat' dir='ltr'><strong>dus</strong></span> <span class='ocrx_word' id='word_1_325' title='bbox 663 2768 836 2822; x_wconf 84' lang='lat' dir='ltr'><strong>l‘actus</strong></span> <span class='ocrx_word' id='word_1_326' title='bbox 856 2773 939 2818; x_wconf 90' lang='lat' dir='ltr'><strong>est</strong></span> <span class='ocrx_word' id='word_1_327' title='bbox 958 2758 1303 2822; x_wconf 76' lang='lat' dir='ltr'><strong>Alexandria,</strong></span> <span class='ocrx_word' id='word_1_328' title='bbox 1326 2757 1452 2810; x_wconf 91' lang='lat' dir='ltr'><strong>dum</strong></span> <span class='ocrx_word' id='word_1_329' title='bbox 1477 2753 1677 2824; x_wconf 89' lang='lat' dir='ltr'><strong>ubique</strong></span> <span class='ocrx_word' id='word_1_330' title='bbox 1700 2760 1968 2806; x_wconf 87' lang='lat' dir='ltr'><strong>terrarum</strong></span> <span class='ocrx_word' id='word_1_331' title='bbox 1992 2754 2106 2802; x_wconf 88' lang='lat' dir='ltr'><strong>tota</strong></span> 
     </span>
    </p>
   </div>
   <div class='ocr_carea' id='block_1_46' title="bbox 542 2836 2108 2914">
    <p class='ocr_par' dir='ltr' id='par_1_46' title="bbox 542 2836 2108 2914">
     <span class='ocr_line' id='line_1_46' title="bbox 542 2836 2108 2914; baseline -0.016 0"><span class='ocrx_word' id='word_1_332' title='bbox 542 2855 866 2914; x_wconf 84' lang='lat' dir='ltr'><strong>universalis</strong></span> <span class='ocrx_word' id='word_1_333' title='bbox 888 2850 1136 2906; x_wconf 89' lang='lat' dir='ltr'><strong>Ecclesia</strong></span> <span class='ocrx_word' id='word_1_334' title='bbox 1165 2847 1266 2902; x_wconf 90' lang='lat' dir='ltr'><strong>sub</strong></span> <span class='ocrx_word' id='word_1_335' title='bbox 1293 2843 1523 2900; x_wconf 87' lang='lat' dir='ltr'><strong>diversis</strong></span> <span class='ocrx_word' id='word_1_336' title='bbox 1544 2853 1917 2911; x_wconf 89' lang='lat' dir='ltr'><strong>pressurarum</strong></span> <span class='ocrx_word' id='word_1_337' title='bbox 1941 2836 2108 2908; x_wconf 85' lang='lat' dir='ltr'><strong>gemit</strong></span> 
     </span>
    </p>
   </div>
   <div class='ocr_carea' id='block_1_47' title="bbox 543 2926 2107 3020">
    <p class='ocr_par' dir='ltr' id='par_1_47' title="bbox 543 2926 2107 3020">
     <span class='ocr_line' id='line_1_47' title="bbox 543 2926 2107 3020; baseline -0.018 -15"><span class='ocrx_word' id='word_1_338' title='bbox 543 2947 806 3020; x_wconf 84' lang='lat' dir='ltr'><strong>angustiis</strong></span> <span class='ocrx_word' id='word_1_339' title='bbox 826 2942 1139 2999; x_wconf 86' lang='lat' dir='ltr'><strong>constituta.</strong></span> <span class='ocrx_word' id='word_1_340' title='bbox 1172 2937 1546 3006; x_wconf 78' lang='lat' dir='ltr'><strong>Reproborum</strong></span> <span class='ocrx_word' id='word_1_341' title='bbox 1573 2930 1780 2987; x_wconf 91' lang='lat' dir='ltr'><strong>scilicet</strong></span> <span class='ocrx_word' id='word_1_342' title='bbox 1825 2926 2107 3020; x_wconf 76' lang='lat' dir='ltr'><strong>hominum</strong></span> 
     </span>
    </p>
   </div>
   <div class='ocr_carea' id='block_1_48' title="bbox 541 3012 2109 3111">
    <p class='ocr_par' dir='ltr' id='par_1_48' title="bbox 541 3012 2109 3111">
     <span class='ocr_line' id='line_1_48' title="bbox 541 3012 2109 3111; baseline -0.018 -17"><span class='ocrx_word' id='word_1_343' title='bbox 541 3012 690 3111; x_wconf 63' lang='lat' dir='ltr'><strong>patet</strong></span> <span class='ocrx_word' id='word_1_344' title='bbox 720 3037 845 3090; x_wconf 91' lang='lat' dir='ltr'><strong>hinc</strong></span> <span class='ocrx_word' id='word_1_345' title='bbox 870 3031 995 3086; x_wconf 89' lang='lat' dir='ltr'><strong>inde</strong></span> <span class='ocrx_word' id='word_1_346' title='bbox 1015 3027 1240 3098; x_wconf 89' lang='lat' dir='ltr'><strong>rapinis,</strong></span> <span class='ocrx_word' id='word_1_347' title='bbox 1273 3025 1549 3078; x_wconf 86' lang='lat' dir='ltr'><strong>laceratur</strong></span> <span class='ocrx_word' id='word_1_348' title='bbox 1594 3017 1829 3088; x_wconf 88' lang='lat' dir='ltr'><strong>injuriis,</strong></span> <span class='ocrx_word' id='word_1_349' title='bbox 1888 3012 2109 3111; x_wconf 80' lang='lat' dir='ltr'><strong>calami-</strong></span> 
     </span>
    </p>
   </div>
   <div class='ocr_carea' id='block_1_49' title="bbox 544 3105 2108 3190">
    <p class='ocr_par' dir='ltr' id='par_1_49' title="bbox 544 3105 2108 3190">
     <span class='ocr_line' id='line_1_49' title="bbox 544 3105 2108 3190; baseline -0.017 -5"><span class='ocrx_word' id='word_1_350' title='bbox 544 3105 714 3185; x_wconf 73' lang='lat' dir='ltr'><strong>tatum</strong></span> <span class='ocrx_word' id='word_1_351' title='bbox 739 3125 886 3181; x_wconf 88' lang='lat' dir='ltr'><strong>fasce</strong></span> <span class='ocrx_word' id='word_1_352' title='bbox 914 3119 1252 3190; x_wconf 90' lang='lat' dir='ltr'><strong>deprimitur,</strong></span> <span class='ocrx_word' id='word_1_353' title='bbox 1282 3112 1508 3170; x_wconf 87' lang='lat' dir='ltr'><strong>sublatis</strong></span> <span class='ocrx_word' id='word_1_354' title='bbox 1538 3108 1776 3182; x_wconf 88' lang='lat' dir='ltr'><strong>quotidie</strong></span> <span class='ocrx_word' id='word_1_355' title='bbox 1815 3105 2108 3178; x_wconf 88' lang='lat' dir='ltr'><strong>possessio-</strong></span> 
     </span>
    </p>
   </div>
   <div class='ocr_carea' id='block_1_50' title="bbox 545 3193 2107 3283">
    <p class='ocr_par' dir='ltr' id='par_1_50' title="bbox 545 3193 2107 3283">
     <span class='ocr_line' id='line_1_50' title="bbox 545 3193 2107 3283; baseline -0.018 -9"><span class='ocrx_word' id='word_1_356' title='bbox 545 3220 703 3275; x_wconf 89' lang='lat' dir='ltr'><strong>nibus</strong></span> <span class='ocrx_word' id='word_1_357' title='bbox 720 3221 1059 3283; x_wconf 87' lang='lat' dir='ltr'><strong>angustatur,</strong></span> <span class='ocrx_word' id='word_1_358' title='bbox 1087 3217 1143 3264; x_wconf 90' lang='lat' dir='ltr'><strong>et</strong></span> <span class='ocrx_word' id='word_1_359' title='bbox 1169 3209 1296 3262; x_wconf 93' lang='lat' dir='ltr'><strong>dum</strong></span> <span class='ocrx_word' id='word_1_360' title='bbox 1336 3201 1591 3272; x_wconf 87' lang='lat' dir='ltr'><strong>ambages</strong></span> <span class='ocrx_word' id='word_1_361' title='bbox 1641 3207 1804 3268; x_wconf 89' lang='lat' dir='ltr'><strong>atque</strong></span> <span class='ocrx_word' id='word_1_362' title='bbox 1848 3193 2107 3283; x_wconf 83' lang='lat' dir='ltr'><strong>tumultus</strong></span> 
     </span>
    </p>
   </div>
   <div class='ocr_carea' id='block_1_51' title="bbox 2203 2033 3780 2112">
    <p class='ocr_par' dir='ltr' id='par_1_51' title="bbox 2203 2033 3780 2112">
     <span class='ocr_line' id='line_1_51' title="bbox 2203 2033 3780 2112; baseline -0.004 -15"><span class='ocrx_word' id='word_1_363' title='bbox 2203 2042 2518 2112; x_wconf 77' lang='lat' dir='ltr'><strong>pontiﬁcum</strong></span> <span class='ocrx_word' id='word_1_364' title='bbox 2548 2039 2819 2095; x_wconf 86' lang='lat' dir='ltr'><strong>tramitem</strong></span> <span class='ocrx_word' id='word_1_365' title='bbox 2841 2037 3032 2093; x_wconf 90' lang='lat' dir='ltr'><strong>currit.</strong></span> <span class='ocrx_word' id='word_1_366' title='bbox 3049 2033 3263 2100; x_wconf 84' lang='lat' dir='ltr'><strong>Nolunt,</strong></span> <span class='ocrx_word' id='word_1_367' title='bbox 3292 2037 3533 2106; x_wconf 88' lang='lat' dir='ltr'><strong>inquam,</strong></span> <span class='ocrx_word' id='word_1_368' title='bbox 3549 2036 3780 2092; x_wconf 86' lang='lat' dir='ltr'><strong>Alexan-</strong></span> 
     </span>
    </p>
   </div>
   <div class='ocr_carea' id='block_1_52' title="bbox 2205 2127 3780 2202">
    <p class='ocr_par' dir='ltr' id='par_1_52' title="bbox 2205 2127 3780 2202">
     <span class='ocr_line' id='line_1_52' title="bbox 2205 2127 3780 2202; baseline -0.004 -14"><span class='ocrx_word' id='word_1_369' title='bbox 2205 2133 2360 2188; x_wconf 91' lang='lat' dir='ltr'><strong>drum</strong></span> <span class='ocrx_word' id='word_1_370' title='bbox 2409 2131 2776 2202; x_wconf 86' lang='lat' dir='ltr'><strong>evangelicam</strong></span> <span class='ocrx_word' id='word_1_371' title='bbox 2827 2127 3208 2184; x_wconf 65' lang='lat' dir='ltr'><strong>ecclesiasticae</strong></span> <span class='ocrx_word' id='word_1_372' title='bbox 3256 2143 3455 2183; x_wconf 64' lang='lat' dir='ltr'><strong>mensae</strong></span> <span class='ocrx_word' id='word_1_373' title='bbox 3492 2128 3780 2198; x_wconf 90' lang='lat' dir='ltr'><strong>pecuniam</strong></span> 
     </span>
    </p>
   </div>
   <div class='ocr_carea' id='block_1_53' title="bbox 2204 2219 3784 2295">
    <p class='ocr_par' dir='ltr' id='par_1_53' title="bbox 2204 2219 3784 2295">
     <span class='ocr_line' id='line_1_53' title="bbox 2204 2219 3784 2295; baseline -0.003 -17"><span class='ocrx_word' id='word_1_374' title='bbox 2204 2233 2618 2295; x_wconf 89' lang='lat' dir='ltr'><strong>proponentem,</strong></span> <span class='ocrx_word' id='word_1_375' title='bbox 2650 2223 2745 2277; x_wconf 90' lang='lat' dir='ltr'><strong>sed</strong></span> <span class='ocrx_word' id='word_1_376' title='bbox 2781 2221 3045 2276; x_wconf 90' lang='lat' dir='ltr'><strong>sordentis</strong></span> <span class='ocrx_word' id='word_1_377' title='bbox 3073 2219 3318 2273; x_wconf 70' lang='lat' dir='ltr'><strong>avaritiae</strong></span> <span class='ocrx_word' id='word_1_378' title='bbox 3345 2220 3523 2289; x_wconf 90' lang='lat' dir='ltr'><strong>potius</strong></span> <span class='ocrx_word' id='word_1_379' title='bbox 3565 2235 3674 2278; x_wconf 72' lang='lat' dir='ltr'><strong>tera</strong></span> <span class='ocrx_word' id='word_1_380' title='bbox 3714 2220 3784 2275; x_wconf 80' lang='lat' dir='ltr'><strong>li-</strong></span> 
     </span>
    </p>
   </div>
   <div class='ocr_carea' id='block_1_54' title="bbox 2205 2311 3778 2384">
    <p class='ocr_par' dir='ltr' id='par_1_54' title="bbox 2205 2311 3778 2384">
     <span class='ocr_line' id='line_1_54' title="bbox 2205 2311 3778 2384; baseline -0.001 -16"><span class='ocrx_word' id='word_1_381' title='bbox 2205 2314 2472 2368; x_wconf 89' lang='lat' dir='ltr'><strong>brantem.</strong></span> <span class='ocrx_word' id='word_1_382' title='bbox 2496 2313 2642 2368; x_wconf 86' lang='lat' dir='ltr'><strong>Petri</strong></span> <span class='ocrx_word' id='word_1_383' title='bbox 2691 2322 2953 2384; x_wconf 90' lang='lat' dir='ltr'><strong>respuunt</strong></span> <span class='ocrx_word' id='word_1_384' title='bbox 2998 2327 3388 2378; x_wconf 90' lang='lat' dir='ltr'><strong>successorem,</strong></span> <span class='ocrx_word' id='word_1_385' title='bbox 3419 2319 3475 2367; x_wconf 87' lang='lat' dir='ltr'><strong>et</strong></span> <span class='ocrx_word' id='word_1_386' title='bbox 3501 2311 3778 2368; x_wconf 90' lang='lat' dir='ltr'><strong>alumnum</strong></span> 
     </span>
    </p>
   </div>
   <div class='ocr_carea' id='block_1_55' title="bbox 2207 2399 3784 2480">
    <p class='ocr_par' dir='ltr' id='par_1_55' title="bbox 2207 2399 3784 2480">
     <span class='ocr_line' id='line_1_55' title="bbox 2207 2399 3784 2480; baseline -0.001 -23"><span class='ocrx_word' id='word_1_387' title='bbox 2207 2403 2444 2458; x_wconf 91' lang='lat' dir='ltr'><strong>Simonis</strong></span> <span class='ocrx_word' id='word_1_388' title='bbox 2494 2401 2896 2472; x_wconf 88' lang='lat' dir='ltr'><strong>amplectuntur</strong></span> <span class='ocrx_word' id='word_1_389' title='bbox 2943 2417 3042 2472; x_wconf 91' lang='lat' dir='ltr'><strong>pro</strong></span> <span class='ocrx_word' id='word_1_390' title='bbox 3089 2403 3377 2458; x_wconf 88' lang='lat' dir='ltr'><strong>venalitate</strong></span> <span class='ocrx_word' id='word_1_391' title='bbox 3426 2399 3658 2480; x_wconf 85' lang='lat' dir='ltr'><strong>Spiritus</strong></span> <span class='ocrx_word' id='word_1_392' title='bbox 3687 2415 3784 2470; x_wconf 87' lang='lat' dir='ltr'><strong>pe-</strong></span> 
     </span>
    </p>
   </div>
   <div class='ocr_carea' id='block_1_56' title="bbox 2205 2482 3783 2563">
    <p class='ocr_par' dir='ltr' id='par_1_56' title="bbox 2205 2482 3783 2563">
     <span class='ocr_line' id='line_1_56' title="bbox 2205 2482 3783 2563; baseline -0.003 -15"><span class='ocrx_word' id='word_1_393' title='bbox 2205 2482 2394 2548; x_wconf 77' lang='lat' dir='ltr'><strong>cunias</strong></span> <span class='ocrx_word' id='word_1_394' title='bbox 2425 2489 2737 2547; x_wconf 83' lang='lat' dir='ltr'><strong>offerentem</strong></span> <span class='ocrx_word' id='word_1_395' title='bbox 2776 2492 2914 2562; x_wconf 82' lang='lat' dir='ltr'><strong>(Act.</strong></span> <span class='ocrx_word' id='word_1_396' title='bbox 2958 2491 3100 2563; x_wconf 86' lang='lat' dir='ltr'><strong>vui).</strong></span> <span class='ocrx_word' id='word_1_397' title='bbox 3137 2491 3367 2547; x_wconf 86' lang='lat' dir='ltr'><strong>Proinde</strong></span> <span class='ocrx_word' id='word_1_398' title='bbox 3396 2489 3651 2544; x_wconf 89' lang='lat' dir='ltr'><strong>Dominus</strong></span> <span class='ocrx_word' id='word_1_399' title='bbox 3681 2505 3783 2544; x_wconf 82' lang='lat' dir='ltr'><strong>no-</strong></span> 
     </span>
    </p>
   </div>
   <div class='ocr_carea' id='block_1_57' title="bbox 2205 2579 3781 2651">
    <p class='ocr_par' dir='ltr' id='par_1_57' title="bbox 2205 2579 3781 2651">
     <span class='ocr_line' id='line_1_57' title="bbox 2205 2579 3781 2651; baseline -0.001 -15"><span class='ocrx_word' id='word_1_400' title='bbox 2205 2589 2341 2648; x_wconf 88' lang='lat' dir='ltr'><strong>ster,</strong></span> <span class='ocrx_word' id='word_1_401' title='bbox 2367 2579 2493 2651; x_wconf 88' lang='lat' dir='ltr'><strong>quia</strong></span> <span class='ocrx_word' id='word_1_402' title='bbox 2532 2597 2626 2636; x_wconf 89' lang='lat' dir='ltr'><strong>sua</strong></span> <span class='ocrx_word' id='word_1_403' title='bbox 2659 2582 2816 2636; x_wconf 92' lang='lat' dir='ltr'><strong>nobis</strong></span> <span class='ocrx_word' id='word_1_404' title='bbox 2844 2583 3085 2651; x_wconf 65' lang='lat' dir='ltr'><strong>praebere</strong></span> <span class='ocrx_word' id='word_1_405' title='bbox 3111 2597 3217 2636; x_wconf 91' lang='lat' dir='ltr'><strong>non</strong></span> <span class='ocrx_word' id='word_1_406' title='bbox 3244 2589 3419 2646; x_wconf 90' lang='lat' dir='ltr'><strong>vacat,</strong></span> <span class='ocrx_word' id='word_1_407' title='bbox 3447 2594 3553 2635; x_wconf 90' lang='lat' dir='ltr'><strong>non</strong></span> <span class='ocrx_word' id='word_1_408' title='bbox 3584 2579 3781 2635; x_wconf 91' lang='lat' dir='ltr'><strong>saltem</strong></span> 
     </span>
    </p>
   </div>
   <div class='ocr_carea' id='block_1_58' title="bbox 2206 2669 3781 2742">
    <p class='ocr_par' dir='ltr' id='par_1_58' title="bbox 2206 2669 3781 2742">
     <span class='ocr_line' id='line_1_58' title="bbox 2206 2669 3781 2742; baseline -0.001 -18"><span class='ocrx_word' id='word_1_409' title='bbox 2206 2685 2326 2742; x_wconf 66' lang='lat' dir='ltr'><strong>quae</strong></span> <span class='ocrx_word' id='word_1_410' title='bbox 2351 2679 2535 2726; x_wconf 89' lang='lat' dir='ltr'><strong>nostra</strong></span> <span class='ocrx_word' id='word_1_411' title='bbox 2565 2679 2708 2737; x_wconf 91' lang='lat' dir='ltr'><strong>sunt,</strong></span> <span class='ocrx_word' id='word_1_412' title='bbox 2743 2669 2913 2725; x_wconf 88' lang='lat' dir='ltr'><strong>tollat.</strong></span> <span class='ocrx_word' id='word_1_413' title='bbox 2957 2670 3264 2742; x_wconf 83' lang='lat' dir='ltr'><strong>Apostolica</strong></span> <span class='ocrx_word' id='word_1_414' title='bbox 3295 2670 3492 2741; x_wconf 90' lang='lat' dir='ltr'><strong>quippe</strong></span> <span class='ocrx_word' id='word_1_415' title='bbox 3513 2671 3781 2724; x_wconf 89' lang='lat' dir='ltr'><strong>sententia</strong></span> 
     </span>
    </p>
   </div>
   <div class='ocr_carea' id='block_1_59' title="bbox 2207 2758 3781 2829">
    <p class='ocr_par' dir='ltr' id='par_1_59' title="bbox 2207 2758 3781 2829">
     <span class='ocr_line' id='line_1_59' title="bbox 2207 2758 3781 2829; baseline -0.003 -13"><span class='ocrx_word' id='word_1_416' title='bbox 2207 2768 2338 2816; x_wconf 87' lang='lat' dir='ltr'><strong>est:</strong></span> <span class='ocrx_word' id='word_1_417' title='bbox 2397 2776 2417 2811; x_wconf 70' lang='grc' dir='ltr'>ι</span> <span class='ocrx_word' id='word_1_418' title='bbox 2469 2759 2586 2814; x_wconf 86' lang='lat' dir='ltr'><strong>Non</strong></span> <span class='ocrx_word' id='word_1_419' title='bbox 2631 2758 2829 2814; x_wconf 87' lang='lat' dir='ltr'><strong>debent</strong></span> <span class='ocrx_word' id='word_1_420' title='bbox 2879 2759 2973 2814; x_wconf 80' lang='lat' dir='ltr'><strong>ﬁlii</strong></span> <span class='ocrx_word' id='word_1_421' title='bbox 3025 2760 3397 2816; x_wconf 86' lang='lat' dir='ltr'><strong>thesaurizare</strong></span> <span class='ocrx_word' id='word_1_422' title='bbox 3441 2759 3781 2829; x_wconf 84' lang='lat' dir='ltr'><strong>parentibus,</strong></span> 
     </span>
    </p>
   </div>
   <div class='ocr_carea' id='block_1_60' title="bbox 2207 2847 3785 2921">
    <p class='ocr_par' dir='ltr' id='par_1_60' title="bbox 2207 2847 3785 2921">
     <span class='ocr_line' id='line_1_60' title="bbox 2207 2847 3785 2921; baseline -0.004 -16"><span class='ocrx_word' id='word_1_423' title='bbox 2207 2849 2303 2905; x_wconf 87' lang='lat' dir='ltr'><strong>scd</strong></span> <span class='ocrx_word' id='word_1_424' title='bbox 2348 2859 2599 2920; x_wconf 88' lang='lat' dir='ltr'><strong>parentes</strong></span> <span class='ocrx_word' id='word_1_425' title='bbox 2652 2849 2778 2904; x_wconf 84' lang='lat' dir='ltr'><strong>ﬁliis</strong></span> <span class='ocrx_word' id='word_1_426' title='bbox 2820 2847 2906 2920; x_wconf 90' lang='grc' dir='ltr'><strong>(ΙΙ</strong></span> <span class='ocrx_word' id='word_1_427' title='bbox 2937 2847 3061 2903; x_wconf 86' lang='lat' dir='ltr'><strong>Cor.</strong></span> <span class='ocrx_word' id='word_1_428' title='bbox 3101 2849 3222 2921; x_wconf 89' lang='lat' dir='ltr'><strong>xu).</strong></span> <span class='ocrx_word' id='word_1_429' title='bbox 3257 2868 3278 2900; x_wconf 71' lang='grc' dir='ltr'><strong><em>ι</em></strong></span> <span class='ocrx_word' id='word_1_430' title='bbox 3311 2847 3415 2904; x_wconf 88' lang='lat' dir='ltr'><strong>Sed</strong></span> <span class='ocrx_word' id='word_1_431' title='bbox 3459 2848 3584 2902; x_wconf 89' lang='lat' dir='ltr'><strong>dum</strong></span> <span class='ocrx_word' id='word_1_432' title='bbox 3630 2855 3785 2901; x_wconf 86' lang='lat' dir='ltr'><strong>tanto</strong></span> 
     </span>
    </p>
   </div>
   <div class='ocr_carea' id='block_1_61' title="bbox 2207 2940 3781 3012">
    <p class='ocr_par' dir='ltr' id='par_1_61' title="bbox 2207 2940 3781 3012">
     <span class='ocr_line' id='line_1_61' title="bbox 2207 2940 3781 3012; baseline -0.004 -16"><span class='ocrx_word' id='word_1_433' title='bbox 2207 2941 2348 3012; x_wconf 86' lang='lat' dir='ltr'><strong>patri</strong></span> <span class='ocrx_word' id='word_1_434' title='bbox 2371 2949 2757 3012; x_wconf 69' lang='lat' dir='ltr'><strong>prtesumentes</strong></span> <span class='ocrx_word' id='word_1_435' title='bbox 2794 2940 3158 3010; x_wconf 91' lang='lat' dir='ltr'><strong>obloquimur,</strong></span> <span class='ocrx_word' id='word_1_436' title='bbox 3193 2940 3318 3010; x_wconf 88' lang='lat' dir='ltr'><strong>quia</strong></span> <span class='ocrx_word' id='word_1_437' title='bbox 3347 2953 3655 2995; x_wconf 85' lang='lat' dir='ltr'><strong>mensuram</strong></span> <span class='ocrx_word' id='word_1_438' title='bbox 3679 2953 3781 2991; x_wconf 88' lang='lat' dir='ltr'><strong>no-</strong></span> 
     </span>
    </p>
   </div>
   <div class='ocr_carea' id='block_1_62' title="bbox 2205 3027 3782 3096">
    <p class='ocr_par' dir='ltr' id='par_1_62' title="bbox 2205 3027 3782 3096">
     <span class='ocr_line' id='line_1_62' title="bbox 2205 3027 3782 3096; baseline -0.004 -9"><span class='ocrx_word' id='word_1_439' title='bbox 2205 3039 2376 3087; x_wconf 89' lang='lat' dir='ltr'><strong>stram</strong></span> <span class='ocrx_word' id='word_1_440' title='bbox 2406 3030 2784 3086; x_wconf 90' lang='lat' dir='ltr'><strong>insimulantes</strong></span> <span class='ocrx_word' id='word_1_441' title='bbox 2808 3030 3163 3096; x_wconf 79' lang='lat' dir='ltr'><strong>excessimus,</strong></span> <span class='ocrx_word' id='word_1_442' title='bbox 3185 3043 3215 3084; x_wconf 91' lang='lat' dir='ltr'><strong>a</strong></span> <span class='ocrx_word' id='word_1_443' title='bbox 3233 3029 3403 3094; x_wconf 88' lang='lat' dir='ltr'><strong>vobis,</strong></span> <span class='ocrx_word' id='word_1_444' title='bbox 3422 3027 3782 3092; x_wconf 89' lang='lat' dir='ltr'><strong>dilectissimi,</strong></span> 
     </span>
    </p>
   </div>
   <div class='ocr_carea' id='block_1_63' title="bbox 2207 3117 3785 3192">
    <p class='ocr_par' dir='ltr' id='par_1_63' title="bbox 2207 3117 3785 3192">
     <span class='ocr_line' id='line_1_63' title="bbox 2207 3117 3785 3192; baseline -0.003 -16"><span class='ocrx_word' id='word_1_445' title='bbox 2207 3122 2527 3191; x_wconf 83' lang='lat' dir='ltr'><strong>procacibus</strong></span> <span class='ocrx_word' id='word_1_446' title='bbox 2586 3121 2740 3177; x_wconf 79' lang='lat' dir='ltr'><strong>.abiis</strong></span> <span class='ocrx_word' id='word_1_447' title='bbox 2794 3122 3166 3192; x_wconf 83' lang='lat' dir='ltr'><strong>paenitentiam</strong></span> <span class='ocrx_word' id='word_1_448' title='bbox 3231 3119 3581 3191; x_wconf 90' lang='lat' dir='ltr'><strong>postulamus.</strong></span> <span class='ocrx_word' id='word_1_449' title='bbox 3633 3117 3785 3174; x_wconf 84' lang='lat' dir='ltr'><strong>Inter</strong></span> 
     </span>
    </p>
   </div>
   <div class='ocr_carea' id='block_1_64' title="bbox 2218 3209 3784 3282">
    <p class='ocr_par' dir='ltr' id='par_1_64' title="bbox 2218 3209 3784 3282">
     <span class='ocr_line' id='line_1_64' title="bbox 2218 3209 3784 3282; baseline -0.003 -16"><span class='ocrx_word' id='word_1_450' title='bbox 2218 3211 2366 3266; x_wconf 89' lang='lat' dir='ltr'><strong>servi</strong></span> <span class='ocrx_word' id='word_1_451' title='bbox 2397 3211 2607 3268; x_wconf 90' lang='lat' dir='ltr'><strong>scilicet</strong></span> <span class='ocrx_word' id='word_1_452' title='bbox 2657 3213 2968 3282; x_wconf 90' lang='lat' dir='ltr'><strong>dominique</strong></span> <span class='ocrx_word' id='word_1_453' title='bbox 3013 3210 3244 3281; x_wconf 83' lang='lat' dir='ltr'><strong>litigium</strong></span> <span class='ocrx_word' id='word_1_454' title='bbox 3281 3211 3507 3266; x_wconf 87' lang='lat' dir='ltr'><strong>debetur</strong></span> <span class='ocrx_word' id='word_1_455' title='bbox 3538 3217 3593 3265; x_wconf 90' lang='lat' dir='ltr'><strong>et</strong></span> <span class='ocrx_word' id='word_1_456' title='bbox 3621 3209 3784 3264; x_wconf 89' lang='lat' dir='ltr'><strong>satis-</strong></span> 
     </span>
    </p>
   </div>
   <div class='ocr_carea' id='block_1_65' title="bbox 542 3265 2110 3379">
    <p class='ocr_par' dir='ltr' id='par_1_65' title="bbox 542 3265 2107 3379">
     <span class='ocr_line' id='line_1_65' title="bbox 542 3265 2107 3379; baseline -0.017 -19"><span class='ocrx_word' id='word_1_457' title='bbox 542 3265 1152 3379; x_wconf 48' lang='lat' dir='ltr'><strong>pe&#39;rversauloquentium</strong></span> <span class='ocrx_word' id='word_1_458' title='bbox 1183 3294 1404 3364; x_wconf 88' lang='lat' dir='ltr'><strong>patitur,</strong></span> <span class='ocrx_word' id='word_1_459' title='bbox 1430 3265 1679 3345; x_wconf 74' lang='lat' dir='ltr'><strong>titionum</strong></span> <span class='ocrx_word' id='word_1_460' title='bbox 1708 3265 2107 3379; x_wconf 68' lang='lat' dir='ltr'><strong>quodammodo</strong></span> 
     </span>
    </p>
   </div>
   <div class='ocr_carea' id='block_1_66' title="bbox 2208 3265 3479 3379">
    <p class='ocr_par' dir='ltr' id='par_1_66' title="bbox 2209 3265 3479 3372">
     <span class='ocr_line' id='line_1_66' title="bbox 2209 3265 3479 3372; baseline -0.002 -16"><span class='ocrx_word' id='word_1_461' title='bbox 2209 3292 2372 3357; x_wconf 82' lang='lat' dir='ltr'><strong>factio</strong></span> <span class='ocrx_word' id='word_1_462' title='bbox 2394 3299 2727 3372; x_wconf 83' lang='lat' dir='ltr'><strong>delinquenti</strong></span> <span class='ocrx_word' id='word_1_463' title='bbox 2756 3310 2812 3355; x_wconf 90' lang='lat' dir='ltr'><strong>et</strong></span> <span class='ocrx_word' id='word_1_464' title='bbox 2839 3265 3154 3362; x_wconf 52' lang='lat' dir='ltr'><strong>iit-enitentia</strong></span> <span class='ocrx_word' id='word_1_465' title='bbox 3184 3299 3479 3369; x_wconf 89' lang='lat' dir='ltr'><strong>vapulanti.</strong></span> 
     </span>
    </p>
   </div>
   <div class='ocr_carea' id='block_1_67' title="bbox 545 3369 2105 3462">
    <p class='ocr_par' dir='ltr' id='par_1_67' title="bbox 545 3369 2105 3462">
     <span class='ocr_line' id='line_1_67' title="bbox 545 3369 2105 3462; baseline -0.021 -7"><span class='ocrx_word' id='word_1_466' title='bbox 545 3369 784 3454; x_wconf 74' lang='lat' dir='ltr'><strong>tenebris</strong></span> <span class='ocrx_word' id='word_1_467' title='bbox 799 3369 1132 3458; x_wconf 86' lang='lat' dir='ltr'><strong>denigratur,</strong></span> <span class='ocrx_word' id='word_1_468' title='bbox 1159 3385 1346 3462; x_wconf 86' lang='lat' dir='ltr'><strong>dicens</strong></span> <span class='ocrx_word' id='word_1_469' title='bbox 1368 3395 1463 3451; x_wconf 92' lang='lat' dir='ltr'><strong>per</strong></span> <span class='ocrx_word' id='word_1_470' title='bbox 1483 3378 1860 3434; x_wconf 89' lang='lat' dir='ltr'><strong>Salomonem:</strong></span> <span class='ocrx_word' id='word_1_471' title='bbox 1891 3390 1910 3424; x_wconf 86' lang='grc'>‹</span> <span class='ocrx_word' id='word_1_472' title='bbox 1941 3369 2105 3441; x_wconf 80' lang='lat' dir='ltr'><strong>Nigra</strong></span> 
     </span>
    </p>
   </div>
   <div class='ocr_carea' id='block_1_68' title="bbox 542 3461 2106 3552">
    <p class='ocr_par' dir='ltr' id='par_1_68' title="bbox 542 3461 2106 3552">
     <span class='ocr_line' id='line_1_68' title="bbox 542 3461 2106 3552; baseline -0.019 -8"><span class='ocrx_word' id='word_1_473' title='bbox 542 3503 684 3552; x_wconf 86' lang='lat' dir='ltr'><strong>sum,</strong></span> <span class='ocrx_word' id='word_1_474' title='bbox 711 3483 804 3540; x_wconf 88' lang='lat' dir='ltr'><strong>sed</strong></span> <span class='ocrx_word' id='word_1_475' title='bbox 833 3482 1086 3541; x_wconf 90' lang='lat' dir='ltr'><strong>formosa,</strong></span> <span class='ocrx_word' id='word_1_476' title='bbox 1113 3461 1583 3530; x_wconf 8' lang='lat' dir='ltr'><strong>filiafilierusalem</strong></span> <span class='ocrx_word' id='word_1_477' title='bbox 1620 3485 1634 3522; x_wconf 90' lang='lat'><strong>:</strong></span> <span class='ocrx_word' id='word_1_478' title='bbox 1674 3465 1840 3521; x_wconf 88' lang='lat' dir='ltr'><strong>nolite</strong></span> <span class='ocrx_word' id='word_1_479' title='bbox 1865 3479 1950 3517; x_wconf 89' lang='lat' dir='ltr'><strong>me</strong></span> <span class='ocrx_word' id='word_1_480' title='bbox 1971 3475 2106 3552; x_wconf 43' lang='lat' dir='ltr'><strong>conf</strong></span> 
     </span>
    </p>
   </div>
   <div class='ocr_carea' id='block_1_69' title="bbox 541 3547 2106 3638">
    <p class='ocr_par' dir='ltr' id='par_1_69' title="bbox 541 3547 2106 3638">
     <span class='ocr_line' id='line_1_69' title="bbox 541 3547 2106 3638; baseline -0.016 -9"><span class='ocrx_word' id='word_1_481' title='bbox 541 3547 781 3629; x_wconf 74' lang='lat' dir='ltr'><strong>siderare</strong></span> <span class='ocrx_word' id='word_1_482' title='bbox 804 3568 945 3638; x_wconf 91' lang='lat' dir='ltr'><strong>quod</strong></span> <span class='ocrx_word' id='word_1_483' title='bbox 996 3565 1146 3619; x_wconf 88' lang='lat' dir='ltr'><strong>fusca</strong></span> <span class='ocrx_word' id='word_1_484' title='bbox 1184 3562 1311 3628; x_wconf 89' lang='lat' dir='ltr'><strong>sim,</strong></span> <span class='ocrx_word' id='word_1_485' title='bbox 1365 3559 1491 3630; x_wconf 88' lang='lat' dir='ltr'><strong>quia</strong></span> <span class='ocrx_word' id='word_1_486' title='bbox 1547 3553 1876 3612; x_wconf 85' lang='lat' dir='ltr'><strong>decoloravit</strong></span> <span class='ocrx_word' id='word_1_487' title='bbox 1906 3565 1992 3606; x_wconf 90' lang='lat' dir='ltr'><strong>me</strong></span> <span class='ocrx_word' id='word_1_488' title='bbox 2025 3547 2106 3606; x_wconf 88' lang='lat' dir='ltr'><strong>sol</strong></span> 
     </span>
    </p>
   </div>
   <div class='ocr_carea' id='block_1_70' title="bbox 541 3663 856 3736">
    <p class='ocr_par' dir='ltr' id='par_1_70' title="bbox 541 3663 856 3736">
     <span class='ocr_line' id='line_1_70' title="bbox 541 3663 856 3736; baseline -0.022 -17"><span class='ocrx_word' id='word_1_489' title='bbox 541 3663 715 3736; x_wconf 79' lang='lat' dir='ltr'><strong>(Cant.</strong></span> <span class='ocrx_word' id='word_1_490' title='bbox 735 3663 798 3730; x_wconf 88' lang='lat' dir='ltr'><strong>t).</strong></span> <span class='ocrx_word' id='word_1_491' title='bbox 837 3678 856 3712; x_wconf 78' lang='grc' dir='ltr'><strong><em>ι</em></strong></span> 
     </span>
    </p>
   </div>
   <div class='ocr_carea' id='block_1_71' title="bbox 611 3736 2106 3814">
    <p class='ocr_par' dir='ltr' id='par_1_71' title="bbox 611 3736 2106 3814">
     <span class='ocr_line' id='line_1_71' title="bbox 611 3736 2106 3814; baseline -0.017 -5"><span class='ocrx_word' id='word_1_492' title='bbox 611 3754 718 3810; x_wconf 87' lang='lat' dir='ltr'><strong>Sed</strong></span> <span class='ocrx_word' id='word_1_493' title='bbox 744 3766 865 3806; x_wconf 89' lang='lat' dir='ltr'><strong>cum</strong></span> <span class='ocrx_word' id='word_1_494' title='bbox 895 3749 1008 3804; x_wconf 75' lang='lat' dir='ltr'><strong>lucc</strong></span> <span class='ocrx_word' id='word_1_495' title='bbox 1029 3743 1193 3800; x_wconf 84' lang='lat' dir='ltr'><strong>verba</strong></span> <span class='ocrx_word' id='word_1_496' title='bbox 1215 3739 1470 3814; x_wconf 60' lang='lat' dir='ltr'><strong>praefatus</strong></span> <span class='ocrx_word' id='word_1_497' title='bbox 1513 3736 1764 3792; x_wconf 90' lang='lat' dir='ltr'><strong>dominus</strong></span> <span class='ocrx_word' id='word_1_498' title='bbox 1795 3741 1980 3788; x_wconf 89' lang='lat' dir='ltr'><strong>noster</strong></span> <span class='ocrx_word' id='word_1_499' title='bbox 2006 3744 2106 3784; x_wconf 90' lang='lat' dir='ltr'><strong>au-</strong></span> 
     </span>
    </p>
   </div>
   <div class='ocr_carea' id='block_1_72' title="bbox 541 3820 2108 3908">
    <p class='ocr_par' dir='ltr' id='par_1_72' title="bbox 541 3820 2108 3908">
     <span class='ocr_line' id='line_1_72' title="bbox 541 3820 2108 3908; baseline -0.016 -8"><span class='ocrx_word' id='word_1_500' title='bbox 541 3849 724 3908; x_wconf 75' lang='lat' dir='ltr'><strong>dierit,</strong></span> <span class='ocrx_word' id='word_1_501' title='bbox 747 3841 1027 3904; x_wconf 82' lang='lat' dir='ltr'><strong>fortassis,</strong></span> <span class='ocrx_word' id='word_1_502' title='bbox 1055 3847 1114 3892; x_wconf 91' lang='lat' dir='ltr'><strong>ut</strong></span> <span class='ocrx_word' id='word_1_503' title='bbox 1144 3835 1298 3899; x_wconf 86' lang='lat' dir='ltr'><strong>solet,</strong></span> <span class='ocrx_word' id='word_1_504' title='bbox 1330 3832 1474 3886; x_wconf 91' lang='lat' dir='ltr'><strong>illico</strong></span> <span class='ocrx_word' id='word_1_505' title='bbox 1525 3825 1874 3898; x_wconf 86' lang='lat' dir='ltr'><strong>respondebit</strong></span> <span class='ocrx_word' id='word_1_506' title='bbox 1907 3839 1922 3877; x_wconf 91' lang='lat'><strong>:</strong></span> <span class='ocrx_word' id='word_1_507' title='bbox 1963 3820 2108 3876; x_wconf 82' lang='lat' dir='ltr'><strong>Dure</strong></span> 
     </span>
    </p>
   </div>
   <div class='ocr_carea' id='block_1_73' title="bbox 540 3915 2110 4004">
    <p class='ocr_par' dir='ltr' id='par_1_73' title="bbox 540 3915 2110 4004">
     <span class='ocr_line' id='line_1_73' title="bbox 540 3915 2110 4004; baseline -0.016 -15"><span class='ocrx_word' id='word_1_508' title='bbox 540 3934 796 4004; x_wconf 86' lang='lat' dir='ltr'><strong>loqueris,</strong></span> <span class='ocrx_word' id='word_1_509' title='bbox 832 3939 888 3984; x_wconf 91' lang='lat' dir='ltr'><strong>et</strong></span> <span class='ocrx_word' id='word_1_510' title='bbox 903 3929 1031 3999; x_wconf 91' lang='lat' dir='ltr'><strong>quid</strong></span> <span class='ocrx_word' id='word_1_511' title='bbox 1060 3915 1159 3993; x_wconf 84' lang='lat' dir='ltr'><strong>ego</strong></span> <span class='ocrx_word' id='word_1_512' title='bbox 1184 3917 1525 3979; x_wconf 87' lang='lat' dir='ltr'><strong>commerui?</strong></span> <span class='ocrx_word' id='word_1_513' title='bbox 1580 3917 1708 3987; x_wconf 90' lang='lat' dir='ltr'><strong>quid</strong></span> <span class='ocrx_word' id='word_1_514' title='bbox 1753 3916 1803 3970; x_wconf 91' lang='lat' dir='ltr'><strong>in</strong></span> <span class='ocrx_word' id='word_1_515' title='bbox 1853 3921 1906 3968; x_wconf 89' lang='lat' dir='ltr'><strong>te</strong></span> <span class='ocrx_word' id='word_1_516' title='bbox 1947 3925 2110 3982; x_wconf 89' lang='lat' dir='ltr'><strong>grave</strong></span> 
     </span>
    </p>
   </div>
   <div class='ocr_carea' id='block_1_74' title="bbox 541 4002 2109 4082">
    <p class='ocr_par' dir='ltr' id='par_1_74' title="bbox 541 4002 2109 4082">
     <span class='ocr_line' id='line_1_74' title="bbox 541 4002 2109 4082; baseline -0.017 -1"><span class='ocrx_word' id='word_1_517' title='bbox 541 4002 820 4082; x_wconf 76' lang='lat' dir='ltr'><strong>commisi?</strong></span> <span class='ocrx_word' id='word_1_518' title='bbox 839 4019 936 4073; x_wconf 81' lang='lat' dir='ltr'><strong>cui</strong></span> <span class='ocrx_word' id='word_1_519' title='bbox 965 4031 1069 4071; x_wconf 91' lang='lat' dir='ltr'><strong>non</strong></span> <span class='ocrx_word' id='word_1_520' title='bbox 1094 4011 1356 4068; x_wconf 76' lang='lat' dir='ltr'><strong>dissimile</strong></span> <span class='ocrx_word' id='word_1_521' title='bbox 1393 4010 1492 4064; x_wconf 85' lang='lat' dir='ltr'><strong>fuit</strong></span> <span class='ocrx_word' id='word_1_522' title='bbox 1521 4008 1663 4078; x_wconf 87' lang='lat' dir='ltr'><strong>quod</strong></span> <span class='ocrx_word' id='word_1_523' title='bbox 1693 4005 1788 4060; x_wconf 86' lang='lat' dir='ltr'><strong>mii</strong></span> <span class='ocrx_word' id='word_1_524' title='bbox 1821 4003 1931 4057; x_wconf 86' lang='lat' dir='ltr'><strong>Dan</strong></span> <span class='ocrx_word' id='word_1_525' title='bbox 1961 4002 2109 4056; x_wconf 83' lang='lat' dir='ltr'><strong>dice-</strong></span> 
     </span>
    </p>
   </div>
   <div class='ocr_carea' id='block_1_75' title="bbox 541 4093 2111 4174">
    <p class='ocr_par' dir='ltr' id='par_1_75' title="bbox 541 4093 2111 4174">
     <span class='ocr_line' id='line_1_75' title="bbox 541 4093 2111 4174; baseline -0.011 -9"><span class='ocrx_word' id='word_1_526' title='bbox 541 4113 677 4166; x_wconf 81' lang='lat' dir='ltr'><strong>bant</strong></span> <span class='ocrx_word' id='word_1_527' title='bbox 699 4110 766 4163; x_wconf 89' lang='lat' dir='ltr'><strong>ad</strong></span> <span class='ocrx_word' id='word_1_528' title='bbox 790 4107 1023 4170; x_wconf 85' lang='lat' dir='ltr'><strong>Michan,</strong></span> <span class='ocrx_word' id='word_1_529' title='bbox 1054 4103 1141 4158; x_wconf 83' lang='lat' dir='ltr'><strong>eui</strong></span> <span class='ocrx_word' id='word_1_530' title='bbox 1165 4100 1276 4174; x_wconf 74' lang='lat'><strong>69</strong></span> <span class='ocrx_word' id='word_1_531' title='bbox 1300 4100 1554 4154; x_wconf 89' lang='lat' dir='ltr'><strong>nimirum</strong></span> <span class='ocrx_word' id='word_1_532' title='bbox 1576 4139 1592 4164; x_wconf 87' lang='lat'><strong>,</strong></span> <span class='ocrx_word' id='word_1_533' title='bbox 1620 4111 1740 4166; x_wconf 69' lang='lat' dir='ltr'><strong>qua:</strong></span> <span class='ocrx_word' id='word_1_534' title='bbox 1797 4093 2111 4166; x_wconf 82' lang='lat' dir='ltr'><strong>possidebat</strong></span> 
     </span>
    </p>
   </div>
   <div class='ocr_carea' id='block_1_76' title="bbox 543 4183 2113 4264">
    <p class='ocr_par' dir='ltr' id='par_1_76' title="bbox 543 4183 2113 4264">
     <span class='ocr_line' id='line_1_76' title="bbox 543 4183 2113 4264; baseline -0.012 -10"><span class='ocrx_word' id='word_1_535' title='bbox 543 4206 735 4254; x_wconf 85' lang='lat' dir='ltr'><strong>cuneta</strong></span> <span class='ocrx_word' id='word_1_536' title='bbox 759 4201 1048 4264; x_wconf 87' lang='lat' dir='ltr'><strong>rapuerant</strong></span> <span class='ocrx_word' id='word_1_537' title='bbox 1083 4209 1098 4245; x_wconf 88' lang='lat'><strong>:</strong></span> <span class='ocrx_word' id='word_1_538' title='bbox 1147 4210 1164 4242; x_wconf 84' lang='grc'>‹</span> <span class='ocrx_word' id='word_1_539' title='bbox 1198 4189 1361 4264; x_wconf 80' lang='lat' dir='ltr'><strong>Quid,</strong></span> <span class='ocrx_word' id='word_1_540' title='bbox 1419 4187 1686 4256; x_wconf 86' lang='lat' dir='ltr'><strong>inquiunt,</strong></span> <span class='ocrx_word' id='word_1_541' title='bbox 1737 4184 1830 4239; x_wconf 90' lang='lat' dir='ltr'><strong>tibi</strong></span> <span class='ocrx_word' id='word_1_542' title='bbox 1871 4183 1988 4238; x_wconf 85' lang='lat' dir='ltr'><strong>vis?</strong></span> <span class='ocrx_word' id='word_1_543' title='bbox 2013 4197 2113 4237; x_wconf 91' lang='lat' dir='ltr'><strong>cur</strong></span> 
     </span>
    </p>
   </div>
   <div class='ocr_carea' id='block_1_77' title="bbox 545 4271 2113 4352">
    <p class='ocr_par' dir='ltr' id='par_1_77' title="bbox 545 4271 2113 4352">
     <span class='ocr_line' id='line_1_77' title="bbox 545 4271 2113 4352; baseline -0.011 -9"><span class='ocrx_word' id='word_1_544' title='bbox 545 4284 785 4344; x_wconf 75' lang='lat' dir='ltr'><strong>clamas?</strong></span> <span class='ocrx_word' id='word_1_545' title='bbox 807 4303 825 4335; x_wconf 72' lang='grc' dir='ltr'>ι</span> <span class='ocrx_word' id='word_1_546' title='bbox 861 4281 1012 4352; x_wconf 74' lang='lat' dir='ltr'><strong>(Iud.</strong></span> <span class='ocrx_word' id='word_1_547' title='bbox 1042 4280 1218 4348; x_wconf 87' lang='lat' dir='ltr'><strong>xvnt.)</strong></span> <span class='ocrx_word' id='word_1_548' title='bbox 1243 4276 1446 4344; x_wconf 86' lang='lat' dir='ltr'><strong>Quibus</strong></span> <span class='ocrx_word' id='word_1_549' title='bbox 1472 4275 1559 4330; x_wconf 89' lang='lat' dir='ltr'><strong>ille</strong></span> <span class='ocrx_word' id='word_1_550' title='bbox 1589 4273 1898 4342; x_wconf 90' lang='lat' dir='ltr'><strong>respondit:</strong></span> <span class='ocrx_word' id='word_1_551' title='bbox 1932 4288 1950 4320; x_wconf 83' lang='grc'><strong>‹</strong></span> <span class='ocrx_word' id='word_1_552' title='bbox 1975 4271 2113 4326; x_wconf 88' lang='lat' dir='ltr'><strong>Deos</strong></span> 
     </span>
    </p>
   </div>
   <div class='ocr_carea' id='block_1_78' title="bbox 547 4361 2114 4443">
    <p class='ocr_par' dir='ltr' id='par_1_78' title="bbox 547 4361 2114 4443">
     <span class='ocr_line' id='line_1_78' title="bbox 547 4361 2114 4443; baseline -0.013 -10"><span class='ocrx_word' id='word_1_553' title='bbox 547 4390 719 4440; x_wconf 82' lang='lat' dir='ltr'><strong>meos,</strong></span> <span class='ocrx_word' id='word_1_554' title='bbox 745 4386 882 4443; x_wconf 89' lang='lat' dir='ltr'><strong>quos</strong></span> <span class='ocrx_word' id='word_1_555' title='bbox 907 4370 1033 4435; x_wconf 80' lang='lat' dir='ltr'><strong>feci,</strong></span> <span class='ocrx_word' id='word_1_556' title='bbox 1086 4367 1219 4423; x_wconf 91' lang='lat' dir='ltr'><strong>mihi</strong></span> <span class='ocrx_word' id='word_1_557' title='bbox 1263 4365 1460 4420; x_wconf 89' lang='lat' dir='ltr'><strong>tulistis</strong></span> <span class='ocrx_word' id='word_1_558' title='bbox 1504 4404 1520 4429; x_wconf 97' lang='lat'><strong>,</strong></span> <span class='ocrx_word' id='word_1_559' title='bbox 1571 4371 1627 4416; x_wconf 92' lang='lat' dir='ltr'><strong>et</strong></span> <span class='ocrx_word' id='word_1_560' title='bbox 1681 4361 2012 4417; x_wconf 86' lang='lat' dir='ltr'><strong>sacerdotem</strong></span> <span class='ocrx_word' id='word_1_561' title='bbox 2060 4367 2114 4412; x_wconf 91' lang='lat' dir='ltr'><strong>et</strong></span> 
     </span>
    </p>
   </div>
   <div class='ocr_carea' id='block_1_79' title="bbox 547 4449 2111 4532">
    <p class='ocr_par' dir='ltr' id='par_1_79' title="bbox 547 4449 2111 4532">
     <span class='ocr_line' id='line_1_79' title="bbox 547 4449 2111 4532; baseline -0.014 -10"><span class='ocrx_word' id='word_1_562' title='bbox 547 4466 730 4524; x_wconf 88' lang='lat' dir='ltr'><strong>omnia</strong></span> <span class='ocrx_word' id='word_1_563' title='bbox 755 4476 874 4532; x_wconf 62' lang='lat' dir='ltr'><strong>quae</strong></span> <span class='ocrx_word' id='word_1_564' title='bbox 903 4461 1096 4525; x_wconf 86' lang='lat' dir='ltr'><strong>habeo,</strong></span> <span class='ocrx_word' id='word_1_565' title='bbox 1119 4466 1176 4512; x_wconf 88' lang='lat' dir='ltr'><strong>et</strong></span> <span class='ocrx_word' id='word_1_566' title='bbox 1195 4455 1392 4522; x_wconf 88' lang='lat' dir='ltr'><strong>dicitis,</strong></span> <span class='ocrx_word' id='word_1_567' title='bbox 1422 4453 1553 4525; x_wconf 88' lang='lat' dir='ltr'><strong>quid</strong></span> <span class='ocrx_word' id='word_1_568' title='bbox 1582 4453 1673 4507; x_wconf 89' lang='lat' dir='ltr'><strong>tibi</strong></span> <span class='ocrx_word' id='word_1_569' title='bbox 1706 4453 1834 4508; x_wconf 81' lang='lat' dir='ltr'><strong>est?</strong></span> <span class='ocrx_word' id='word_1_570' title='bbox 1865 4471 1884 4504; x_wconf 84' lang='grc'><strong>›</strong></span> <span class='ocrx_word' id='word_1_571' title='bbox 1922 4449 2111 4523; x_wconf 78' lang='grc' dir='ltr'><strong>(Ιὸίά.)</strong></span> 
     </span>
    </p>
   </div>
   <div class='ocr_carea' id='block_1_80' title="bbox 547 4540 2109 4624">
    <p class='ocr_par' dir='ltr' id='par_1_80' title="bbox 547 4540 2109 4624">
     <span class='ocr_line' id='line_1_80' title="bbox 547 4540 2109 4624; baseline -0.014 -10"><span class='ocrx_word' id='word_1_572' title='bbox 547 4556 654 4614; x_wconf 88' lang='lat' dir='ltr'><strong>Sed</strong></span> <span class='ocrx_word' id='word_1_573' title='bbox 680 4553 931 4624; x_wconf 90' lang='lat' dir='ltr'><strong>quoniam</strong></span> <span class='ocrx_word' id='word_1_574' title='bbox 954 4549 1093 4604; x_wconf 90' lang='lat' dir='ltr'><strong>sicut</strong></span> <span class='ocrx_word' id='word_1_575' title='bbox 1111 4548 1193 4601; x_wconf 89' lang='lat' dir='ltr'><strong>vir</strong></span> <span class='ocrx_word' id='word_1_576' title='bbox 1221 4546 1436 4615; x_wconf 87' lang='lat' dir='ltr'><strong>sapiens</strong></span> <span class='ocrx_word' id='word_1_577' title='bbox 1457 4544 1530 4598; x_wconf 87' lang='lat' dir='ltr'><strong>ait</strong></span> <span class='ocrx_word' id='word_1_578' title='bbox 1559 4562 1571 4596; x_wconf 93' lang='lat'>:</span> <span class='ocrx_word' id='word_1_579' title='bbox 1603 4561 1621 4594; x_wconf 70' lang='grc' dir='ltr'>ι</span> <span class='ocrx_word' id='word_1_580' title='bbox 1644 4542 1844 4597; x_wconf 76' lang='lat' dir='ltr'><strong>hiusica</strong></span> <span class='ocrx_word' id='word_1_581' title='bbox 1878 4541 1932 4594; x_wconf 92' lang='lat' dir='ltr'><strong>in</strong></span> <span class='ocrx_word' id='word_1_582' title='bbox 1963 4540 2109 4593; x_wconf 91' lang='lat' dir='ltr'><strong>luctu</strong></span> 
     </span>
    </p>
   </div>
   <div class='ocr_carea' id='block_1_81' title="bbox 548 4624 2192 4716">
    <p class='ocr_par' dir='ltr' id='par_1_81' title="bbox 548 4624 2192 4716">
     <span class='ocr_line' id='line_1_81' title="bbox 548 4624 2192 4716; baseline -0.01 -15"><span class='ocrx_word' id='word_1_583' title='bbox 548 4647 855 4716; x_wconf 88' lang='lat' dir='ltr'><strong>importuna</strong></span> <span class='ocrx_word' id='word_1_584' title='bbox 886 4637 1123 4694; x_wconf 75' lang='lat' dir='ltr'><strong>narratio</strong></span> <span class='ocrx_word' id='word_1_585' title='bbox 1152 4635 1524 4708; x_wconf 66' lang='lat' dir='ltr'><strong>(Ecdixxu);</strong></span> <span class='ocrx_word' id='word_1_586' title='bbox 1549 4651 1567 4679; x_wconf 77' lang='grc' dir='ltr'><strong>ι</strong></span> <span class='ocrx_word' id='word_1_587' title='bbox 1599 4633 1726 4688; x_wconf 90' lang='lat' dir='ltr'><strong>licet</strong></span> <span class='ocrx_word' id='word_1_588' title='bbox 1757 4628 1949 4686; x_wconf 85' lang='lat' dir='ltr'><strong>histrio</strong></span> <span class='ocrx_word' id='word_1_589' title='bbox 1986 4629 2111 4693; x_wconf 82' lang='lat' dir='ltr'><strong>sim,</strong></span> <span class='ocrx_word' id='word_1_590' title='bbox 2140 4624 2192 4684; x_wconf 91' lang='lat' dir='ltr'><strong>D</strong></span> 
     </span>
    </p>
   </div>
   <div class='ocr_carea' id='block_1_82' title="bbox 544 4725 2116 4802">
    <p class='ocr_par' dir='ltr' id='par_1_82' title="bbox 544 4725 2116 4802">
     <span class='ocr_line' id='line_1_82' title="bbox 544 4725 2116 4802; baseline -0.01 -8"><span class='ocrx_word' id='word_1_591' title='bbox 544 4755 654 4794; x_wconf 86' lang='lat' dir='ltr'><strong>non</strong></span> <span class='ocrx_word' id='word_1_592' title='bbox 683 4739 811 4792; x_wconf 82' lang='lat' dir='ltr'><strong>libet</strong></span> <span class='ocrx_word' id='word_1_593' title='bbox 859 4735 1065 4800; x_wconf 79' lang='lat' dir='ltr'><strong>ludere,</strong></span> <span class='ocrx_word' id='word_1_594' title='bbox 1091 4733 1214 4788; x_wconf 90' lang='lat' dir='ltr'><strong>dum</strong></span> <span class='ocrx_word' id='word_1_595' title='bbox 1255 4729 1549 4802; x_wconf 88' lang='lat' dir='ltr'><strong>compellar</strong></span> <span class='ocrx_word' id='word_1_596' title='bbox 1576 4728 1738 4784; x_wconf 88' lang='lat' dir='ltr'><strong>corde</strong></span> <span class='ocrx_word' id='word_1_597' title='bbox 1766 4725 1981 4796; x_wconf 82' lang='lat' dir='ltr'><strong>lugere;</strong></span> <span class='ocrx_word' id='word_1_598' title='bbox 2013 4737 2116 4778; x_wconf 89' lang='lat' dir='ltr'><strong>nec</strong></span> 
     </span>
    </p>
   </div>
   <div class='ocr_carea' id='block_1_83' title="bbox 549 4817 2116 4896">
    <p class='ocr_par' dir='ltr' id='par_1_83' title="bbox 549 4817 2116 4896">
     <span class='ocr_line' id='line_1_83' title="bbox 549 4817 2116 4896; baseline -0.009 -12"><span class='ocrx_word' id='word_1_599' title='bbox 549 4830 813 4884; x_wconf 87' lang='lat' dir='ltr'><strong>citharam</strong></span> <span class='ocrx_word' id='word_1_600' title='bbox 827 4828 1067 4896; x_wconf 83' lang='lat' dir='ltr'><strong>crispare</strong></span> <span class='ocrx_word' id='word_1_601' title='bbox 1079 4825 1304 4880; x_wconf 87' lang='lat' dir='ltr'><strong>delectat</strong></span> <span class='ocrx_word' id='word_1_602' title='bbox 1327 4837 1487 4893; x_wconf 84' lang='lat' dir='ltr'><strong>quem</strong></span> <span class='ocrx_word' id='word_1_603' title='bbox 1510 4821 1669 4875; x_wconf 88' lang='lat' dir='ltr'><strong>amici</strong></span> <span class='ocrx_word' id='word_1_604' title='bbox 1685 4818 1887 4875; x_wconf 83' lang='lat' dir='ltr'><strong>codicis</strong></span> <span class='ocrx_word' id='word_1_605' title='bbox 1901 4817 2116 4888; x_wconf 83' lang='lat' dir='ltr'><strong>jactura</strong></span> 
     </span>
    </p>
   </div>
   <div class='ocr_carea' id='block_1_84' title="bbox 551 4908 2115 4987">
    <p class='ocr_par' dir='ltr' id='par_1_84' title="bbox 551 4908 2115 4987">
     <span class='ocr_line' id='line_1_84' title="bbox 551 4908 2115 4987; baseline -0.008 -14"><span class='ocrx_word' id='word_1_606' title='bbox 551 4919 848 4987; x_wconf 88' lang='lat' dir='ltr'><strong>perturbat.</strong></span> <span class='ocrx_word' id='word_1_607' title='bbox 890 4917 1099 4972; x_wconf 76' lang='lat' dir='ltr'><strong>Reddat</strong></span> <span class='ocrx_word' id='word_1_608' title='bbox 1124 4931 1250 4986; x_wconf 85' lang='lat' dir='ltr'><strong>ergo</strong></span> <span class='ocrx_word' id='word_1_609' title='bbox 1279 4915 1502 4980; x_wconf 89' lang='lat' dir='ltr'><strong>librum,</strong></span> <span class='ocrx_word' id='word_1_610' title='bbox 1535 4913 1580 4968; x_wconf 89' lang='lat' dir='ltr'><strong>si</strong></span> <span class='ocrx_word' id='word_1_611' title='bbox 1608 4911 1720 4966; x_wconf 84' lang='lat' dir='ltr'><strong>vult</strong></span> <span class='ocrx_word' id='word_1_612' title='bbox 1750 4909 2024 4981; x_wconf 89' lang='lat' dir='ltr'><strong>possidere</strong></span> <span class='ocrx_word' id='word_1_613' title='bbox 2052 4908 2115 4961; x_wconf 92' lang='lat' dir='ltr'><strong>li-</strong></span> 
     </span>
    </p>
   </div>
   <div class='ocr_carea' id='block_1_85' title="bbox 551 4997 2187 5075">
    <p class='ocr_par' dir='ltr' id='par_1_85' title="bbox 551 4997 2187 5075">
     <span class='ocr_line' id='line_1_85' title="bbox 551 4997 2187 5075; baseline -0.007 -12"><span class='ocrx_word' id='word_1_614' title='bbox 551 5007 816 5064; x_wconf 82' lang='lat' dir='ltr'><strong>brilicum.</strong></span> <span class='ocrx_word' id='word_1_615' title='bbox 875 5006 943 5061; x_wconf 81' lang='lat' dir='ltr'><strong>Et</strong></span> <span class='ocrx_word' id='word_1_616' title='bbox 989 5016 1210 5075; x_wconf 84' lang='lat' dir='ltr'><strong>propter</strong></span> <span class='ocrx_word' id='word_1_617' title='bbox 1259 5007 1478 5060; x_wconf 87' lang='lat' dir='ltr'><strong>brevem</strong></span> <span class='ocrx_word' id='word_1_618' title='bbox 1525 5001 1646 5057; x_wconf 88' lang='lat' dir='ltr'><strong>vilis</strong></span> <span class='ocrx_word' id='word_1_619' title='bbox 1677 4997 1886 5055; x_wconf 90' lang='lat' dir='ltr'><strong>articuli</strong></span> <span class='ocrx_word' id='word_1_620' title='bbox 1914 4998 2110 5054; x_wconf 88' lang='lat' dir='ltr'><strong>seriem</strong></span> <span class='ocrx_word' id='word_1_621' title='bbox 2180 5007 2187 5014; x_wconf 88' lang='lat'>&#39;</span> 
     </span>
    </p>
   </div>
   <div class='ocr_carea' id='block_1_86' title="bbox 543 5091 2111 5170">
    <p class='ocr_par' dir='ltr' id='par_1_86' title="bbox 543 5091 2111 5170">
     <span class='ocr_line' id='line_1_86' title="bbox 543 5091 2111 5170; baseline -0.006 -17"><span class='ocrx_word' id='word_1_622' title='bbox 543 5094 926 5170; x_wconf 72' lang='lat' dir='ltr'><strong>pauperculam</strong></span> <span class='ocrx_word' id='word_1_623' title='bbox 975 5094 1210 5164; x_wconf 87' lang='lat' dir='ltr'><strong>ejusdem</strong></span> <span class='ocrx_word' id='word_1_624' title='bbox 1263 5092 1387 5166; x_wconf 80' lang='lat' dir='ltr'><strong>styli</strong></span> <span class='ocrx_word' id='word_1_625' title='bbox 1430 5106 1536 5146; x_wconf 84' lang='lat' dir='ltr'><strong>non</strong></span> <span class='ocrx_word' id='word_1_626' title='bbox 1565 5091 1779 5145; x_wconf 87' lang='lat' dir='ltr'><strong>amittat</strong></span> <span class='ocrx_word' id='word_1_627' title='bbox 1808 5096 2111 5145; x_wconf 89' lang='lat' dir='ltr'><strong>auctorem.</strong></span> 
     </span>
    </p>
   </div>
   <div class='ocr_carea' id='block_1_87' title="bbox 547 5181 2113 5254">
    <p class='ocr_par' dir='ltr' id='par_1_87' title="bbox 547 5181 2113 5254">
     <span class='ocr_line' id='line_1_87' title="bbox 547 5181 2113 5254; baseline -0.004 -11"><span class='ocrx_word' id='word_1_628' title='bbox 547 5190 656 5245; x_wconf 85' lang='lat' dir='ltr'><strong>Hoc</strong></span> <span class='ocrx_word' id='word_1_629' title='bbox 711 5187 916 5244; x_wconf 89' lang='lat' dir='ltr'><strong>scilicet</strong></span> <span class='ocrx_word' id='word_1_630' title='bbox 964 5195 1240 5242; x_wconf 89' lang='lat' dir='ltr'><strong>merentur</strong></span> <span class='ocrx_word' id='word_1_631' title='bbox 1272 5183 1540 5254; x_wconf 84' lang='lat' dir='ltr'><strong>impendia</strong></span> <span class='ocrx_word' id='word_1_632' title='bbox 1595 5189 1670 5238; x_wconf 92' lang='lat' dir='ltr'><strong>tot</strong></span> <span class='ocrx_word' id='word_1_633' title='bbox 1717 5181 1984 5247; x_wconf 89' lang='lat' dir='ltr'><strong>laborum,</strong></span> <span class='ocrx_word' id='word_1_634' title='bbox 2033 5189 2113 5236; x_wconf 92' lang='lat' dir='ltr'><strong>tot</strong></span> 
     </span>
    </p>
   </div>
   <div class='ocr_carea' id='block_1_88' title="bbox 541 5273 2114 5350">
    <p class='ocr_par' dir='ltr' id='par_1_88' title="bbox 541 5273 2114 5350">
     <span class='ocr_line' id='line_1_88' title="bbox 541 5273 2114 5350; baseline -0.005 -14"><span class='ocrx_word' id='word_1_635' title='bbox 541 5281 777 5350; x_wconf 86' lang='lat' dir='ltr'><strong>pericula</strong></span> <span class='ocrx_word' id='word_1_636' title='bbox 811 5279 1232 5342; x_wconf 81' lang='lat' dir='ltr'><strong>niortium,cum</strong></span> <span class='ocrx_word' id='word_1_637' title='bbox 1275 5276 1403 5330; x_wconf 91' lang='lat' dir='ltr'><strong>illud</strong></span> <span class='ocrx_word' id='word_1_638' title='bbox 1449 5275 1731 5347; x_wconf 76' lang='lat' dir='ltr'><strong>Propheta:</strong></span> <span class='ocrx_word' id='word_1_639' title='bbox 1780 5273 1988 5346; x_wconf 90' lang='lat' dir='ltr'><strong>lugubri</strong></span> <span class='ocrx_word' id='word_1_640' title='bbox 2028 5288 2114 5329; x_wconf 91' lang='lat' dir='ltr'><strong>co-</strong></span> 
     </span>
    </p>
   </div>
   <div class='ocr_carea' id='block_1_89' title="bbox 545 5367 2112 5440">
    <p class='ocr_par' dir='ltr' id='par_1_89' title="bbox 545 5367 2112 5440">
     <span class='ocr_line' id='line_1_89' title="bbox 545 5367 2112 5440; baseline -0.001 -16"><span class='ocrx_word' id='word_1_641' title='bbox 545 5387 794 5440; x_wconf 82' lang='lat' dir='ltr'><strong>geremur</strong></span> <span class='ocrx_word' id='word_1_642' title='bbox 825 5384 955 5425; x_wconf 86' lang='lat' dir='ltr'><strong>voce</strong></span> <span class='ocrx_word' id='word_1_643' title='bbox 985 5378 1248 5424; x_wconf 88' lang='lat' dir='ltr'><strong>cantare:</strong></span> <span class='ocrx_word' id='word_1_644' title='bbox 1281 5383 1298 5416; x_wconf 70' lang='grc' dir='ltr'>ι</span> <span class='ocrx_word' id='word_1_645' title='bbox 1333 5367 1594 5431; x_wconf 84' lang='lat' dir='ltr'><strong>Quoniam</strong></span> <span class='ocrx_word' id='word_1_646' title='bbox 1621 5377 1840 5438; x_wconf 89' lang='lat' dir='ltr'><strong>propter</strong></span> <span class='ocrx_word' id='word_1_647' title='bbox 1867 5376 1919 5422; x_wconf 90' lang='lat' dir='ltr'><strong>te</strong></span> <span class='ocrx_word' id='word_1_648' title='bbox 1941 5377 2112 5422; x_wconf 87' lang='lat' dir='ltr'><strong>morte</strong></span> 
     </span>
    </p>
   </div>
   <div class='ocr_carea' id='block_1_90' title="bbox 546 5461 2110 5530">
    <p class='ocr_par' dir='ltr' id='par_1_90' title="bbox 546 5461 2110 5530">
     <span class='ocr_line' id='line_1_90' title="bbox 546 5461 2110 5530; baseline -0.001 -12"><span class='ocrx_word' id='word_1_649' title='bbox 546 5464 804 5519; x_wconf 79' lang='lat' dir='ltr'><strong>allicimur</strong></span> <span class='ocrx_word' id='word_1_650' title='bbox 827 5475 939 5520; x_wconf 87' lang='lat' dir='ltr'><strong>tota</strong></span> <span class='ocrx_word' id='word_1_651' title='bbox 962 5464 1070 5530; x_wconf 87' lang='lat' dir='ltr'><strong>die,</strong></span> <span class='ocrx_word' id='word_1_652' title='bbox 1100 5461 1349 5516; x_wconf 66' lang='lat' dir='ltr'><strong>mstimati</strong></span> <span class='ocrx_word' id='word_1_653' title='bbox 1376 5475 1559 5514; x_wconf 80' lang='lat' dir='ltr'><strong>sumus</strong></span> <span class='ocrx_word' id='word_1_654' title='bbox 1584 5470 1643 5514; x_wconf 90' lang='lat' dir='ltr'><strong>ut</strong></span> <span class='ocrx_word' id='word_1_655' title='bbox 1667 5475 1796 5514; x_wconf 88' lang='lat' dir='ltr'><strong>oves</strong></span> <span class='ocrx_word' id='word_1_656' title='bbox 1822 5461 2110 5516; x_wconf 88' lang='lat' dir='ltr'><strong>occisionis</strong></span> 
     </span>
    </p>
   </div>
   <div class='ocr_carea' id='block_1_91' title="bbox 546 5553 1312 5627">
    <p class='ocr_par' dir='ltr' id='par_1_91' title="bbox 546 5553 1312 5627">
     <span class='ocr_line' id='line_1_91' title="bbox 546 5553 1312 5627; baseline -0.004 -18"><span class='ocrx_word' id='word_1_657' title='bbox 546 5553 718 5627; x_wconf 81' lang='lat' dir='ltr'><strong>(Psal.</strong></span> <span class='ocrx_word' id='word_1_658' title='bbox 746 5574 908 5625; x_wconf 80' lang='lat' dir='ltr'><strong>xuii;</strong></span> <span class='ocrx_word' id='word_1_659' title='bbox 939 5556 1088 5611; x_wconf 84' lang='lat' dir='ltr'><strong>Rom.</strong></span> <span class='ocrx_word' id='word_1_660' title='bbox 1120 5556 1260 5627; x_wconf 82' lang='lat' dir='ltr'><strong>vm).</strong></span> <span class='ocrx_word' id='word_1_661' title='bbox 1293 5573 1312 5606; x_wconf 70' lang='grc' dir='ltr'><strong><em>ι</em></strong></span> 
     </span>
    </p>
   </div>
   <div class='ocr_carea' id='block_1_92' title="bbox 613 5643 2109 5716">
    <p class='ocr_par' dir='ltr' id='par_1_92' title="bbox 613 5643 2109 5716">
     <span class='ocr_line' id='line_1_92' title="bbox 613 5643 2109 5716; baseline 0.001 -17"><span class='ocrx_word' id='word_1_662' title='bbox 613 5644 776 5700; x_wconf 84' lang='lat' dir='ltr'><strong>Plane</strong></span> <span class='ocrx_word' id='word_1_663' title='bbox 819 5648 959 5702; x_wconf 92' lang='lat' dir='ltr'><strong>sicut</strong></span> <span class='ocrx_word' id='word_1_664' title='bbox 1000 5654 1123 5701; x_wconf 93' lang='lat' dir='ltr'><strong>octo</strong></span> <span class='ocrx_word' id='word_1_665' title='bbox 1171 5643 1528 5700; x_wconf 90' lang='lat' dir='ltr'><strong>beatitudines</strong></span> <span class='ocrx_word' id='word_1_666' title='bbox 1553 5652 1835 5699; x_wconf 89' lang='lat' dir='ltr'><strong>enumerat</strong></span> <span class='ocrx_word' id='word_1_667' title='bbox 1867 5645 2109 5716; x_wconf 85' lang='lat' dir='ltr'><strong>Evange-</strong></span> 
     </span>
    </p>
   </div>
   <div class='ocr_carea' id='block_1_93' title="bbox 545 5726 2109 5805">
    <p class='ocr_par' dir='ltr' id='par_1_93' title="bbox 545 5726 2109 5805">
     <span class='ocr_line' id='line_1_93' title="bbox 545 5726 2109 5805; baseline 0.001 -17"><span class='ocrx_word' id='word_1_668' title='bbox 545 5735 674 5790; x_wconf 89' lang='lat' dir='ltr'><strong>lium</strong></span> <span class='ocrx_word' id='word_1_669' title='bbox 704 5735 916 5796; x_wconf 77' lang='lat' dir='ltr'><strong>(Matth.</strong></span> <span class='ocrx_word' id='word_1_670' title='bbox 950 5736 1024 5805; x_wconf 83' lang='lat' dir='ltr'><strong>v),</strong></span> <span class='ocrx_word' id='word_1_671' title='bbox 1054 5737 1130 5792; x_wconf 90' lang='lat' dir='ltr'><strong>sic</strong></span> <span class='ocrx_word' id='word_1_672' title='bbox 1157 5736 1214 5797; x_wconf 76' lang='lat' dir='ltr'><strong>in</strong></span> <span class='ocrx_word' id='word_1_673' title='bbox 1236 5726 1442 5804; x_wconf 83' lang='lat' dir='ltr'><strong>legibus</strong></span> <span class='ocrx_word' id='word_1_674' title='bbox 1477 5736 1587 5789; x_wconf 88' lang='lat' dir='ltr'><strong>suis</strong></span> <span class='ocrx_word' id='word_1_675' title='bbox 1633 5735 1837 5791; x_wconf 85' lang='lat' dir='ltr'><strong>Tullius</strong></span> <span class='ocrx_word' id='word_1_676' title='bbox 1878 5745 2000 5793; x_wconf 79' lang='lat' dir='ltr'><strong>octo</strong></span> <span class='ocrx_word' id='word_1_677' title='bbox 2026 5737 2109 5792; x_wconf 89' lang='lat' dir='ltr'><strong>ni-</strong></span> 
     </span>
    </p>
   </div>
   <div class='ocr_carea' id='block_1_94' title="bbox 2751 3428 3233 3486">
    <p class='ocr_par' dir='ltr' id='par_1_94' title="bbox 2751 3428 3233 3486">
     <span class='ocr_line' id='line_1_94' title="bbox 2751 3428 3233 3486; baseline -0.004 0"><span class='ocrx_word' id='word_1_678' title='bbox 2751 3428 3082 3486; x_wconf 77' lang='lat' dir='ltr'><strong>EPISTOLA</strong></span> <span class='ocrx_word' id='word_1_679' title='bbox 3122 3428 3233 3484; x_wconf 77' lang='lat' dir='ltr'><strong>V11.</strong></span> 
     </span>
    </p>
   </div>
   <div class='ocr_carea' id='block_1_95' title="bbox 2282 3571 3707 3622">
    <p class='ocr_par' dir='ltr' id='par_1_95' title="bbox 2282 3571 3707 3622">
     <span class='ocr_line' id='line_1_95' title="bbox 2282 3571 3707 3622; baseline 0 -2"><span class='ocrx_word' id='word_1_680' title='bbox 2282 3578 2349 3620; x_wconf 76' lang='grc' dir='ltr'><strong>Αι)</strong></span> <span class='ocrx_word' id='word_1_681' title='bbox 2385 3577 2794 3622; x_wconf 68' lang='grc' dir='ltr'><strong>πιιυειίῐιικυωι</strong></span> <span class='ocrx_word' id='word_1_682' title='bbox 2831 3579 2876 3620; x_wconf 91' lang='lat' dir='ltr'><strong>s.</strong></span> <span class='ocrx_word' id='word_1_683' title='bbox 2917 3571 2972 3619; x_wconf 75' lang='lat' dir='ltr'><strong>it.</strong></span> <span class='ocrx_word' id='word_1_684' title='bbox 3012 3579 3064 3618; x_wconf 70' lang='grc' dir='ltr'><strong>Β.</strong></span> <span class='ocrx_word' id='word_1_685' title='bbox 3105 3579 3534 3621; x_wconf 68' lang='grc' dir='ltr'><strong>Αιιρωωλοοηωι</strong></span> <span class='ocrx_word' id='word_1_686' title='bbox 3575 3579 3707 3622; x_wconf 69' lang='lat' dir='ltr'><strong>catt-</strong></span> 
     </span>
    </p>
   </div>
   <div class='ocr_carea' id='block_1_96' title="bbox 2868 3649 3121 3690">
    <p class='ocr_par' dir='ltr' id='par_1_96' title="bbox 2868 3649 3121 3690">
     <span class='ocr_line' id='line_1_96' title="bbox 2868 3649 3121 3690; baseline 0 -2"><span class='ocrx_word' id='word_1_687' title='bbox 2868 3649 3121 3690; x_wconf 69' lang='lat' dir='ltr'><strong>DINALBI.</strong></span> 
     </span>
    </p>
   </div>
   <div class='ocr_carea' id='block_1_97' title="bbox 2439 3744 3556 3835">
    <p class='ocr_par' dir='ltr' id='par_1_97' title="bbox 2439 3744 3556 3835">
     <span class='ocr_line' id='line_1_97' title="bbox 2439 3744 3556 3835; baseline 0 -35"><span class='ocrx_word' id='word_1_688' title='bbox 2439 3744 2702 3817; x_wconf 79' lang='lat' dir='ltr'><strong>(Habetur</strong></span> <span class='ocrx_word' id='word_1_689' title='bbox 2727 3755 2854 3835; x_wconf 79' lang='lat' dir='ltr'><strong>tom.</strong></span> <span class='ocrx_word' id='word_1_690' title='bbox 2885 3745 3005 3813; x_wconf 84' lang='lat' dir='ltr'><strong>III,</strong></span> <span class='ocrx_word' id='word_1_691' title='bbox 3033 3755 3210 3816; x_wconf 79' lang='lat' dir='ltr'><strong>estque</strong></span> <span class='ocrx_word' id='word_1_692' title='bbox 3231 3763 3410 3816; x_wconf 80' lang='lat' dir='ltr'><strong>opusc.</strong></span> <span class='ocrx_word' id='word_1_693' title='bbox 3441 3745 3556 3817; x_wconf 74' lang='lat'><strong>&#39;52.)</strong></span> 
     </span>
    </p>
   </div>
   <div class='ocr_carea' id='block_1_98' title="bbox 2749 3875 3249 3932">
    <p class='ocr_par' dir='ltr' id='par_1_98' title="bbox 2749 3875 3249 3932">
     <span class='ocr_line' id='line_1_98' title="bbox 2749 3875 3249 3932; baseline -0.004 0"><span class='ocrx_word' id='word_1_694' title='bbox 2749 3876 3081 3932; x_wconf 80' lang='lat' dir='ltr'><strong>EPISTOLA</strong></span> <span class='ocrx_word' id='word_1_695' title='bbox 3124 3875 3249 3930; x_wconf 82' lang='lat' dir='ltr'><strong>VIII.</strong></span> 
     </span>
    </p>
   </div>
   <div class='ocr_carea' id='block_1_99' title="bbox 2283 3991 3705 4036">
    <p class='ocr_par' dir='ltr' id='par_1_99' title="bbox 2283 3991 3705 4036">
     <span class='ocr_line' id='line_1_99' title="bbox 2283 3991 3705 4036; baseline -0.002 -1"><span class='ocrx_word' id='word_1_696' title='bbox 2283 3994 2351 4036; x_wconf 66' lang='lat' dir='ltr'><strong>AD</strong></span> <span class='ocrx_word' id='word_1_697' title='bbox 2388 3995 2604 4036; x_wconf 71' lang='grc' dir='ltr'>ιιωωιι</span> <span class='ocrx_word' id='word_1_698' title='bbox 2640 3991 3046 4036; x_wconf 70' lang='grc' dir='ltr'><strong>ιιιιιυειιιιιιωυιι</strong></span> <span class='ocrx_word' id='word_1_699' title='bbox 3081 3993 3129 4031; x_wconf 80' lang='grc'><strong>8.</strong></span> <span class='ocrx_word' id='word_1_700' title='bbox 3169 3992 3222 4031; x_wconf 69' lang='grc' dir='ltr'><strong>Β.</strong></span> <span class='ocrx_word' id='word_1_701' title='bbox 3263 3992 3317 4031; x_wconf 77' lang='grc' dir='ltr'><strong>Β.</strong></span> <span class='ocrx_word' id='word_1_702' title='bbox 3355 3992 3705 4033; x_wconf 70' lang='lat' dir='ltr'><strong>ARCHIDIACO-</strong></span> 
     </span>
    </p>
   </div>
   <div class='ocr_carea' id='block_1_100' title="bbox 2848 4063 3152 4104">
    <p class='ocr_par' dir='ltr' id='par_1_100' title="bbox 2848 4063 3152 4104">
     <span class='ocr_line' id='line_1_100' title="bbox 2848 4063 3152 4104; baseline 0.007 -2"><span class='ocrx_word' id='word_1_703' title='bbox 2848 4063 2955 4103; x_wconf 73' lang='lat' dir='ltr'><strong>NUI</strong></span> <span class='ocrx_word' id='word_1_704' title='bbox 2991 4063 3152 4104; x_wconf 71' lang='lat' dir='ltr'><strong>CABD.</strong></span> 
     </span>
    </p>
   </div>
   <div class='ocr_carea' id='block_1_101' title="bbox 2214 4158 3785 4230">
    <p class='ocr_par' dir='ltr' id='par_1_101' title="bbox 2214 4158 3785 4230">
     <span class='ocr_line' id='line_1_101' title="bbox 2214 4158 3785 4230; baseline 0.001 -17"><span class='ocrx_word' id='word_1_705' title='bbox 2214 4159 2323 4230; x_wconf 77' lang='lat' dir='ltr'><strong>7o</strong></span> <span class='ocrx_word' id='word_1_706' title='bbox 2349 4161 2743 4214; x_wconf 71' lang='lat' dir='ltr'><strong>ARGUIIN‘I&#39;UI.</strong></span> <span class='ocrx_word' id='word_1_707' title='bbox 2769 4187 2842 4198; x_wconf 91' lang='lat'><strong>—</strong></span> <span class='ocrx_word' id='word_1_708' title='bbox 2872 4158 3233 4230; x_wconf 81' lang='lat' dir='ltr'><strong>Conqueritur</strong></span> <span class='ocrx_word' id='word_1_709' title='bbox 3268 4175 3390 4230; x_wconf 89' lang='lat' dir='ltr'><strong>eum</strong></span> <span class='ocrx_word' id='word_1_710' title='bbox 3417 4158 3785 4230; x_wconf 77' lang='lat' dir='ltr'><strong>Hildebrando</strong></span> 
     </span>
    </p>
   </div>
   <div class='ocr_carea' id='block_1_102' title="bbox 2283 4228 3785 4300">
    <p class='ocr_par' dir='ltr' id='par_1_102' title="bbox 2283 4228 3785 4300">
     <span class='ocr_line' id='line_1_102' title="bbox 2283 4228 3785 4300; baseline -0.001 -17"><span class='ocrx_word' id='word_1_711' title='bbox 2283 4228 2425 4300; x_wconf 83' lang='lat' dir='ltr'><strong>quod</strong></span> <span class='ocrx_word' id='word_1_712' title='bbox 2448 4245 2637 4299; x_wconf 86' lang='lat' dir='ltr'><strong>parum</strong></span> <span class='ocrx_word' id='word_1_713' title='bbox 2670 4243 2729 4284; x_wconf 89' lang='lat' dir='ltr'><strong>se</strong></span> <span class='ocrx_word' id='word_1_714' title='bbox 2762 4231 2829 4300; x_wconf 86' lang='lat' dir='ltr'><strong>ab</strong></span> <span class='ocrx_word' id='word_1_715' title='bbox 2853 4243 2919 4283; x_wconf 88' lang='lat' dir='ltr'><strong>eo</strong></span> <span class='ocrx_word' id='word_1_716' title='bbox 2946 4228 3094 4300; x_wconf 84' lang='lat' dir='ltr'><strong>diligi</strong></span> <span class='ocrx_word' id='word_1_717' title='bbox 3115 4229 3488 4300; x_wconf 85' lang='lat' dir='ltr'><strong>comperisset.</strong></span> <span class='ocrx_word' id='word_1_718' title='bbox 3513 4228 3785 4300; x_wconf 82' lang='lat' dir='ltr'><strong>Primum,</strong></span> 
     </span>
    </p>
   </div>
   <div class='ocr_carea' id='block_1_103' title="bbox 2283 4297 3784 4368">
    <p class='ocr_par' dir='ltr' id='par_1_103' title="bbox 2283 4297 3784 4368">
     <span class='ocr_line' id='line_1_103' title="bbox 2283 4297 3784 4368; baseline 0.001 -18"><span class='ocrx_word' id='word_1_719' title='bbox 2283 4297 2424 4367; x_wconf 84' lang='lat' dir='ltr'><strong>quod</strong></span> <span class='ocrx_word' id='word_1_720' title='bbox 2448 4297 2724 4368; x_wconf 77' lang='lat' dir='ltr'><strong>nunquam</strong></span> <span class='ocrx_word' id='word_1_721' title='bbox 2755 4298 2822 4351; x_wconf 90' lang='lat' dir='ltr'><strong>ad</strong></span> <span class='ocrx_word' id='word_1_722' title='bbox 2854 4314 2911 4352; x_wconf 89' lang='lat' dir='ltr'><strong>se</strong></span> <span class='ocrx_word' id='word_1_723' title='bbox 2939 4297 3252 4362; x_wconf 50' lang='lat' dir='ltr'><strong>scriberet;’</strong></span> <span class='ocrx_word' id='word_1_724' title='bbox 3288 4299 3498 4362; x_wconf 88' lang='lat' dir='ltr'><strong>deinde,</strong></span> <span class='ocrx_word' id='word_1_725' title='bbox 3547 4297 3687 4368; x_wconf 89' lang='lat' dir='ltr'><strong>quod</strong></span> <span class='ocrx_word' id='word_1_726' title='bbox 3728 4299 3784 4352; x_wconf 91' lang='lat' dir='ltr'><strong>iu</strong></span> 
     </span>
    </p>
   </div>
   <div class='ocr_carea' id='block_1_104' title="bbox 2286 4367 3782 4422">
    <p class='ocr_par' dir='ltr' id='par_1_104' title="bbox 2286 4367 3782 4422">
     <span class='ocr_line' id='line_1_104' title="bbox 2286 4367 3782 4422; baseline 0 -1"><span class='ocrx_word' id='word_1_727' title='bbox 2286 4367 2625 4422; x_wconf 84' lang='lat' dir='ltr'><strong>sermonibus</strong></span> <span class='ocrx_word' id='word_1_728' title='bbox 2668 4367 2943 4421; x_wconf 88' lang='lat' dir='ltr'><strong>sinistram</strong></span> <span class='ocrx_word' id='word_1_729' title='bbox 2978 4368 3042 4421; x_wconf 90' lang='lat' dir='ltr'><strong>de</strong></span> <span class='ocrx_word' id='word_1_730' title='bbox 3086 4382 3146 4422; x_wconf 82' lang='lat' dir='ltr'><strong>se</strong></span> <span class='ocrx_word' id='word_1_731' title='bbox 3185 4367 3508 4421; x_wconf 90' lang='lat' dir='ltr'><strong>mentionem</strong></span> <span class='ocrx_word' id='word_1_732' title='bbox 3554 4367 3782 4421; x_wconf 88' lang='lat' dir='ltr'><strong>faceret.</strong></span> 
     </span>
    </p>
   </div>
   <div class='ocr_carea' id='block_1_105' title="bbox 2285 4436 3785 4504">
    <p class='ocr_par' dir='ltr' id='par_1_105' title="bbox 2285 4436 3785 4504">
     <span class='ocr_line' id='line_1_105' title="bbox 2285 4436 3785 4504; baseline 0.001 -15"><span class='ocrx_word' id='word_1_733' title='bbox 2285 4436 2456 4504; x_wconf 82' lang='lat' dir='ltr'><strong>Quam</strong></span> <span class='ocrx_word' id='word_1_734' title='bbox 2480 4437 2751 4492; x_wconf 90' lang='lat' dir='ltr'><strong>immerito</strong></span> <span class='ocrx_word' id='word_1_735' title='bbox 2794 4438 2847 4491; x_wconf 89' lang='lat' dir='ltr'><strong>id</strong></span> <span class='ocrx_word' id='word_1_736' title='bbox 2891 4437 2992 4490; x_wconf 90' lang='lat' dir='ltr'><strong>sibi</strong></span> <span class='ocrx_word' id='word_1_737' title='bbox 3029 4437 3237 4492; x_wconf 84' lang='lat' dir='ltr'><strong>accidat</strong></span> <span class='ocrx_word' id='word_1_738' title='bbox 3261 4438 3516 4499; x_wconf 88' lang='lat' dir='ltr'><strong>ostendit,</strong></span> <span class='ocrx_word' id='word_1_739' title='bbox 3569 4437 3659 4504; x_wconf 91' lang='lat' dir='ltr'><strong>qui</strong></span> <span class='ocrx_word' id='word_1_740' title='bbox 3707 4437 3785 4491; x_wconf 88' lang='lat' dir='ltr'><strong>illi</strong></span> 
     </span>
    </p>
   </div>
   <div class='ocr_carea' id='block_1_106' title="bbox 2285 4505 3789 4576">
    <p class='ocr_par' dir='ltr' id='par_1_106' title="bbox 2285 4505 3789 4576">
     <span class='ocr_line' id='line_1_106' title="bbox 2285 4505 3789 4576; baseline 0.001 -16"><span class='ocrx_word' id='word_1_741' title='bbox 2285 4520 2384 4576; x_wconf 92' lang='lat' dir='ltr'><strong>pro</strong></span> <span class='ocrx_word' id='word_1_742' title='bbox 2434 4507 2640 4561; x_wconf 89' lang='lat' dir='ltr'><strong>viribus</strong></span> <span class='ocrx_word' id='word_1_743' title='bbox 2686 4509 3063 4574; x_wconf 89' lang='lat' dir='ltr'><strong>obtemperare</strong></span> <span class='ocrx_word' id='word_1_744' title='bbox 3122 4521 3335 4576; x_wconf 88' lang='lat' dir='ltr'><strong>semper</strong></span> <span class='ocrx_word' id='word_1_745' title='bbox 3389 4505 3676 4572; x_wconf 88' lang='lat' dir='ltr'><strong>studuerit,</strong></span> <span class='ocrx_word' id='word_1_746' title='bbox 3731 4516 3789 4561; x_wconf 91' lang='lat' dir='ltr'><strong>et</strong></span> 
     </span>
    </p>
   </div>
   <div class='ocr_carea' id='block_1_107' title="bbox 2289 4575 3788 4645">
    <p class='ocr_par' dir='ltr' id='par_1_107' title="bbox 2289 4575 3788 4645">
     <span class='ocr_line' id='line_1_107' title="bbox 2289 4575 3788 4645; baseline -0.002 -14"><span class='ocrx_word' id='word_1_747' title='bbox 2289 4575 2524 4631; x_wconf 81' lang='lat' dir='ltr'><strong>maxime</strong></span> <span class='ocrx_word' id='word_1_748' title='bbox 2571 4591 2755 4630; x_wconf 87' lang='lat' dir='ltr'><strong>amore</strong></span> <span class='ocrx_word' id='word_1_749' title='bbox 2805 4585 3182 4645; x_wconf 90' lang='lat' dir='ltr'><strong>prosequatur.</strong></span> <span class='ocrx_word' id='word_1_750' title='bbox 3213 4576 3292 4629; x_wconf 86' lang='lat' dir='ltr'><strong>Ad</strong></span> <span class='ocrx_word' id='word_1_751' title='bbox 3322 4585 3646 4640; x_wconf 81' lang='lat' dir='ltr'><strong>extremum,</strong></span> <span class='ocrx_word' id='word_1_752' title='bbox 3671 4577 3788 4645; x_wconf 90' lang='lat' dir='ltr'><strong>epi-</strong></span> 
     </span>
    </p>
   </div>
   <div class='ocr_carea' id='block_1_108' title="bbox 2289 4645 3785 4715">
    <p class='ocr_par' dir='ltr' id='par_1_108' title="bbox 2289 4645 3785 4715">
     <span class='ocr_line' id='line_1_108' title="bbox 2289 4645 3785 4715; baseline -0.002 -14"><span class='ocrx_word' id='word_1_753' title='bbox 2289 4653 2511 4715; x_wconf 88' lang='lat' dir='ltr'><strong>scopatu</strong></span> <span class='ocrx_word' id='word_1_754' title='bbox 2550 4660 2624 4715; x_wconf 85' lang='lat' dir='ltr'><strong>se</strong></span> <span class='ocrx_word' id='word_1_755' title='bbox 2649 4645 2883 4699; x_wconf 89' lang='lat' dir='ltr'><strong>abdicat.</strong></span> <span class='ocrx_word' id='word_1_756' title='bbox 2913 4645 3080 4712; x_wconf 84' lang='lat' dir='ltr'><strong>Quam</strong></span> <span class='ocrx_word' id='word_1_757' title='bbox 3145 4660 3257 4700; x_wconf 90' lang='lat' dir='ltr'><strong>rem</strong></span> <span class='ocrx_word' id='word_1_758' title='bbox 3310 4645 3518 4700; x_wconf 90' lang='lat' dir='ltr'><strong>scilicet</strong></span> <span class='ocrx_word' id='word_1_759' title='bbox 3563 4661 3785 4700; x_wconf 82' lang='lat' dir='ltr'><strong>causam</strong></span> 
     </span>
    </p>
   </div>
   <div class='ocr_carea' id='block_1_109' title="bbox 2289 4714 3788 4783">
    <p class='ocr_par' dir='ltr' id='par_1_109' title="bbox 2289 4714 3788 4783">
     <span class='ocr_line' id='line_1_109' title="bbox 2289 4714 3788 4783; baseline 0 -13"><span class='ocrx_word' id='word_1_760' title='bbox 2289 4714 2474 4770; x_wconf 87' lang='lat' dir='ltr'><strong>curse</strong></span> <span class='ocrx_word' id='word_1_761' title='bbox 2503 4715 2550 4768; x_wconf 93' lang='lat' dir='ltr'><strong>ei</strong></span> <span class='ocrx_word' id='word_1_762' title='bbox 2583 4714 2978 4769; x_wconf 84' lang='lat' dir='ltr'><strong>Hildebrandus</strong></span> <span class='ocrx_word' id='word_1_763' title='bbox 3001 4716 3297 4770; x_wconf 88' lang='lat' dir='ltr'><strong>subiratum</strong></span> <span class='ocrx_word' id='word_1_764' title='bbox 3327 4715 3588 4783; x_wconf 84' lang='lat' dir='ltr'><strong>praeberet</strong></span> <span class='ocrx_word' id='word_1_765' title='bbox 3617 4715 3788 4770; x_wconf 85' lang='lat' dir='ltr'><strong>fuisse</strong></span> 
     </span>
    </p>
   </div>
   <div class='ocr_carea' id='block_1_110' title="bbox 2289 4783 3790 4853">
    <p class='ocr_par' dir='ltr' id='par_1_110' title="bbox 2289 4783 3790 4853">
     <span class='ocr_line' id='line_1_110' title="bbox 2289 4783 3790 4853; baseline 0 -14"><span class='ocrx_word' id='word_1_766' title='bbox 2289 4783 2545 4839; x_wconf 89' lang='lat' dir='ltr'><strong>credibile</strong></span> <span class='ocrx_word' id='word_1_767' title='bbox 2571 4792 2686 4849; x_wconf 87' lang='lat' dir='ltr'><strong>est;</strong></span> <span class='ocrx_word' id='word_1_768' title='bbox 2719 4784 2936 4838; x_wconf 90' lang='lat' dir='ltr'><strong>uolebat</strong></span> <span class='ocrx_word' id='word_1_769' title='bbox 2958 4786 3102 4839; x_wconf 89' lang='lat' dir='ltr'><strong>enim</strong></span> <span class='ocrx_word' id='word_1_770' title='bbox 3139 4789 3192 4839; x_wconf 93' lang='lat' dir='ltr'><strong>in</strong></span> <span class='ocrx_word' id='word_1_771' title='bbox 3235 4785 3325 4839; x_wconf 91' lang='lat' dir='ltr'><strong>illa</strong></span> <span class='ocrx_word' id='word_1_772' title='bbox 3370 4795 3668 4853; x_wconf 90' lang='lat' dir='ltr'><strong>temporum</strong></span> <span class='ocrx_word' id='word_1_773' title='bbox 3697 4799 3790 4839; x_wconf 86' lang='lat' dir='ltr'><strong>ne-</strong></span> 
     </span>
    </p>
   </div>
   <div class='ocr_carea' id='block_1_111' title="bbox 2286 4855 3786 4924">
    <p class='ocr_par' dir='ltr' id='par_1_111' title="bbox 2286 4855 3786 4924">
     <span class='ocr_line' id='line_1_111' title="bbox 2286 4855 3786 4924; baseline -0.001 -15"><span class='ocrx_word' id='word_1_774' title='bbox 2286 4855 2540 4910; x_wconf 82' lang='lat' dir='ltr'><strong>cessitate</strong></span> <span class='ocrx_word' id='word_1_775' title='bbox 2586 4863 2642 4908; x_wconf 91' lang='lat' dir='ltr'><strong>et</strong></span> <span class='ocrx_word' id='word_1_776' title='bbox 2691 4855 2952 4908; x_wconf 89' lang='lat' dir='ltr'><strong>bonorum</strong></span> <span class='ocrx_word' id='word_1_777' title='bbox 2997 4855 3338 4910; x_wconf 88' lang='lat' dir='ltr'><strong>sacerdotum</strong></span> <span class='ocrx_word' id='word_1_778' title='bbox 3392 4857 3617 4924; x_wconf 88' lang='lat' dir='ltr'><strong>penuria</strong></span> <span class='ocrx_word' id='word_1_779' title='bbox 3674 4866 3786 4908; x_wconf 89' lang='lat' dir='ltr'><strong>tam</strong></span> 
     </span>
    </p>
   </div>
   <div class='ocr_carea' id='block_1_112' title="bbox 2289 4924 3286 4980">
    <p class='ocr_par' dir='ltr' id='par_1_112' title="bbox 2289 4924 3286 4980">
     <span class='ocr_line' id='line_1_112' title="bbox 2289 4924 3286 4980; baseline -0.002 -1"><span class='ocrx_word' id='word_1_780' title='bbox 2289 4933 2478 4979; x_wconf 87' lang='lat' dir='ltr'><strong>sancto</strong></span> <span class='ocrx_word' id='word_1_781' title='bbox 2503 4924 2742 4978; x_wconf 88' lang='lat' dir='ltr'><strong>antistite</strong></span> <span class='ocrx_word' id='word_1_782' title='bbox 2770 4924 3060 4978; x_wconf 87' lang='lat' dir='ltr'><strong>Ecclesiam</strong></span> <span class='ocrx_word' id='word_1_783' title='bbox 3085 4925 3286 4980; x_wconf 90' lang='lat' dir='ltr'><strong>orbari.</strong></span> 
     </span>
    </p>
   </div>
   <div class='ocr_carea' id='block_1_113' title="bbox 2288 5011 3786 5078">
    <p class='ocr_par' dir='ltr' id='par_1_113' title="bbox 2288 5011 3786 5078">
     <span class='ocr_line' id='line_1_113' title="bbox 2288 5011 3786 5078; baseline -0.001 -9"><span class='ocrx_word' id='word_1_784' title='bbox 2288 5014 2494 5070; x_wconf 87' lang='lat' dir='ltr'><strong>Domno</strong></span> <span class='ocrx_word' id='word_1_785' title='bbox 2523 5011 2904 5066; x_wconf 71' lang='lat' dir='ltr'><strong>Htmnemnoo</strong></span> <span class='ocrx_word' id='word_1_786' title='bbox 2926 5012 3330 5078; x_wconf 88' lang='lat' dir='ltr'><strong>archidiacono,</strong></span> <span class='ocrx_word' id='word_1_787' title='bbox 3349 5011 3569 5069; x_wconf 75' lang='lat' dir='ltr'><strong>Primus</strong></span> <span class='ocrx_word' id='word_1_788' title='bbox 3597 5029 3786 5077; x_wconf 85' lang='lat' dir='ltr'><strong>pecca-</strong></span> 
     </span>
    </p>
   </div>
   <div class='ocr_carea' id='block_1_114' title="bbox 2221 5102 3025 5168">
    <p class='ocr_par' dir='ltr' id='par_1_114' title="bbox 2221 5102 3025 5168">
     <span class='ocr_line' id='line_1_114' title="bbox 2221 5102 3025 5168; baseline -0.006 -8"><span class='ocrx_word' id='word_1_789' title='bbox 2221 5114 2307 5160; x_wconf 91' lang='lat' dir='ltr'><strong>tor</strong></span> <span class='ocrx_word' id='word_1_790' title='bbox 2340 5102 2664 5168; x_wconf 90' lang='lat' dir='ltr'><strong>monachus,</strong></span> <span class='ocrx_word' id='word_1_791' title='bbox 2686 5103 3025 5157; x_wconf 89' lang='lat' dir='ltr'><strong>servitutem.</strong></span> 
     </span>
    </p>
   </div>
   <div class='ocr_carea' id='block_1_115' title="bbox 2289 5190 3784 5257">
    <p class='ocr_par' dir='ltr' id='par_1_115' title="bbox 2289 5190 3784 5257">
     <span class='ocr_line' id='line_1_115' title="bbox 2289 5190 3784 5257; baseline -0.003 -9"><span class='ocrx_word' id='word_1_792' title='bbox 2289 5191 2475 5257; x_wconf 81' lang='lat' dir='ltr'><strong>Miror,</strong></span> <span class='ocrx_word' id='word_1_793' title='bbox 2505 5190 2829 5246; x_wconf 89' lang='lat' dir='ltr'><strong>venerabilis</strong></span> <span class='ocrx_word' id='word_1_794' title='bbox 2880 5190 3071 5254; x_wconf 80' lang='lat' dir='ltr'><strong>fiater,</strong></span> <span class='ocrx_word' id='word_1_795' title='bbox 3120 5205 3219 5244; x_wconf 90' lang='lat' dir='ltr'><strong>cur</strong></span> <span class='ocrx_word' id='word_1_796' title='bbox 3264 5199 3448 5246; x_wconf 79' lang='lat' dir='ltr'><strong>‘sancta</strong></span> <span class='ocrx_word' id='word_1_797' title='bbox 3493 5205 3644 5246; x_wconf 92' lang='lat' dir='ltr'><strong>mens</strong></span> <span class='ocrx_word' id='word_1_798' title='bbox 3695 5199 3784 5245; x_wconf 82' lang='lat' dir='ltr'><strong>tua</strong></span> 
     </span>
    </p>
   </div>
   <div class='ocr_carea' id='block_1_116' title="bbox 2219 5283 3788 5348">
    <p class='ocr_par' dir='ltr' id='par_1_116' title="bbox 2219 5283 3788 5348">
     <span class='ocr_line' id='line_1_116' title="bbox 2219 5283 3788 5348; baseline -0.001 -8"><span class='ocrx_word' id='word_1_799' title='bbox 2219 5284 2365 5340; x_wconf 88' lang='lat' dir='ltr'><strong>nulla</strong></span> <span class='ocrx_word' id='word_1_800' title='bbox 2391 5285 2535 5339; x_wconf 89' lang='lat' dir='ltr'><strong>circa</strong></span> <span class='ocrx_word' id='word_1_801' title='bbox 2586 5297 2673 5338; x_wconf 91' lang='lat' dir='ltr'><strong>me</strong></span> <span class='ocrx_word' id='word_1_802' title='bbox 2721 5283 2896 5338; x_wconf 81' lang='lat' dir='ltr'><strong>valeat</strong></span> <span class='ocrx_word' id='word_1_803' title='bbox 2949 5283 3232 5340; x_wconf 87' lang='lat' dir='ltr'><strong>occasione</strong></span> <span class='ocrx_word' id='word_1_804' title='bbox 3276 5284 3576 5348; x_wconf 85' lang='lat' dir='ltr'><strong>mitescere,</strong></span> <span class='ocrx_word' id='word_1_805' title='bbox 3625 5293 3684 5338; x_wconf 92' lang='lat' dir='ltr'><strong>ut</strong></span> <span class='ocrx_word' id='word_1_806' title='bbox 3717 5299 3788 5338; x_wconf 91' lang='lat' dir='ltr'><strong>ne</strong></span> 
     </span>
    </p>
   </div>
   <div class='ocr_carea' id='block_1_117' title="bbox 2219 5373 3787 5444">
    <p class='ocr_par' dir='ltr' id='par_1_117' title="bbox 2219 5373 3787 5444">
     <span class='ocr_line' id='line_1_117' title="bbox 2219 5373 3787 5444; baseline 0 -16"><span class='ocrx_word' id='word_1_807' title='bbox 2219 5390 2384 5430; x_wconf 87' lang='lat' dir='ltr'><strong>unum</strong></span> <span class='ocrx_word' id='word_1_808' title='bbox 2425 5374 2641 5444; x_wconf 88' lang='lat' dir='ltr'><strong>quidem</strong></span> <span class='ocrx_word' id='word_1_809' title='bbox 2688 5373 2932 5439; x_wconf 89' lang='lat' dir='ltr'><strong>verbum,</strong></span> <span class='ocrx_word' id='word_1_810' title='bbox 2978 5374 3279 5444; x_wconf 66' lang='lat' dir='ltr'><strong>praesertim</strong></span> <span class='ocrx_word' id='word_1_811' title='bbox 3327 5374 3546 5443; x_wconf 91' lang='lat' dir='ltr'><strong>quando</strong></span> <span class='ocrx_word' id='word_1_812' title='bbox 3590 5373 3787 5428; x_wconf 88' lang='lat' dir='ltr'><strong>absens</strong></span> 
     </span>
    </p>
   </div>
   <div class='ocr_carea' id='block_1_118' title="bbox 2221 5463 3785 5531">
    <p class='ocr_par' dir='ltr' id='par_1_118' title="bbox 2221 5463 3785 5531">
     <span class='ocr_line' id='line_1_118' title="bbox 2221 5463 3785 5531; baseline -0.004 -11"><span class='ocrx_word' id='word_1_813' title='bbox 2221 5481 2362 5530; x_wconf 88' lang='lat' dir='ltr'><strong>sum,</strong></span> <span class='ocrx_word' id='word_1_814' title='bbox 2401 5463 2484 5518; x_wconf 90' lang='lat' dir='ltr'><strong>vel</strong></span> <span class='ocrx_word' id='word_1_815' title='bbox 2509 5464 2575 5517; x_wconf 89' lang='lat' dir='ltr'><strong>ad</strong></span> <span class='ocrx_word' id='word_1_816' title='bbox 2608 5478 2714 5528; x_wconf 89' lang='lat' dir='ltr'><strong>me,</strong></span> <span class='ocrx_word' id='word_1_817' title='bbox 2745 5463 2827 5518; x_wconf 80' lang='lat' dir='ltr'><strong>vel</strong></span> <span class='ocrx_word' id='word_1_818' title='bbox 2865 5464 2929 5517; x_wconf 92' lang='lat' dir='ltr'><strong>de</strong></span> <span class='ocrx_word' id='word_1_819' title='bbox 2961 5479 3045 5517; x_wconf 90' lang='lat' dir='ltr'><strong>me</strong></span> <span class='ocrx_word' id='word_1_820' title='bbox 3088 5463 3348 5530; x_wconf 83' lang='lat' dir='ltr'><strong>proferas,</strong></span> <span class='ocrx_word' id='word_1_821' title='bbox 3377 5463 3517 5531; x_wconf 88' lang='lat' dir='ltr'><strong>quod</strong></span> <span class='ocrx_word' id='word_1_822' title='bbox 3562 5463 3627 5516; x_wconf 91' lang='lat' dir='ltr'><strong>ad</strong></span> <span class='ocrx_word' id='word_1_823' title='bbox 3657 5463 3785 5516; x_wconf 88' lang='lat' dir='ltr'><strong>cha-</strong></span> 
     </span>
    </p>
   </div>
   <div class='ocr_carea' id='block_1_119' title="bbox 2217 5555 3786 5625">
    <p class='ocr_par' dir='ltr' id='par_1_119' title="bbox 2217 5555 3786 5625">
     <span class='ocr_line' id='line_1_119' title="bbox 2217 5555 3786 5625; baseline -0.004 -14"><span class='ocrx_word' id='word_1_824' title='bbox 2217 5557 2393 5612; x_wconf 85' lang='lat' dir='ltr'><strong>ritatis</strong></span> <span class='ocrx_word' id='word_1_825' title='bbox 2414 5557 2659 5611; x_wconf 89' lang='lat' dir='ltr'><strong>videatur</strong></span> <span class='ocrx_word' id='word_1_826' title='bbox 2679 5556 2909 5610; x_wconf 82' lang='lat' dir='ltr'><strong>oliicium</strong></span> <span class='ocrx_word' id='word_1_827' title='bbox 2944 5557 3246 5625; x_wconf 86' lang='lat' dir='ltr'><strong>pertinere;</strong></span> <span class='ocrx_word' id='word_1_828' title='bbox 3298 5557 3390 5610; x_wconf 88' lang='lat' dir='ltr'><strong>sed</strong></span> <span class='ocrx_word' id='word_1_829' title='bbox 3436 5555 3786 5624; x_wconf 64' lang='lat' dir='ltr'><strong>quaudocuu»</strong></span> 
     </span>
    </p>
   </div>
   <div class='ocr_carea' id='block_1_120' title="bbox 2216 5644 3782 5717">
    <p class='ocr_par' dir='ltr' id='par_1_120' title="bbox 2216 5644 3782 5717">
     <span class='ocr_line' id='line_1_120' title="bbox 2216 5644 3782 5717; baseline -0.004 -16"><span class='ocrx_word' id='word_1_830' title='bbox 2216 5663 2321 5717; x_wconf 91' lang='lat' dir='ltr'><strong>que</strong></span> <span class='ocrx_word' id='word_1_831' title='bbox 2351 5646 2432 5701; x_wconf 91' lang='lat' dir='ltr'><strong>vel</strong></span> <span class='ocrx_word' id='word_1_832' title='bbox 2461 5647 2526 5701; x_wconf 87' lang='lat' dir='ltr'><strong>ad</strong></span> <span class='ocrx_word' id='word_1_833' title='bbox 2558 5662 2644 5700; x_wconf 89' lang='lat' dir='ltr'><strong>me</strong></span> <span class='ocrx_word' id='word_1_834' title='bbox 2676 5645 2869 5715; x_wconf 84' lang='lat' dir='ltr'><strong>legatio</strong></span> <span class='ocrx_word' id='word_1_835' title='bbox 2899 5644 3218 5710; x_wconf 89' lang='lat' dir='ltr'><strong>destinatur,</strong></span> <span class='ocrx_word' id='word_1_836' title='bbox 3264 5647 3346 5699; x_wconf 87' lang='lat' dir='ltr'><strong>vel</strong></span> <span class='ocrx_word' id='word_1_837' title='bbox 3389 5654 3440 5698; x_wconf 89' lang='lat' dir='ltr'><strong>te</strong></span> <span class='ocrx_word' id='word_1_838' title='bbox 3492 5651 3782 5713; x_wconf 71' lang='lat' dir='ltr'><strong>praesente,</strong></span> 
     </span>
    </p>
   </div>
   <div class='ocr_carea' id='block_1_121' title="bbox 2218 5736 3784 5806">
    <p class='ocr_par' dir='ltr' id='par_1_121' title="bbox 2218 5736 3784 5806">
     <span class='ocr_line' id='line_1_121' title="bbox 2218 5736 3784 5806; baseline -0.004 -12"><span class='ocrx_word' id='word_1_839' title='bbox 2218 5754 2396 5794; x_wconf 89' lang='lat' dir='ltr'><strong>sermo</strong></span> <span class='ocrx_word' id='word_1_840' title='bbox 2425 5739 2649 5806; x_wconf 90' lang='lat' dir='ltr'><strong>quilibet</strong></span> <span class='ocrx_word' id='word_1_841' title='bbox 2673 5754 2735 5790; x_wconf 81' lang='lat' dir='ltr'><strong>ex</strong></span> <span class='ocrx_word' id='word_1_842' title='bbox 2769 5753 2856 5791; x_wconf 91' lang='lat' dir='ltr'><strong>me</strong></span> <span class='ocrx_word' id='word_1_843' title='bbox 2879 5737 3127 5794; x_wconf 86' lang='lat' dir='ltr'><strong>fortassis</strong></span> <span class='ocrx_word' id='word_1_844' title='bbox 3158 5739 3425 5800; x_wconf 90' lang='lat' dir='ltr'><strong>oboritur,</strong></span> <span class='ocrx_word' id='word_1_845' title='bbox 3459 5753 3576 5791; x_wconf 81' lang='lat' dir='ltr'><strong>mox</strong></span> <span class='ocrx_word' id='word_1_846' title='bbox 3605 5736 3784 5805; x_wconf 89' lang='lat' dir='ltr'><strong>parvi-</strong></span> 
     </span>
    </p>
   </div>
  </div>
