4140 6446
397 263 503 320 273

1550 270 1750 326 LIBER
1790 265 2173 337 SECUNDUS,
2212 269 2428 328 EPIST.
2468 271 2560 326 IX.

3514 278 3619 332 274
3633 333 3638 338 ,

399 377 524 431 tatis
553 389 688 431 mea:
714 389 906 431 nomen
933 375 1254 447 exploditur,
1287 379 1427 435 fama
1453 384 1786 451 conspuitur,
1820 386 1952 440 levi-
1981 389 2031 447 Α
2057 393 2254 438 serant.
2283 383 2412 447 Cur,
2438 396 2642 453 quaeso,
2672 382 2814 439 illius
2847 390 2976 440 tunc
2999 387 3282 442 sententiae
3313 391 3622 444 recordatus

403 476 488 520 tas
512 465 791 531 irridetur,
815 481 879 522 ac
905 469 970 523 de
995 483 1080 522 me
1107 469 1231 524 talia
1260 469 1604 540 proferuntur
1627 489 1746 542 qua)
1767 484 1820 530 et
1850 476 1954 530 ini-

398 555 555 608 micis
585 554 719 609 meis
733 554 966 622 jucunda
991 557 1062 612 sit
1102 557 1296 624 fabula,
1325 571 1380 615 et
1422 561 1552 614 mihi
1585 561 1826 618 confusio
1873 564 1955 618 lu-

353 720 364 724 ,
396 655 603 702 ctuosa.
630 647 792 702 Plane
810 657 1090 719 postquam
1134 652 1387 706 Romana:
1433 669 1553 707 sum
1580 654 1826 724 alligatus
1859 656 1959 712 Ec-

395 737 573 794 clesia:
599 740 730 810 (84),
779 743 982 796 utinam
1009 752 1118 798 tam
1163 743 1290 807 Deo,
1335 746 1417 800 vel
1444 747 1621 814 Petro,
1652 764 1810 814 quam
1852 751 1958 808 tuis

393 832 588 901 emptis
622 833 834 903 tuisque
869 835 1148 890 conatibus
1175 850 1387 907 semper
1415 839 1788 908 obtemperare
1829 855 1960 896 con-

399 923 570 986 tendi,
593 931 648 976 et
675 922 728 975 in
757 924 1008 979 omnibus
1033 925 1142 980 tuis
1187 928 1574 985 certaminibus
1602 939 1766 1000 atque
1788 931 1959 986 vieto-

393 1011 512 1076 riis,
542 1026 643 1082 ego
673 1027 758 1067 me
801 1027 911 1087 non
943 1015 1384 1083 commilitonem,
1413 1018 1527 1073 sive
1555 1019 1958 1090 pedissequum,

393 1104 488 1158 sed
518 1103 668 1172 quasi
721 1100 922 1158 fulmen
967 1104 1144 1173 injeei.
1171 1105 1324 1172 Quod
1361 1107 1505 1162 enim
1543 1117 1819 1164 certamen
1861 1126 1959 1165 un-

391 1205 552 1260 quam
571 1191 803 1260 empisti,
827 1193 917 1246 ubi
939 1178 1180 1262 protinus
1199 1209 1300 1265 ego
1319 1211 1426 1250 non
1449 1210 1623 1252 essem
1646 1205 1702 1251 et
1721 1197 1960 1268 litigator

392 1293 448 1337 et
479 1282 680 1350 judex?
719 1283 820 1338 Ubi
857 1284 1063 1340 scilicet
1109 1300 1218 1340 non
1254 1285 1414 1340 aliam
1453 1288 1828 1343 auctoritatem
1864 1303 1957 1343 ca-

393 1387 613 1437 nonum,
631 1372 732 1426 nisi
753 1373 924 1428 ενιιιιιι
947 1382 1049 1429 tuae
1067 1375 1357 1430 voluntatis
1377 1377 1642 1446 sequebar
1653 1378 1960 1444 arbitrium,

391 1471 448 1514 et
483 1475 630 1516 mera
659 1470 746 1514 tua
773 1462 1019 1518 voluntas
1047 1464 1178 1519 mihi
1203 1479 1468 1520 canonum
1493 1475 1612 1521 erat
1641 1467 1953 1522 auctoritas.

393 1548 500 1606 Nec
521 1565 756 1620 unquam
779 1549 1012 1621 judicavi
1043 1553 1186 1622 quod
1214 1554 1387 1608 visum
1416 1561 1499 1608 est
1524 1555 1674 1619 mihi,
1699 1555 1792 1611 sed
1815 1557 1958 1624 quod

392 1638 590 1708 placuit
623 1638 741 1693 tibi.
773 1637 1062 1705 Prmterea.
1093 1657 1286 1696 nomen
1321 1651 1466 1697 tuum
1495 1643 1546 1696 in
1573 1653 1771 1711 quanta
1798 1645 1958 1700 bene-

2057 490 2162 530 non
2192 489 2290 538 es,
2329 489 2433 542 qua
2463 475 2661 530 dicitur
2692 493 2706 527 :
2748 493 2769 527 ι
2808 474 3022 532 Cibaria
3045 516 3062 542 ,
3109 487 3166 532 et
3208 479 3354 550 virga
3395 488 3451 534 et
3486 496 3626 534 onus

2055 563 2240 629 asino;
2294 565 2480 634 panis,
2533 571 2590 619 et
2636 565 2912 634 disciplina
2957 575 3014 622 et
3057 581 3191 636 opus
3229 584 3388 624 servo
3429 569 3618 640 (Eccli.

2058 658 2289 724 xxxttt);
2329 673 2347 704 ι
2385 655 2472 710 ubi
2502 670 2624 709 mox
2649 657 2891 725 sequitur
2921 675 2936 710 ε
2974 675 2994 708 ο
3028 657 3172 712 Laxa
3201 674 3392 714 manus
3419 659 3526 724 illi,
3567 670 3621 714 et

2055 745 2252 813 quatrit
2278 744 2578 800 libertatem
2600 744 2810 815 (Ibid.).
2845 765 2864 798 ι
2891 747 3002 802 Cur
3022 757 3079 801 et
3098 748 3185 802 ille
3210 749 3302 803 tibi
3321 749 3621 804 versiculus

2055 835 2300 890 excidit:
2337 853 2356 888 ι
2391 833 2584 905 Jugum
2624 843 2680 890 et
2719 835 2893 890 lorum
2919 847 3149 892 eurvant
3175 837 3368 892 collum
3401 839 3617 904 durum,

2053 933 2110 980 et
2137 939 2349 980 servum
2381 924 2639 980 inclinant
2679 925 3023 1001 operationes
3064 926 3340 981 assiduae?
3375 945 3394 978 ι
3429 925 3619 997 (ιῡίά.)

2054 1012 2164 1068 Cur
2189 1014 2352 1069 etiam
2382 1013 2512 1069 illud
2545 1025 2634 1070 tua
2669 1014 2928 1096 memeria
2959 1031 3064 1070 non
3090 1017 3321 1072 recoluit
3346 1034 3360 1071 :
3398 1035 3418 1069 ς
3451 1017 3624 1072 Servo

2057 1100 2322 1158 malevolo
2347 1111 2572 1168 tortura,
2600 1113 2656 1160 et
2676 1106 2979 1173 compedes.
3011 1105 3158 1160 Mitte
3183 1106 3331 1160 illum
3357 1107 3410 1160 in
3437 1121 3624 1176 opera-

2056 1191 2279 1259 tionem,
2307 1207 2377 1248 ne
2403 1193 2590 1248 vacet?
2623 1213 2642 1246 ι
2680 1191 2868 1264 (ιὺὶά.)
2901 1194 3006 1249 Sed
3049 1195 3179 1264 quid
3220 1196 3418 1250 mirum
3438 1236 3452 1259 ,
3496 1196 3540 1251 si
3572 1205 3624 1251 te

2055 1280 2182 1338 licet
2203 1282 2520 1352 prudentem
2546 1290 2603 1337 et
2626 1290 2870 1338 sanctum
2896 1283 3070 1337 virum
3093 1283 3268 1352 potuit
3287 1283 3481 1339 artifex
3505 1297 3622 1338 ser-

2055 1373 2200 1428 vitus
2217 1383 2494 1429 etversuta
2523 1373 2768 1442 decipere
2787 1414 2802 1438 ,
2831 1388 2954 1428 cum
2985 1381 3040 1428 et
3064 1374 3379 1444 prophetico
3407 1366 3623 1444 plenum

2055 1461 2247 1531 spiritu
2275 1461 2466 1527 David,
2511 1462 2638 1517 Silia
2683 1477 2872 1518 servus
2919 1463 3048 1518 Saul
3095 1463 3288 1518 callide
3337 1465 3622 1528 mentiens,

2056 1549 2316 1618 compulit
2364 1562 2396 1604 a
2440 1548 2651 1617 justitia
2705 1550 3016 1607 declinare?
3062 1569 3081 1602 ι
3132 1549 3248 1617 Tu,
3300 1551 3514 1620 inquit,
3573 1560 3627 1606 et

2058 1636 2204 1706 Siba,
2233 1637 2454 1693 dividite
2474 1639 2842 1708 possessiones
2865 1639 2950 1710 (ll
2982 1638 3105 1710 Reg.
3127 1639 3261 1711 XIX).
3297 1659 3316 1692 ι
3346 1639 3439 1696 ille
3459 1641 3627 1709 siqui—

391 1725 624 1781 dictione
657 1726 819 1783 fuerit
848 1729 986 1799 apud
1012 1729 1150 1784 labia
1175 1745 1292 1785 mea
1324 1732 1512 1787 saltem
1543 1733 1796 1788 domuum
1827 1734 1954 1789 Clu-
1985 1725 2030 1783 Β
2056 1728 2178 1784 dem
2226 1729 2566 1786 innocentem
2609 1729 2966 1801 Miphiboseth
3009 1733 3266 1786 mentitus
3309 1740 3394 1786 est
3441 1739 3627 1786 contra

392 1815 694 1872 niacensem
717 1856 735 1884 ,
775 1817 864 1888 qui
903 1820 1000 1874 tibi
1042 1835 1148 1876 non
1177 1829 1262 1876 est
1288 1821 1523 1892 ignotus,
1561 1823 1788 1893 inquire.
1820 1823 1959 1880 Nam

391 1905 512 1960 dum
535 1922 696 1977 super
721 1917 772 1964 te
798 1909 1086 1979 aliquando
1131 1909 1510 1981 disputarem:
1557 1905 1590 1963 «⁸
1610 1910 1823 1979 Nescit,
1879 1915 1959 1970 in-

390 1997 507 2066 quit
534 1997 645 2064 ille,
677 2007 878 2054 tantam
903 2000 1001 2055 tibi
1041 2000 1122 2055 sui
1160 2000 1361 2056 amoris
1407 2001 1582 2057 inesse
1600 2001 1956 2067 dulcedinem,

389 2103 550 2158 quam
580 2088 859 2157 profecto,
913 2089 957 2144 si
1003 2098 1230 2155 nosset,
1267 2090 1673 2160 incomparabili
1702 2105 1867 2162 penes
1904 2101 1960 2146 te

391 2193 575 2242 amore
598 2178 867 2248 flagraret.
904 2200 922 2231 ι
962 2178 1068 2236 Sed
1093 2195 1191 2236 cur
1222 2195 1322 2252 ego
1347 2181 1656 2251 scriptionis
1684 2182 1844 2253 hujus
1872 2199 1958 2236 ar-

393 2268 612 2325 ticulum
641 2272 915 2339 protraho,
947 2287 1108 2341 quam
1133 2281 1185 2327 te
1206 2273 1468 2327 lecturum
1491 2289 1610 2329 esse
1631 2289 1735 2331 non
1759 2275 1958 2342 spero?

390 2355 549 2413 Certe
577 2372 736 2414 nemo
765 2359 898 2413 vivit
926 2359 981 2413 in
1013 2375 1196 2426 carne,
1229 2362 1314 2415 cui
1345 2361 1603 2417 libentius
1638 2363 1955 2430 scriberem,

390 2447 436 2501 si
464 2456 520 2503 tu
550 2448 848 2520 dignareris
863 2450 1075 2506 oculum
1099 2451 1376 2508 adhibere.
1407 2451 1516 2508 Sed
1541 2453 1666 2522 quia
1693 2469 1818 2524 spes
1851 2455 1956 2510 ista

390 2553 497 2593 non
531 2547 634 2605 est,
668 2540 787 2596 vide
813 2555 972 2611 quam
1002 2550 1289 2597 accuratus
1325 2551 1380 2598 et
1427 2541 1642 2598 limatus
1670 2543 1740 2598 sit
1765 2543 1956 2615 stylus,

389 2627 480 2696 qui
506 2627 665 2683 ﬂores
691 2627 914 2698 eloquii,
939 2645 1060 2699 quae
1085 2630 1425 2700 resplendeat
1451 2631 1729 2694 urbanitas
1765 2633 1958 2688 dictio-

391 2717 493 2772 nis.
525 2715 630 2772 Sed
649 2717 765 2772 sive
791 2717 992 2782 videas,
1018 2718 1130 2773 sive
1158 2733 1263 2774 non
1287 2719 1492 2785 videas,
1515 2735 1615 2790 ego
1637 2721 1731 2776 tibi
1751 2722 1959 2790 episco-

390 2815 574 2874 patum
601 2821 762 2876 quem
794 2807 1012 2873 dedisti,
1042 2824 1138 2876 per
1165 2809 1264 2865 has
1287 2809 1497 2865 litteras
1535 2811 1720 2876 reddo,
1766 2827 1954 2868 omne-

390 2910 493 2963 que
517 2895 626 2964 jus,
654 2904 708 2951 et
735 2905 1056 2967 potestatem
1102 2913 1133 2953 a
1177 2914 1263 2955 me
1309 2915 1428 2970 qua:
1476 2899 1608 2955 mihi
1641 2915 1804 2973 super
1830 2918 1956 2960 eum

392 2995 699 3057 competere
727 2989 1032 3055 videbatur,
1059 2990 1334 3046 abscindo.

873 3093 974 3170 71
1018 3098 1349 3156 EPISTOLA
1388 3099 1479 3156 1x.

392 3199 460 3244 AD
472 3198 688 3242 IUIDII
702 3203 1105 3246 HILDBBRANDUH
1135 3205 1182 3244 8.
1201 3206 1253 3244 Β.
1282 3205 1334 3244 Β.
1349 3205 1778 3249 Αιιοιιιυιλοοκυκ
1798 3207 1956 3248 (ΞΛΜ).

393 3277 786 3334 Ausonum-ou.
815 3310 886 3320 —
928 3280 1124 3335 lterum
1181 3297 1302 3336 cum
1356 3285 1544 3338 eodem
1601 3285 1961 3340 Hildebrando

461 3349 764 3418 expostulat
817 3351 1054 3404 habitam
1103 3351 1172 3405 ab
1219 3367 1284 3407 eo
1337 3369 1456 3408 esse
1494 3353 1651 3407 fidem
1685 3354 1962 3410 malevolis

464 3419 816 3491 quorumdam
867 3421 1243 3486 sermonibus,
1291 3421 1380 3491 qui
1423 3422 1638 3476 beatum
1679 3424 1853 3491 virum
1905 3426 1958 3479 in

464 3487 638 3561 alieno
685 3488 798 3543 solo
855 3491 1238 3561 monasterium
1285 3487 1581 3546 aediﬁcasse
1623 3507 1720 3561 per
1765 3490 1965 3548 calum-

465 3557 1046 3681 niamdafseverabant.
1082 3558 1238 3627 Quod
1278 3575 1401 3617 esse
1439 3557 1638 3617 falsum
1680 3562 1965 3619 manifeste

465 3642 524 3681 os
547 3642 613 3681 en
657 3645 668 3680 I
699 3665 716 3681 .

463 3642 716 3681 08ιὸ11011..

464 3716 726 3773 immobili
762 3717 1025 3774 columnze
1048 3718 1192 3775 sedis
1217 3718 1523 3789 apostolicae
1552 3719 1749 3776 domno
1774 3719 1965 3775 HILDE-

397 3822 600 3863 eampo
635 3809 1013 3866 archidiacono
1036 3851 1051 3877 ,
1099 3809 1314 3866 Ριτιιυε
1356 3821 1608 3882 peccator
1645 3813 1961 3878 monachus,

395 3897 642 3952 salutem.

2056 1816 2262 1887 regiam
2285 1832 2448 1888 agere
2472 1818 2844 1888 maiestatem;
2876 1820 2963 1875 isti
2989 1835 3076 1874 me
3111 1820 3473 1875 mnditionem
3509 1834 3628 1888 per‘

2056 1907 2650 1980 hibentproseripsisse
2697 1911 2965 1966 servilem.
3017 1910 3146 1974 Sed,
3173 1925 3386 1979 quaeso,
3436 1909 3625 1972 frater,

2055 1998 2296 2067 nunquid
2340 1999 2683 2068 Tethgrimus
2728 1999 2994 2055 Guidonis
3037 1999 3196 2067 hujus
3252 2009 3496 2068 patruus,
3535 1999 3626 2068 qui

2055 2088 2176 2144 sine
2223 2089 2407 2144 liberis
2448 2089 2618 2154 obiit,
2669 2089 2736 2144 de
2771 2097 2849 2144 tot
2879 2089 3024 2159 agris
3069 2103 3134 2143 ac
3177 2087 3314 2142 villis
3341 2089 3627 2158 perexigua

2056 2177 2271 2244 saltem,
2299 2193 2421 2248 quae
2447 2178 2766 2233 videbantur
2792 2192 2911 2233 esse
2943 2178 3275 2232 contermina
3303 2177 3630 2233 monasterio

2056 2267 2238 2339 legare
2263 2283 2370 2324 non
2399 2268 2609 2338 potuit?
2634 2283 2702 2321 an
2734 2267 2911 2323 adhuc
2936 2268 3284 2336 obsequentis
3310 2268 3466 2322 cunei
3484 2266 3628 2336 judi-

2057 2357 2270 2414 cabitur
2299 2357 2570 2428 indignus,
2599 2357 2689 2412 cui
2714 2372 2837 2414 eum
2867 2372 2934 2411 ex
2964 2358 3065 2440 hac
3094 2357 3209 2428 ipse
3242 2357 3350 2412 vita
3379 2357 3628 2412 decesse-

2057 2448 2148 2516 ῆι,
2170 2449 2456 2518 posteritas
2475 2449 2523 2504 ei
2546 2447 2688 2503 ttulla
2710 2448 2986 2503 succedit?
3003 2447 3136 2502 Huic
3150 2449 3334 2512 etiam,
3359 2447 3449 2515 qui
3475 2446 3628 2514 adju-

2057 2538 2152 2600 vit,
2179 2538 2306 2607 quia
2334 2537 2559 2592 clientes
2581 2538 2762 2590 omnia
2787 2536 3061 2606 possident
3079 2575 3092 2599 ,
3123 2535 3321 2603 aliquid
3357 2535 3466 2591 Deo
3491 2547 3624 2587 eon-

2054 2623 2218 2688 ferre.
2249 2626 2316 2681 de
2343 2628 2426 2680 sui
2466 2626 2606 2694 juris
2643 2625 2838 2680 allodio
2867 2640 2972 2679 non
3003 2611 3217 2678 licebit?
3247 2621 3538 2684 Censebis,
3569 2632 3630 2674 ut

2056 2715 2117 2782 ii,
2145 2718 2234 2787 qui
2265 2717 2506 2773 rotundis
2532 2718 2638 2787 72
2666 2717 2734 2770 ad
2760 2717 2936 2784 ignem
2963 2717 3212 2792 verubus,
3237 2714 3323 2770 vel
3346 2714 3626 2768 abluendis

2056 2818 2183 2865 sunt
2202 2809 2468 2866 lebetibus
2487 2809 2800 2877 deputandi,
2821 2807 2900 2863 sic
2921 2807 3114 2864 herilia
3135 2807 3272 2862 bona
3297 2805 3625 2876 possideant,

2055 2905 2118 2954 ut
2145 2911 2331 2952 eorum
2360 2896 2564 2952 domini
2611 2897 2921 2958 recedentes
2950 2910 2981 2950 e
3006 2893 3204 2950 saeculo
3222 2935 3238 2958 ,
3286 2894 3487 2948 sanctis
3525 2892 3628 2947 Ec-

2055 2986 2235 3044 clesiis
2261 2985 2342 3041 sui
2373 2985 2512 3056 juris
2551 2985 2822 3055 impendia
2863 3001 2970 3042 non
3014 2983 3351 3053 relinquant?
3376 2983 3640 3051 Dignutn-'
3733 2988 3742 2996 '

1987 3081 2032 3143 C
2065 3094 2132 3134 ne
2156 3079 2408 3147 perhibes
2437 3086 2496 3132 ut
2519 3077 2784 3148 mancipia
2812 3085 2999 3134 nostra
3023 3084 3212 3146 gerant
3237 3089 3332 3128 ora
3352 3073 3626 3126 flamman-

2062 3170 2164 3234 tia,
2180 3179 2240 3225 ut
2258 3169 2479 3240 pretiosi
2495 3154 2672 3226 cultus
2691 3169 2914 3228 induant
2931 3177 3268 3232 ornamenta,
3284 3180 3381 3220 nos
3394 3172 3629 3219 aestuan-

2063 3261 2132 3315 tis
2180 3261 2364 3315 averni
2407 3259 2640 3316 tolerare
2683 3257 2987 3328 supplicia?
3015 3256 3155 3311 Proh
3196 3254 3392 3324 pudor!
3446 3260 3507 3307 ut
3552 3251 3630 3304 illi

2061 3351 2261 3416 fluant,
2291 3361 2347 3406 et
2373 3365 2472 3407 nos
2515 3351 2693 3419 inania
2727 3347 3099 3404 eoaretemur!
3151 3344 3228 3399 llli
3270 3351 3482 3398 ructent
3522 3342 3631 3409 pri-

2063 3443 2222 3500 diana
2243 3442 2508 3506 convivia,
2536 3456 2636 3496 nos
2660 3454 2963 3510 quan-amns
3002 3437 3138 3508 apud
3171 3435 3372 3491 inferos
3397 3430 3622 3488 micam!

2064 3533 2256 3590 Merito
2288 3531 2466 3602 perdit
2489 3531 2876 3595 haereditatem,
2897 3528 2990 3598 qui
3013 3543 3226 3583 servum
3250 3524 3500 3593 relinquit
3521 3525 3633 3578 ha:-

2064 3624 2267 3679 redem.
2296 3622 2519 3676 Excludi
2550 3631 2787 3676 meretur
2809 3637 2837 3673 a
2862 3634 3086 3674 numero
3115 3617 3368 3678 filiorum,
3395 3614 3484 3683 qui
3508 3627 3634 3682 pro-

2064 3715 2178 3784 pria
2208 3714 2383 3768 salute
2415 3721 2746 3780 contempta,
2777 3710 2878 3766 sibi
2903 3707 3178 3764 substituit
3207 3704 3400 3758 servile
3426 3701 3631 3755 manci-

2064 3805 2232 3874 pium.
2263 3802 2582 3858 Obstruatur
2633 3801 2794 3868 igitur
2837 3811 2898 3852 os
2949 3796 3130 3864 iniqua
3169 3789 3500 3862 loquentium
3531 3806 3545 3842 :
3577 3798 3631 3843 et

2058 3894 2211 3962 juxta
2246 3893 2584 3963 prophetam,
2618 3890 2892 3958 sepiantur
2916 3901 3074 3941 aures
3115 3885 3282 3954 Spinis
3311 3899 3340 3936 a
3369 3880 3624 3950 versipel-

467 3987 670 4045 Uberes
703 4003 803 4059 ago
843 3982 1076 4058 gratias,
1116 3989 1417 4044 venerande
1460 3987 1650 4053 frater,
1689 3989 1816 4058 quia
1841 4005 1965 4044 cum
2064 3985 2194 4039 lium
2225 3982 2518 4038 mendaciis
2547 3982 2910 4036 detracturum
2938 3976 3126 4049 (Ereti.
3156 3977 3368 4044 xxvttt).
3416 3971 3516 4039 Qui
3565 3972 3631 4025 ad

396 4081 466 4134 ad
511 4079 706 4151 regalis
753 4079 891 4136 aulae
953 4083 1309 4136 contenderes
1357 4080 1562 4150 apicem
1589 4119 1606 4146 ,
1645 4087 1965 4135 aestuantem
2067 4075 2259 4130 faciem
2284 4073 2501 4144 quidem
2527 4070 2720 4128 blanda
2747 4069 3122 4141 praetendunt,
3171 4067 3266 4122 sed
3310 4064 3634 4118 intrinsecus

397 4168 544 4224 circa
571 4185 658 4226 me
684 4185 944 4240 vaporare
971 4159 1210 4239 persensi
1239 4171 1304 4225 de
1332 4170 1572 4224 sacrario
1621 4168 1694 4222 tui
1737 4167 1965 4238 pectoris
2065 4165 2214 4221 virus
2260 4163 2478 4220 malitiae
2521 4170 2842 4231 contegunt,
2885 4169 2940 4216 et
2967 4159 3111 4214 velut
3157 4172 3284 4222 apes
3330 4170 3427 4208 ore
3478 4153 3636 4206 mella

399 4260 740 4318 cbaritatem.
763 4260 875 4316 Nec
897 4263 1110 4325 mirum,
1140 4277 1262 4316 cum
1288 4262 1429 4316 Deus
1457 4261 1595 4330 ignis
1617 4259 1826 4315 dicatur
1846 4273 1960 4314 esse

2066 4254 2269 4318 ferunt,
2300 4253 2392 4308 sed
2423 4252 2624 4308 aculeis
2652 4259 2912 4321 pungunt.
2941 4249 3007 4302 Et
3029 4249 3157 4317 quid
3187 4247 3404 4310 mirum,
3430 4244 3476 4298 si
3513 4258 3633 4308 nos,

395 4365 718 4407 consumens
769 4350 946 4422 (Deut.
972 4367 1056 4417 tv;
1089 4351 1252 4407 Hebr.
1281 4351 1378 4420 χιι)
1399 4391 1414 4416 ,
1446 4352 1490 4406 si
1530 4351 1700 4406 sancti
1735 4349 1968 4418 Spiritus
2068 4349 2162 4418 qui
2189 4347 2256 4401 ad
2288 4355 2487 4400 terram
2515 4343 2672 4398 melle
2699 4350 3006 4396 manantem
3032 4338 3426 4401 contendimus,
3475 4349 3636 4404 apum

399 4441 765 4496 habitaculum
800 4441 1121 4510 quibusdam
1155 4442 1409 4498 scintillis
1441 4441 1843 4511 erumpentibus
1886 4442 1965 4495 vi-
1991 4441 2044 4501 D
2066 4434 2564 4491 Circumvolantium
2594 4431 2827 4487 stimulis
2852 4429 3191 4484 laceramur?
3215 4428 3295 4481 Ad
3321 4440 3482 4495 quam
3510 4437 3628 4492 pro-

399 4528 590 4584 deatur
620 4529 865 4600 ignitum.
893 4529 1028 4586 Nam
1063 4531 1368 4600 ubicunque
1399 4529 1538 4584 illius
1571 4529 1780 4584 itineris
1810 4545 1960 4584 tuen-

397 4618 475 4672 tio
507 4618 614 4673 mei
660 4619 898 4674 nominis
942 4619 1150 4687 incidit,
1193 4620 1452 4676 memoria
1489 4634 1606 4674 mea
1645 4632 1807 4689 penes
1834 4619 1965 4674 tein

397 4707 769 4765 benedictione
787 4711 909 4766 fuit.
933 4710 1085 4778 Quod
1107 4713 1305 4768 factum
1325 4721 1381 4768 ct
1404 4713 1700 4768 amicorum
1723 4727 1964 4767 meorum

400 4812 607 4858 mentes
629 4804 820 4866 erexit,
851 4811 907 4859 et
935 4805 1327 4860 detrahentium
1369 4803 1510 4859 labia
1548 4804 1718 4875 digna:
1746 4819 1967 4874 respon-

400 4891 570 4947 sionis
615 4884 860 4950 obicibus
905 4896 1184 4964 oppilavit.
1240 4895 1618 4950 Verumtamen
1687 4894 1752 4966 [f.
1797 4893 1968 4950 fertur

398 4981 475 5035 vel
498 4982 698 5052 aliquid
724 4985 914 5056 simile]
943 4986 1226 5042 Florentia:
1271 5003 1422 5043 tuens
1457 4997 1543 5041 tua
1567 5027 1584 5052 ,
1630 5003 1750 5058 qua:
1778 4995 1966 5044 contra

399 5071 713 5141 vattiloquds
739 5089 802 5129 ac
828 5076 1115 5132 mendaces
1137 5085 1290 5132 cauta
1312 5079 1730 5146 consuevitLessc
1755 5092 1969 5146 semper

399 5168 455 5216 et
475 5162 669 5231 rigida,
703 5165 974 5221 delinifica
1005 5167 1359 5237 quorumdam
1392 5169 1816 5224 obtrectatorum
1848 5182 1970 5223 esse

400 5254 751 5321 persuasione
775 5256 1000 5313 mollita.
1044 5257 1270 5313 Comitis
1297 5259 1495 5328 quippe
1522 5259 1782 5316 Guidonis
1824 5274 1970 5314 asse-

401 5341 497 5398 cla:
512 5359 632 5399 cum
647 5360 808 5418 grege
823 5349 1004 5403 servili
1025 5346 1490 5404 ealumniabantur
1508 5363 1592 5404 me
1605 5348 1972 5403 construxisse

401 5436 730 5504 ctenobium,
758 5453 825 5494 ex
853 5439 936 5494 his
961 5439 1144 5509 utique
1181 5437 1416 5509 praediis,
1453 5453 1573 5507 quae
1615 5437 1669 5492 in
1711 5436 1970 5492 clientela:

403 5541 515 5582 suae
543 5527 868 5598 stipendium
891 5544 958 5585 ex
981 5529 1134 5585 herili
1166 5529 1363 5589 dudum
1389 5527 1714 5582 liberalitate
1742 5542 1966 5584 conces-

475 5641 589 5713 (84)
617 5641 1037 5709 Cardinalatum,
1070 5655 1127 5698 ut
1154 5645 1227 5699 ita
1256 5643 1453 5706 dicam,
1495 5640 1763 5709 intelligit.

2068 4525 2208 4582 fecto
2235 4533 2432 4580 terram
2462 4523 2755 4579 festinabat
2781 4521 2868 4576 ille
2889 4521 2978 4591 qui
3002 4520 3213 4574 dicebat
3238 4535 3251 4571 :
3280 4534 3298 4567 ι
3327 4513 3638 4570 Circumde-

2069 4618 2267 4674 derunt
2294 4632 2380 4671 me
2418 4615 2562 4671 sicut
2603 4629 2763 4684 apes,
2794 4623 2846 4668 et
2875 4619 3196 4668 exarserunt
3236 4608 3375 4664 sicut
3403 4605 3544 4676 ignis
3581 4603 3635 4656 in

2067 4706 2237 4778 spinis
2265 4702 2436 4774 (Psal.
2458 4703 2648 4774 cxvn).
2689 4721 2710 4754 ι

2141 4796 2258 4852 lluc
2293 4795 2503 4850 accedit
2545 4794 2704 4864 quia,
2753 4807 2873 4848 cum
2905 4792 2970 4845 ad
3011 4787 3116 4844 mel
3163 4795 3320 4840 terra:
3345 4781 3638 4836 viventium

2071 4905 2361 4962 properare
2387 4884 2788 4950 contendimus,
2833 4880 2997 4936 divini
3027 4889 3239 4948 quoque
3267 4872 3412 4928 verbi
3458 4869 3637 4926 dulce-

2073 4982 2252 5037 dinem
2283 4979 2628 5050 propinantes
2654 4976 2817 5032 etiam
2849 4973 2998 5028 favos
3028 4969 3200 5025 mellis
3243 4968 3298 5022 in
3338 4980 3432 5020 ore
3459 4972 3638 5034 porta-

2075 5084 2212 5124 mus.
2245 5066 2518 5136 Scriptum
2546 5073 2626 5120 est
2655 5063 2797 5119 enim
2824 5080 2836 5115 :
2870 5080 2888 5112 ι
2918 5061 2995 5116 De
3013 5073 3110 5114 ore
3135 5054 3415 5126 prudentis
3453 5063 3637 5122 proce-

2075 5163 2152 5218 dit
2178 5160 2283 5216 mel
2309 5157 2491 5228 (Prov.
2520 5153 2653 5224 XVI).
2692 5173 2711 5206 ι
2739 5151 2805 5206 Et
2828 5149 3056 5205 dilectus
3079 5147 3150 5202 ad
3168 5145 3454 5215 sponsam:
3485 5161 3502 5190 ι
3530 5137 3637 5228 Fa-

2074 5266 2194 5316 vus,
2239 5227 2435 5318 inquit,
2478 5243 2741 5300 distillans
2784 5241 2926 5296 labia
2973 5248 3062 5294 tua
3087 5277 3102 5299 .
3154 5248 3382 5304 sponsa;
3439 5227 3544 5281 mel
3586 5234 3640 5280 et

2073 5342 2160 5398 lac
2209 5339 2310 5395 sub
2359 5337 2541 5406 lingua
2584 5345 2674 5390 tua
2714 5332 2891 5404 (Cant.
2945 5332 3040 5400 tv).
3097 5348 3116 5382 ι
3166 5326 3297 5394 Qum
3343 5336 3532 5376 rursus
3575 5318 3639 5372 de

2073 5449 2270 5505 sponso
2295 5453 2308 5488 :
2340 5452 2358 5484 ι
2393 5432 2593 5489 Guttur
2613 5427 2730 5499 eius
2750 5426 2992 5490 dulcedo,
3014 5433 3068 5478 et
3090 5431 3233 5476 totus
3257 5415 3633 5505 concupiscere

2073 5502 2147 5581 tia
2171 5525 2345 5595 (Cant.
2377 5524 2451 5592 v).
2494 5543 2513 5576 ι
2546 5522 2684 5590 Quid
2724 5534 2854 5590 ergo
2897 5516 3124 5579 mirum,
3157 5509 3203 5564 si
3230 5523 3328 5564 nos
3360 5515 3414 5562 et
3443 5506 3508 5560 ad
3539 5502 3638 5558 mel
