4140 6460
523 287 630 343 975

1053 288 1112 345 S.
1153 289 1356 346 PETRI
1394 291 1680 351 DAMIANI
1708 294 1856 352 OPP.
1893 295 2073 354 PARS
2112 298 2243 356 SEU
2286 300 2520 359 TOMUS
2556 302 2599 356 l.
2638 331 2709 344 --
2745 303 2964 360 EPIST.
2996 301 3124 363 LIB.
3172 285 3304 366 VIII.

3656 315 3761 370 276

522 409 892 470 properantes,
920 409 974 455 et
1000 401 1104 456 mel
1133 403 1184 456 in
1215 418 1309 458 ore
1336 415 1612 474 portantes
1633 446 1647 472 ,
1673 421 1898 462 examen
1929 424 2089 478 apum
2117 415 2168 472 Α
2194 427 2300 481 quo
2326 414 2512 483 plenus
2549 425 2686 480 erat,
2737 417 2950 487 ignibus
2992 420 3359 492 conﬂagravit.
3401 424 3606 485 Pratsto
3625 431 3762 489 ποθι)

520 488 649 542 hinc
667 487 791 544 inde
805 489 1216 556 circumvolant,
1232 501 1294 546 ut
1307 492 1756 550 obtrectationum
1772 511 1871 551 nos
1892 498 2090 554 aculeis

519 577 792 647 pungant?
819 575 957 632 Hinc
1000 586 1103 641 est,
1153 582 1295 649 quod
1343 582 1666 638 lsraeliticus
1707 584 1797 638 ille
1839 585 2088 655 populus,

517 665 643 718 dum
695 665 774 720 ire
827 681 925 735 per
979 667 1248 723 desertmn
1296 673 1363 725 ad
1413 682 1615 726 terram
1662 677 2092 744 repromissionis

516 761 830 820 properant,
857 756 1008 823 prius
1037 759 1399 812 castrametati
1421 768 1566 825 sunt,
1592 763 1730 817 sicut
1754 773 1906 819 vetus
1928 765 2090 820 habet

511 840 698 906 editio,
722 841 776 897 in
799 842 920 909 Gai,
945 845 1376 904 deinde'veniunt
1399 846 1451 906 in
1475 849 1749 921 Dibongad
1772 852 1960 922 (Num.
1984 854 2082 924 ιι).

509 929 608 985 Gai
640 930 894 986 nimirum
934 932 1319 1002 interpretatur
1345 936 1523 990 chaos.
1545 937 1611 992 Et
1631 940 1758 1010 quid
1780 955 1877 1008 per
1899 942 2085 1007 chaos,

512 1019 613 1073 nisi
647 1034 741 1074 cor
770 1019 1089 1091 intelligitur
1126 1023 1402 1079 hominum
1449 1042 1858 1096 perversorum,
1893 1034 2088 1087 obscu-

407 1109 416 1117 '
512 1121 630 1160 rum
663 1107 893 1173 scilicet,
919 1116 1114 1163 tetrum
1145 1121 1308 1180 atque
1343 1112 1707 1182 profundum?
1741 1117 1972 1174 Pravum
2001 1131 2086 1176 est

509 1200 652 1254 enim
683 1215 780 1256 cor
808 1202 1044 1257 hominis
1067 1243 1081 1268 ,
1112 1204 1254 1258 sicut
1301 1205 1579 1277 Scriptura
1608 1211 1758 1276 dicit,
1795 1222 1850 1267 et
1878 1215 2085 1270 inseru-

509 1287 673 1342 tabile
693 1328 710 1354 ,
737 1299 793 1344 et
813 1290 936 1360 quis
959 1292 1235 1348 hominum
1261 1299 1538 1365 cognoscit
1564 1299 1688 1354 illud
1708 1301 1734 1354 ‘I
1756 1301 1890 1370 (Jer.
1924 1305 2084 1376 xvu.)

509 1378 782 1448 Dibongad
838 1390 1019 1435 autem
1082 1384 1353 1453 significat
1403 1389 1665 1457 apiarium
1711 1394 2077 1450 tematlonum.

505 1467 635 1524 Post
692 1470 860 1525 chaos
913 1472 1214 1542 itaque-ad
1279 1477 1540 1546 apiarium
1577 1482 1906 1549 pervenitur,
1955 1486 2080 1554 quia

503 1571 788 1632 postquam
819 1579 916 1620 cor
943 1565 1256 1633 obscurum,
1284 1570 1526 1646 dolosum
1553 1584 1714 1643 atque
1735 1574 2078 1644 profundum,

506 1668 658 1708 more
690 1654 820 1720 Gai,
846 1657 1020 1728 caligo
1045 1660 1265 1715 malitia:
1291 1677 1355 1716 ac
1383 1661 1586 1720 fraudis
1612 1666 1930 1722 obtenebrat
1948 1707 1965 1734 ,
2006 1670 2074 1725 ad

2192 505 2426 559 Absalon
2455 507 2889 575 expostulaturus
2911 513 3245 581 aggreditur;
3287 515 3376 572 ille
3401 523 3599 587 gaudet
3619 526 3760 592 quod

2191 590 2307 658 ejus
2351 608 2626 649 accessum
2660 597 2854 652 talibus
2896 598 3171 657 beneficiis
3220 619 3576 675 promeretur,
3608 590 3764 669 nimi-

2191 697 2310 736 rum
2339 686 2480 753 quod
2510 684 2856 754 petitionibus
2885 704 2988 743 non
3017 693 3270 759 obtinuit,
3324 695 3632 756 laesionibus
3661 705 3762 759 im-

2188 773 2442 841 petravit.
2471 774 2580 845 Ego
2611 786 2787 830 autem
2815 779 2938 844 tibi,
2967 784 3291 839 venerabilis
3311 785 3496 852 frater,
3520 807 3626 846 non
3653 794 3760 862 bis,

2187 863 2284 916 sed
2325 864 2522 932 saepius
2565 865 2789 934 scripsi;
2844 879 3211 926 verumtamen
3263 889 3433 944 usque
3484 877 3643 936 hodie
3693 900 3761 937 ne

2189 965 2353 1005 unum
2379 952 2593 1021 quidem
2619 954 2750 1018 iota,
2779 966 2838 1010 ut
2861 959 3158 1014 rescribere
3183 962 3509 1032 dignareris,
3532 975 3757 1027 extorsi.

2185 1037 2305 1107 Ipse
2339 1054 2554 1110 quoque
2581 1041 2853 1111 pollicitus
2871 1059 2930 1100 es
2963 1048 3088 1115 quia
3117 1049 3246 1103 mihi
3279 1053 3546 1109 notarium
3581 1059 3760 1113 mitte-

2186 1143 2296 1193 res,
2327 1130 2418 1199 qui
2441 1131 2629 1186 saltem
2657 1149 2741 1198 ea,
2781 1151 2902 1204 quae
2927 1137 2980 1190 in
3011 1148 3062 1192 te
3083 1141 3391 1210 specialiter
3409 1148 3756 1217 scripseram,

2185 1222 2240 1276 in
2269 1223 2346 1277 tui
2389 1233 2634 1292 sumptus
2662 1241 2986 1298 pergamena
3012 1235 3346 1290 transferret.
3375 1238 3479 1293 Sed
3509 1256 3758 1312 superse-

2184 1313 2310 1368 disti
2346 1315 2559 1384 penitus
2591 1316 2676 1371 vel
2706 1319 2962 1374 scribenti
2995 1325 3313 1392 rescribere,
3340 1328 3422 1382 vel
3465 1334 3754 1400 notarium,

2183 1413 2244 1459 ut
2271 1406 2656 1474 spoponderas,
2693 1407 2998 1475 destinare;
3044 1429 3270 1482 quorum
3303 1418 3554 1474 videlicet
3588 1438 3754 1478 unum

2181 1496 2418 1551 charitas
2443 1499 2629 1566 exigit,
2653 1498 2877 1555 alterum
2905 1504 3105 1559 veritas
3125 1507 3275 1575 quasi
3303 1525 3401 1578 pro
3430 1511 3608 1566 debito
3635 1529 3758 1584 per—

2182 1587 2418 1642 solvatnr
2470 1589 2715 1659 impellit.
2777 1591 2916 1658 Quid
2965 1593 3124 1665 igitur
3169 1597 3400 1653 faciam?
3445 1600 3577 1654 Nam
3627 1605 3756 1673 quia

2183 1676 2533 1732 dormientem
2583 1687 2635 1734 te
2681 1679 2981 1752 impingens
3025 1694 3081 1740 et
3103 1686 3356 1743 vellicans
3390 1692 3626 1748 excitare
3648 1709 3754 1749 non

506 1741 610 1795 hoc
633 1743 798 1797 etiam
835 1747 1157 1816 quandoque
1189 1763 1286 1818 per
1309 1750 1612 1821 iniquitatis
1641 1764 1927 1824 augmenta
1956 1772 2081 1826 pro-
2109 1765 2153 1822 Β
2181 1768 2353 1829 valeo,
2381 1784 2635 1839 pungam,
2668 1779 2722 1824 et
2759 1741 3060 1828 sicvsaltem
3091 1785 3149 1829 ut
3185 1778 3405 1848 evigiles
3431 1783 3751 1850 pmvaleho.

503 1830 824 1898 greditur,ut
854 1837 1124 1904 proximos
1145 1854 1408 1909 quosque,
1431 1841 1575 1896 velut
1595 1857 1747 1912 apes,
1773 1853 1828 1899 ct
1847 1859 2082 1915 praesen-

501 1927 586 1973 tes
638 1924 1021 1977 assentatiouis
1074 1926 1231 1981 melle
1284 1928 1666 1995 demulceant,
1717 1941 1774 1986 et
1830 1933 2081 1991 absentes

501 2010 952 2066 obtrectationum
982 2014 1186 2070 aculeis
1219 2028 1481 2087 pungant.
1522 2020 1600 2075 De
1634 2019 1732 2077 Gai
1755 2037 1886 2094 ergo
1912 2025 1964 2078 in
1991 2024 2082 2079 Di-

398 2089 404 2102 ’
501 2098 743 2170 bongad,
772 2101 839 2156 de
873 2102 1007 2159 cltao
1032 2106 1246 2160 venitur
1271 2108 1338 2161 ad
1363 2110 1646 2177 apiarium,
1679 2113 1806 2180 quia
1822 2089 1907 2168 vde
1933 2113 2080 2169 frau-

497 2189 712 2243 dulenta
744 2191 944 2245 malitia
971 2195 1238 2252 tenebrosi
1284 2197 1464 2253 cordis
1491 2214 1688 2268 pravus
1714 2203 1940 2272 quisque
1961 2219 2080 2272 pro-

497 2282 743 2352 greditur
769 2284 838 2338 ad
869 2285 1154 2356 inﬂigenda
1184 2289 1386 2360 spicula
1417 2292 1787 2348 detractionis.
1815 2294 1952 2361 Quid
1977 2297 2078 2351 ita-

497 2385 605 2438 que
628 2373 695 2426 de
724 2381 776 2428 te
802 2374 978 2429 dicam
1007 2377 1098 2446 qui
1125 2393 1430 2449 quanquam
1455 2382 1628 2451 primo
1655 2383 2076 2440 foederataech-

497 2461 696 2516 cordia'
722 2463 867 2520 circa
895 2481 982 2522 me
1001 2465 1124 2536 jura
1155 2471 1478 2536 servaveris,
1525 2476 1848 2542 quandoque
1895 2484 2073 2531 tamen

496 2559 552 2603 et
596 2550 982 2612 oblatrantium
1021 2572 1214 2612 canum
1252 2559 1535 2628 neglexisti
1567 2563 1732 2618 rictus
1758 2563 2071 2634 infringere,

491 2649 550 2696 et
601 2642 759 2698 fidem
820 2661 927 2700 non
983 2648 1242 2705 horruisti
1312 2653 1719 2709 detrahentibus
1773 2657 2074 2712 adhibere?

495 2749 516 2780 α
568 2729 730 2787 Vituli
777 2736 930 2791 multi
960 2776 975 2802 ,
1025 2748 1080 2793 et
1134 2739 1274 2794 tauri
1329 2741 1555 2812 pingues
1606 2743 1935 2798 obsederunt
1987 2758 2074 2798 tne

491 2815 667 2887 (Psal.
701 2823 846 2893 xxi);
878 2833 934 2879 et
958 2834 1009 2879 tu
1033 2827 1302 2895 patienter
1340 2830 1556 2884 audisti.
1595 2850 1614 2884 ι
1660 2831 1846 2887 Dicam
1889 2834 2074 2904 itaque

490 2908 580 2962 de-
609 2925 832 2966 summa:
875 2915 1019 2970 sedis
1069 2919 1490 2984 archidiacono,
1553 2925 1693 2990 quod
1744 2924 1811 2977 de
1869 2923 2072 2982 Jacobo

489 2991 619 3050 t'unc
660 2998 942 3054 dicebatur
984 3005 1226 3072 apostolo
1259 3019 1274 3058 :
1312 3026 1328 3055 ι
1382 3006 1426 3062 Ο
1467 3017 1521 3062 et
1559 3008 1737 3073 justus
1783 3014 2000 3067 erravit.
2041 3033 2060 3066 ι

2183 1858 2432 1914 Ferulam
2485 1860 2647 1933 igitur
2678 1861 2730 1916 in
2781 1871 2833 1917 te
2880 1863 3139 1920 doctrinae
3186 1874 3435 1937 tanquam
3496 1873 3755 1943 magister

2181 1951 2459 2019 arripiam,
2483 1961 2538 2006 et
2565 1951 2673 2024 ’14
2718 1954 2864 2009 Velut
2888 1970 3191 2026 supparem,
3220 1960 3303 2014 vel
3332 1959 3585 2016 clientem
3615 1964 3750 2029 hzec,

2180 2055 2300 2111 quae
2331 2041 2422 2095 tibi
2451 2041 2589 2096 forte
2635 2057 2793 2111 quam
2840 2045 2970 2099 mihi
3021 2038 3238 2102 notiora‘
3278 2059 3423 2113 sunt,
3463 2052 3752 2108 admonere

2178 2145 2518 2200 praesumam.
2551 2131 2618 2186 Et
2657 2133 2759 2186 hoc
2802 2125 2874 2188 Sit
2915 2151 3091 2189 meum
3141 2153 3401 2208 pungere,
3452 2141 3746 2198 doctiorem

2179 2218 2315 2272 velle
2348 2219 2562 2275 docere.
2590 2222 2671 2277 Ad
2693 2224 2834 2278 hanc
2861 2222 3105 2280 fortassis
3134 2227 3382 2296 injuriam
3407 2241 3754 2299 experrectus

2178 2306 2476 2376 evigilabis,
2508 2320 2568 2366 ut
2607 2311 2699 2380 qui
2728 2313 2980 2368 cbaritati
3034 2315 3394 2385 denegaveras
3420 2318 3611 2381 vicem,
3663 2319 3752 2375 la:-

2178 2395 2324 2450 denti
2383 2396 2574 2453 saltem
2638 2399 2924 2456 redhibeas
2995 2402 3284 2471 talionem;
3337 2416 3752 2474 verumtamen,

2175 2502 2336 2556 quem
2369 2497 2424 2543 tu
2466 2489 2560 2544 tibi
2605 2491 2755 2546 vides
2793 2491 2908 2547 haec
2951 2493 3196 2549 hilariter
3240 2507 3632 2566 suggerentem,
3656 2497 3751 2568 ju-

2176 2579 2357 2633 niores
2400 2579 2594 2634 fratres
2621 2580 2725 2636 sibi
2776 2582 2961 2651 procul
2987 2582 3148 2639 dubio
3173 2584 3431 2654 deputent
3455 2586 3596 2641 serio
3619 2601 3755 2642 con-

2173 2671 2457 2725 sulentem.

2243 2761 2357 2830 Age
2401 2762 2581 2832 igitur,
2636 2762 2741 2818 noli
2791 2762 2980 2829 frater,
3026 2767 3170 2834 quod
3224 2764 3466 2834 plerique
3516 2765 3744 2834 faciunt,

2176 2853 2568 2916 tantummodo,
2597 2853 2642 2907 si
2669 2849 2797 2922 quid
2826 2862 2908 2909 est
2942 2855 2994 2908 in
3031 2865 3084 2910 te
3112 2855 3325 2910 virtutis
3352 2857 3655 2922 attendere,
3686 2866 3752 2913 ut

2174 2943 2302 2996 vitia
2341 2945 2494 3014 quasi
2551 2953 2674 3012 post
2715 2953 2920 3014 tergum
2960 2945 3132 3015 posita
3196 2946 3434 3017 negligas
3479 2947 3745 3019 judicare.

2171 3033 2388 3089 Imitare
2413 3035 2675 3089 naturalis
2697 3035 2749 3088 in
2805 3047 3013 3101 pavone
3053 3035 3384 3091 diversitatis
3412 3037 3741 3106 exemplum.

491 3084 896 3195 Ξεὲιμιιξρρίειιη
925 3100 980 3146 et
1014 3108 1111 3161 pro
1143 3095 1468 3162 faventibus.
1518 3107 1574 3153 et
1620 3115 1718 3168 pro
1752 3102 2068 3167 laedentibus
2095 3105 2140 3168 C
2170 3084 2556 3192 ρζζῖξζίζηὲῆέηι
2586 3084 2840 3194 ριιιιίηοξ,
2875 3134 2932 3179 et
2956 3124 3101 3179 velut
3150 3125 3406 3194 ignobiles
3431 3084 3600 3194 ρεσοέ
3631 3141 3745 3195 ρη-

491 3173 598 3244 73
622 3176 988 3234 indifferenter
1010 3184 1271 3238 orandmn
1294 3195 1407 3253 est,
1445 3188 1699 3258 deposita:
1721 3193 1953 3262 querelae
1979 3210 2070 3250 ca-

486 3264 749 3321 lumniam
778 3271 1041 3326 orationis
1077 3273 1183 3330 fine
1211 3275 1548 3332 concludam.
1605 3293 1612 3297 ·

556 3355 700 3411 Deus
724 3360 1078 3428 omnipotens,
1101 3365 1425 3422 venerabilis
1454 3366 1642 3436 frater,
1675 3379 1730 3426 et
1755 3387 1823 3426 ex
1858 3373 2067 3444 impen-

487 3457 564 3498 ste
584 3445 864 3502 cltaritatis
894 3447 1069 3504 ofﬁcio
1098 3451 1374 3522 multiplex
1407 3456 1498 3510 tibi
1539 3461 1819 3526 praemium
1850 3464 2063 3530 reddat,

485 3543 543 3589 et
607 3538 750 3604 quod
801 3539 1195 3598 detractoribus
1243 3546 1569 3601 consensisti
1637 3549 1931 3607 clementer
1984 3553 2065 3608 in-

483 3623 721 3695 dulgeat.

1052 3701 1385 3759 EPISTOLA
1425 3706 1492 3760 Χ.

486 3796 556 3838 ιι)
597 3799 810 3842 Ρετιιωι
860 3801 908 3843 Β.
945 3805 998 3844 Β.
1039 3808 1092 3845 Ε.
1132 3808 1470 3850 (ιλιιῡιΝΑιειι
1520 3813 2061 3858 ABGﬂlPRESBYTERUI

1085 3877 1520 3921 LATEBANENSEH.

626 3943 900 4014 (Habelur
926 3959 1051 4002 (om.
1084 3950 1201 4012 III,
1233 3965 1407 4022 estque
1451 3957 1756 4025 opusculum
1806 3961 1920 4032 18.)

1031 4039 1362 4097 EPIS'I‘OLA
1423 4046 1508 4099 XI.

479 4136 551 4178 ΔΙ)
603 4139 923 4182 υεειυειιιυιι
974 4144 1218 4184 ΑΒΒΛΤΕΜ
1269 4147 1417 4188 SACRI
1447 4152 1766 4193 MONASTERII
1811 4156 2058 4198 CASINEN-

550 4207 649 4257 SIS,
696 4210 743 4249 S.
793 4213 844 4259 ρ.
905 4213 957 4252 R.
1011 4215 1062 4253 Β.
1119 4217 1495 4260 Ριιεειιγτειιωί
1548 4223 1903 4278 CARDINALBII,
1943 4230 2056 4268 'l'l'l‘.

549 4276 597 4316 8.
639 4278 899 4320 (ΖΔΕΟΙΙΛᾹΕ.

475 4351 876 4425 Aacqusnruu.
912 4386 984 4398 —
1031 4359 1359 4417 Desi'lerium
1407 4365 1754 4424 Casinensem
1805 4369 2053 4425 abbatem

548 4423 924 4481 saluberrimis
967 4431 1185 4485 monitis
1232 4434 1483 4489 instituit.
1517 4437 1591 4490 Ea
1630 4451 1776 4502 sunt,
1818 4423 2052 4562 primum
2081 4444 2132 4504 D

549 4503 611 4547 ut
643 4510 742 4549 sua
781 4497 948 4562 ipsius
976 4511 1156 4554 errata
1197 4518 1410 4562 semper
1470 4508 1539 4560 ob
1589 4509 1776 4562 oculos
1843 4511 2046 4562 iubeat.

1843 4528 1857 4562 1

549 4503 611 4574 ut
643 4510 742 4549 sua
781 4497 948 4564 ipsius
976 4511 1156 4554 errata
1197 4518 1410 4572 semper
1470 4508 1539 4560 ob
1589 4497 1776 4562 oculos
1819 4497 2046 4574 habeat,

545 4564 787 4647 virtutes
821 4579 959 4647 post_
985 4577 1221 4647 tergum;
1268 4564 1327 4626 ιιί
1367 4575 1609 4647 aliorum
1655 4564 2048 4647 increpationcs

542 4648 649 4688 non
683 4636 907 4716 moleste
935 4636 1212 4716 ferat,_sed
1238 4645 1595 4713 amplectatur
1621 4663 1634 4710 ;
1666 4658 1724 4700 ut
1749 4636 1844 4716 pr'o
1872 4650 2049 4704 cilicio

543 4718 642 4789 suo
665 4707 1000 4789 subditorum
1025 4711 1207 4789 culpas
1237 4707 1342 4767 non
1383 4707 1634 4789 negligat,
1661 4707 1761 4772 sed
1782 4720 2046 4789 corrigat;

544 4774 858 4858 absentibus
891 4795 996 4859 non
1037 4774 1312 4859 detrahat,
1330 4785 1424 4839 sed
1451 4774 1501 4839 ii.
1527 4774 1726 4859 faciem
1757 4774 2002 4859 objurg'et

535 4840 800 4922 jejunium
850 4858 1026 4922 amet;
1082 4860 1148 4922 ut
1193 4840 1425 4922 denique
1470 4840 2046 4913 sacrificium-Clﬁ'isti

541 4914 812 4982 passionis
833 4921 1047 4974 assidue
1073 4921 1329 4977 celebret.

541 5004 1012 5064 Reverendissimo
1038 5012 1216 5066 abbati
1253 5016 1558 5079 DESIDERIO,
1592 5015 1808 5072 Ps'rnus
1850 5032 2042 5085 pecca-

469 5105 556 5152 tor
578 5097 894 5162 monachus,
923 5101 1151 5156 salutem
1178 5104 1228 5157 in
1257 5105 1502 5158 Domino.

538 5187 705 5242 Sacra
759 5197 988 5245 testatur
1054 5193 1278 5248 historia
1333 5195 1414 5260 (11
1455 5195 1578 5266 Reg.
1621 5198 1756 5268 xw),
1794 5197 2047 5265 quoniam

463 5276 701 5334 Absalon
749 5280 885 5337 Joab
919 5285 1124 5338 militia.-
1169 5287 1490 5355 principem,
1531 5297 1590 5342 ιιι
1636 5290 1703 5342 ad
1753 5302 1812 5343 se
1840 5289 2051 5343 veniret

465 5369 658 5423 nuntio
695 5369 1038 5428 discurrente
1068 5375 1315 5444 p0poseit
1339 5392 1353 5439 ;
1379 5377 1469 5444 qui
1503 5388 1680 5431 tamen
1707 5379 1893 5432 venire
1913 5392 2043 5432 con-

2168 3215 2338 3269 oculis
2367 3228 2580 3282 semper
2615 3214 2796 3275 habet,
2839 3215 3100 3283 insignem
3129 3230 3256 3269 vero
3289 3215 3472 3268 cauda:
3501 3213 3743 3285 pulchri-

2169 3303 2406 3358 tudinem
2435 3312 2554 3372 post
2584 3318 2642 3357 se
2687 3304 3037 3373 spectabilem
3066 3305 3288 3374 praebet.
3321 3303 3477 3359 Videt
3511 3304 3564 3358 in
3593 3304 3744 3373 pedi-

2167 3393 2266 3447 bus
2321 3393 2580 3448 rusticum
2635 3393 2834 3462 aliquid
2883 3394 3026 3462 quod
3078 3395 3375 3464 despiciat;
3428 3395 3639 3465 ignorat
3686 3395 3741 3448 in

2167 3485 2336 3540 cauda
2363 3485 2504 3554 quod
2553 3501 2677 3541 eum
2707 3484 3007 3541 mirabilem
3033 3486 3240 3542 reddat.
3267 3485 3324 3541 ln
3356 3497 3604 3557 promptu
3633 3497 3740 3553 est,

2165 3575 2307 3631 unde
2327 3590 2387 3630 se
2407 3575 2597 3631 debeat
2622 3577 2678 3631 in
2700 3577 3000 3632 humilitate
3027 3578 3360 3648 deprimere;
3387 3587 3506 3648 post
3530 3589 3739 3649 tergum
3811 3603 3820 3609 -

2165 3668 2305 3738 gerit
2338 3668 2478 3722 unde
2509 3668 2707 3735 valeat,
2749 3669 2904 3738 quasi
2942 3685 3052 3739 ιιι-ω
3085 3671 3298 3725 caeteris
3337 3671 3524 3725 avibus
3552 3685 3743 3739 super-

2163 3756 2304 3812 bire.
2330 3757 2410 3811 Tu
2449 3772 2664 3828 quoque
2712 3760 3110 3826 quodammodo
3140 3762 3283 3830 quod
3337 3761 3391 3815 in
3435 3769 3486 3815 te
3525 3761 3740 3816 virtutis

2165 3855 2250 3903 est
2278 3846 2473 3914 lateat;
2503 3849 2547 3904 si
2571 3848 2701 3918 quid
2737 3863 2866 3904 vero
2897 3849 3170 3915 vitiosum,
3202 3860 3256 3905 et
3278 3852 3628 3906 correctionis
3655 3861 3740 3906 est

2165 3939 2428 4009 indigum.
2492 3941 2562 3995 ab
2593 3950 2842 4010 aspectus
2867 3942 2940 3995 tui
2961 3942 3168 4011 judicio
3194 3959 3302 3997 non
3335 3943 3568 3997 recedat.
3601 3942 3739 3997 Fraa

2165 4037 2333 4084 ternae
2377 4030 2727 4085 correctionis
2759 4030 2932 4084 zelum
2987 4030 3096 4083 noli
3145 4030 3370 4085 moleste
3417 4028 3592 4092 ferre,
3640 4032 3736 4084 sed

2163 4119 2582 4190 gratulabundus
2608 4119 2955 4188 amplectere.
2986 4134 3051 4174 ac
3084 4119 3414 4174 velut‘certae
3442 4119 3737 4174 curationis

2161 4211 2462 4265 antidotum
2512 4210 2563 4263 in
2593 4210 2786 4264 animae
2824 4209 3127 4280 languentis
3174 4211 3426 4266 interiora
3476 4208 3733 4270 dill'unde.

2161 4300 2430 4355 Memento
2459 4301 2639 4369 itaque
2659 4301 2800 4370 quod
2829 4316 2925 4370 per
2946 4300 3287 4355 Salomonem
3312 4302 3512 4355 dicitur
3538 4319 3550 4354 :
3581 4319 3600 4353 ι
3622 4301 3734 4356 Me-

2161 4390 2263 4444 lior
2284 4399 2367 4445 est
2390 4391 2672 4445 manifesta
2701 4391 2965 4446 correctio
2993 4407 3153 4458 quam
3181 4405 3336 4446 amor
3363 4391 3732 4447 absconditus.

2159 4479 2380 4535 Meliora
2423 4488 2552 4534 sunt
2596 4480 2820 4535 vulnera
2882 4481 3154 4551 diligentis
3199 4497 3360 4551 quam
3395 4481 3731 4536 fraudulenta

2150 4571 2336 4626 oscula
2380 4571 2613 4627 odientis
2657 4570 2858 4643 (Prov.
2917 4574 3118 4643 xxvu).
3149 4592 3169 4626 ι
3206 4573 3273 4628 Et
3327 4573 3492 4628 alibi:
3541 4592 3560 4624 ‹
3601 4573 3753 4636 Vim,

2151 4662 2342 4731 inquit,
2397 4661 2489 4731 qui
2544 4663 2925 4731 corripientem
2974 4663 3106 4717 dura
3148 4662 3361 4718 cervice
3410 4663 3728 4728 contemnit,

2151 4752 2461 4820 repentinus
2483 4752 2828 4821 superveniet
2867 4751 3139 4817 interitus,
3169 4763 3223 4806 et
3245 4767 3367 4807 eum
3394 4752 3601 4807 sanitas
3623 4767 3728 4806 non

2151 4851 2411 4912 sequetur
2443 4841 2624 4912 (Prov.
2659 4859 2786 4897 xxix
2811 4840 2854 4913 ).’
2877 4863 2894 4896 ι
2929 4843 3062 4899 lllud
3099 4845 3268 4901 etiam
3313 4845 3552 4910 attende,
3585 4847 3730 4914 quod

2153 4935 2266 4988 ait:
2297 4933 2438 5000 «Qui
2477 4934 2759 4989 abscondit
2790 4933 2991 4989 scelera
3026 4951 3142 5000 sua,
3175 4953 3279 4991 non
3311 4937 3600 5007 dirigetur;
3635 4937 3728 5005 qui

2153 5033 2335 5077 autem
2363 5021 2644 5078 confessus
2673 5023 2834 5077 fuerit
2869 5033 2925 5079 et
2974 5024 3251 5094 reliquerit
3284 5039 3346 5080 ea
3375 5067 3390 5091 ,
3423 5027 3731 5081 misericor-

2155 5109 2300 5162 diam
2440 5124 2800 5182 consequetur
2849 5113 3032 5183 (Prov.
3075 5117 3292 5184 xxvtu).
3317 5136 3334 5168 ι
3389 5117 3455 5171 Et
3485 5117 3679 5171 iterum
3711 5135 3724 5170 :

2159 5203 2298 5270 «Qui
2349 5203 2524 5274 diligit
2567 5204 2926 5273 disciplinam,
2994 5207 3180 5276 diliget
3224 5207 3578 5275 sapientiam;
3632 5207 3724 5276 qui

2155 5303 2331 5348 autem
2363 5293 2474 5347 odit
2504 5287 2919 5362 inerepa‘tiones,
2947 5297 3205 5366 insipiens
3228 5309 3307 5350 est
3333 5296 3514 5366 (Prov.
3548 5299 3665 5364 xu).
3700 5318 3719 5349 ι

2151 5380 2359 5438 Vitrum
2391 5399 2601 5453 nempe,
2630 5386 2754 5454 quia
2797 5387 2941 5442 visus
2970 5403 3198 5440 acumen
3227 5388 3461 5441 admittit
3485 5397 3540 5441 et
3568 5387 3724 5456 quid-

465 5459 706 5527 tempsit.
734 5461 976 5534 Cumque
1021 5467 1086 5517 ad
1120 5465 1294 5532 ipsum
1333 5467 1508 5520 denuo
1555 5477 1782 5537 peteret,
1832 5471 1928 5524 sed
1962 5471 2048 5525 ille
2140 5473 2276 5544 'qttid
2305 5475 2356 5527 in
2380 5488 2439 5527 se
2472 5473 2602 5528 latet
2629 5475 2871 5544 exponit,
2903 5478 3245 5546 prmstantius
3297 5477 3568 5531 videretur
3607 5492 3723 5531 om-

466 5546 772 5606 obstinatus
817 5568 881 5609 ac
913 5555 1117 5624 rigidus
1163 5555 1402 5612 funditus
1428 5557 1724 5624 abnuisset,
1764 5562 1829 5616 ad
1858 5577 2044 5632 agrum

471 5635 615 5692 illius
667 5637 900 5698 Absalon
952 5645 1198 5714 protinus
1246 5648 1391 5704 misit
1449 5663 1790 5721 messemque
1833 5653 2045 5721 hordei,

2151 5564 2308 5618 nibus
2333 5577 2452 5618 esse
2477 5562 2725 5629 metallis,
2753 5566 2854 5620 nisi
2892 5580 3208 5634 percussum
3251 5566 3407 5621 facile
3445 5568 3724 5636 frangere-

2152 5666 2278 5722 tur;
2311 5655 2404 5711 sed
2453 5656 2708 5726 quoniam
2740 5657 2805 5712 ad
2845 5657 3074 5725 primum
3107 5657 3353 5712 ferientis
3383 5657 3544 5712 ictum
3579 5656 3722 5710 illico
