4140 6500
438 271 542 328 277

1615 274 1819 331 LIBER
1854 274 2233 343 secessus,
2263 273 2478 332 EPIST.
2505 275 2619 332 xu.
2646 240 2649 245 ’

3575 276 3693 333 278‘

439 384 655 449 dissilit,
692 382 949 441 talentum
969 386 1096 442 vitri
1124 387 1210 443 vix
1238 387 1550 444 dodrantem
1585 397 1762 459 :equat
1786 392 2013 460 argenti.
2044 398 2093 457 Α
2118 407 2214 448 ora
2240 404 2331 447 tua
2355 393 2555 449 Christi
2584 401 2929 463 perspexerit
2948 407 3142 451 cruore
3164 392 3437 458 rubentia,
3460 394 3685 449 territus

441 475 586 530 Bosa
635 490 903 546 purpurea
947 476 1257 531 rutilantior
1302 477 1515 533 videtur
1553 491 1674 533 esse
1702 479 2016 544 vermiculo.

441 566 535 620 sed
561 566 688 634 quia
713 564 917 619 nullam
957 564 1062 621 fert
1081 566 1285 623 laboris
1308 567 1584 638 injuriam,
1613 567 1755 638 inter
1777 569 2020 639 quisqui-

446 656 640 739 liarujn
667 655 895 722 stipulas
926 657 1235 727 deputatur.

512 746 686 800 Porro
734 754 917 800 autem
978 746 1104 816 quia
1160 747 1333 802 sancti
1388 746 1907 803 conventus’rector
1959 762 2020 803 es

443 839 786 901 constitutus,
835 838 945 894 noli
994 832 1337 895 dissimulare
1375 836 1619 909 culpam;
1648 838 1742 893 sed
1784 853 1931 902 mox,
1962 846 2023 893 ut

442 930 747 993 emerserit,
789 929 988 985 adhibe
1017 928 1376 999 disciplinam,
1423 936 1485 983 ut
1535 944 1657 984 cum
1698 927 1933 984 Phineas
1967 937 2022 984 te

445 1018 591 1074 zelus
636 1019 703 1073 ad
738 1020 927 1074 :eterni
979 1020 1268 1073 sacerdotii
1307 1020 1431 1090 jura
1471 1022 1831 1089 promoveat(
1852 1018 2019 1073 Num.

445 1111 594 1182 xxv),
621 1126 731 1166 non
770 1125 894 1165 cum
939 1110 1056 1165 Heli
1102 1111 1204 1166 sub
1231 1119 1446 1181 torpore
1474 1110 1691 1166 desidia:
1716 1111 2022 1180 ignobiliter

445 1200 765 1254 oscitantem
828 1199 961 1254 ultio
1020 1200 1297 1269 repentina
1361 1198 1617 1269 percellat
1661 1198 1715 1269 (I
1753 1198 1875 1268 Reg.
1921 1198 2021 1270 tv).

450 1289 599 1345 Unde
626 1304 721 1355 per
767 1289 1110 1345 Salomoncm
1153 1290 1378 1344 dicitur:
1421 1308 1440 1341 ι
1474 1288 1593 1345 Noli
1636 1290 1956 1345 subtrahere
1992 1305 2023 1343 a

446 1396 614 1451 puero
654 1381 1009 1451 disciplinam.
1058 1381 1116 1436 Si
1147 1382 1289 1437 enim
1333 1381 1661 1451 percusseris
1701 1395 1821 1435 eum
1847 1380 2020 1451 virga,

448 1488 556 1526 non
582 1472 863 1526 morietur.
910 1471 989 1526 'l'u
1018 1472 1169 1543 virga
1218 1474 1457 1543 percutis
1508 1488 1652 1537 eum,
1699 1480 1754 1527 et
1787 1473 2022 1526 animam

448 1563 564 1631 ejus
610 1562 677 1618 de
718 1562 929 1619 inferno
955 1563 1212 1618 liberabis
1259 1561 1458 1633 (Prov.
1500 1564 1644 1632 xm).
1681 1581 1700 1615 ι
1743 1562 2025 1617 Verumta-

448 1668 571 1708 men
599 1667 730 1707 cave
759 1667 825 1707 ne
857 1653 1054 1707 nimius
1079 1653 1376 1723 disciplina:
1419 1653 1564 1723 rigor
1588 1652 1847 1707 duritiam
1892 1668 2021 1707 con-

450 1743 632 1796 trahat
673 1750 728 1796 et
767 1742 1153 1797 immoderatus
1175 1742 1272 1798 zeli
1302 1743 1481 1799 fervor
1502 1752 1742 1797 vertatur
1776 1744 1830 1796 in
1870 1745 2025 1808 iram,
2056 1736 2102 1796 Β

452 1846 520 1887 ne
568 1832 848 1896 videlicet.
900 1834 1025 1887 dum
1083 1833 1253 1904 culpa:
1301 1834 1492 1905 rubigo
1550 1835 1874 1904 detergitur,
1933 1849 2028 1889 vas

448 1934 697 1978 tenerum
733 1921 1125 1993 confringatur.
1154 1922 1307 1978 Unde
1333 1930 1389 1977 et
1418 1922 1672 1978 Salomon
1701 1923 1814 1976 ait:
1862 1939 1881 1972 ι
1909 1920 2026 1976 Noli

448 2025 570 2066 esse
615 2011 821 2066 amicus
859 2011 1063 2065 homini
1111 2011 1391 2078 iracundo,
1419 2026 1595 2081 neque
1635 2011 1876 2067 ambules
1903 2027 2027 2067 cum

450 2105 568 2158 viro
593 2102 821 2164 furioso,
848 2118 915 2157 ne
948 2102 1086 2159 forte
1115 2102 1293 2158 discas
1325 2102 1547 2158 semitas
1576 2102 1726 2172 ejus,
1756 2111 1814 2158 et
1842 2118 2029 2158 sumas

448 2193 762 2249 scandalum
785 2194 978 2247 anima:
1008 2202 1112 2249 tua:
1141 2191 1323 2263 (Prov.
1353 2192 1509 2264 χιιι).
1527 2212 1546 2246 ι
1572 2194 1775 2249 Aliter:
1798 2213 1816 2247 ι
1841 2193 2029 2248 Melius

449 2293 535 2337 est
587 2282 832 2338 habitare
880 2283 933 2337 in
967 2294 1110 2339 terra
1152 2283 1389 2350 deserta,
1430 2299 1590 2354 quam
1627 2300 1751 2339 cum
1804 2285 2029 2340 muliere

449 2375 629 2431 rixosa
651 2383 707 2430 et
736 2375 990 2429 iracunda
1016 2373 1196 2444 (Prov.
1224 2375 1359 2445 ιιι).
1388 2394 1408 2428 ι
1441 2374 1548 2446 75
1574 2375 1823 2431 Nonnulli
1850 2376 2027 2445 plane,

451 2479 573 2519 cum
624 2478 720 2535 per
751 2463 1100 2533 impatientia:
1122 2464 1363 2519 fomitem
1408 2480 1438 2520 a
1486 2461 1716 2520 fratrum
1766 2466 2031 2520 charitate

451 2552 727 2617 resiliunt,
774 2555 876 2609 hoc
925 2555 1067 2623 quod
1115 2554 1313 2613 Paulus
1358 2563 1415 2608 et
1468 2554 1751 2611 Barnabas
1805 2564 2031 2625 prepter

451 2647 688 2704 Marcum
733 2649 1049 2720 discipulum
1098 2648 1166 2702 ab
1208 2648 1438 2704 invicem
1473 2648 1833 2703 discesserunt
1879 2648 2026 2717 (Act.

452 2739 577 2808 xv),
611 2738 665 2793 in
702 2738 1028 2793 defensionis
1053 2753 1163 2793 suae
1199 2737 1571 2792 testimonium
1602 2743 1835 2791 vertunt.
1869 2737 2022 2802 Quod

452 2828 639 2897 utique
684 2836 889 2884 constat
931 2843 1039 2883 non
1092 2827 1375 2883 discordiae
1406 2827 1562 2891 vitio,
1601 2827 1696 2882 sed
1734 2827 1929 2882 divina:
1951 2826 2031 2880 di-

453 2916 811 2985 spensationis
837 2916 1037 2971 factum
1079 2932 1200 2972 esse
1223 2917 1447 2986 judicio,
1478 2924 1536 2971 ut
1564 2916 1819 2970 nimirum
1855 2916 2029 2971 sancti

454 3006 678 3076 apostoli
719 3018 975 3077 tanquam
1022 3023 1192 3078 grana
1227 3007 1391 3063 tritici
1423 3021 1487 3063 eo
1538 3007 1850 3078 spargendae
1905 3006 2027 3060 fidei

2118 483 2515 545 contremiscat,
2564 492 2760 553 praesto
2806 481 3051 555 diﬂ‘ugiat
3100 492 3158 539 et
3196 491 3534 539 sacramento
3580 498 3687 551 quo

2118 572 2420 639 captivatus
2448 581 2531 626 est
2572 573 2792 642 propius
2823 573 3080 628 accedere
3124 588 3230 628 non
3256 579 3562 643 praesumat.
3595 569 3687 624 Sic

2116 658 2290 715 eﬂ‘etis
2346 661 2602 719 continuo
2637 661 2843 716 viribus
2889 670 3125 726 corruat,
3168 669 3224 715 et
3265 661 3320 714 in
3361 661 3551 714 scrobe
3576 673 3688 713 sua:

2120 750 2338 806 malitia:
2366 761 2623 823 quantum
2650 753 2716 808 ad
2742 762 2796 807 te
2821 762 3079 824 perpetuo
3099 752 3344 808 conditus
3388 750 3685 811 delitescat.

2120 843 2226 898 Sed
2252 842 2365 910 jam
2395 842 2601 898 calamo
2630 843 2898 898 silentium
2949 844 3173 912 impero,
3202 843 3327 911 quia
3363 841 3477 910 ipse
3509 855 3595 893 me
3624 840 3686 901 in

2120 932 2279 1002 hujus
2308 934 2738 1004 praesumptionis
2780 934 3006 989 audacia
3058 932 3414 1003 reprehendo,
3444 941 3498 987 et
3532 931 3689 1000 quasi

2122 1024 2286 1078 misso
2317 1024 2368 1078 in
2397 1038 2627 1080 messem
2665 1023 2788 1094 igne
2808 1024 3058 1093 'protinus
3098 1023 3263 1093 fugio,
3288 1036 3356 1075 ne
3384 1019 3684 1091 deprehen-

2121 1112 2221 1167 dar
2247 1112 2429 1166 uberis
2465 1111 2578 1183 agri
2623 1120 2914 1182 proventus
2942 1126 3191 1174 exurere,
3222 1110 3312 1180 qui
3352 1109 3536 1179 spinas
3566 1115 3688 1162 tan-

2124 1213 2238 1257 tum
2262 1210 2316 1257 et
2342 1203 2557 1256 arbusta
2588 1201 2876 1257 debueram
2909 1201 3179 1257 silvestria
3206 1197 3560 1268 conﬂagrare.

2660 1309 2990 1367 EPISTOLA
3030 1308 3143 1363 XII.

2206 1413 2274 1453 AD
2313 1413 2529 1454 EUMDEI
2582 1412 2901 1454 υῑειυιςιιιυιι
2957 1412 3235 1463 ΑΒΒᾹΤΕΙ,
3279 1412 3349 1454 ετ
3408 1413 3597 1455 ωηι-

2811 1482 3007 1523 Μιειι.

2123 1579 2518 1650 Ancuusurtnr.
2546 1579 2770 1650 allato
2804 1577 3051 1650 epistola,
3082 1589 3142 1635 ut
3182 1580 3350 1650 prior,
3396 1588 3505 1633 tota
3528 1593 3698 1650 para-

2195 1649 2371 1704 netica
2401 1657 2502 1703 est.
2535 1649 2869 1704 Adhortatur
2903 1650 3045 1704 enim
3069 1649 3313 1703 eumdem
3341 1649 3695 1713 Desiderium,

2198 1726 2259 1773 ut
2280 1719 2592 1773 monasterii
2608 1719 2711 1774 sibi
2732 1720 3007 1773 commissi
3029 1735 3213 1773 curam
3239 1717 3504 1773 indefesso
3524 1728 3694 1786 gerat,

2199 1789 2594 1844 assentationes
2641 1787 2835 1858 fugiat,
2863 1790 2928 1842 de
2953 1804 3010 1843 se
3030 1786 3239 1856 abjecte
3267 1788 3482 1858 sentiat,
3513 1801 3703 1841 mona-

2196 1858 2350 1921 chos,
2376 1872 2587 1927 eosque
2636 1857 2965 1927 praesertim,
3014 1858 3104 1927 qui
3148 1857 3699 1927 simplicioressunt,

2197 1928 2263 1996 ad
2289 1928 2431 1980 viam
2467 1925 2815 1996 perfectionis
2844 1925 3057 1996 dirigat,
3102 1937 3157 1981 et
3200 1925 3431 1994 denique
3466 1925 3703 1995 seipsum

2197 1994 2262 2048 ad
2292 1994 2766 2064 contemplationis
2794 1994 3008 2051 culmen
3030 1996 3227 2066 erigat.
3302 2020 3305 2021 ν

2197 2083 2307 2155 ’16
2333 2084 2536 2139 Domno
2570 2084 2860 2140 Dssmsmo
2903 2083 3196 2139 venerabili
3236 2082 3453 2149 abbati,
3482 2079 3700 2137 Perses

2129 2182 2383 2242 peccator
2404 2173 2701 2228 monachus
2726 2173 3061 2228 servitutem.

2198 2259 2350 2315 Licet
2396 2261 2535 2332 ignis
2589 2261 2972 2331 circumposita
2996 2324 3001 2339 Ἀ
3032 2273 3257 2330 quaeque
3304 2259 3587 2329 corripiat,
3640 2273 3700 2312 se

2130 2358 2309 2406 tamen
2336 2356 2499 2421 super
2547 2365 2607 2405 se
2633 2350 2956 2406 naturaliter
2990 2350 3148 2420 erigit
3190 2363 3250 2404 ac
3274 2363 3488 2419 semper
3527 2348 3582 2403 in
3615 2362 3705 2402 su-

2128 2442 2340 2512 pesiora
2389 2441 2686 2508 contendit,
2740 2448 2793 2496 et
2841 2439 3116 2495 fraternus
3152 2454 3324 2505 amor,
3360 2439 3451 2510 qui
3476 2439 3529 2493 in
3570 2438 3707 2494 meis

2129 2532 2276 2587 circa
2327 2540 2379 2585 te
2408 2531 2706 2586 visceribus
2751 2539 2961 2596 aestuat,
2996 2545 3335 2601 nequaquam
3363 2538 3416 2584 te
3434 2528 3548 2585 solo
3575 2544 3707 2584 con-

2130 2628 2311 2675 tentus
2335 2619 2389 2673 in
2434 2626 2487 2674 te
2516 2618 2798 2673 constituit
2839 2620 3023 2681 ﬁnem,
3066 2618 3159 2672 sed
3198 2631 3293 2687 per
3319 2625 3371 2672 te
3408 2630 3625 2686 quoque
3649 2616 3709 2670 in

2129 2723 2470 2765 communem
2521 2706 2843 2762 transfertur
2879 2707 3190 2763 Auctorem.
3219 2706 3314 2761 Est
3357 2706 3503 2760 enim
3552 2719 3715 2760 amor

2129 2797 2354 2865 inutilis,
2382 2798 2566 2853 aridus
2588 2806 2644 2853 et
2689 2797 2947 2862 insulsus,
2976 2796 3169 2867 quisic
3197 2810 3258 2853 se
3300 2803 3531 2864 occupat
3558 2794 3707 2850 circa
3808 2802 3811 2805 ‘

2128 2891 2455 2959 proximum,
2482 2899 2543 2944 ut
2589 2903 2694 2943 non
2733 2889 2899 2943 etiam
2945 2888 3252 2958 porrigatur
3308 2885 3363 2941 in
3404 2885 3607 2947 Deum.
3638 2883 3708 2938 Et

2114 2998 2436 3061 quanquam
2467 2981 2777 3054 principalis
2829 2981 2902 3037 sit
2951 2996 3104 3036 amor
3146 2980 3264 3045 Dei,
3318 2994 3419 3050 per
3464 2992 3707 3033 amorem

458 3065 763 3153 uberiorem
815 3065 1053 3153 messeni
1075 3100 1378 3165 redderent,
1424 3114 1531 3168 quo
1566 3065 1761 3168 procul
1814 3112 1910 3153 eos
1963 3098 2030 3151 ab
2057 3065 2103 3127 C
2138 3082 2314 3126 “me”
2359 3071 2614 3168 Pﬁoﬁmiv
2643 3085 2803 3140 quem
2847 3070 3227 3168 ⁰⁰ξ¹ξβίθί¹¹¹¹ξξν
3249 3066 3606 3168 ,Ρθτνθηίξηυξ
3632 3065 3708 3168 ᾖα

457 3188 683 3243 invicem
754 3189 1106 3244 dissensionis
1177 3205 1306 3244 aura
1372 3187 1644 3258 perflaret.
1708 3189 2033 3244 Absentibns

458 3292 731 3347 nunquam
785 3278 1061 3346 detrahas,
1102 3278 1196 3333 sed
1226 3294 1322 3335 eos
1371 3278 1424 3332 in
1472 3278 1687 3344 faciem,
1738 3288 1898 3348 prout
1947 3294 2034 3333 res

458 3368 772 3433 dictaverit,
803 3378 1170 3438 competenter
1212 3369 1458 3439 objurga.
1492 3368 1627 3423 Hinc
1653 3373 1736 3423 est
1787 3367 1928 3437 quod
1980 3368 2034 3421 in

459 3454 767 3512 Proverbiis
816 3457 1051 3526 legitur:
1103 3476 1121 3509 ‹
1148 3456 1387 3513 Remove
1430 3472 1460 3510 a
1512 3466 1563 3511 te
1591 3472 1653 3511 os
1690 3471 1935 3526 pravum,
1980 3463 2036 3509 et

467 3547 806 3601 detrahentia
838 3545 975 3600 labia
999 3546 1107 3601 sint
1149 3546 1332 3615 procul
1360 3562 1391 3600 a
1428 3554 1482 3601 te
1509 3546 1689 3610 (Prov.
1716 3544 1848 3617 tv)»
1880 3546 1944 3599 Et
1979 3546 2031 3599 in

462 3634 787 3690 Ecclesiaste
809 3633 1005 3705 (Eccle.
1037 3635 1091 3705 x)
1123 3653 1136 3688 :
1167 3654 1185 3687 ι
1210 3634 1267 3690 Si
1298 3635 1562 3700 mordeat,
1596 3634 1790 3702 inquit,
1814 3649 2036 3705 serpens

464 3724 518 3778 in
543 3724 774 3787 silentio,
801 3724 934 3778 nihil
979 3739 1043 3778 eo
1083 3725 1258 3778 minus
1288 3725 1471 3787 habet,
1503 3724 1594 3793 qui
1624 3724 1833 3780 occulte
1859 3724 2037 3779 detra-

463 3814 564 3869 hit.
604 3834 622 3867 ι
654 3815 748 3869 Vir
777 3815 939 3868 etiam
971 3815 1184 3883 sapiens
1231 3815 1344 3868 ait:
1392 3832 1411 3865 ι
1444 3811 1676 3869 Susurro
1705 3823 1759 3868 et
1786 3812 2039 3884 bilinguis

466 3903 786 3958 maledictus
809 3913 915 3967 est,
948 3905 1145 3958 multos
1188 3903 1533 3958 conturbavit
1564 3918 1751 3971 pacem
1772 3902 2036 3957 habentes

465 3992 653 4062 (Eccli.
688 3994 912 4065 xxvtu);
947 4014 965 4047 ι
1005 3994 1240 4049 audienti
1283 4007 1415 4048 vero
1466 3992 1627 4048 dicit:
1660 4011 1677 4043 ι
1705 3991 1828 4061 Sepi
1878 4008 2038 4047 aures

465 4093 587 4140 tuas
608 4088 798 4156 spinis,
825 4096 879 4141 et
916 4086 1023 4141 noli
1070 4086 1257 4141 audire
1282 4084 1524 4154 linguam
1560 4100 1832 4155 nequam:
1865 4091 1917 4138 et
1953 4082 2037 4137 ori

466 4166 561 4231 tuo
582 4176 743 4233 facito
764 4179 926 4242 ostia,
946 4185 999 4232 et
1022 4192 1172 4232 seras
1202 4178 1422 4232 auribus
1444 4174 1776 4248 ejus(1bid.).
1791 4196 1808 4228 ο
1828 4175 2037 4230 Adver-

468 4282 559 4320 sus
594 4266 829 4337 linguam
873 4283 1106 4337 nequam
1169 4282 1329 4323 aures
1372 4274 1590 4321 nostras
1641 4265 1810 4336 spinis
1864 4264 2039 4334 sepire

468 4355 828 4424 praecipimur,
851 4364 913 4409 ut
941 4356 1285 4410 detrahentes
1306 4368 1545 4425 quosque
1565 4352 1795 4423 spinosa:
1819 4366 2040 4421 respono

469 4443 636 4499 sionis
667 4444 852 4498 aculeo
869 4446 1235 4500 retundamus.
1590 4448 1593 4451 ’

542 4534 674 4588 Ama
717 4532 1000 4603 jejunium,
1049 4543 1109 4588 ut
1147 4535 1273 4588 dum
1313 4530 1488 4587 inedia
1530 4546 1726 4602 corpus
1766 4531 2036 4593 atteritur,

470 4627 649 4680 anima
702 4627 938 4681 caalestis
996 4628 1183 4697 gratias
1235 4626 1556 4697 pinguedine
1615 4624 1907 4693 saginetur.
1974 4622 2042 4677 Et

472 4732 693 4786 serpens
738 4717 859 4782 ille,
907 4721 997 4788 qui
1048 4710 1417 4772 comedentem
1461 4716 1732 4771 hominem
1773 4715 1880 4769 cibi
1934 4714 2040 4768 telo

472 4813 838 4873 prostraverat
867 4805 1019 4877 (Gen.
1089 4810 1193 4871 ιιι),
1230 4806 1491 4875 jejunanti
1530 4818 1673 4858 nunc
1708 4816 1805 4872 per
1831 4802 2038 4857 sobrie-

477 4894 603 4947 tatis
649 4910 799 4949 arma
842 4896 1175 4949 succumbat.
1232 4894 1466 4962 Serpens
1505 4893 1674 4956 enim,
1698 4892 1837 4945 sicut
1862 4890 2041 4961 perhi-

474 4980 601 5035 bent
624 4983 714 5050 qui
754 4984 1055 5039 scrutandis
1085 4999 1263 5037 rerutn
1286 4982 1495 5037 naturis
1522 4978 1790 5034 subtiliter
1816 4979 2038 5033 insuda-

478 5083 600 5124 runt
649 5070 820 5143 (Pun.
880 5071 918 5126 Ι.
962 5086 1155 5137 xxvtn,
1204 5089 1320 5141 cap.
1377 5071 1455 5140 4),
1498 5069 1546 5125 si
1592 5068 1765 5139 jejuni
1810 5068 2042 5123 hominis

477 5172 689 5231 spntmn
727 5172 923 5232 gustet,
963 5165 1206 5233 protinus
1245 5164 1491 5218 moritur.
1539 5162 1672 5219 Cum
1727 5176 1854 5231 ergo
1898 5170 2043 5215 tanta

477 5255 551 5309 sit
568 5253 757 5323 jejunii
800 5255 969 5309 virtus
1007 5256 1060 5309 in
1098 5257 1236 5310 hanc
1265 5255 1515 5317 bestiam,
1555 5269 1675 5323 qum
1697 5251 2047 5323 corporaliter

480 5348 639 5415 repit,
668 5356 868 5417 quanto
892 5347 1263 5402 vehementior
1293 5346 1346 5400 in
1377 5345 1525 5400 illum
1548 5346 1835 5400 draconem
1866 5343 2046 5414 vigere

479 5440 744 5494 credenda
791 5449 894 5503 est,
939 5440 1030 5508 qui
1079 5438 1420 5493 invisibiliter
1447 5438 1658 5506 serpit?
1688 5436 1792 5491 Sed
1817 5447 1874 5488 ut
1908 5433 2050 5489 colu-

481 5532 637 5586 brum
690 5531 833 5585 hunc
888 5531 1068 5585 valcas
1128 5512 1397 5583 clﬁcacius
1454 5542 1742 5595 rumpere,
1797 5522 2049 5579 sacriﬁcii

485 5622 735 5677 salutaris
763 5622 992 5676 hostiam
1034 5630 1217 5688 salage
1247 5617 1552 5687 frequenter
1583 5614 1797 5680 oﬁ‘erre,
1832 5624 1888 5667 ut
1925 5613 2049 5667 dum

2134 3175 2373 3213 amorem
2405 3158 2524 3223 Dei,
2554 3172 2713 3227 quem
2743 3173 2849 3212 non
2875 3157 3120 3213 videmus
3151 3154 3203 3224 (Ι
3232 3154 3392 3209 Joan.
3422 3153 3529 3223 tv).
3566 3153 3714 3208 inte-

2135 3249 2237 3303 rim
2270 3242 2451 3318 itaque
2475 3249 2603 3303 dum
2634 3257 2687 3302 te
2711 3247 2959 3303 cominus
2983 3246 3204 3302 attendo
3233 3260 3394 3317 quem
3421 3245 3603 3315 diligo,
3637 3244 3707 3298 ad

2136 3340 2283 3397 illum
2326 3356 2540 3412 semper
2590 3340 2778 3396 oculos
2816 3340 2936 3396 levo
2997 3340 3064 3394 ad
3129 3353 3287 3409 quem
3328 3347 3506 3394 tecum
3549 3335 3710 3392 simul

2136 3434 2400 3503 attingere
2455 3432 2800 3501 concupisco.
2869 3431 3109 3486 Consere
3161 3430 3325 3500 igitur
3383 3439 3438 3484 et
3496 3428 3710 3483 innecte

2136 3535 2344 3584 manus,
2371 3528 2554 3590 atque,
2582 3530 2638 3573 ut
2660 3519 2896 3574 laborem
2915 3518 3227 3573 alleviemus
3250 3516 3483 3580 itineris,
3506 3514 3711 3573 mutuis

2135 3627 2236 3667 nos
2271 3610 2740 3667 adhortationibus
2770 3609 3075 3663 incitemus.
3103 3606 3182 3661 Tu
3218 3616 3419 3671 autem,
3443 3604 3571 3674 quia
3616 3618 3703 3657 re-

2137 3701 2293 3773 gendi
2334 3699 2765 3771 praestantissimi
2816 3698 3127 3754 monasterii
3165 3696 3392 3751 nexibus
3431 3693 3708 3763 obligaris,

2137 3807 2267 3847 cave
2297 3808 2363 3846 ne
2393 3791 2447 3845 in
2499 3789 2658 3857 hujus
2687 3789 2786 3844 via:
2832 3786 3127 3848 laboribus,
3160 3785 3242 3840 vel
3274 3781 3630 3853 pusillanimis
3657 3788 3710 3835 te

2137 3882 2398 3937 lassitudo
2429 3879 2686 3943 retardet,
2725 3875 2810 3931 vel
2839 3874 3231 3930 assentantium
3268 3869 3545 3925 deleniﬁca
3586 3882 3704 3921 ver-

2138 3975 2205 4028 ba
2241 3972 2407 4027 robur
2447 3971 2612 4025 animi
2642 3967 2782 4025 male
2833 3966 3224 4022 consentientis
3272 3969 3551 4017 enervent.
3579 3958 3710 4015 illud

2139 4065 2321 4133 itaque
2370 4062 2435 4117 ad
2491 4061 2805 4116 memoriam
2847 4071 3061 4121 revoco,
3117 4054 3261 4125 quod
3291 4053 3357 4109 de
3380 4051 3550 4107 Tobia
3592 4050 3711 4103 viro

2133 4156 2281 4226 justo
2316 4153 2600 4223 Scriptura
2641 4157 2908 4205 testatur:
2973 4165 2991 4199 ι
3020 4145 3275 4216 Contigit,
3328 4143 3603 4212 inquiens,
3655 4148 3715 4193 ut

2140 4244 2371 4315 quadam
2402 4243 2490 4297 die
2538 4240 2794 4312 fatigatus
2821 4254 2851 4291 a
2881 4237 3179 4307 sepultura,
3224 4232 3448 4288 veniens
3471 4231 3710 4294 domum,

2136 4336 2401 4407 jactasset
2445 4347 2504 4388 se
2541 4331 2694 4402 juxta
2726 4329 2987 4401 parietem
3029 4337 3085 4381 et
3127 4323 3523 4386 obdormisset,
3552 4328 3713 4390 atque

2066 4411 2118 4469 ι)
2142 4443 2209 4482 ex
2244 4426 2372 4481 nido
2397 4423 2746 4479 hirundinum
2785 4417 3073 4475 dormienti
3110 4416 3186 4471 illi
3233 4411 3407 4470 calida
3474 4421 3737 4468 stercora.

2143 4516 2455 4587 insisterent
2513 4525 2675 4582 super
2746 4509 2934 4565 oculos
2997 4507 3148 4575 ejus,
3206 4506 3465 4573 ﬁeretque
3536 4515 3741 4555 czecus;
3798 4540 3803 4541 κ

2143 4609 2296 4682 (Tob.
2333 4606 2425 4678 ιι).
2461 4626 2480 4660 ι
2516 4605 2794 4675 Fatigatus
2824 4619 2853 4657 a
2884 4601 3181 4671 sepultura,
3215 4598 3342 4651 dum
3370 4611 3429 4650 se
3452 4592 3537 4647 vrl
3557 4591 3740 4682 effrat

2144 4699 2246 4754 etis
2266 4698 2470 4752 viribus
2493 4694 2729 4765 projicit,
2753 4692 2936 4748 lumen
2982 4689 3200 4745 amittit.
3248 4685 3475 4740 lllmsum
3518 4681 3747 4751 quippe

2144 4792 2325 4855 cordis
2367 4788 2582 4845 oculum
2626 4794 2830 4852 servat,
2878 4782 3124 4856 quisquis
3154 4780 3207 4833 in
3263 4775 3420 4831 bonis
3467 4770 3717 4842 operibus

2144 4878 2497 4951 infatigabilis
2552 4884 2898 4947 perseverat;
2950 4886 3071 4927 cum
3113 4881 3243 4923 vero
3302 4861 3755 4951 pusillanimiter.

2146 4948 2430 5042 frangitur,
2462 4985 2569 5025 non
2618 4965 2887 5024 immerito
2931 4962 3049 5015 luce
3092 4956 3357 5027 privatur.
3408 4948 3747 5042 Hincagenim~

2148 5040 2410 5133 scriptum
2458 5068 2573 5116 est:
2609 5077 2628 5111 ι
2660 5058 2753 5113 Va:
2794 5055 2861 5110 iis
2896 5051 2989 5122 qui
3025 5048 3386 5120 perdiderunt:
3406 5040 3715 5099 substinen-

2150 5154 2310 5210 tiam!
2337 5150 2523 5225 (Eccli.
2601 5147 2686 5218 ιι.)
2708 5165 2726 5199 ι
2753 5145 2891 5200 Hinc
2914 5141 3109 5197 Paulus
3130 5140 3235 5194 ait:
3270 5135 3554 5205 (Vigilate,
3576 5137 3718 5225 state

2149 5249 2203 5303 in
2236 5219 2361 5309 ﬁde,
2390 5242 2619 5298 viriliter
2642 5239 2784 5308 agite
2808 5234 2860 5308 (I
2894 5234 3014 5298 Cor.
3044 5232 3179 5303 xvr).
3215 5249 3234 5281 ι
3270 5227 3408 5294 Quid
3434 5236 3563 5277 vero
3580 5219 3716 5274 levi-

2150 5347 2235 5393 ter
2260 5334 2549 5391 volitantes
2577 5327 2924 5391 hirundines,
2957 5325 3060 5380 nisi
3100 5323 3243 5378 leves
3289 5314 3621 5372 adulantium
3666 5316 3721 5363 et

2150 5426 2347 5483 blanda
2402 5420 2737 5496 loquentium
2797 5418 3103 5487 signiﬁcant
3168 5408 3389 5465 mores?
3434 5405 3536 5496 Qui
3565 5403 3717 5496 dum

2155 5492 2508 5582 blandiloquii
2535 5511 2618 5567 sui
2657 5508 2925 5565 suavitate
2948 5502 3272 5562 demulcent,
3302 5498 3427 5553 dum
3456 5492 3721 5549 adulatio—

2157 5609 2240 5661 nis
2294 5604 2411 5660 oleo
2472 5609 2635 5671 caput
2686 5598 2950 5655 audientis
3017 5595 3371 5664 impinguant,
3438 5587 3727 5643 interiores
