4140 6450
403 231 509 290 279

933 233 992 287 S.
1031 228 1234 286 PETRI
1276 226 1553 284 DAMIANI
1589 225 1740 282 OPP.
1777 223 1954 280 PARS
1992 223 2122 282 SEU
2163 224 2396 282 TOMUS
2425 225 2466 279 I.
2507 255 2576 265 -—
2621 221 2834 279 EPIST.
2874 221 3000 278 LIB.
3041 222 3172 279 VIII.

3535 217 3641 273 280

406 347 610 411 oculos,
640 359 710 402 ne
735 343 890 400 solita
920 342 1036 398 luce
1063 345 1427 412 perfruantur,
1461 339 1766 396 excaecant?
1794 357 1812 388 ι
1833 340 1968 392 Cor-
1998 347 2046 398 Α
2073 340 2225 393 dum
2251 343 2318 394 ad
2347 341 2602 402 medium,
2625 338 2728 392 nisi
2749 345 2809 391 ut
2831 347 2885 390 tu
2910 336 3175 407 Intelltgas
3203 339 3351 404 quia,
3377 339 3642 407 quantum

408 437 568 507 rlpiet
601 451 686 491 me
731 435 926 505 justus,
953 434 1146 504 inquit,
1188 434 1240 488 in
1269 433 1658 496 misericordia,
1710 440 1765 484 et
1795 430 1967 484 increv

407 532 554 598 pabit
584 544 701 595 me;
740 521 914 583 ollaum
968 536 1145 581 autem
1183 525 1482 596 peccatoris
1519 539 1628 578 non
1676 521 1972 590 impinguct

408 629 565 688 caput
595 634 772 674 meum
823 615 994 688 (Psal.
1129 615 1286 684 cn).
1319 634 1339 669 ι
1373 614 1439 669 Ει
1464 622 1718 681 tanquam
1763 619 1973 665 stercus

417 721 440 757 ι⁴
455 706 588 760 culis
620 705 890 776 ingerunt,
927 705 1052 760 dum
1078 702 1430 759 lenocinantis
1457 700 1653 770 eloquii
1682 696 1976 769 quemlibet

418 793 613 845 blanda
674 793 1002 847 verbositate
1049 798 1374 861 perungunt.
1427 789 1473 842 A
1528 788 1724 858 quibus
1769 785 1974 841 scilicet

411 879 524 932 haec
552 893 693 947 saepe
719 878 972 934 dicuntur
999 896 1012 932 :
1051 896 1070 930 ι
1102 876 1232 931 Vive
1259 877 1387 930 dum
1428 875 1586 940 vivis,
1622 887 1806 928 recrea
1853 883 1974 927 cor-

408 983 509 1036 pus
537 968 764 1033 eduliis;
794 984 863 1022 ne
889 968 934 1042 _si
965 983 1022 1024 se
1049 967 1345 1025 districtius
1368 974 1586 1030 atterat,
1617 972 1695 1020 tot
1721 975 1976 1032 oppressa

343 1087 362 1099 ο
413 1055 686 1111 laboribus
718 1071 848 1112 caro
889 1055 1093 1126 fragilis
1122 1070 1244 1112 mox
1283 1053 1620 1108 succumbat.
1651 1069 1671 1104 ι
1734 1050 1975 1109 Persona

411 1153 503 1200 tua
527 1145 962 1202 clementioribus
985 1143 1265 1199 excolatur
1285 1142 1547 1208 induviis,
1575 1150 1635 1197 ut
1663 1140 1778 1212 ejus
1816 1153 1978 1211 quam

413 1242 566 1290 tenes
596 1243 838 1290 servetur
863 1235 1077 1306 genium
1118 1235 1410 1305 dignitatis.
1445 1232 1854 1303 Agglomeretur
1896 1227 1979 1283 la-

413 1324 618 1379 teribus
661 1324 766 1379 tuis
817 1325 870 1378 in
925 1325 1145 1378 modum
1199 1324 1352 1377 cunei
1408 1323 1560 1376 turba
1588 1320 1888 1383 clientium,
1923 1325 1982 1373 ut

410 1417 538 1472 dum
581 1425 632 1469 te
666 1415 1087 1470 commeantiun.
1142 1413 1426 1468 multitudo
1472 1413 1820 1475 condecorat,
1863 1417 1973 1463 tam

414 1503 658 1560 sublimis
680 1503 854 1556 honor
879 1499 1038 1556 olllcii
1061 1517 1165 1557 non
1206 1501 1443 1555 vilescat.
1475 1499 1580 1555 Sed
1609 1498 1655 1553 si
1687 1497 1839 1553 nobis
1867 1497 1983 1552 haec

417 1591 695 1647 diabolica:
744 1591 1098 1660 malignitatis
1145 1591 1448 1645 amaritudo
1475 1588 1764 1658 detegitur,
1806 1596 1984 1642 tenta-

2070 429 2235 484 distat
2271 427 2410 483 inter
2445 426 2630 482 oculos
2661 435 2716 481 et
2748 425 2988 496 capillos,
3028 434 3235 480 tantum
3273 425 3386 480 fere
3419 427 3473 480 in
3507 433 3643 476 con-

2071 514 2432 584 templationis
2457 515 2634 569 Studio
2663 513 2806 568 inter
2831 511 3078 582 praelatos
3101 512 3304 568 distare
3341 513 3554 578 debeat,
3582 517 3642 568 et

2071 604 2372 674 subjectos?
2417 612 2681 673 quatenus
2726 611 2779 656 tu
2831 617 3036 668 eorum,
3084 602 3178 671 qui
3225 602 3317 658 tibi
3364 604 3638 660 commissi

2071 702 2217 758 sunt,
2247 692 2454 760 oculus,
2489 701 2544 746 tu
2571 692 2938 762 spiritualibus
2965 691 3154 746 studiis
3183 692 3261 747 sis
3291 691 3547 760 intentus,
3583 703 3640 748 et

2073 782 2257 838 videas
2294 795 2402 837 non
2438 781 2597 836 modo
2625 781 2739 845 tibi,
2779 782 2873 836 sed
2909 789 2964 835 et
3001 780 3123 835 sibi.
3163 779 3300 836 Hinc
3332 780 3643 852 frequenter

2073 875 2314 930 exoritur
2349 875 2630 929 inundatio
2652 872 2900 937 fletuum,
2931 871 3162 928 salubris
3189 872 3530 942 compunctio
3557 872 3639 927 la-

2043 976 2047 980 '
2074 977 2404 1035 crymarum.
2437 961 2574 1016 Hinc
2597 969 2681 1017 est
2718 962 2862 1031 quod
2893 961 2946 1016 in
2974 958 3169 1016 Genesi
3210 959 3445 1029 legitur:
3481 978 3500 1012 ι
3537 959 3644 1016 Iste

2075 1063 2160 1109 est
2182 1093 2198 1119 ,
2247 1052 2461 1122 inquit,
2510 1050 2660 1116 Ona,
2690 1051 2782 1120 qui
2810 1050 3012 1106 invenit
3035 1064 3203 1119 aquas
3246 1048 3448 1106 calidas
3471 1051 3525 1105 in
3550 1064 3644 1105 so-

2078 1141 2338 1208 litudine,
2390 1141 2516 1195 dum
2560 1149 2806 1211 pasceret
2852 1139 3034 1194 asinos
3078 1137 3289 1196 Sebeon
3342 1140 3511 1208 patris
3559 1141 3662 1206 sui

2079 1229 2232 1303 (Gen.
2262 1233 2470 1298 xxxvi).
2503 1249 2520 1283 ι
2553 1230 2666 1285 Hoc
2701 1229 2860 1300 plane
2884 1239 3142 1298 quantum
3180 1231 3248 1285 ad
3278 1229 3510 1286 litteram
3550 1246 3646 1285 va-

2080 1335 2209 1375 num
2234 1321 2442 1376 videtur
2463 1329 2520 1376 et
2540 1319 2807 1376 frivolum.
2836 1318 2972 1386 Quid
2998 1321 3140 1376 enim
3167 1320 3234 1374 ad
3263 1335 3474 1376 sacram
3501 1319 3648 1376 Scri-

2078 1419 2294 1480 pturam
2336 1409 2600 1480 pertinet,
2637 1417 2698 1463 ut
2742 1409 2936 1464 referat
2987 1410 3112 1479 quia
3151 1419 3334 1465 custos
3374 1410 3646 1466 asinorum

2081 1514 2251 1568 aquas
2279 1499 2480 1570 reperit
2519 1499 2574 1554 in
2619 1499 2867 1554 deserto?
2901 1497 3009 1554 Sed
3053 1500 3141 1554 ubi
3182 1501 3235 1554 in
3273 1499 3466 1556 litteris
3499 1501 3646 1556 nulla

2081 1590 2294 1645 videtur
2331 1590 2560 1655 utilitas,
2611 1589 2680 1644 ad
2725 1589 3056 1660 spiritualem
3100 1590 3504 1662 intelligentiam
3554 1609 3650 1649 nec

415 1680 578 1735 tionis
617 1679 837 1748 ingestae
863 1679 1121 1748 caligines
1162 1677 1399 1734 funditus
1450 1684 1793 1734 evanescunt.
1826 1675 1980 1732 Unde
2013 1663 2059 1723 Β
2086 1691 2236 1734 cesse
2263 1685 2348 1732 est
2367 1691 2520 1732 mens
2542 1688 2800 1733 recurrat.
2831 1677 2969 1744 Quid
2996 1687 3080 1733 est
3109 1679 3250 1734 enim
3275 1693 3372 1748 per
3396 1678 3648 1748 figuram,

413 1777 470 1823 et
520 1767 627 1822 illic
672 1767 899 1821 dicitur:
964 1784 982 1817 I
1017 1765 1170 1820 Tunc
1214 1779 1433 1821 sumens
1480 1761 1676 1819 Tobias
1738 1763 1804 1817 de
1860 1761 1982 1816 felle

415 1857 602 1927 piscis,
627 1856 802 1909 linivit
823 1855 1007 1910 oculos
1042 1856 1181 1925 patri
1209 1870 1336 1920 suo;
1378 1867 1609 1923 moxque
1633 1852 1798 1922 erepit
1827 1850 1978 1906 albu-

417 1962 487 2018 go
531 1963 594 2001 cx
637 1945 806 2001 oculis
854 1945 990 2014 ejus,
1040 1946 1194 2014 quasi
1251 1945 1555 1999 membrana
1653 1942 1739 1998 ovi
1777 1939 1979 2011 egredi,

420 2038 708 2106 statimque
736 2036 908 2090 visum
951 2035 1152 2104 recepit
1197 2033 1344 2104 (Tob.
1377 2032 1476 2104 XI).
1511 2051 1530 2085 ι
1563 2031 1656 2086 Fel
1681 2031 1878 2086 etenim
1901 2029 1982 2099 pi-

413 2125 522 2182 scis
556 2135 640 2180 est
679 2123 881 2177 malitia
951 2117 1266 2188 Beehmoth,
1307 2122 1397 2190 qui
1445 2129 1605 2188 caput
1649 2128 1735 2174 est
1787 2126 1843 2174 et
1881 2117 1982 2171 ini-

421 2217 555 2272 tium
585 2215 746 2270 totius
765 2213 1082 2282 iniquitatis.
1109 2211 1213 2281 77
1242 2211 1428 2266 Caecus
1454 2211 1633 2278 itaque
1661 2207 1785 2263 felle
1813 2206 1980 2276 piscis

422 2302 698 2370 Oblinitur,
726 2312 779 2358 et
829 2303 1074 2373 protinus
1119 2302 1332 2358 caecitas
1358 2300 1644 2370 effugatur,
1673 2300 1820 2367 quia,
1858 2311 1980 2351 sum

422 2393 722 2449 amaritudo
747 2392 1021 2448 diabolicae
1047 2391 1298 2445 versutia:
1327 2389 1529 2444 nostris
1564 2387 1736 2443 oculis
1762 2394 1982 2470 ostensa

422 2483 758 2557 preponitur,
810 2481 1153 2536 tenebrarum
1180 2494 1306 2533 mox
1350 2477 1522 2548 caligo
1551 2475 1882 2546 propellitur,
1925 2481 1980 2528 et

423 2570 516 2628 lux
545 2571 785 2636 interior,
809 2584 928 2638 quae
954 2567 1101 2623 velut
1137 2566 1376 2637 eclipsim
1402 2579 1558 2637 passa
1584 2562 1783 2629 fuerat,
1813 2561 1983 2617 refor-

420 2653 616 2720 matur.

490 2751 559 2806 Et
599 2751 888 2806 notandum
927 2747 1070 2817 quod
1105 2747 1298 2819 dicitur
1325 2745 1450 2816 quia
1491 2745 1642 2815 prius
1681 2741 1874 2814 albugo
1918 2741 1984 2796 de

417 2841 587 2896 oculis
611 2849 696 2896 est
722 2840 866 2894 illius
908 2852 1148 2909 egressa,
1188 2849 1242 2896 et
1269 2837 1348 2891 sic
1388 2835 1480 2890 lux
1523 2835 1666 2890 illico
1707 2841 1980 2904 reparata.

422 2927 517 2987 Ille
542 2927 736 2997 quippe
774 2927 827 2979 in
861 2926 1030 2980 oculis
1055 2924 1191 2994 gerit
1225 2923 1546 2992 albuginem,
1573 2923 1663 2992 qui
1691 2922 1756 2976 de
1777 2937 1834 2976 se
1859 2935 1984 2975 san-

2081 1766 2193 1822 Ona
2219 1767 2274 1821 in
2301 1766 2588 1825 solitudine
2619 1767 2788 1836 patris
2817 1767 2898 1821 sui
2926 1767 3106 1822 asinos
3132 1782 3373 1836 pascere,
3403 1770 3510 1827 nisi
3541 1771 3650 1840 spi-

2079 1854 2328 1910 ritualem
2359 1854 2663 1924 quempiam
2689 1854 2884 1918 virum,
2911 1856 2997 1909 cui
3043 1855 3184 1910 Deus
3209 1864 3362 1925 pater
3390 1867 3492 1923 est,
3520 1859 3649 1912 sim-

2079 1943 2245 2013 plices
2273 1942 2467 1998 fratres
2491 1943 2591 1998 sub
2618 1943 2911 2012 disciplina:
2937 1945 3240 2001 remotioris
3265 1947 3442 2002 studio
3467 1957 3645 2004 custo-

2080 2033 2234 2088 dire?
2281 2034 2346 2089 Et
2386 2034 2514 2104 quid
2559 2042 2644 2089 est
2683 2048 2850 2104 aquas
2894 2035 3096 2090 calidas
3138 2035 3398 2104 invenire,
3446 2037 3548 2092 nisi
3590 2037 3646 2092 in

2079 2125 2508 2195 compunctionis
2541 2124 2830 2195 lacrymas,
2855 2140 2974 2195 qua:
2998 2127 3063 2180 de
3093 2125 3301 2183 fervore
3331 2130 3496 2184 sancti
3527 2127 3653 2198 Spio

2082 2217 2222 2270 ritus
2247 2215 2556 2280 eliciuntur,
2580 2215 2902 2284 erumpere?
2929 2215 3062 2270 Nam
3090 2225 3145 2272 et
3187 2217 3299 2286 ipsa
3329 2218 3650 2288 interpreta-

2084 2305 2158 2359 tio
2213 2304 2484 2358 nominum
2550 2303 2707 2372 hujus
2767 2304 2950 2375 figune
3013 2319 3118 2359 non
3162 2305 3374 2376 _refugit
3435 2306 3648 2363 intelle-

2080 2401 2246 2448 ctum.
2303 2393 2474 2448 Onam
2527 2392 2789 2460 siquidem
2827 2391 2995 2457 dolor,
3047 2393 3128 2448 vel
3187 2394 3398 2448 tristitia
3443 2411 3648 2462 eorum,

2081 2485 2194 2539 sive
2247 2483 2410 2538 etiam
2464 2483 2795 2547 mussitatio,
2854 2481 2936 2538 vel
2989 2485 3331 2538 murmuratio
3387 2485 3643 2555 interpre-

2083 2582 2246 2628 tatur.
2319 2573 2570 2644 Quisquis
2629 2571 2739 2644 78
2796 2572 2938 2628 enim
2995 2573 3422 2642 compunctionis
3469 2571 3654 2630 dolore

2083 2663 2345 2727 tristatur,
2393 2663 2545 2731 quasi
2592 2660 2690 2716 sub
2740 2661 2968 2730 quadam
3015 2660 3236 2732 querula
3279 2649 3652 2719 mussitatione

2085 2753 2367 2808 adversum
2395 2752 2714 2821 pravitatem
2745 2751 2868 2805 vitae
2904 2766 3014 2806 suae
3047 2766 3385 2807 murmurare
3412 2752 3651 2822 compel-

2084 2844 2232 2900 litur.
2284 2842 2494 2899 Sebeon
2536 2852 2713 2898 autem
2749 2843 3154 2912 interpretatur,
3205 2853 3353 2897 stam
3393 2844 3445 2896 in
3485 2845 3652 2913 tequi-

2085 2942 2226 2999 tata,
2279 2934 2420 3002 quod
2469 2930 2579 2986 Deo
2615 2945 2912 3000 congruere
2950 2945 3105 2985 nemo
3160 2945 3381 3000 prorsus
3419 2930 3650 3002 ignorat.

422 2995 626 3075 etitatis
658 3015 819 3069 habet
853 3014 1175 3084 Opinionem.
1215 3013 1466 3083 Quisquis
1499 3027 1628 3081 ergo
1661 3026 1982 3081 recuperare
2009 2995 2054 3061 C
2085 2995 2424 3090 ιρεείειυῖρρε
2451 3018 2503 3073 in
2528 2995 2779 3086 aequitate
2798 2995 3295 3086 principaliter—stat
3324 3019 3415 3089 qui
3439 2995 3467 3073 5
3491 3019 3654 3087 justi-

419 3107 535 3163 vult
559 3106 754 3170 lucem,
787 3114 1027 3175 amputet
1049 3120 1079 3158 a
1119 3119 1176 3159 se
1200 3104 1349 3175 prius
1375 3102 1634 3160 affectata:
1669 3102 1985 3160 aestimatio-

421 3200 510 3256 nis
537 3197 863 3267 albuginem,
893 3204 952 3251 ut
993 3210 1050 3252 se
1081 3209 1185 3252 non
1232 3196 1456 3268 abneget
1495 3203 1854 3264 peccatorem,
1893 3191 1985 3261 qui

422 3289 628 3361 peccati
650 3288 763 3343 vult
782 3287 1008 3343 evadere
1029 3287 1346 3341 caecitatem.
1370 3283 1558 3341 «Beati
1584 3285 1781 3341 mundo
1803 3282 1982 3347 corde,

423 3382 678 3452 quoniam
707 3379 807 3448 ipsi
854 3377 1020 3433 Deum
1051 3377 1305 3432 videbunt
1334 3375 1546 3448 (Matth.
1573 3377 1652 3446 v).
1691 3395 1708 3428 ι
1741 3375 1831 3431 Isti
1861 3382 1988 3431 sunt

424 3473 598 3540 oculi,
631 3471 695 3528 de
719 3469 914 3540 quibus
943 3469 994 3527 in
1024 3467 1260 3522 Canticis
1285 3467 1516 3522 dicitur:
1555 3483 1573 3518 ι
1613 3464 1768 3522 Oculi
1797 3463 1869 3519 tui
1896 3478 1986 3519 co-

423 3565 746 3626 lumbarum,
785 3561 986 3629 absque
1018 3573 1083 3612 eo
1119 3557 1260 3626 quod
1299 3557 1620 3611 intrinsecus
1652 3556 1782 3608 latet
1807 3555 1983 3624 (Cant.

427 3657 527 3726 tv).
565 3673 584 3707 ›
623 3652 762 3720 Quia
799 3650 926 3705 licet
961 3649 1135 3704 sancti
1175 3661 1317 3701 nunc
1353 3645 1660 3702 Creatorem
1698 3659 1852 3699 suum
1891 3660 1988 3713 per

424 3742 652 3813 gratiam
675 3736 1136 3806 contemplationis
1160 3735 1440 3805 aspiciant,
1465 3734 1595 3789 latet
1617 3744 1790 3789 tamen
1813 3734 1988 3788 adhuc

422 3824 675 3903 magnum
707 3830 936 3899 aliquid,
966 3827 1034 3882 ad
1067 3827 1212 3898 quod
1249 3826 1301 3880 in
1339 3828 1443 3881 hac
1465 3825 1796 3896 corruptibili
1825 3839 1987 3880 carne

425 3919 672 3977 humanae
697 3918 892 3974 mentis
917 3917 1058 3971 acies
1098 3930 1205 3970 non
1242 3916 1462 3985 aspirat.
1509 3913 1610 3970 Ubi
1649 3929 1771 3968 mox
1810 3915 1988 3984 sequi-

426 4020 552 4066 tur:
583 4028 602 4060 ‹
636 4007 823 4076 Capilli
850 4007 924 4060 tui
950 4005 1087 4060 sicut
1113 4019 1300 4074 greges
1322 4019 1624 4074 caprarum,
1648 4018 1765 4072 quae
1798 4017 1987 4058 ascen—

427 4101 622 4154 derunt
663 4097 732 4150 de
767 4094 970 4149 Galaad
1000 4093 1207 4163 (Ibid.).
1241 4111 1259 4144 ›
1297 4092 1451 4148 Sicut
1488 4093 1631 4148 enim
1675 4108 1773 4162 per
1803 4093 1988 4150 oculos

428 4184 683 4240 Ecclesiae
703 4183 949 4238 doctores
973 4181 1360 4250 intelliguntur,
1383 4183 1473 4251 qui
1498 4183 1563 4236 ad
1589 4183 1817 4238 videnda
1856 4180 1986 4237 infe-

429 4273 662 4330 rioribus
685 4271 937 4327 membris
959 4286 1165 4325 summa
1192 4285 1254 4325 ac
1276 4271 1574 4340 spiritualia
1602 4281 1725 4326 sunt
1755 4271 1982 4340 praelati,

2086 3112 2174 3165 tiae
2210 3107 2527 3165 rectitudine
2563 3106 2709 3161 nulla
2749 3107 3070 3162 necessitate
3107 3118 3324 3164 coactus
3361 3110 3652 3164 exorbitat.

2085 3199 2256 3256 Onam
2282 3212 2413 3267 ergo
2438 3196 2563 3249 dum
2591 3195 2762 3267 patris
2787 3195 2868 3251 sui
2895 3196 3103 3252 Sebeon
3148 3198 3328 3253 asinos
3370 3199 3422 3252 in
3463 3198 3652 3253 solitu-

2085 3290 2210 3348 dine
2243 3287 2434 3361 pascit,
2475 3301 2643 3356 aquas
2675 3285 2877 3340 calidas
2915 3287 3134 3355 reperit,
3164 3285 3289 3356 quia
3325 3287 3568 3357 quisquis
3595 3302 3656 3342 se

2084 3400 2180 3456 per
2203 3383 2328 3437 vitae
2357 3378 2732 3436 rectitudinem
2763 3377 2872 3432 Deo
2900 3377 3067 3433 ﬁlium
3097 3378 3316 3434 exhibet
3343 3393 3406 3434 ac
3435 3379 3500 3433 de
3527 3393 3656 3448 pec-

2085 3475 2224 3529 catis
2249 3473 2360 3530 suis
2384 3469 2691 3526 medullitus
2715 3467 2878 3534 dolet,
2903 3467 3029 3521 dum
3054 3481 3113 3522 se
3140 3467 3312 3522 reddit
3336 3467 3387 3520 in
3415 3467 3655 3536 pervigili

2087 3563 2310 3618 fratrum
2339 3575 2468 3617 cura
2498 3547 2808 3622 sollicitum,
2833 3556 3014 3612 divino
3037 3570 3256 3610 munere
3283 3556 3510 3624 percipit
3534 3571 3657 3626 gra-

2089 3654 2216 3706 tiam
2239 3651 2596 3720 lacrymarum
2627 3665 2640 3702 :
2673 3662 2796 3701 nam
2829 3655 2884 3701 et
2909 3647 3066 3701 beata
3096 3644 3183 3719 illa
3209 3646 3481 3716 peccatrix
3508 3646 3658 3715 prius

2086 3743 2250 3813 pedes
2276 3740 2486 3795 Domini
2513 3745 2784 3809 unguento
2817 3738 3098 3808 perunxit,
3134 3739 3470 3807 postmodum
3495 3739 3656 3793 etiam

2087 3831 2413 3887 alabastrum
2441 3829 2697 3898 unguenti
2727 3827 2948 3896 pretiosi
2971 3842 3131 3898 super
3155 3837 3316 3896 caput
3341 3829 3657 3883 recumben-

2089 3924 2156 3977 tis
2173 3920 2358 3977 eﬂudit
2377 3915 2591 3992 (Matth.
2615 3934 2777 3988 XXVI;
2803 3917 2972 3974 Marc.
3000 3935 3119 3983 xxv;
3149 3918 3308 3972 Joan.
3335 3935 3388 3973 ιι
3413 3919 3454 3990 ).
3485 3919 3656 3989 Caput

2087 4008 2308 4074 Christi,
2348 4009 2518 4073 Deus;
2561 4008 2723 4076 pedes
2744 4006 2969 4072 Christi,
3009 4007 3149 4062 servi
3181 4007 3294 4063 Dei.
3336 4007 3487 4062 Sicut
3512 4008 3656 4062 enim

2088 4093 2197 4161 illa,
2224 4096 2350 4150 dum
2374 4095 2693 4150 humanitati
2724 4093 2921 4150 Christi
2952 4095 3201 4163 dependit
3227 4095 3564 4164 obsequium,
3588 4095 3656 4150 ad

2089 4184 2382 4240 divinitatis
2426 4185 2691 4254 attingere
2741 4185 2940 4239 meruit
2981 4183 3334 4250 intellectum,
3377 4186 3456 4240 sic
3499 4186 3657 4240 nimi-

2090 4289 2227 4336 rum,
2264 4275 2341 4328 sic
2369 4274 2556 4328 doctor
2581 4274 2855 4339 Ecclesiae,
2890 4274 3014 4328 dum
3052 4274 3253 4330 Christi
3292 4276 3528 4330 membra
3565 4291 3658 4330 cu-
3700 4268 3708 4279 “

428 4365 508 4419 sic
528 4363 689 4418 etiam
709 4376 808 4430 per
836 4360 1073 4431 capillos,
1095 4375 1384 4430 gregesque
1407 4375 1686 4429 caprarum
1707 4362 1987 4432 designano
2016 4354 2066 4412 Ι)
2089 4362 2254 4418 stodit
2272 4402 2287 4425 ,
2336 4361 2760 4430 contemplanda
2805 4362 3099 4419 divinitatis
3141 4364 3371 4434 gratiam
3409 4364 3654 4434 percipit.

423 4461 516 4510 tur
540 4453 818 4518 simplices
835 4457 889 4504 et
908 4445 1157 4515 subjecti.
1183 4446 1283 4514 Qui
1305 4447 1586 4518 nimirum,
1609 4431 1841 4520 etsiprze
1863 4449 1995 4505 sim-
2089 4451 2354 4506 Praeterea
2400 4452 2638 4506 nonnulli
2679 4460 2804 4507 sunt
2836 4453 3106 4522 simplices
3145 4431 3360 4521 Iratres,
3399 4431 3489 4524 qui
3529 4431 3656 4524 quid
3704 4431 3718 4506 ἶ

366 4532 373 4537 ’
416 4531 666 4616 ’ρΙίεἱιειιθ
694 4541 947 4615 mysteria
975 4554 1205 4610 quaeque
1222 4555 1284 4594 ac
1309 4555 1520 4595 summa
1545 4555 1651 4596 non
1684 4546 1996 4610 penetrant,
2091 4540 2161 4594 sit
2191 4540 2572 4610 contemplatio
2593 4541 2860 4605 nesciunt,
2890 4553 3050 4612 atque
3075 4544 3191 4598 ideo
3214 4543 3266 4597 in
3294 4543 3657 4614 spiritualibus

432 4630 772 4689 multitudine
804 4640 980 4685 tamen
1011 4638 1066 4683 et
1092 4629 1475 4698 compositione
1499 4643 1596 4684 sua
1618 4638 1859 4685 sanctam
1885 4630 1989 4684 Ec-
2089 4627 2285 4681 studiis
2315 4642 2374 4681 se
2403 4642 2658 4682 exercere
2688 4627 2991 4683 nullatenus
3029 4642 3270 4700 possunt,
3311 4631 3402 4685 sed
3431 4632 3554 4686 dum
3600 4645 3658 4685 se

432 4723 672 4790 clesiam,
703 4722 849 4776 velut
877 4720 1049 4791 capilli
1093 4730 1271 4790 caput,
1309 4730 1592 4775 exornant.
1637 4720 1831 4790 Capra,
1864 4721 1989 4790 quia
2089 4716 2332 4771 funditus
2361 4719 2428 4770 ab
2459 4717 2560 4772 hoe
2586 4719 2786 4772 mundo
2815 4720 3160 4784 mortificant,
3194 4721 3318 4774 dum
3346 4719 3569 4790 fatigare
3599 4735 3658 4774 se

428 4812 741 4882 plerumque
796 4827 916 4866 cum
969 4819 1191 4881 peccato
1240 4809 1482 4875 offertur,
1537 4812 1706 4882 ﬁgura
1753 4810 1987 4880 peccati;

347 4905 352 4909 ’
430 4900 631 4960 Galaad
672 4919 688 4951 ι
733 4915 956 4955 acervus
1001 4919 1020 4952 ι
1063 4909 1146 4955 est
1184 4919 1202 4952 ς
1249 4900 1560 4955 testimonii.
1597 4919 1613 4952 ο
1656 4899 1758 4954 Per
1793 4899 1995 4953 Galaad

432 5007 582 5066 ergo,
621 4990 914 5056 Christum,
955 4991 1039 5045 cui
1083 5001 1387 5046 sanctorum
1432 4991 1671 5046 omnium
1710 4989 1994 5044 multitudo

432 5085 680 5157 perhibet
708 5082 1107 5146 testimonium;
1142 5097 1237 5151 per
1265 5082 1484 5150 capillos
1516 5096 1662 5143 vero,
1696 5080 1779 5134 vel
1807 5095 1990 5150 capra-

431 5187 552 5230 rum
580 5188 790 5244 greges,
815 5171 1209 5227 multitudinem
1239 5171 1580 5243 intelligimus
1607 5169 1988 5240 subiectorum.

431 5265 633 5334 Greges
659 5279 789 5335 ergo
825 5277 1106 5333 caprarum
1136 5264 1431 5318 ascendunt
1457 5264 1522 5318 de
1558 5272 1738 5318 monte
1769 5262 1989 5326 Galaad,

429 5353 554 5420 quia
577 5362 884 5408 sanctorum
910 5351 1150 5406 omnium
1178 5349 1460 5404 multitudo
1485 5351 1550 5405 de
1576 5351 1807 5416 Christo,
1834 5365 1992 5420 quem

429 5439 644 5494 sibimet
666 5440 868 5498 faciunt
907 5441 1333 5504 fundamentum,
1361 5441 1722 5495 conscendere
1746 5449 1996 5510 satagunt

431 5531 642 5587 excelsa
666 5533 940 5590 virtutum.
983 5533 1088 5590 Sed
1119 5550 1213 5590 cur
1239 5531 1340 5588 hoc
1369 5531 1669 5602 exemplum
1700 5533 1871 5587 oratio
1897 5533 1980 5586 de-

2097 4808 2322 4864 diversis
2358 4824 2455 4880 per
2494 4810 2853 4866 obedientiam
2892 4811 3162 4867 laboribus
3203 4820 3453 4882 satagunt
3494 4827 3558 4866 ac
3603 4813 3656 4865 in

2094 4897 2344 4953 omnibus
2388 4899 2762 4968 obtemperare
2808 4899 2920 4955 suis
2963 4901 3231 4971 prioribus
3281 4901 3657 4962 inardescunt,

2095 4989 2235 5059 apud
2263 4990 2680 5060 omnipotentem
2715 4990 2881 5046 Deum
2906 4991 3079 5047 locum
3111 4991 3492 5048 familiaritatis
3515 4993 3654 5047 obti-

2095 5088 2243 5142 nent,
2274 5078 2346 5132 ita
2376 5086 2435 5132 ut
2465 5093 2561 5147 per
2596 5093 2690 5134 eos
2717 5078 3003 5150 aliquando
3027 5082 3190 5136 etiam
3222 5082 3370 5154 signa
3399 5081 3656 5136 virtutum

2093 5169 2246 5223 fiant.

2165 5257 2345 5313 Pridie
2377 5267 2542 5325 certe,
2570 5260 2694 5314 dum
2714 5260 2824 5331 jam
2863 5261 2944 5316 sol
2979 5278 3228 5318 occasum
3253 5274 3517 5334 vergeret,
3549 5263 3656 5318 fra-

2096 5355 2180 5401 ter
2203 5348 2441 5415 quidam,
2472 5348 2705 5404 Joannes
2730 5351 2967 5418 nomine,
2999 5353 3066 5408 ad
3093 5367 3178 5408 me
3214 5355 3378 5416 venit,
3412 5365 3464 5407 et
3492 5354 3654 5407 mira-

2097 5439 2274 5494 culum
2319 5439 2516 5496 celebri
2556 5442 2812 5497 memoria
2841 5442 3058 5512 dignum
3099 5443 3201 5498 sibi
3245 5444 3441 5498 dudum
3483 5443 3656 5516 conti-

2111 5534 2248 5599 gisse
2279 5533 2533 5595 narravit.
2566 5538 2720 5601 Cum.
2752 5537 2951 5604 inquit,
2981 5538 3034 5592 in
3071 5536 3350 5594 Classense
3389 5546 3651 5593 monaste-
