4140 6530
359 353 458 420 28]

1406 344 1608 402 LIBER
1631 331 2038 412 SECUNDUS;
2054 340 2268 400 EPIST.
2309 328 2456 400 XIII.

3490 344 3598 402 282

358 417 442 520 rio
466 459 736 531 degerem,
761 463 816 513 et
841 455 1182 513 commissam
1209 454 1342 512 mihi
1371 470 1646 512 sacrorum
1666 459 1921 512 exedram
1944 458 1998 517 Δ
2022 469 2128 509 ιιοιι
2169 455 2420 511 deficient
2457 469 2612 525 aqua:
2647 417 2804 526 (hei.
2831 457 3005 527 ινιιι).
3037 472 3057 508 ι
3089 455 3225 512 Cum
3269 456 3373 512 hoc
3411 456 3596 527 itaque

356 550 712 614 custodirem,
757 549 987 616 quadam
1025 548 1112 602 die
1153 547 1720 617 postcompletorium
1759 548 1926 604 libros

317 699 322 702 ,
357 639 598 696 ecclesia:
626 639 681 692 in
720 636 942 692 archivo
983 636 1251 707 congessi,
1291 637 1483 692 deinde
1509 637 1713 692 clavem
1741 638 1927 708 impri-

357 744 530 793 mens,
567 735 628 784 ut
663 726 904 796 quotidie
942 740 1357 792 consueveram,
1395 726 1681 801 obseravi:
1720 728 1838 792 sed,
1867 735 1929 783 ut

355 825 478 887 post
517 815 720 886 liquido
765 813 959 884 patuit,
1005 812 1073 869 de
1119 828 1277 869 cereo
1317 828 1477 885 quem
1523 814 1794 881 ferebam,
1833 830 1927 870 ne-

357 906 563 961 sciente
609 917 726 970 me,
775 917 941 972 vapor
981 901 1236 970 emicuit,
1273 910 1331 958 et
1375 902 1600 957 linteum
1637 917 1747 973 quo
1789 902 1928 958 liber

356 994 701 1067 operiebatur
741 991 959 1046 amavit.
997 991 1154 1047 Mane
1182 1001 1362 1047 autem
1406 993 1548 1054 facto
1583 1007 1704 1048 cum
1741 1007 1926 1048 arcam

357 1083 648 1154 aperirem,
676 1089 735 1136 ut
757 1081 924 1136 libros
954 1069 1214 1146 tollerem,
1241 1092 1459 1151 repente
1483 1083 1614 1138 mihi
1643 1083 1697 1138 in
1721 1083 1926 1139 vultum

354 1173 536 1230 fumus
571 1181 626 1230 et
661 1173 848 1244 igneus
893 1187 1061 1242 vapor
1101 1173 1357 1230 occurrit.
1404 1173 1746 1244 Stupefactus
1780 1175 1926 1234 illico

355 1272 518 1334 atque
545 1263 880 1334 perterritus,
904 1263 950 1320 si
976 1262 1117 1322 forte
1141 1266 1208 1320 de
1233 1265 1386 1322 libris
1412 1266 1586 1324 adhuc
1610 1266 1810 1338 aliquid
1835 1285 1930 1325 su-

352 1361 630 1424 peresset,
673 1353 812 1424 coepi
840 1353 1050 1410 curiose
1090 1356 1406 1426 perquirere
1437 1373 1451 1412 :
1494 1358 1621 1420 sed.
1653 1374 1688 1414 o
1716 1360 1924 1418 incom-

352 1441 728 1510 prehensibilis
770 1441 964 1498 divinae
1001 1441 1215 1500 virtutis
1259 1442 1513 1501 effectus!
1571 1461 1694 1502 cum
1736 1461 1927 1504 omnes

355 1532 502 1587 lintei
527 1531 711 1602 viginti
741 1533 958 1588 circiter
978 1535 1152 1590 exusti
1180 1541 1358 1590 essent
1385 1535 1439 1590 in
1469 1535 1811 1607 cineremque
1840 1554 1929 1596 re-

355 1621 518 1687 dacti,
551 1621 746 1692 quibus
775 1622 1028 1677 nimirum
1056 1624 1272 1683 codices
1302 1623 1514 1680 fuerant
1545 1626 1792 1691 involuti,
1823 1628 1926 1696 ipsi

355 1712 564 1768 codices
583 1714 805 1768 omnino
822 1714 1177 1769 servabantur
1199 1714 1368 1772 illaesi.
1387 1716 1558 1774 Porro
1580 1733 1763 1776 arcam
1787 1720 1926 1788 ignis

353 1809 749 1869 penetraverat,
777 1809 834 1856 et
859 1802 1066 1873 largum
1100 1805 1486 1862 combustionis
1513 1807 1699 1865 orbem
1727 1809 1781 1865 in
1807 1811 1924 1880 ejus

353 1889 516 1946 fundo
543 1891 852 1962 reliquerat.
887 1892 1002 1949 Hoc
1043 1893 1224 1965 itaque
1257 1907 1534 1968 comperto
1565 1899 1764 1956 fratres
1790 1902 1925 1956 divi-

355 1993 478 2034 nam
507 1979 791 2036 laudavere
818 1982 1132 2052 potentiam,
1151 1985 1411 2054 'quoniam
1435 1985 1490 2041 in
1515 1986 1809 2044 Chaldaico
1833 2000 1926 2044 ca-

355 2069 498 2124 mino
523 2069 775 2125 IIebrteos
797 2073 1126 2127 custodierat
1149 2088 1344 2141 pueros
1373 2075 1534 2146 (Dan.
1563 2076 1669 2147 ut),
1695 2093 1840 2134 nunc
1865 2078 1923 2134 in

333 2163 491 2213 arcae
528 2160 804 2230 flagrantis
847 2161 1094 2218 incendio
1137 2178 1263 2219 suos
1289 2165 1456 2220 etiam
1503 2176 1814 2222 servaverat
1859 2169 1924 2223 li-

351 2250 496 2304 bros.
529 2251 624 2304 Est
662 2260 842 2305 autem
888 2251 1056 2308 frater
1093 2253 1183 2308 ille
1217 2255 1308 2322 qui
1339 2255 1469 2310 mihi
1515 2257 1618 2311 ista
1658 2259 1920 2324 narravit,

351 2341 516 2397 idiota
551 2342 801 2410 quidem,
846 2343 939 2398 sed
973 2353 1081 2398 tam
1122 2343 1379 2401 ferventis
1419 2347 1769 2414 obedientiae,
1813 2358 1920 2404 tam

349 2431 452 2501 piae
488 2432 631 2498 vitae,
673 2440 730 2486 ut
774 2447 1110 2503 nequaquam
1153 2435 1397 2492 videatur
1441 2428 1737 2508 indignum,
1779 2441 1924 2512 quod

349 2521 491 2576 Deus
518 2535 616 2590 per
641 2535 764 2576 eum
791 2521 1101 2592 dignaretur
1127 2514 1384 2580 exhibere
1412 2526 1732 2598 prodigium.

421 2608 500 2664 Tu
531 2619 731 2675 autem,
755 2611 1075 2667 venerabilis
1098 2610 1290 2677 frater,
1319 2614 1399 2668 sic
1427 2615 1645 2672 domum
1676 2615 1770 2672 Dei
1797 2631 1922 2672 cum

349 2700 638 2756 commisso
661 2715 824 2772 grege
848 2702 1137 2769 custodias,
1166 2713 1226 2757 ut
1252 2712 1303 2759 te
1326 2714 1505 2760 tamen
1533 2721 1628 2776 per
1655 2706 1918 2764 incuriam

349 2805 456 2844 non
492 2789 795 2859 relinquas;
826 2791 904 2845 sic
938 2789 1321 2847 fecunditatem
1360 2792 1470 2848 Liai
1494 2795 1776 2865 gignendis
1799 2795 1921 2854 feti—

347 2878 448 2934 bus
485 2877 719 2941 excolas,
759 2884 819 2933 ut
858 2893 889 2932 a
920 2888 1154 2935 venustae
1199 2880 1400 2936 Rachel
1429 2882 1764 2952 amplexibus
1809 2898 1919 2940 non

349 2967 572 3021 recedas
615 2963 768 3035 (Gen.
801 2961 972 3036 nix).
1019 2966 1138 3023 Noli
1184 2977 1236 3024 te
1281 2969 1334 3024 in
1377 2971 1763 3025 assentantium
1811 2972 1920 3043 79

348 3055 709 3111 blandimenta
741 3057 1024 3126 projicere,
1055 3073 1124 3113 ne
1152 3060 1278 3114 dum
1322 3069 1376 3116 te
1414 3060 1607 3115 levium
1639 3063 1915 3118 hominum

2039 547 2117 609 fit,
2149 553 2277 600 tunc
2304 545 2540 600 hominis
2563 545 2742 600 anima
2768 545 2905 602 facta
2932 554 3017 602 est
3041 547 3343 616 paradisus,
3365 555 3421 602 et
3443 547 3598 616 quasi

2025 648 2154 691 vere
2175 633 2238 690 fit
2265 635 2457 690 hortus
2478 635 2815 692 deliciarum.
2852 636 3004 692 Tunc
3027 652 3182 692 amor
3215 638 3400 692 mundi
3437 638 3599 708 hujus

2027 723 2084 779 in
2135 724 2549 780 amaritudinem
2601 725 2850 790 vertitur,
2901 741 3054 781 mens
3102 726 3334 782 carnalis
3374 727 3600 784 allectus

2026 812 2252 868 vinculis
2281 813 2528 882 expedita
2574 813 2628 868 in
2658 813 2765 868 alta
2808 815 3129 882 sustollitur,
3169 825 3224 874 et
3260 817 3314 873 in
3357 817 3475 873 solo
3512 820 3597 874 sui

2023 899 2295 957 Creatoris
2324 900 2580 959 ineﬂabili
2605 904 2960 961 contubernio
2986 905 3303 972 delectatur,
3331 908 3469 962 sicut
3500 924 3599 977 per

2022 991 2269 1046 eumdem
2293 994 2610 1062 prophetam
2637 993 2834 1048 dicitur
2861 1011 2876 1048 :
2913 1013 2933 1046 ‹
2962 995 3098 1050 Tum
3128 997 3480 1054 delectabcris
3506 1014 3593 1054 su-

2023 1097 2120 1152 per
2147 1082 2398 1150 Domino,
2421 1092 2476 1138 et
2504 1085 2781 1150 sustollam
2811 1095 2864 1141 te
2887 1101 3048 1158 super
3073 1088 3410 1146 altitudinem
3436 1097 3596 1148 terrm

2022 1181 2079 1227 et
2099 1173 2290 1228 cihabo
2316 1182 2370 1230 te
2395 1175 2711 1232 haereditate
2732 1175 2900 1233 Iacob
2922 1179 3091 1248 patris
3114 1180 3190 1236 tui
3219 1179 3430 1251 (Ibid.).
3463 1199 3484 1234 ι
3512 1182 3598 1238 Ad

2024 1263 2128 1318 hoc
2163 1265 2452 1333 enitamur,
2491 1265 2799 1323 dulcissime
2829 1267 3018 1334 frater,
3054 1270 3255 1326 intimae
3287 1271 3598 1328 refectidnis

2023 1355 2238 1425 epulum
2289 1357 2539 1424 tendere;
2587 1359 2687 1414 has
2728 1376 2999 1430 nunquam
3046 1362 3354 1418 desinamus
3398 1364 3596 1434 dapu‘m

2024 1445 2328 1501 caelestium
2360 1446 2580 1509 delicias
2607 1449 2835 1513 esurire,
2864 1459 3130 1519 quatenus
3154 1451 3280 1504 dum
3316 1453 3416 1508 hoc
3441 1452 3594 1521 quasi

2024 1546 2191 1601 parvo
2212 1531 2504 1601 jentaculo,
2533 1550 2603 1590 ne
2643 1536 2958 1592 deficiamus
2983 1536 3039 1593 in.
3064 1536 3170 1601 via,
3205 1535 3496 1602 reficimur,
3527 1538 3598 1592 ad

2025 1622 2156 1679 illud
2199 1624 2438 1694 plenum,
2482 1627 2708 1696 quodin
2753 1627 2892 1682 coelo
2935 1636 3038 1690 est,
3071 1628 3323 1697 nuptialis
3366 1628 3598 1683 convivii

2026 1714 2291 1771 ferculum
2317 1717 2643 1772 nutriamur.
2683 1717 2752 1772 Et
2778 1732 3087 1786 quanquam
3111 1718 3337 1773 diversis
3359 1728 3411 1773 te
3436 1733 3598 1788 nego-

1953 1787 1999 1848 Β
2027 1804 2117 1860 tiis
2137 1819 2267 1859 cura
2293 1805 2572 1876 regimiuis
2590 1805 2880 1876 opprimat,
2907 1807 2976 1861 ad
3005 1807 3179 1861 sinum
3203 1818 3382 1861 tamen
3401 1787 3598 1875 quietis

2025 1892 2250 1958 intima,
2288 1909 2412 1948 cum
2443 1895 2660 1964 poterit,
2689 1909 2842 1950 mens
2880 1904 3142 1950 recurrat.
3177 1895 3420 1952 Imitatus
3445 1895 3597 1950 scili-

2021 1993 2108 2040 cet
2140 1984 2382 2055 Moysen,
2427 1986 2519 2055 qui
2570 1985 2976 2044 tabernaculum
3019 1985 3239 2041 fmderis
3286 1985 3598 2054 frequenter

2021 2073 2256 2128 intrabat
2278 2082 2334 2128 et
2352 2075 2538 2130 exibat
2560 2074 2755 2145 (Exod.
2779 2075 2996 2144 xum).
3026 2074 3163 2141 Quid
3183 2082 3265 2129 est
3286 2074 3429 2130 enim
3449 2075 3595 2144 quod

2020 2162 2109 2220 ille
2130 2163 2322 2218 crebro
2347 2162 2746 2218 tabernaculum
2776 2163 3078 2233 ingreditur
3095 2171 3152 2218 et
3169 2163 3459 2232 egreditur,
3487 2163 3596 2218 nisi

2020 2259 2082 2304 ut
2106 2249 2407 2319 exemplum
2436 2251 2692 2320 praebeat,
2717 2251 2859 2321 quod
2890 2251 2955 2315 is,
2983 2251 3073 2320 qui
3104 2251 3249 2305 intus
3271 2250 3326 2306 in
3356 2260 3600 2308 contem-

2018 2342 2309 2412 plationem
2355 2342 2584 2411 rapitur,
2613 2341 2748 2398 foris
2785 2341 3172 2396 infirmantium
3215 2341 3445 2412 negotiis
3491 2341 3599 2398 free

2019 2439 2249 2500 quenter
2278 2439 2524 2500 urgetur,
2565 2430 2711 2484 intus
2751 2428 2847 2484 Dei
2880 2444 3078 2484 arcana
3109 2431 3433 2496 considerat,
3459 2430 3598 2488 foris

2017 2534 2185 2575 onera
2215 2519 2510 2574 carnalium
2541 2517 2750 2590 portat?
2769 2519 2870 2587 Qui
2900 2519 2966 2573 de
2995 2519 3156 2573 rebus
3181 2534 3395 2588 quoque
3420 2518 3597 2574 dubiis

2018 2621 2233 2678 semper
2267 2607 2334 2662 ad
2363 2607 2770 2662 tabernaculum
2811 2607 3061 2672 recurrit,
3105 2621 3168 2662 ac
3203 2622 3388 2662 coram
3429 2615 3596 2671 testa-

2018 2696 2184 2752 menti
2211 2710 2334 2751 arca
2366 2696 2650 2750 Dominum
2679 2695 2931 2762 consulit,
2961 2693 3188 2750 formam
3215 2695 3402 2765 procul
3430 2696 3595 2750 dubio
3667 2721 3670 2723 λ

2017 2787 2318 2842 rectoribus
2339 2787 2607 2857 pnnbens,
2631 2795 2689 2840 ut
2715 2801 2838 2841 cum
2867 2785 2998 2842 foris
3024 2787 3302 2856 ambigunt
3325 2787 3451 2856 quid
3479 2787 3595 2844 dis-

2018 2884 2260 2947 ponant,
2292 2876 2359 2931 ad
2389 2884 2623 2932 mentem
2666 2891 2879 2947 semper
2903 2877 3054 2946 quasi
3087 2877 3154 2933 ad
3189 2877 3590 2933 tabernaculum

2015 2965 2256 3032 redeant,
2301 2975 2356 3022 et
2381 2965 2532 3020 velut.
2561 2981 2743 3022 coram
2784 2965 3088 3020 testamenti
3134 2981 3260 3021 arca
3305 2967 3589 3022 Dominum

2017 3058 2321 3124 consulant,
2351 3058 2396 3114 si
2437 3060 2505 3114 de
2537 3059 2626 3123 iis,
2652 3057 2706 3112 in
2733 3058 2928 3128 quibus
2953 3059 3202 3114 dubitant
3225 3058 3366 3127 apud
3397 3070 3589 3128 semet.

347 3137 485 3198 vana
510 3140 672 3199 verba
698 3145 984 3210 delectant,
1014 3147 1080 3200 ad
1113 3147 1282 3201 instar
1308 3147 1488 3206 Tobiae
1514 3151 1709 3206 mentis
1733 3151 1916 3208 oculos
1942 3142 1989 3205 C
2017 3148 2162 3219 ipsos
2191 3150 2336 3204 intus
2364 3149 2505 3204 sacri
2533 3148 2728 3218 eloquii
2759 3149 2982 3220 paginas
3007 3148 3307 3218 requirunt.
3358 3148 3510 3206 Unde
3538 3159 3588 3206 et

349 3237 694 3293 hirundinum
723 3247 931 3295 stercus
957 3238 1189 3294 obducat
1209 3239 1359 3311 (Tob.
1383 3241 1468 3312 ιι).
1498 3241 1554 3298 Si
1576 3244 1696 3313 quis
1719 3252 1804 3298 est
1827 3244 1917 3314 qui

348 3338 406 3384 te
427 3327 783 3384 amicabiliter
811 3329 1056 3400 corripit,
1085 3330 1212 3386 huic
1240 3347 1400 3388 aures
1425 3334 1800 3404 aequanimiter
1825 3335 1922 3390 ad-

349 3418 506 3484 hibe;
561 3416 628 3471 ab
672 3418 777 3473 illis
818 3428 997 3474 autem
1041 3419 1186 3476 velut
1224 3435 1484 3478 excreans
1526 3431 1582 3478 et
1631 3433 1920 3480 nauseatus

349 3515 553 3569 averte,
582 3520 651 3562 ne
682 3507 774 3562 tibi
802 3517 1060 3578 congruat
1093 3509 1235 3580 quod
1278 3509 1529 3567 Salomon
1557 3512 1634 3567 ait
1663 3531 1675 3567 :
1713 3531 1731 3564 ι
1769 3511 1917 3580 Viro,

349 3594 443 3663 qui
470 3595 846 3664 corripientem
868 3596 1001 3650 dura
1030 3599 1241 3652 cervice
1269 3600 1583 3666 contemnit,
1610 3601 1922 3669 repentinus

351 3685 695 3754 superveniet
735 3685 1006 3751 interitus,
1033 3696 1088 3740 et
1114 3702 1236 3741 eutn
1277 3688 1480 3743 sanitas
1522 3704 1626 3743 non
1667 3701 1922 3760 sequetur

352 3771 535 3846 (Prov.
571 3779 744 3844 xxtx).
779 3796 797 3829 ι
846 3777 920 3832 De
969 3778 1164 3833 talibus
1211 3787 1266 3835 et
1310 3794 1407 3850 per
1447 3780 1638 3835 Isaiam
1677 3781 1870 3837 dicitur
1902 3796 1917 3834 :

356 3885 376 3917 ι
404 3864 637 3934 Populus
662 3867 801 3920 enim
832 3867 897 3920 ad
928 3867 1256 3922 iracundiam
1277 3884 1576 3939 provocans
1601 3880 1713 3936 est,
1743 3880 1797 3923 et
1826 3869 1918 3923 filii

353 3958 662 4025 mendaces,
688 3958 780 4012 filii
807 3958 1046 4014 nolentes
1067 3960 1254 4016 audire
1281 3960 1451 4036 legem
1477 3961 1602 4027 Dei;
1625 3961 1716 4031 qui
1740 3961 1923 4015 dicunt

353 4049 658 4104 videntibus
698 4065 711 4102 :
752 4047 925 4104 Nolite
948 4049 1162 4116 videre;
1205 4061 1260 4106 et
1289 4051 1711 4120 aspicientibus:
1746 4049 1921 4106 Nolite

352 4137 596 4207 aspicere
627 4137 780 4191 nobis
813 4151 876 4192 ea
906 4153 1026 4207 quae
1067 4148 1214 4194 recta
1257 4147 1402 4194 sunt.
1432 4138 1736 4208 Loquimini
1767 4139 1922 4195 nobis

351 4221 639 4294 placentia,
673 4227 851 4282 videte
892 4228 1046 4284 nobis
1071 4244 1301 4295 errores,
1346 4230 1552 4286 auferte
1580 4246 1610 4284 a
1641 4246 1727 4286 me
1757 4231 1918 4298 viam,

353 4315 614 4372 declinate
643 4333 673 4372 a
702 4334 788 4373 me
821 4321 1084 4386 semitam,
1125 4330 1300 4378 cesset
1331 4337 1360 4376 a
1391 4321 1528 4377 facie
1557 4337 1674 4376 mea
1703 4331 1924 4378 sanctus

351 4405 512 4462 Israel
543 4406 677 4478 (lsa.
707 4412 858 4481 xxx).
895 4429 915 4462 ι
953 4411 1139 4482 Igitur,
1182 4413 1321 4467 sicut
1346 4412 1458 4481 jam
1499 4413 1746 4481 superius
1783 4412 1923 4468 dixi-

353 4511 490 4562 mus,
517 4471 773 4554 adeamus
795 4471 915 4555 cum
941 4471 1135 4556 fiducia
1155 4502 1222 4557 ad
1245 4471 1494 4557 thronum
1517 4471 1703 4572 gratia:
1730 4499 1915 4572 (Hebr.
1947 4471 1999 4530 Β

349 4586 472 4658 tv):
505 4589 816 4644 deseramus
856 4591 1106 4647 tenebras
1152 4591 1356 4655 saeculi,
1405 4591 1471 4645 ab
1505 4589 1674 4645 oculis
1717 4589 1916 4644 nostris

351 4685 581 4734 terrenae
623 4681 1070 4750 concupiscentia:
1115 4697 1174 4737 se
1200 4681 1373 4752 caligo
1399 4681 1687 4746 dimoveat,
1722 4691 1781 4734 ut
1809 4679 1917 4734 ela—

351 4766 464 4835 psis
490 4768 797 4835 passionum
826 4769 1120 4824 carnalium
1160 4769 1414 4835 tenebris,
1443 4770 1557 4824 veri
1586 4767 1726 4823 Solis
1765 4767 1917 4822 nobis

348 4857 601 4926 splendor
635 4869 897 4930 erumpat.
941 4860 1268 4918 Anhclemus
1311 4863 1378 4918 ad
1421 4877 1566 4927 eum,
1609 4861 1700 4932 qui
1741 4861 1915 4917 lucem

351 4948 560 5003 habitat
601 4949 1022 5007 inaecessibilem
1055 4951 1104 5024 (I
1132 4952 1264 5006 Tim.
1293 4953 1393 5023 vn),
1433 4962 1488 5007 et
1522 4951 1711 5006 intimo
1741 4953 1919 5006 cordis

350 5051 573 5093 accessu
602 5056 948 5112 properemus
983 5043 1049 5097 ad
1087 5058 1208 5098 eum
1236 5045 1325 5114 qui
1367 5059 1463 5099 nos
1500 5051 1746 5114 expectat
1781 5057 1922 5097 verae

351 5129 488 5185 lucis
523 5141 818 5187 auctorem.
867 5131 921 5186 Si
955 5135 1165 5189 curiose
1206 5135 1494 5202 quaerimus
1537 5134 1590 5188 in
1634 5132 1922 5193 solitudine

351 5236 522 5292 aquas
549 5223 772 5288 calidas,
805 5240 1090 5294 possumus
1117 5226 1377 5292 invenire,
1421 5234 1499 5290 ut,
1526 5225 1650 5279 dum
1683 5239 1923 5280 remove-

355 5324 479 5364 mur
505 5325 536 5364 a
563 5311 782 5379 smculo,
808 5321 862 5367 et
893 5311 951 5368 S.
983 5311 1218 5384 Spiritus
1245 5329 1344 5368 nos
1371 5313 1551 5369 fervor
1584 5312 1842 5369 accendat
1867 5322 1923 5368 et

353 5399 644 5457 salutiferae
685 5405 1110 5474 compunctionis
1141 5405 1326 5460 mador
1366 5420 1397 5459 a
1439 5405 1699 5475 contagiis
1722 5405 1918 5469 abluat,

353 5488 494 5546 sicut
523 5505 620 5561 per
641 5491 836 5547 Isaiam
863 5494 1060 5550 dicitur
1087 5513 1098 5548 :
1135 5513 1154 5547 ι
1189 5493 1432 5564 Implebit
1462 5494 1717 5550 Dominus
1745 5494 1922 5564 splen-

353 5579 575 5635 doribus
606 5581 840 5661 animam
882 5591 1025 5638 tuam
1053 5593 1107 5640 et
1129 5600 1248 5640 ossa
1291 5594 1378 5638 tua
1415 5583 1692 5651 liberabit;
1732 5593 1786 5640 et
1814 5585 1924 5641 eris

353 5673 508 5743 quasi
542 5673 733 5730 hortus
757 5675 1011 5747 irriguus,
1039 5685 1092 5732 ct
1133 5679 1270 5734 sicut
1304 5677 1422 5732 fons
1461 5692 1744 5746 aquarum,
1772 5678 1921 5749 cujus

2021 3236 2135 3306 ipsa
2165 3235 2398 3302 Veritas,
2426 3251 2526 3306 per
2551 3239 2945 3307 susceptionem
2975 3237 3132 3293 nobis
3153 3246 3352 3293 nostra:
3379 3239 3595 3294 humili-

2021 3328 2150 3383 tatis
2177 3338 2414 3393 ostensa,
2448 3328 2696 3384 noctibus
2734 3329 2788 3381 in
2829 3338 3010 3382 monte
3047 3329 3380 3384 orationibus
3413 3339 3589 3394 vacat,

2017 3417 2129 3488 30
2153 3416 2240 3472 die
2266 3431 2397 3472 vero
2425 3417 2480 3471 in
2519 3417 2741 3472 urbibus
2776 3431 2875 3486 per
2912 3417 3293 3472 miraculorum
3323 3418 3474 3488 signa
3501 3434 3591 3474 co-

2018 3513 2232 3572 ruscat,
2269 3506 2586 3561 imitationis
2622 3505 2872 3560 videlicet
2908 3506 3049 3560 viam
3092 3507 3248 3562 bouis
3291 3509 3589 3564 rectoribus

2017 3605 2288 3660 sternens,
2314 3605 2373 3650 ut
2400 3595 2447 3650 si
2479 3595 2590 3663 jam
2619 3611 2828 3651 summa
2858 3596 3268 3666 contemplanda
3310 3608 3590 3668 appetunt,

2018 3685 2429 3741 necessitatibus
2468 3695 2644 3741 tamen
2675 3687 3060 3740 infirmantium
3087 3688 3462 3755 compatiendo
3490 3690 3586 3760 ιιιῇ-
3661 3727 3664 3738 .

2018 3783 2292 3841 secantur,
2323 3775 2448 3844 quia
2481 3783 2605 3829 tunc
2629 3774 2696 3829 ad
2726 3774 2832 3828 alta
2860 3775 3100 3830 charitas
3126 3775 3442 3830 mirabiliter
3470 3791 3586 3830 sur.

2018 3866 2119 3936 git,
2151 3879 2272 3919 cum
2297 3865 2369 3939 ad
2415 3865 2522 3918 ima
2569 3865 2935 3934 proximorum
2979 3881 3037 3920 se
3066 3866 3487 3923 misericorditer
3507 3877 3583 3924 at-

2017 3948 2185 4009 trahit
2213 3963 2285 4020 et,
2321 3971 2426 4026 quo
2453 3955 2679 4025 benigne
2709 3956 2987 4013 descendit
3016 3957 3082 4012 ad
3115 3956 3322 4026 infima,
3348 3957 3580 4015 valenter

2018 4047 2248 4101 recurrit
2282 4045 2349 4100 ad
2378 4060 2607 4099 summa.
2691 4034 2696 4037 ’

2545 4177 2876 4234 EPISTOLA
2914 4177 3047 4234 XIII.

2068 4284 2137 4324 AD
2171 4284 2390 4325 EUIDEI
2428 4284 2748 4326 DBSIDERIUII
2787 4287 3031 4326 ABBA‘I’EH
3068 4287 3139 4328 ET
3175 4286 3531 4329 CABDINALEI.

2021 4360 2413 4445 Attonitum“:
2438 4391 2523 4443 .-—-
2567 4361 2848 4445 I_nJhuj_us_
2877 4363 3116 4445 epistolas
3140 4365 3491 4445 fragmentis,
3529 4367 3586 4445 in

2094 4432 2308 4502 quibus,
2349 4439 2409 4502 ut
2437 4432 2716 4502 inscriptio
2754 4442 3002 4498 testatur,
3031 4435 3096 4488 de
3123 4432 3472 4502 dignitatibus
3495 4434 3579 4489 ab-

2085 4501 2336 4573 jiciendis
2363 4500 2678 4573 disserebat.
2698 4503 2946 4573 nonnulla
2973 4517 3140 4557 sacra:
3167 4500 3584 4573 Scriptnmeloca

2090 4584 2154 4623 ex
2187 4569 2339 4623 libris
2369 4569 2572 4639 Regum
2603 4571 2827 4639 mystice
2856 4572 3254 4640 interpretatur.

2093 4677 2298 4732 Domno
2326 4675 2613 4734 DESIDERIO
2639 4679 2910 4734 abbati....
2943 4679 3156 4736 Parens
3189 4689 3440 4750 peccator
3465 4696 3583 4735 mo-

2020 4771 2251 4825 nachus:

2091 4860 2258 4928 Quem
2285 4875 2390 4915 non
2417 4861 2828 4943 aedificet\atque
2852 4863 2918 4917 ad
2947 4860 3327 4932 perfectionem
3349 4859 3584 4915 charita-
3631 4893 3639 4918 ι

2016 4945 2088 5003 tis
2115 4947 2331 5014 excitet,
2355 4963 2538 5018 quem,
2569 4949 2812 5020 inquam,
2844 4966 2952 5006 non
2982 4948 3156 5006 solum
3185 4946 3250 5002 ad
3283 4945 3588 5004 officiosum
3636 4943 3646 4958 '

2016 5041 2121 5109 pla
2143 5038 2499 5099 humanitatis
2521 5044 2762 5100 studium
2784 5044 3174 5106 exercendum,
3209 5053 3395 5094 verum
3422 5038 3586 5094 etiam

2018 5131 2087 5187 ad
2113 5132 2253 5189 bona
2293 5149 2395 5205 pro
2433 5133 2591 5191 malis
2625 5134 3016 5190 redhibendum
3050 5145 3163 5186 non
3196 5138 3454 5200 provocet
3480 5127 3586 5184 hoc

2017 5224 2159 5291 quod
2199 5223 2268 5279 de
2321 5223 2646 5294 Pylhouissa
2700 5224 2791 5278 illa
2840 5237 3048 5294 magna:
3105 5221 3353 5291 profecto
3411 5217 3590 5275 laudis

2017 5315 2179 5384 digna
2202 5319 2474 5386 praeconio
2493 5317 2695 5386 legitur
2712 5314 2766 5386 (Ι
2784 5313 2916 5386 Reg.
2935 5315 3148 5387 xxviii)?
3160 5315 3314 5383 Quae,
3338 5311 3588 5368 videlicet

2020 5403 2087 5458 ad
2117 5401 2470 5457 imitationem
2502 5397 2629 5465 Dei,
2672 5398 2799 5456 Saul
2840 5407 2951 5456 tam
2978 5400 3115 5456 bene
3154 5396 3431 5461 tractavit,
3476 5411 3581 5450 non

2021 5492 2180 5549 modo
2207 5489 2353 5560 regio
2377 5488 2487 5557 jam
2514 5487 2746 5544 culmine
2775 5490 3132 5561 desperatum,
3162 5486 3257 5543 sed
3286 5495 3342 5541 et
3378 5485 3431 5539 in
3457 5498 3580 5540 cra-

2022 5584 2163 5639 stino
2187 5579 2588 5637 Philistinorum
2613 5580 2802 5652 gladiis
2826 5577 3212 5650 perimendum.
3241 5585 3298 5631 et
3329 5584 3582 5646 tanquam

2023 5670 2276 5743 prudens,
2315 5666 2468 5736 juxta
2515 5667 2876 5738 Evangelium,
2924 5679 3144 5736 serpens
3172 5663 3385 5736 (Matth.
3415 5662 3472 5736 ιι)
3505 5663 3580 5721 illi
