4140 6480
544 342 652 398 283

1094 338 1154 394 S.
1181 335 1381 393 PETRI
1409 333 1688 391 DAMIANI
1720 329 1870 388 OPP.
1899 325 2079 383 PARS
2117 323 2248 382 SEU
2290 324 2524 382 Τολίυὸ
2547 325 2587 380 ι.
2629 357 2698 367 —
2737 323 2951 381 EPIST.
2992 324 3120 380 LIB.
3153 323 3283 380 Vlll.

3677 323 3781 381 28-5

545 456 797 525 praestitit
814 452 1152 515 beneﬁcium,
1183 468 1214 505 ει
1234 465 1343 519 quo
1369 447 1572 503 nullum
1593 463 1652 502 se
1675 443 1928 512 consequi
1953 451 2111 512 posse
2140 441 2188 496 Δ
2218 443 2299 525 ter
2325 439 2518 508 populo
2549 453 2642 506 per
2668 437 2834 506 legem
2865 439 3076 502 datam,
3107 453 3202 506 per
3234 444 3571 490 vrctnnarum
3611 418 3782 492 sacri-

546 545 1254 615 sperabatemolumentum.
1277 541 1370 596 Ille
1388 552 1666 611 praeterea,
1691 538 1828 592 sicut
1851 536 1964 605 ipsa
1985 551 2117 589 con-

544 635 810 702 queritur,
833 647 1019 687 omnes
1039 631 1237 686 ariolos
1260 632 1326 685 de
1355 639 1496 684 terra
1520 627 1681 681 Israel
1710 636 1764 680 et
1790 639 1973 694 magos
1998 640 2116 678 era-

544 728 635 788 sit,
669 742 732 781 ac
776 741 873 795 per
900 726 1003 779 hoc
1030 725 1204 778 eidem
1245 720 1574 776 midierculze
1611 734 1824 773 onmem
1852 725 2114 786 qutestum

542 815 715 870 solitte
757 814 1103 870 divinationis
1147 813 1366 867 ademit.
1411 810 1502 864 llla
1533 809 1754 863 vitulum
1782 807 2113 877 pascualem,

545 906 637 973 qui
661 906 762 960 sibi
787 905 855 960 de
883 914 1196 972 consumpta
1227 903 1312 955 vix
1342 910 1658 971 paupertate
1687 908 1986 976 supererat,
2019 913 2112 950 eo-

545 996 646 1060 xit,
675 1007 729 1050 et
773 1012 992 1066 azymos
1034 1008 1200 1065 panes
1240 994 1305 1048 de
1347 993 1634 1064 perexigua
1681 992 1852 1045 farina
1884 991 2111 1045 commi-

541 1103 721 1148 secus,
761 1087 857 1151 illi,
897 1097 956 1141 ut
988 1094 1319 1149 vesceretur,
1360 1085 1626 1155 apposuit.
1675 1083 1826 1151 Quod
1866 1097 1986 1137 cum
2027 1081 2114 1135 ille

541 1175 780 1244 lugubris
808 1184 864 1228 et
885 1177 1136 1245 contigua
1163 1183 1336 1230 morte
1363 1174 1680 1244 perterritus
1711 1180 2012 1242 sperneret,
2050 1186 2113 1226 ac

538 1267 718 1320 cibum
774 1280 968 1334 capere
1017 1265 1254 1322 funditus
1305 1273 1613 1329 recusaret;
1665 1262 1970 1317 econtrario
2025 1261 2113 1315 illa

538 1355 787 1424 precibus
811 1355 1045 1420 obnixis,
1074 1365 1128 1411 et
1164 1356 1482 1424 quibusdam
1519 1355 1662 1406 velut
1695 1353 2113 1422 argumentatio-

538 1443 697 1498 nibus
741 1445 1128 1499 incessabiliter
1172 1444 1474 1508 insistebat,
1523 1453 1584 1496 ut
1613 1443 1819 1510 roganti
1858 1441 2109 1495 talionem

538 1533 807 1599 redderet,
837 1543 910 1598 et,
938 1535 1077 1589 sicut
1106 1535 1198 1588 illa
1221 1535 1427 1602 iubenti
1454 1543 1724 1604 paruerat,
1758 1533 1836 1586 sic
1862 1533 1960 1586 iste
1989 1547 2112 1600 sup-

537 1621 783 1689 plicantis
831 1625 1082 1691 precibus
1136 1631 1438 1678 annueret:
1475 1642 1493 1674 (
1528 1623 1692 1688 Ecce,
1745 1623 1938 1692 inquit,
1985 1623 2115 1677 obe-

537 1709 669 1764 divit
689 1712 881 1766 ancilla
913 1721 999 1766 tua
1025 1715 1140 1767 voci
1176 1723 1295 1778 tute,
1324 1722 1378 1767 et
1403 1713 1553 1781 posui
1589 1713 1820 1766 animam
1854 1728 2026 1766 meam
2058 1713 2109 1764 in

538 1815 694 1853 manu
729 1811 839 1864 tua,
881 1811 934 1855 et
957 1802 1134 1856 audivi
1162 1815 1441 1856 sermones
1467 1812 1603 1864 tuos,
1637 1817 1775 1870 quos
1816 1801 2026 1856 loeutus
2054 1817 2112 1856 es

536 1887 603 1941 ad
631 1905 750 1955 me;
792 1907 935 1945 nunc
959 1907 1089 1961 ergo
1122 1893 1243 1947 audi
1273 1902 1329 1946 et
1359 1901 1414 1946 tu
1447 1907 1630 1946 vocem
1663 1893 1870 1946 ancillae
1901 1903 2022 1956 tuae,
2057 1902 2110 1947 et

535 1995 729 2048 ponam
761 1997 941 2036 coram
973 1993 1025 2037 te
1055 1985 1346 2038 buccellam
1391 1986 1564 2054 panis,
1587 1995 1645 2039 ut
1667 1987 1951 2040 comedens
1978 2002 2108 2040 con-

534 2069 779 2124 valescas
803 2081 858 2125 et
882 2073 1057 2140 possis
1089 2073 1194 2128 iter
1213 2073 1394 2130 facere
1429 2075 1481 2145 (1
1510 2075 1637 2145 Reg.
1665 2075 1875 2146 xxvttt).
1914 2096 1933 2129 ι
1979 2076 2110 2142 Quis

531 2161 678 2214 enim
725 2163 829 2217 hoc
869 2175 1188 2220 coruscante
1233 2167 1436 2223 faceret
1475 2169 1787 2239 Evangelio,
1823 2171 1966 2240 quod
1998 2173 2110 2226 haac

535 2249 728 2303 mulier
749 2254 849 2306 sub
873 2253 1060 2306 umbra
1088 2255 1221 2324 legis
1242 2256 1418 2325 egisse
1443 2257 1786 2323 describitur,
1811 2260 2108 2328 praesertim

533 2351 656 2392 cum
685 2350 839 2394 vetus
871 2342 1064 2396 oderat
1099 2344 1512 2398 instrumentum
1551 2363 1563 2398 :
1599 2365 1619 2398 ‹
1651 2346 1847 2415 Diliges
1875 2348 2108 2402 amicum

535 2436 708 2494 tuum,
741 2437 796 2482 et
816 2427 941 2482 odio
964 2428 1187 2485 habebis
1213 2430 1487 2486 inimicum
1509 2445 1658 2488 tuum
1692 2431 1878 2501 (Leuit.
1907 2438 2042 2502 ιιι).
2078 2449 2098 2482 r

533 2519 848 2591 evangeliea
880 2537 1007 2578 vero
1038 2524 1161 2578 tuba
1190 2527 1509 2589 terribiliter
1541 2527 1751 2580 intonet
1788 2527 2004 2595 (.ilatth.
2034 2537 2134 2592 v;'

534 2614 712 2672 Marc.
748 2613 846 2685 χιι)
889 2631 903 2645 ο
943 2634 963 2667 ι
1004 2615 1144 2682 Quia
1186 2633 1284 2673 nec
1322 2617 1480 2674 Pater
1523 2631 1700 2674 vester
1745 2619 1982 2673 dimittet
2007 2635 2100 2673 v0-

537 2699 621 2753 bis
647 2709 863 2768 peccata
892 2710 1094 2766 vestra,
1140 2703 1183 2756 si
1233 2719 1339 2756 non
1386 2705 1702 2758 reniiseritis
1745 2706 2113 2773 unusquisque

535 2789 690 2844 fratri
729 2805 829 2844 suo
852 2791 917 2845 de
951 2792 1206 2846 cordibus
1236 2794 1466 2847 vestris?
1495 2812 1513 2845 ι
1547 2794 1673 2848 Saul
1702 2794 1844 2846 enim
1876 2796 1949 2848 ita
1978 2794 2112 2849 divi-

537 2882 791 2935 nantibus
815 2891 871 2935 et
891 2883 1074 2936 ariolis
1099 2884 1346 2938 inimicus
1369 2885 1596 2948 exstitit,
1623 2896 1678 2937 ut
1704 2886 1900 2952 passim
1925 2901 2112 2941 omnes

537 2971 883 3037 interﬁceret,
915 2982 967 3026 et
997 2975 1081 3026 vix
1112 2990 1298 3028 eorum
1327 2977 1616 3044 quiSpiam,
1661 2977 1768 3031 nisi
1815 2979 1929 3031 hate
1971 2977 2110 3030 dun-

539 3069 684 3114 taxat
729 3065 1052 3132 paupercula
1100 3065 1312 3130 mulier,
1365 3068 1744 3132 remansisset;
1795 3067 1910 3121 hzec
1949 3068 2110 3121 etiam

2142 1771 2189 1830 Β

2217 524 2358 588 licia,
2389 541 2484 594 per
2511 526 2909 580 tabernaculum
2937 526 3186 594 denique,
3217 527 3332 580 sive
3359 527 3614 595 templum
3643 529 3786 585 Deus

2215 619 2482 685 quievisse
2510 620 2737 674 videtur.
2783 618 2936 673 Sicut
2963 619 3127 672 David
3161 638 3174 673 :
3214 639 3232 672 ι
3265 620 3451 686 Notus,
3490 621 3660 690 inquit
3682 664 3698 687 ,
3730 625 3784 677 in

2213 706 2394 763 Judzea
2435 709 2608 776 Deus,
2653 711 2705 765 in
2738 711 2898 765 Israel
2934 728 3182 781 magnum
3223 727 3414 766 nomen
3455 713 3570 782 ejus
3609 713 3782 786 (Prol.

2215 801 2399 870 uxv).
2430 820 2449 854 ι
2479 800 2654 870 Atque
2677 813 2736 856 ut
2767 802 2868 855 iste
2893 803 3116 873 pepulus
3146 805 3314 872 patris
3343 821 3445 873 pax
3472 821 3592 861 esse
3614 808 3786 862 videa-

2214 900 2318 949 tur.
2345 893 2467 946 audi
2491 895 2633 962 quod
2656 895 2897 962 sequitur
2920 909 2936 947 :
2965 915 2983 946 ι
3013 894 3081 948 Et
3107 895 3280 950 factus
3301 908 3380 951 est
3405 899 3457 950 in
3475 913 3613 967 pace
3636 899 3786 956 locus

2214 981 2331 1049 ejus
2363 983 2571 1053 (lbid.).
2605 1003 2624 1036 ι
2662 984 2808 1048 Sive,
2839 1001 2934 1054 per
2962 986 3217 1051 Absalon,
3249 987 3415 1042 Judas
3447 989 3668 1045 traditor
3694 991 3786 1046 de-

2213 1073 2478 1141 signatur,
2511 1075 2601 1143 qui
2629 1083 2685 1129 et
2723 1075 2837 1144 ipse
2871 1077 3041 1144 patris
3072 1092 3177 1145 pax
3214 1093 3319 1131 non
3358 1080 3624 1134 immerito
3651 1081 3786 1136 dici-

2215 1170 2320 1226 tur,
2349 1162 2487 1216 sicut
2509 1163 2622 1232 ipse
2639 1161 2706 1219 de
2727 1163 2820 1219 illo
2839 1163 3087 1220 Christus
3109 1165 3162 1219 in
3187 1166 3391 1235 psalmo
3411 1153 3781 1238 conqueritur,

2214 1253 2397 1308 dicens
2422 1271 2436 1307 :
2467 1271 2486 1304 ι
2515 1253 2725 1309 Etenim
2751 1255 2913 1310 homo
2933 1255 3080 1324 pacis
3098 1271 3250 1322 mete,
3275 1251 3330 1311 in
3353 1272 3460 1327 quo
3479 1259 3780 1327 sperabam,

2214 1337 2576 1412 magniﬁcavit
2625 1346 2907 1399 adversum
2959 1361 3045 1401 me
3087 1347 3568 1416 supplantationem
3608 1347 3782 1419 (Psal.

2213 1435 2324 1505 ιι).
2359 1455 2378 1487 ι
2413 1435 2550 1489 Nam
2579 1446 2628 1492 et
2662 1436 2910 1492 Christus
2937 1454 3048 1496 non
3080 1439 3370 1508 incongrue
3401 1449 3552 1508 pater
3588 1441 3786 1494 asseri-

2214 1535 2325 1589 tur,
2340 1528 2479 1581 sicut
2499 1528 2760 1597 propheta
2775 1537 3008 1583 testatur
3029 1543 3043 1580 :
3068 1547 3085 1579 ι
3099 1528 3407 1594 Vocabitur,
3431 1527 3623 1598 inquit,
3643 1529 3783 1586 Deus

2216 1611 2384 1679 fortis.
2414 1629 2568 1686 pater
2592 1618 2755 1672 futuri
2783 1619 2984 1684 saeculi,
3013 1621 3258 1689 princeps
3281 1621 3428 1689 pacis
3453 1618 3605 1690 (Isai.
3628 1621 3724 1682 nr).
3759 1639 3778 1672 ι

2217 1708 2320 1762 Iste
2351 1723 2482 1779 ergo
2523 1709 2718 1763 dicitur
2749 1709 2999 1780 princeps
3027 1710 3208 1777 pacis,
3239 1719 3293 1764 et
3322 1710 3410 1764 ille
3447 1724 3547 1779 pax
3591 1710 3780 1780 patris.

2213 1801 2310 1856 Cui
2340 1801 2528 1865 etiam,
2559 1799 2710 1856 Iudae
2741 1801 3018 1867 videlicet,
3049 1802 3102 1856 in
3133 1802 3247 1872 ipso
3275 1803 3660 1870 persecutionis
3705 1819 3784 1856 ar-

2213 1890 2376 1946 ticulo
2404 1892 2554 1960 pacis
2582 1890 2824 1946 osculum
2852 1907 2957 1945 non
2987 1892 3204 1960 negavit
3232 1890 3446 1962 (Matth.
3476 1891 3644 1962 xxvr).
3676 1889 3787 1946 Nec

2211 1981 2409 2035 mirum
2449 1981 2494 2035 si
2530 1980 2680 2036 Judze
2711 1981 2988 2036 traditoris
3031 1983 3263 2051 speciem
3298 1981 3531 2036 Absalon
3572 1982 3784 2046 tenuit,

2211 2087 2372 2142 quem
2413 2088 2520 2126 non
2566 2073 2738 2127 solum
2778 2074 2830 2126 in
2877 2073 3248 2141 persecutione
3292 2071 3456 2125 David
3483 2112 3497 2136 ,
3531 2072 3621 2124 scd
3645 2071 3788 2140 \ipso

2210 2178 2425 2232 quoque
2462 2178 2658 2234 genere
2698 2179 2808 2218 sua:
2851 2159 3040 2217 mortis
3068 2163 3352 2234 expressit.
3387 2163 3480 2216 ille
3521 2163 3785 2232 siquidem

2219 2247 2466 2311 quercui,
2493 2247 2621 2298 dum
2647 2248 2883 2300 transire
2905 2245 3083 2308 vellet,
3117 2245 3332 2321 inita-sit
3352 2244 3436 2313 (Il
3461 2247 3584 2316 Reg.
3611 2248 3786 2315 κνιιι),

2215 2335 2322 2390 iste
2347 2336 2542 2405 laqueo
2566 2353 2646 2404 se,
2673 2336 2950 2406 Scriptura
2977 2347 3224 2400 testante,
3251 2339 3526 2406 suspendit
3564 2339 3782 2399 (Matth.

2219 2443 2388 2484 xxvu.
2422 2429 2490 2484 Ut
2516 2431 2767 2499 quoniam
2799 2439 3024 2498 uterque
3059 2432 3365 2485 redundans
3399 2433 3628 2499 viperea:
3660 2432 3788 2487 felle

2217 2523 2474 2591 nequitia:
2529 2533 2584 2576 et
2639 2534 2782 2576 terra
2837 2524 3087 2591 indignus
3149 2535 3265 2576 erat
3307 2535 3362 2578 et
3425 2527 3582 2587 ratio,
3643 2525 3787 2577 inter

2215 2623 2506 2684 utrumque
2535 2615 2786 2682 libratus,
2815 2626 2869 2670 et
2891 2625 3085 2670 terram
3112 2620 3382 2686 perderet,
3415 2617 3554 2672 ttad
3581 2616 3784 2672 caelum

2214 2707 2524 2765 nullatenus
2549 2710 2832 2778 aspiraret.
2867 2708 3001 2764 Nam
3025 2719 3078 2766 et
3101 2710 3442 2776 Achitophel,
3475 2712 3565 2778 qui
3609 2708 3783 2762 David

2213 2800 2463 2869 persequi
2487 2815 2596 2854 non
2624 2802 2962 2856 dissimiliter
2987 2802 3178 2866 voluit,
3209 2803 3550 2870 exigentibus
3576 2802 3785 2854 meritis

2215 2889 2452 2960 idipsum
2476 2907 2647 2960 genus
2666 2893 2854 2948 mortis
2869 2893 3028 2961 elegit
3049 2891 3134 2961 (ll
3162 2892 3292 2959 Reg.
3315 2898 3469 2960 xvn).
3501 2890 3599 2944 llic
3636 2892 3786 2945 enim

2212 2973 2449 3027 Absalon
2480 2974 2821 3041 persequenti
2861 2973 3026 3026 David
3067 2972 3346 3026 consilium
3378 2973 3521 3026 dedit
3576 2982 3633 3026 ut
3659 2988 3793 3025 con-

2214 3065 2440 3120 cubinas
2467 3065 2658 3133 patris,
2690 3080 2824 3133 quas
2849 3064 3126 3119 dimiserat
3160 3064 3227 3118 ad
3257 3065 3660 3118 custodiendam
3692 3059 3818 3118 do?

535 3153 640 3221 81
670 3130 790 3222 qua:
826 3130 1104 3224 supererat
1127 3199 1140 3218 ,
1181 3165 1327 3212 tanta
1365 3157 1525 3227 regite
1564 3130 1952 3228 persecutionis
1990 3167 2110 3213 erat
2137 3130 2185 3193 ο
2216 3171 2362 3210 mum
2391 3196 2407 3220 ,
2452 3130 2722 3226 sacrilega
2757 3157 3106 3226 permistione
3161 3156 3465 3225 pollueret,
3513 3165 3675 3224 atque
3720 3157 3789 3209 ad

537 3245 874 3301 immanitate
917 3249 1206 3303 constricta
1229 3290 1243 3312 ,
1281 3260 1336 3303 ut
1365 3252 1490 3304 dum
1537 3251 1840 3306 nullatenus
1865 3252 1942 3304 uti
1969 3252 2106 3306 divi-

537 3337 756 3391 natione
788 3349 1160 3406 praesumeret,
1202 3351 1517 3396 consuetum
1546 3344 1776 3413 promite
1804 3345 1937 3398 artis
1963 3361 2108 3414 qua:-

535 3437 676 3480 stum
715 3427 955 3483 funditus
983 3430 1271 3484 amisisset.
1311 3431 1433 3487 llaec
1463 3442 1638 3486 tamen
1659 3475 1674 3497 ,
1707 3434 1935 3506 idipsum
1963 3437 2106 3505 quod

535 3526 868 3572 remanserat
890 3521 1135 3586 reddens,
1165 3521 1302 3575 bona
1323 3538 1421 3592 pro
1445 3524 1598 3576 malis
1621 3525 1873 3579 alacriter
1892 3526 2104 3594 obtulit,

535 3618 589 3663 et
619 3609 893 3664 inimicum
926 3627 1113 3678 suum,
1149 3614 1296 3668 velut
1337 3615 1593 3684 Apostolo
1625 3615 1734 3684 jam
1767 3617 1883 3672 haec
1925 3621 2108 3688 praeci-

535 3702 746 3770 piente,
784 3703 985 3758 cibavit
1030 3705 1203 3772 (Rom.
1248 3723 1364 3773 xn;
1428 3705 1584 3762 Prov.
1621 3709 1767 3776 xxv).
1799 3710 1867 3764 Et
1895 3711 2012 3766 haec
2042 3727 2107 3767 eo

534 3801 776 3862 tempore
817 3793 1097 3851 laudabilis
1142 3797 1332 3852 mulier
1367 3799 1521 3860 lecit,
1563 3815 1683 3854 cum
1729 3800 1878 3854 illum
1925 3814 2108 3858 nosset

535 3883 676 3936 illico
711 3884 1060 3949 moriturum,
1095 3897 1256 3958 atque
1291 3889 1411 3943 ideo
1446 3905 1547 3944 nec
1577 3901 1818 3959 speraret
1852 3889 1961 3959 jam
1994 3892 2109 3961 pla-

535 3974 711 4026 cidum
730 4015 744 4037 ,
775 3991 876 4029 nec
898 3986 1114 4045 paveret
1141 3979 1356 4033 iratum.
1385 3981 1732 4050 Argumentis
1761 3991 1988 4037 utuntur
2014 3984 2109 4038 lio-

537 4064 728 4128 mines,
765 4075 826 4118 ut
851 4080 881 4119 e
913 4068 1140 4134 propriis
1172 4069 1415 4124 domibus
1450 4071 1707 4140 hospitari
1740 4072 1982 4128 volentes
2011 4072 2106 4140 eji-

534 4153 700 4216 ciant,
727 4162 784 4206 ut
806 4156 872 4207 ad
909 4157 1157 4211 tabernas
1177 4196 1193 4220 ,
1223 4158 1306 4211 vel
1334 4162 1593 4229 cmptoria
1623 4161 1796 4216 vicina
1827 4163 2107 4216 transmit-

537 4249 671 4296 tant.
702 4241 974 4312 Siquidem
1002 4243 1150 4300 locus
1181 4248 1282 4304 iste
1309 4248 1657 4316 depretiatur,
1686 4251 1774 4304 ille
1797 4250 2101 4319 prtefertur.

536 4330 636 4385 llic
682 4346 778 4399 per
824 4333 1219 4389 inclementiam
1268 4339 1536 4394 annotinae
1582 4342 1915 4411 tempestatis
1961 4356 2103 4410 πει-ει

532 4437 686 4490 seges
715 4438 912 4493 negarg
944 4423 1114 4478 fertur
1148 4428 1397 4498 agricolis
1425 4429 1626 4484 victum
1648 4471 1662 4492 ,
1702 4430 1813 4484 illic
1846 4429 2101 4485 feracium

531 4511 742 4581 frugum
772 4513 964 4566 dicitur
985 4516 1311 4572 exuberasse
1341 4515 1648 4587 proventus.
1683 4519 1837 4573 Modo
1865 4519 2102 4577 brevitas

531 4605 941 4658 commendatur
973 4606 1211 4672 itineris,
1240 4609 1398 4662 modo
1429 4609 1509 4664 sol
1538 4611 1728 4664 altiora
1755 4611 1877 4666 θαιιί
1918 4620 2102 4666 tenere

531 4693 702 4762 spatia
732 4695 1060 4761 perhibetur.
1101 4697 1212 4753 Hac
1255 4700 1417 4769 igitur
1447 4703 1788 4762 accuratione
1814 4701 2099 4756 verborum

531 4783 660 4836 nihil
682 4783 822 4838 aliud
848 4787 1045 4856 agitur,
1073 4804 1233 4857 quam
1265 4801 1319 4842 ut
1342 4794 1776 4859 supervenientes
1828 4794 1968 4848 aliud
1997 4795 2099 4849 sibi

528 4871 808 4940 providere
835 4877 1224 4944 compellantur
1253 4880 1558 4947 hospitium.
1595 4882 1718 4936 Hth
1751 4892 1928 4938 autem
1969 4902 2094 4954 pru-

529 4960 662 5014 dens
695 4971 748 5016 et
778 4963 1007 5032 ingenua
1041 4968 1233 5023 mulier
1271 4970 1654 5035 rhetoricatur,
1689 4983 1748 5026 ut
1776 4973 1852 5027 ita
1887 4974 2096 5044 loquar,

527 5063 585 5109 et
623 5064 898 5108 oratorum
939 5059 1273 5115 orationibus
1319 5061 1508 5128 utitur,
1552 5071 1612 5116 ut
1651 5063 1900 5120 inimicus
1935 5065 2052 5134 ejus
2079 5109 2095 5131 ,

527 5146 653 5199 dum
684 5146 889 5211 respuit
915 5161 977 5199 ac
1005 5149 1258 5212 resultat,
1290 5150 1354 5204 ad
1385 5152 1622 5205 edulium
1651 5164 1990 5220 provocetur.

597 5233 682 5306 (II
711 5234 838 5305 Reg.
873 5252 990 5301 xm,
1019 5255 1111 5307 per
1135 5241 1344 5308 totum.)
1378 5241 1609 5296 Absalon
1637 5242 1899 5310 siquidem
1927 5244 2094 5299 inter-

524 5333 789 5398 pretatur,
827 5330 994 5396 patris
1030 5345 1163 5395 pax,
1200 5345 1296 5399 per
1333 5346 1491 5399 quem
1533 5332 1841 5404 designatur
1872 5334 2097 5402 populus

525 5415 830 5470 Judaeorum
857 5457 872 5481 ,
921 5418 1013 5487 qui
1057 5431 1225 5484 usque
1274 5420 1340 5471 ad
1389 5430 1612 5475 mortem
1658 5432 1972 5490 persecutus
2015 5436 2095 5479 est

527 5505 819 5558 Christum.
844 5507 918 5560 De
939 5521 1044 5574 quo
1063 5506 1254 5574 populo
1275 5522 1369 5576 per
1387 5506 1577 5562 Isaiam
1595 5510 1723 5564 dicit
1745 5529 1757 5564 :
1781 5529 1800 5562 ‹
1828 5511 1990 5567 Filios
2006 5531 2098 5584 ge-

531 5595 620 5645 nui
645 5603 699 5647 et
734 5595 1000 5674 exaltavi;
1030 5593 1128 5663 ipsi
1156 5605 1334 5650 autem
1361 5608 1680 5667 spreverunt
1699 5617 1786 5656 me
1807 5600 1961 5673 (lsai.
1987 5604 2048 5674 ι).
2070 5624 2088 5656 ι

529 5681 628 5750 Qui
656 5687 823 5756 patris
850 5699 952 5754 pax
975 5684 1096 5755 jure
1123 5687 1339 5756 dicitur,
1371 5690 1622 5760 quoniam
1653 5691 1705 5747 in
1735 5691 1824 5750 illo
1853 5696 2095 5764 speciali-

2207 3247 2516 3303 l'mdandum
2545 3256 2755 3317 patrem
2786 3262 3046 3322 novercas
3081 3262 3206 3300 suas
3237 3246 3462 3313 turpiter
3475 3244 3788 3299 1nceslarel

2208 3340 2293 3412 (11
2332 3339 2458 3411 Reg.
2507 3338 2642 3406 xw).
2684 3337 2821 3405 Quid
2866 3347 3043 3392 autem
3090 3352 3188 3407 per
3226 3337 3408 3391 decem
3455 3335 3789 3389 concubinas

2207 3433 2407 3498 David,
2461 3432 2565 3486 nisi
2617 3413 2749 3502 pars
2806 3431 2894 3486 illa
2945 3429 3178 3485 Judaicsa
3225 3428 3392 3498 plebis
3441 3427 3784 3496 exprimitur,

2206 3541 2326 3594 quae
2359 3523 2635 3580 Christum
2689 3537 2897 3586 verum,
2948 3522 3132 3590 utique
3185 3520 3350 3573 David
3407 3519 3516 3589 82
3570 3517 3785 3586 fugien-

2207 3627 2348 3679 tem,
2411 3614 2467 3668 itt
2519 3612 2834 3683 gentilitatis
2901 3612 3110 3666 deserta
3169 3625 3272 3663 non
3335 3609 3606 3676 sequitur,
3654 3607 3786 3675 quia

2207 3704 2342 3775 legis
2393 3718 2452 3758 se
2520 3703 2719 3758 habere
2793 3701 3114 3771 Decalogum
3187 3699 3476 3769 gloriatur,
3515 3696 3618 3752 Per
3685 3713 3786 3751 nu-

2207 3811 2414 3851 merum
2479 3808 2712 3863 namque
2779 3792 3232 3854 concubinarum,
3283 3804 3538 3844 numerus
3601 3787 3784 3855 expri-

2206 3887 2374 3941 mitur
2406 3885 2801 3940 mandatorum.
2843 3881 3167 3937 Concuhina:
3195 3896 3351 3952 ergo,
3383 3896 3502 3949 qua)
3549 3896 3652 3932 non
3697 3895 3783 3932 se-

2206 3987 2434 4046 quentes
2454 3975 2639 4039 David,
2664 3976 2880 4046 domum
2905 3981 3140 4032 servant,
3168 3971 3218 4024 hi
3245 3972 3476 4038 suntqui
3508 3970 3559 4022 in
3587 3970 3784 4023 veteris

2206 4064 2340 4136 legis
2382 4063 2623 4119 custodia
2665 4069 3034 4132 perseverant.
3081 4060 3314 4116 Absalon
3367 4061 3526 4129 igitur
3570 4060 3634 4112 ad
3681 4060 3782 4112 has

2207 4155 2532 4210 concubinas
2562 4153 2728 4209 David
2766 4153 3079 4223 ingreditur,
3117 4152 3241 4220 quia
3289 4150 3551 4216 diabolus,
3593 4151 3681 4218 qui
3726 4152 3780 4203 in

2203 4244 2437 4299 Absalon
2461 4245 2596 4308 erat,
2617 4258 2714 4313 per
2731 4259 2988 4298 excessus
3008 4243 3342 4297 diversorum
3370 4241 3629 4295 scelerum
3655 4256 3778 4294 cum

2208 4334 2402 4390 talibus
2441 4334 2756 4390 fornicatur.
2799 4334 2864 4387 Et
2904 4333 3043 4388 bene
3075 4333 3290 4398 dicitur,
3319 4333 3440 4401 quia
3480 4332 3645 4385 David
3684 4346 3779 4386 eas

2207 4426 2486 4481 dimiserat
2516 4427 2582 4480 ad
2610 4424 3012 4480 custodiendam
3042 4423 3278 4478 domum.
3322 4423 3546 4476 Provida
3581 4423 3780 4492 quippe

2209 4515 2578 4585 Redemptoris
2628 4514 2798 4569 nostri
2838 4513 3232 4582 dispensatione
3275 4513 3531 4567 divinitus
3575 4512 3777 4581 agitur,

2205 4616 2262 4661 ut
2289 4607 2441 4677 quasi
2471 4607 2537 4661 ad
2572 4606 2889 4660 servandam
2923 4604 3054 4674 legis
3082 4605 3296 4658 domum
3335 4601 3638 4657 Judzeoruru
3690 4617 3777 4656 re-

2203 4698 2382 4768 liquitc
2420 4706 2726 4763 serventur,
2775 4704 2832 4750 ut
2873 4696 2973 4766 ipsi
3020 4694 3411 4765 quodammodo
3453 4693 3621 4746 nostri
3666 4693 3778 4746 sint

2199 4788 2494 4853 scriniarii,
2517 4797 2572 4842 et
2595 4787 2758 4841 libros
2781 4786 3017 4840 etelestis
3040 4786 3258 4854 eloquii,
3291 4785 3341 4837 in
3373 4785 3559 4837 eadem
3592 4783 3642 4835 in
3669 4799 3773 4851 qua

2200 4877 2402 4932 conditi
2432 4886 2556 4931 sunt
2600 4877 2800 4946 lingua,
2833 4876 3030 4945 ubique
3058 4885 3321 4929 terrarum
3356 4872 3551 4935 ferant,
3578 4882 3772 4940 quate-

2205 4983 2305 5020 nus
2333 4967 2454 5036 ipsi,
2476 4966 2566 5036 qui
2589 4966 2742 5020 nobis
2767 4964 2970 5020 inimici
3001 4976 3147 5031 sunt,
3179 4966 3222 5017 si
3252 4965 3464 5034 quando
3489 4961 3775 5031 scrupulus

2203 5054 2490 5110 dubietatis
2513 5054 2814 5119 emet-serit,
2845 5069 3004 5108 omne
3037 5054 3190 5108 nobis
3220 5053 3526 5120 ambiguum
3564 5050 3771 5104 tollant.

2205 5146 2356 5200 Unde
2381 5161 2476 5214 per
2501 5144 2841 5199 Psalmistam
2872 5144 3097 5198 dicitur:
3133 5161 3152 5193 ε
3186 5142 3326 5196 Deus
3351 5156 3519 5205 meus,
3549 5141 3775 5194 ostende

2202 5236 2333 5290 mihi
2360 5235 2498 5290 bona
2531 5235 2671 5289 inter
2708 5234 2952 5288 inimicos
2993 5247 3162 5296 meos,
3211 5245 3276 5284 ne
3308 5231 3522 5284 occidas
3558 5245 3672 5296 eos,
3706 5245 3774 5281 ne

2201 5334 2412 5402 quando
2425 5330 2946 5402 obliviscanturlegis
2970 5339 3072 5382 tua:
3088 5327 3257 5399 (Psal.
3273 5326 3445 5397 LVIII).
3471 5345 3490 5376 ›
3510 5324 3771 5379 llebraica

2199 5427 2394 5494 quippe
2433 5424 2608 5494 lingua
2654 5440 2771 5493 qua!
2827 5433 2938 5478 toto
2982 5424 3112 5477 orbe
3158 5422 3498 5491 dispergitur,
3545 5419 3770 5473 multum

2198 5516 2516 5571 Christiana:
2542 5515 2662 5568 ﬁdei
2692 5515 2986 5569 auctoritas
3010 5515 3310 5583 adjuvatur.
3340 5512 3474 5566 Nam
3505 5510 3607 5564 nisi
3641 5509 3771 5562 illud

2199 5611 2479 5666 accederet
2525 5610 2922 5673 testimonium,
2963 5608 3105 5677 quod
3149 5607 3293 5676 apud
3333 5620 3434 5659 nos
3476 5603 3766 5660 scribitur.
3823 5643 3826 5646 .

2197 5701 2590 5769 quodammodo
2607 5698 2780 5769 putari
2809 5706 2988 5767 posset
3009 5712 3125 5752 esse
3149 5696 3452 5766 figmentum
3472 5711 3486 5758 ;
3527 5691 3620 5746 sed
3643 5707 3767 5745 cum
