4140 6478
385 357 490 410 235

1469 353 1664 408 LIBER
1705 349 2090 416 SECUNDUS,
2127 350 2340 408 EPIST.
2381 351 2515 408 XIII.

3515 360 3619 416 286

387 451 516 504 illud
541 445 900 502 testimoniu'n
933 443 1234 518 adhibetur,
1263 444 1405 499 illico
1435 444 1684 499 dubietas
1723 445 1944 498 tollitur.
1972 449 2018 508 Α
2051 442 2420 497 vicissitudine
2445 442 2532 514 (II
2580 442 2708 514 Reg.
2737 441 2871 514 xu).
2903 461 2922 498 ι
2956 443 3119 513 Cujus
3159 445 3384 519 ﬁguram
3419 455 3618 508 tenent.

387 539 538 594 Unde
566 546 619 592 et
649 536 756 590 illic
780 544 965 604 aperte
999 533 1372 605 subiungitur:
1415 551 1436 585 ι
1466 535 1720 604 Disperge
1745 535 1863 589 illos
1895 534 1950 588 in

384 629 583 682 virtute
609 633 697 679 tua
731 622 900 694 (Paul.
930 623 1141 700 Lvnt.);_
1171 641 1190 674 ι
1224 638 1287 678 ac
1313 623 1358 678 si
1388 624 1530 678 dicat
1551 621 1722 677 Filius
1753 623 1817 677 ad
1843 623 1950 678 Pa-

385 727 522 773 trem
553 735 566 770 :
593 717 868 786 Disperge,
897 722 1057 784 atque
1083 713 1365 768 dissemina
1388 728 1487 784 per
1511 722 1679 768 totum
1695 714 1949 768 mundum

381 809 472 878 qui
516 806 879 876 superfuerint
919 806 986 860 de
1028 804 1224 874 popqu
1259 803 1588 871 Iudaeorum,
1635 813 1696 859 ut
1739 805 1841 874 ipsi
1883 805 1952 858 de

381 898 656 952 veteribus
683 896 838 950 libris
867 895 1233 950 testimonium
1271 895 1590 965 perhibeant
1629 910 1782 952 nova:
1828 895 1951 952 ﬁdei

381 985 620 1042 veritati.

451 1074 693 1144 Cumque
736 1074 974 1129 venisset
1017 1073 1184 1128 David
1230 1072 1287 1128 in
1327 1080 1504 1128 castra
1542 1072 1775 1138 Madian,
1822 1072 1952 1128 Sobi

381 1165 526 1220 ﬁlius
574 1162 740 1229 Naas,
788 1172 844 1218 et
888 1162 1078 1218 Machil
1129 1162 1269 1218 ﬁlius
1317 1162 1539 1228 Amihil,
1595 1171 1650 1218 et
1691 1161 1952 1218 Berzellai

381 1253 688 1310 Galaadites
724 1251 1032 1307 obtulerunt
1080 1252 1129 1306 ei
1173 1253 1460 1318 stratoris,
1510 1260 1566 1308 et
1608 1253 1842 1321 tapetia,
1887 1266 1952 1307 ac

383 1357 509 1396 vasa
554 1341 736 1395 ﬁctilia
767 1380 782 1406 ,
821 1349 924 1395 etc.
971 1339 1053 1397 (Il
1109 1341 1233 1412 Reg.
1279 1341 1434 1412 xvu).
1477 1341 1781 1395 Madianitze
1823 1354 1953 1396 vero

381 1432 472 1501 qui
512 1435 787 1498 prtublltfre
819 1432 930 1502 regi
960 1433 1124 1486 David
1168 1433 1442 1498 stratoris,
1474 1441 1528 1488 et
1573 1423 1794 1502 tapetia,
1821 1432 1951 1501 quid

383 1519 523 1574 aliud
554 1519 858 1588 signiﬁcant
887 1535 1046 1588 quam
1075 1521 1299 1590 gentiles
1328 1536 1618 1580 conversos
1647 1521 1713 1575 ad
1748 1520 1952 1575 ﬁdem?

383 1609 482 1676 Qui
521 1609 646 1663 dum
681 1609 784 1678 piis
833 1610 1040 1664 actibus
1090 1611 1424 1665 incessanter
1469 1612 1746 1676 insistunt,
1794 1611 1950 1680 quasi

385 1689 599 1754 textrini
646 1701 825 1769 operis
873 1699 1181 1755 linteamina
1244 1712 1586 1770 praeparant,
1644 1704 1696 1757 in
1756 1704 1950 1773 quibus

2049 532 2140 602 qui
2164 533 2425 602 spirituali
2465 533 2714 602 cuiquam
2755 535 2892 600 viro,
2918 551 3144 606 seseque
3171 538 3239 593 ad
3274 537 3465 593 altiora
3500 553 3623 607 pro-

2049 623 2303 688 vocanti,
2357 623 2510 691 quasi
2581 624 2855 678 humiliter
2907 626 3236 681 decantaut:
3303 627 3624 684 Peccatores

2047 713 2261 781 quidem
2310 727 2514 776 sumus,
2548 714 2770 782 tibique,
2808 715 2988 780 Pater,
3028 717 3480 787 obtemperamus,
3525 719 3620 772 sed

2045 799 2388 855 districtioris
2416 801 2644 856 instituti
2669 805 2904 874 regulam
2929 821 3146 860 servare
3177 823 3281 860 nun
3312 802 3643 876 possumus.'

2043 889 2246 944 Inﬁrmi
2289 905 2475 946 sumus
2519 901 2574 948 et
2603 891 2842 964 fragiles,
2875 905 3037 965 atque
3081 897 3201 952 ideo
3247 877 3435 952 melius
3473 897 3619 965 judi-

2045 994 2232 1034 camus
2260 981 2361 1036 sub
2387 981 2491 1036 levi
2523 998 2623 1038 nos
2649 983 2794 1039 fasce
2837 985 3091 1055 inglorios
3124 995 3392 1056 utcunque
3417 989 3620 1055 vivere,

2043 1086 2208 1142 quam
2233 1073 2336 1127 sub
2374 1075 2556 1143 gravis
2598 1075 2826 1129 sarcinae
2853 1077 3088 1144 pondere
3112 1077 3263 1144 quasi
3310 1076 3474 1132 fortes
3502 1077 3622 1132 futt-

2045 1161 2192 1216 dItus
2223 1160 2462 1216 interire.
2495 1160 2632 1216 Nam
2669 1170 2724 1216 et
2749 1164 2890 1230 quod
2918 1164 3056 1218 idem
3084 1164 3345 1219 Berzellai
3375 1167 3621 1235 super-ius

2044 1247 2296 1324 dixerat,
2345 1249 2414 1304 ab
2461 1250 2684 1304 istorum
2721 1251 2994 1306 interioris
3036 1253 3269 1308 hominis
3318 1255 3470 1308 senio
3511 1270 3619 1308 non

2043 1339 2335 1397 discordat.
2392 1339 2574 1407 «Quot
2629 1350 2776 1408 sunt,
2831 1343 3026 1412 inquit,
3067 1345 3180 1399 dies
3208 1360 3470 1399 annorum
3493 1345 3620 1400 vitae

2044 1447 2179 1488 mea:
2205 1441 2265 1486 ut
2288 1433 2578 1486 ascendam
2601 1447 2724 1487 cum
2751 1447 2875 1503 rege
2901 1434 2955 1487 in
2983 1433 3401 1489 Hierusalem?»
3429 1433 3619 1504 (Ιὸίά.)

2044 1521 2114 1576 Et
2141 1519 2375 1589 adjecit:
2415 1539 2434 1572 ι
2469 1519 2718 1590 Nunquid
2743 1521 2923 1592 vigent
2958 1536 3152 1578 sensus
3181 1524 3286 1577 mei
3313 1524 3379 1577 ad
3415 1524 3622 1580 discer-

2044 1609 2278 1664 nendum
2326 1624 2491 1663 suave
2537 1618 2592 1664 et
2643 1611 2932 1664 amarum?
2985 1619 3081 1665 aut
3122 1611 3392 1686 delectare
3444 1620 3624 1681 potest
3701 1660 3707 1666 .

2044 1713 2257 1755 servum
2289 1707 2436 1753 tuum
2463 1701 2614 1755 cibus
2643 1708 2698 1755 et
2725 1700 2926 1771 potus?
2956 1701 3038 1754 vel
3067 1702 3252 1755 audire
3283 1717 3502 1769 possum
3528 1717 3626 1756 vo-

383 1791 565 1859 utique
596 1791 852 1845 Dominus
883 1793 1120 1846 suaviter
1153 1794 1471 1861 requiescat.
1506 1794 1628 1848 Haec
1653 1796 1793 1850 enim
1823 1805 1949 1850 sunt
1976 1778 2023 1838 Β
2047 1806 2164 1846 cem
2200 1800 2480 1846 cantorum
2515 1801 2570 1845 et
2610 1791 3007 1846 cantatricum?
3043 1812 3061 1844 ι
3115 1791 3310 1862 (Ιὺὶά.)
3349 1793 3622 1848 \‘eraciter

383 1881 685 1948 evangelica
735 1880 820 1934 illa
855 1881 1195 1948 vestimenta,
1223 1896 1341 1951 quae
1375 1883 1598 1951 apostoli
1649 1898 1810 1952 super
1843 1885 1950 1938 asi-

384 1986 508 2024 num
531 1981 756 2040 ponunt,
775 1981 829 2025 et
847 1969 1028 2024 Jcsum
1051 1973 1237 2026 sedere
1259 1973 1487 2040 desuper
1509 1960 1714 2026 faciunt
1731 1971 1946 2043 (Matth.

383 2075 512 2123 xu;
556 2058 723 2114 Marc.
771 2074 863 2123 xt;
895 2058 1025 2112 Luc.
1063 2073 1198 2130 xu).
1233 2059 1386 2126 Quod
1427 2067 1604 2114 autem
1659 2061 1944 2130 sequitur:

384 2150 516 2218 Quia
544 2154 802 2205 dederunt
831 2152 992 2204 David
1023 2153 1185 2206 etiam
1215 2167 1336 2205 vasa
1368 2152 1568 2216 ﬁctilia,
1597 2151 1946 2220 frumentum,

384 2252 438 2295 et
469 2240 743 2303 hordeum,
776 2240 1020 2305 farinam,
1045 2254 1092 2296 et
1125 2223 1325 2304 fabam,
1349 2250 1404 2294 et
1433 2242 1648 2306 lentem,
1673 2254 1728 2298 et
1752 2244 1950 2298 frixum

387 2329 552 2394 cicer,
589 2337 644 2383 et
674 2329 797 2393 mel,
842 2340 897 2383 et
943 2332 1216 2400 butyrum,
1263 2346 1389 2384 oves
1417 2331 1600 2397 etiam,
1631 2340 1685 2386 et
1729 2332 1951 2402 pingues

385 2417 578 2470 vitulos
608 2416 694 2486 (II
729 2416 852 2486 Reg.
896 2418 1047 2486 xvii),
1081 2419 1322 2486 plurimae
1363 2419 1604 2474 ciborum
1637 2421 1843 2489 species
1869 2422 1950 2476 di-

383 2508 523 2560 versi
552 2514 674 2560 sunt
699 2516 1004 2561 sanctorum
1035 2508 1304 2561 hominum
1331 2523 1526 2564 mores.
1559 2509 1763 2575 Quibus
1784 2511 1948 2572 nimi-

385 2611 504 2650 rum
535 2596 699 2649 David
739 2611 858 2648 cum
905 2597 1014 2650 suis
1033 2597 1499 2657 mmmilitouibus
1534 2601 1791 2669 pascitur,
1823 2603 1948 2672 quia

387 2685 724 2754 Redemptor.
737 2695 920 2740 uoster
947 2679 1296 2745 cum-sanctis
1333 2691 1446 2745 suis
1489 2693 1655 2748 rectis
1679 2694 1945 2763 iustorum

385 2775 636 2844 operibus
663 2773 799 2825 velut
824 2777 1070 2830 esuriens
1095 2773 1362 2842 epulatur.

453 2861 706 2915 Berzellai
751 2862 1054 2916 Galaaditcs
1098 2876 1262 2917 senex
1307 2864 1482 2928 valde,
1527 2867 1578 2920 id
1629 2855 1731 2932 cst,
1801 2879 1949 2925 octo—

386 2953 655 3022 genarius,
687 2960 744 3006 ut
779 2967 931 3007 sacra
965 2961 1192 3006 testatur
1231 2954 1476 3020 historia,
1523 2959 1852 3015 descendens
1880 2963 1947 3016 de

388 3042 659 3113 Rogelim,
707 3043 1012 3097 transduxit
1059 3057 1236 3114 regem
1280 3044 1446 3101 David
1488 3047 1794 3104 Jordauem.
1846 3049 1944 3106 Cui

2043 1881 2188 1938 enim
2209 1881 2391 1935 talium
2414 1881 2688 1936 hominum
2714 1897 2904 1936 sensus
2923 1882 3248 1938 intrinsecus
3273 1883 3449 1936 obtusi
3471 1891 3617 1946 sunt,

2042 1970 2169 2040 quia
2211 1969 2511 2039 spiritualia
2560 1969 2758 2024 mentis
2802 1969 3001 2032 edulia,
3045 1969 3128 2022 vel
3176 1970 3378 2024 intima:
3423 1970 3621 2039 jubila-

2042 2058 2206 2114 tionis
2245 2073 2448 2129 organa
2499 2071 2606 2110 non
2645 2058 2976 2111 discernunt.
3021 2056 3138 2111 Non
3180 2057 3323 2111 enim
3368 2058 3448 2112 eis
3481 2058 3621 2127 sapit

2041 2150 2196 2206 cibus
2237 2149 2326 2204 ille
2376 2148 2642 2218 caelestis,
2685 2148 2752 2202 ad
2791 2162 2948 2217 quem
2993 2147 3262 2220 Propheta
3309 2147 3623 2216 spirituales

2041 2238 2293 2294 convivas
2337 2237 2528 2293 invitat
2575 2254 2590 2290 :
2647 2253 2665 2287 ι
2716 2235 2980 2302 Gustate,
3045 2221 3260 2304 inquit,
3328 2245 3381 2290 et
3421 2237 3618 2300 videte,

2041 2325 2292 2398 quoniam
2315 2326 2498 2380 suavis
2516 2333 2597 2380 est
2629 2324 2885 2380 Dominus
2909 2325 3081 2398 (Paul.
3106 2327 3321 2396 xum).
3353 2345 3372 2378 ι
3398 2325 3510 2382 Nec
3531 2327 3620 2380 illa

2041 2416 2224 2472 fauces
2254 2429 2441 2470 eorum
2471 2416 2627 2470 mella
2665 2416 2999 2480 discernunt,
3043 2416 3110 2470 de
3148 2417 3345 2484 quibus
3391 2416 3614 2471 aiebat:

2049 2525 2071 2561 ι
2105 2507 2277 2576 Quam
2312 2506 2490 2562 dulcia
2521 2507 2765 2563 faucibus
2794 2509 2930 2563 meis
2956 2507 3169 2576 eloquia
3209 2516 3320 2571 tua,
3366 2507 3616 2570 Domine,

2040 2611 2202 2668 super
2217 2595 2324 2650 mel
2351 2605 2405 2651 et
2427 2596 2608 2650 favum
2627 2597 2708 2651 ori
2732 2598 2878 2652 meo!
2901 2615 2920 2648 ι
2951 2594 3120 2667 (Paul.
3147 2594 3356 2663 cxvut.)
3379 2594 3618 2650 Necdum

2038 2689 2110 2745 ad
2139 2689 2267 2744 illud
2306 2687 2594 2756 Sapientiae
2624 2688 2943 2742 discubuere
2965 2688 3292 2752 convivium,
3323 2686 3391 2741 de
3419 2702 3526 2756 quo
3562 2687 3618 2740 in

2038 2778 2178 2835 Iibro
2204 2779 2458 2834 Proverb.
2499 2778 2737 2834 dicitur:
2777 2799 2795 2831 ι
2841 2779 2976 2845 Quia
3011 2778 3274 2847 sapientia
3319 2777 3652 2836 immolavit

2037 2868 2287 2923 victimas
2327 2885 2486 2930 suas,
2549 2869 2766 2923 miscuit
2813 2871 2995 2923 viuum
3049 2877 3103 2923 et
3149 2868 3328 2937 posuit
3375 2883 3618 2923 mensam

2039 2972 2194 3015 suam
2235 2958 2417 3030 (Prov.
2447 2959 2560 3028 rx);
2597 2979 2616 3012 ι
2645 2959 2736 3014 ubi
2783 2968 2837 3014 et
2865 2961 3143 3030 sequitur:
3171 2976 3192 3009 ί
3221 2958 3368 3013 Misit
3396 2958 3620 3015 ancillas

2039 3064 2168 3105 suas
2195 3057 2255 3104 ut
2280 3058 2540 3105 vocarent
2571 3049 2638 3103 ad
2678 3063 2861 3104 arcem
2904 3059 2960 3104 et
2998 3050 3066 3103 ad
3095 3049 3293 3104 mtenia
3341 3049 3632 3104 civitatis:

387 3150 478 3188 rex
517 3152 532 3188 :
571 3152 590 3186 ι
613 3135 766 3200 Veni,
801 3137 995 3206 inquit,
1025 3126 1409 3210 utrequiescas
1432 3156 1641 3198 mecum
1671 3141 1726 3194 in
1759 3112 2014 3198 Hieru-C
2042 3139 2256 3206 Venite,
2301 3139 2569 3196 comedite
2607 3154 2802 3210 panem
2847 3154 3049 3203 meum,
3107 3147 3164 3194 et
3220 3137 3387 3194 bibite
3432 3139 3617 3194 vinum

383 3223 546 3277 salem
565 3222 648 3292 (II
663 3223 784 3295 Reg.
802 3228 934 3297 XIX).
959 3247 974 3279 ι
997 3226 1086 3282 Ille
1100 3237 1275 3283 autem
1304 3245 1532 3286 renuens
1545 3235 1947 3290 excusationem

383 3315 679 3369 senectutis
695 3317 950 3378 obtendit,
969 3325 1022 3371 et
1042 3318 1225 3374 relicto
1246 3334 1370 3387 rege
1395 3336 1516 3374 mox
1539 3323 1605 3376 ad
1628 3325 1846 3394 propria
1867 3339 1949 3380 re-

382 3406 614 3473 pedavit.
641 3405 778 3460 Sunt
807 3424 1039 3477 namque
1061 3412 1298 3466 nonnulli
1323 3413 1413 3482 qui
1443 3429 1620 3482 regem
1637 3415 1820 3482 David,
1845 3417 1950 3472 hoc

381 3505 482 3560 est,
508 3496 840 3552 Salvatorem
877 3509 1122 3554 nostrum
1148 3511 1458 3570 sequentes,
1482 3502 1730 3559 Jordanis
1751 3503 1948 3560 fluenta

381 3588 768 3652 transmittunt,
799 3591 900 3645 hoc
919 3599 1021 3656 est,
1051 3592 1132 3646 vel
1162 3595 1410 3662 baptismi
1435 3596 1730 3664 suscipiunt
1759 3611 1946 3652 sacra-

380 3687 644 3745 mentum,
660 3680 906 3748 vel,quod
947 3683 1240 3736 secundum
1263 3692 1344 3736 est
1370 3683 1660 3748 lavacrum,
1683 3687 1948 3752 arripiunt

379 3765 652 3835 spirituale
680 3771 1027 3837 propositum.
1065 3770 1198 3824 Nam
1237 3774 1360 3839 quia
1406 3775 1458 3826 in
1494 3773 1726 3829 Jordane
1759 3785 1948 3844 auctor

377 3854 622 3925 baptismi
639 3855 882 3914 Christus
903 3869 986 3913 est
1013 3859 1312 3926 baptizatus
1331 3861 1546 3932 (Matth.
1570 3880 1629 3918 ιιι
1647 3881 1662 3930 ;
1681 3864 1807 3920 Luc':
1836 3881 1943 3936 ιιι),

375 3945 482 4016 83
526 3955 672 4002 recte
715 3962 813 4017 per
855 3964 977 4004 eum
1016 3950 1334 4021 intelligitur
1373 3954 1690 4022 baptismus.
1715 3955 1821 4010 Sed
1861 3958 1940 4025 bt,

376 4025 535 4092 veste.
560 4039 788 4105 variata,
832 4055 937 4094 non
981 4051 1180 4104 mente,
1233 4044 1472 4097 habitum
1515 4045 1791 4110 mutando,
1833 4061 1941 4102 non

377 4128 634 4195 animum,
676 4131 742 4184 ad
777 4131 1030 4198 pristinos
1057 4134 1282 4186 redeunt
1324 4149 1523 4196 mores.
1563 4142 1618 4188 et
1660 4135 1942 4207 saeculares

377 4224 621 4284 repetunt
666 4218 941 4283 actiones;
991 4228 1046 4273 et
1071 4221 1193 4288 quia
1240 4233 1512 4290 nequeunt
1544 4237 1574 4276 a
1607 4225 1940 4292 negotiorum

373 4306 705 4360 saecularium
738 4308 1135 4376 perturbatione
1161 4311 1460 4379 quiescere,
1505 4313 1694 4368 nolunt
1721 4315 1776 4370 in
1810 4317 1938 4373 Hie-

374 4395 630 4460 rusalem,
684 4397 786 4451 hoc
832 4408 936 4462 est,
989 4398 1043 4452 in
1088 4400 1293 4455 visione
1336 4402 1484 4470 pacis
1537 4404 1780 4461 habitare
1815 4422 1937 4463 cum

373 4501 518 4557 rege.
554 4487 723 4543 Senes
746 4489 888 4542 enim
919 4498 1046 4544 sunt
1073 4497 1128 4544 et
1152 4490 1456 4556 inveterati,
1485 4502 1647 4562 atque
1682 4495 1803 4550 ideo
1843 4513 1940 4552 ne-

373 4587 576 4644 queunt
605 4579 658 4632 in
703 4594 893 4634 novam
921 4581 987 4635 de
1026 4590 1236 4638 vetusta
1262 4586 1672 4640 conversatione
1720 4588 1940 4642 mutari.

379 4665 508 4720 Nam
554 4675 610 4722 et
648 4667 938 4725 Jordanem
976 4679 1253 4727 transeunt
1291 4682 1350 4727 et
1393 4675 1726 4744 octogenarii
1774 4686 1940 4742 sunt;

374 4758 498 4824 quia
527 4767 584 4813 et
608 4757 863 4828 baptizati
905 4769 1062 4826 sunt,
1100 4771 1156 4817 et
1197 4765 1645 4820 resurrectionem
1677 4765 1908 4821 futuram
1922 4819 1942 4848 ,

375 4862 493 4916 qua:
521 4863 617 4918 per
653 4849 988 4904 octonarium
1017 4852 1327 4923 designatur
1363 4869 1666 4919 numerum,
1697 4858 1943 4912 credunt.

372 4934 477 4992 Sed
502 4936 556 4991 hi
587 4953 895 5007 quanquam
931 4940 1044 5010 regi
1094 4941 1369 4998 humiliter
1397 4953 1452 4999 et
1479 4942 1672 4999 blande
1713 4945 1940 5016 loquan-

373 5035 478 5094 tur,
506 5045 684 5100 regem
721 5042 896 5085 tamen
936 5032 1211 5100 deserunt,
1239 5045 1295 5090 et
1323 5036 1388 5090 ad
1430 5036 1602 5091 solitae
1645 5051 1940 5094 conversa-

371 5123 532 5177 tionis
581 5126 1023 5181 consuetudinem
1072 5137 1432 5184 revertuutur.
1481 5131 1618 5197 Quid
1666 5140 1750 5186 est
1792 5133 1936 5187 enim

371 5214 480 5282 regi
511 5214 702 5268 blanda
738 5215 902 5270 verba
931 5215 1192 5287 proferre,
1224 5218 1328 5273 nisi
1369 5219 1508 5273 sicut
1552 5218 1604 5272 in
1648 5219 1937 5290 Evangelio

369 5300 586 5368 dicitur,
621 5319 680 5358 se
708 5304 897 5359 callide
924 5305 1103 5375 potius
1133 5321 1293 5376 quam
1325 5307 1600 5362 humiliter
1637 5311 1937 5364 excusare?

374 5412 392 5444 ι
432 5393 583 5463 Rogo
612 5436 627 5459 ,
684 5395 859 5466 Inquit
887 5437 902 5462 ,
975 5408 1063 5462 te,
1117 5399 1255 5453 habe
1295 5416 1381 5454 me
1418 5409 1730 5455 excusatum
1783 5401 1936 5470 (Luc.

368 5484 502 5559 inv).
527 5504 546 5537 ›
579 5485 800 5541 Dicebat
820 5488 962 5542 enim
979 5488 1234 5544 Berzcllai
1253 5490 1397 5560 regi:
1426 5508 1445 5542 ι
1468 5490 1576 5545 Cur
1601 5506 1791 5548 servus
1819 5501 1939 5548 tuus

369 5575 428 5628 ﬁt
477 5576 630 5632 oneri
686 5577 904 5633 domino
952 5594 1072 5634 meo
1118 5580 1277 5650 regi?
1327 5580 1603 5634 Paululum
1649 5584 1935 5651 procedant

369 5667 598 5724 famulus
637 5677 760 5725 tuus
798 5670 865 5724 ab
898 5668 1129 5726 Jordanc
1166 5683 1338 5728 tecum
1367 5713 1382 5738 ,
1447 5687 1544 5729 nec
1591 5673 1802 5744 indigeo
1838 5675 1938 5731 hac

1963 4455 2017 4516 D

2041 3235 2184 3305 quod
2229 3235 2420 3292 miscui
2457 3234 2608 3290 vobis
2649 3230 2859 3306 (Ibid.).
2911 3251 2931 3284 ι
2967 3229 3030 3285 Hi
3075 3243 3234 3285 voces
3282 3229 3442 3284 etiam
3489 3243 3619 3284 can-

2041 3333 2218 3381 torum
2246 3333 2302 3381 et
2335 3324 2690 3382 cantatricum
2735 3336 2842 3378 non
2895 3321 3149 3386 audiunt;
3189 3320 3317 3388 quia
3343 3333 3462 3388 quae
3489 3331 3620 3372 san-

2041 3424 2253 3473 ctorum
2287 3424 2608 3486 martyrum,
2651 3428 2771 3482 quae
2819 3419 3130 3466 sanctarum
3178 3409 3445 3480 virginum
3491 3417 3619 3463 ante

2041 3507 2209 3562 Deum
2228 3505 2424 3575 jubilet
2458 3503 2769 3567 modulatio,
2803 3501 3106 3556 nullatenus
3134 3498 3613 3567 comprehendunt.

2038 3596 2174 3652 Nam
2232 3596 2358 3667 quia
2406 3593 2696 3649 carnaliter
2739 3599 3160 3654 conversantes,
3209 3590 3276 3642 ad
3331 3588 3613 3642 Dominum

2038 3676 2502 3758 contemplationis
2541 3685 2702 3740 corda
2749 3698 2852 3737 non
2895 3682 3136 3743 elevant,
3193 3679 3426 3735 caelestis
3483 3679 3613 3732 har-

2038 3779 2234 3833 moniae
2284 3775 2561 3839 modulos,
2613 3783 2668 3828 et
2723 3772 3003 3827 melliﬁuas
3041 3768 3267 3840 angelici
3318 3775 3614 3821 concentus

2035 3875 2330 3923 suavrtates
2373 3866 2642 3935 ignorant.
2674 3861 2828 3917 Unde
2873 3877 2977 3914 non
3013 3860 3286 3913 immerito
3326 3871 3492 3917 senex
3521 3856 3612 3909 tlle

2033 3957 2294 4014 Berzellai
2337 3955 2504 4010 fuisse
2539 3953 2738 4009 dicitur
2760 3952 2828 4006 de
2866 3949 3131 4020 Rogelim,
3168 3947 3309 4018 quod
3345 3947 3611 4014 interpre-

2035 4047 2139 4103 tari
2203 4044 2402 4100 dicitur
2463 4042 2635 4113 pedes.
2685 4039 2970 4094 Pedestres
3037 4037 3181 4092 enim
3236 4035 3367 4090 talcs
3415 4024 3609 4088 ambu-

2031 4134 2168 4200 lant,
2205 4143 2261 4190 et
2299 4131 2553 4202 quoniam
2601 4145 2631 4183 a
2675 4137 2900 4182 terrena:
2946 4125 3368 4181 conversationis
3421 4123 3613 4176 itinere

2032 4237 2094 4280 se
2137 4221 2463 4291 suspendere
2507 4219 2785 4280 nesciunt,
2841 4215 2907 4270 ad
2955 4212 3454 4283 comprehendenda
3498 4224 3612 4264 cce-

2032 4314 2182 4372 Iestis
2218 4311 2465 4368 melodite
2497 4309 2710 4365 cantica
2747 4323 2853 4362 non
2889 4315 3197 4376 assurgunt.
3227 4304 3424 4358 Nolunt
3467 4304 3612 4357 enim

2036 4407 2149 4480 84.
2184 4406 2287 4461 nisi
2331 4404 2539 4475 pedites
2580 4416 2794 4470 semper
2837 4401 3117 4462 incedere,
3159 4407 3322 4467 atque
3361 4397 3481 4451 ideo
3524 4413 3643 4450 nev

2039 4507 2243 4567 queunt
2271 4497 2378 4549 alta
2403 4493 2734 4563 jubilationis
2763 4493 2963 4545 intima:
2989 4491 3179 4561 gaudia
3214 4498 3520 4560 penetrare.
3547 4487 3615 4541 Et

2039 4589 2292 4659 quoniam
2323 4587 2520 4640 terreni
2546 4593 2719 4648 actus,
2757 4583 2808 4636 in
2838 4584 3033 4651 quibus
3059 4581 3229 4651 sparsi
3270 4588 3416 4643 sunt,
3449 4579 3612 4632 duros

2041 4695 2135 4734 eos
2174 4686 2336 4746 atque
2377 4675 2716 4730 insensibiles
2763 4673 3032 4736 reddunt,
3077 4669 3370 4741 spiritualis
3415 4668 3613 4720 Imtitizu

2042 4765 2392 4835 contemplari
2422 4765 2638 4820 subtilia
2668 4773 2958 4841 nequeunt.
3001 4762 3138 4816 Hinc
3163 4769 3247 4814 est
3275 4759 3438 4812 etiam
3469 4759 3611 4838 quod

2019 4837 2146 4915 ‘iste
2171 4855 2428 4911 Bcrzellai
2455 4854 2756 4911 Galaaditcs
2781 4837 3040 4908 asseritur
3066 4849 3207 4919 quod
3240 4864 3452 4901 acervus
3477 4837 3614 4901 mti—
3643 4913 3648 4930 ἦ

2041 4947 2202 5003 monii
2237 4947 2641 5015 interpretatur.
2687 4943 2753 4997 Et
2790 4941 3038 5010 quoniam
3083 4952 3308 4992 acervus
3345 4935 3431 4989 ille
3468 4936 3612 4990 testi-
3653 4973 3657 4976 ι

2041 5036 2246 5102 monii,
2291 5035 2381 5106 qui
2425 5027 2628 5089 Calaad
2675 5031 2901 5094 dicitur,
2945 5044 2975 5081 a
3023 5027 3206 5081 Laban
3241 5035 3298 5081 et
3339 5025 3505 5080 Jacob
3545 5025 3611 5078 dc

2041 5131 2312 5202 lapidibus
2353 5129 2526 5182 factus
2570 5124 2877 5194 agnoscitur
2917 5119 3068 5192 (Cen.
3109 5120 3259 5190 xm)
3286 5157 3303 5183 ,
3345 5119 3478 5172 bene
3516 5132 3611 5185 per

2039 5225 2181 5279 Inlue
2203 5221 2534 5278 Galaaditem
2557 5259 2573 5283 ,
2607 5215 2725 5270 duri
2758 5229 2823 5269 ac
2847 5211 3040 5284 Iapidei
3069 5211 3314 5266 homines
3336 5209 3609 5276 designatio

2040 5325 2150 5377 tur,
2193 5312 2284 5381 qui
2315 5313 2439 5365 dum
2482 5309 2549 5362 ad
2585 5321 2822 5362 amorem
2866 5304 3162 5374 spiritualis
3199 5302 3323 5355 vitm
3364 5314 3458 5353 cor
3503 5313 3608 5352 non

2040 5402 2351 5469 emolliunt,
2381 5409 2632 5469 tanquam
2676 5397 2880 5466 lapides
2904 5395 3048 5458 facti,
3079 5395 3132 5449 in
3163 5389 3426 5462 pertinaci
3447 5403 3612 5442 saecu-

2042 5495 2236 5550 larium
2262 5493 2597 5564 negotiorum
2628 5490 2807 5561 rigore
2834 5489 3142 5543 durescunt.
3169 5482 3250 5536 Ad
3279 5496 3440 5550 quam
3469 5480 3612 5535 duri-

2043 5586 2172 5640 tiam
2214 5583 2444 5654 pcrtiuet
2479 5582 2620 5652 quod
2654 5582 2792 5635 idem
2829 5591 3042 5648 quoque
3071 5571 3330 5628 Bcrzellai
3357 5611 3372 5635 ,
3414 5570 3608 5639 ferrum

2041 5691 2208 5731 meum
2236 5673 2577 5745 interpretari
2617 5670 2829 5726 dicitur.
2868 5665 3005 5734 Quid
3032 5672 3118 5721 est
3142 5661 3326 5718 durius
3355 5659 3530 5716 ferro?
3553 5667 3610 5714 et
