4140 6452
402 392 508 448 289
1532 401 1732 464 LIBER
1768 411 2087 481 TERTIUS,
2120 415 2333 472 EPIST.
2367 419 2456 474 IV.
3529 440 3631 495 29'!

424 520 3612 581 __.__________._.__________________________________

1474 693 1833 786 LIBER
1899 697 2452 793 TERTIUS.

1171 902 1267 959 AD
1297 901 1364 961 L.
1393 903 1889 963 PATRIARCHAM
1927 909 2019 966 ΕΤ
2053 913 2147 968 AD
2183 913 2792 978 ARClllEPlSCOPOS.

1939 1080 2224 1107 —l—~

737 1219 990 1292 87-88
1009 1219 1339 1278 EPISTOLA
1371 1221 1580 1279 PRIMA

841 1326 910 1366 ΔΙ)
939 1327 1059 1365 1η...
1103 1327 1498 1370 PATRIABCHAI.

559 1397 825 1470 (Habetur
841 1409 966 1454 toni.
993 1399 1114 1467 III,
1141 1412 1317 1472 estque
1335 1406 1641 1473 opusculum
1664 1405 1780 1478 58.)

946 1529 1273 1588 EPISTOLA
1327 1533 1391 1588 ll.

492 1631 560 1670 ΔΙ)
597 1631 944 1674 ῦΕΒΕΙΙΛΒυυΙ
985 1636 1432 1681 ARCHIEPISCOPUI
1471 1638 1846 1686 ΒΔΥΕΝΝΔΤΕΙ.

387 1704 778 1790 tinnunculum
799 1738 870 1747 —
889 1707 1188 1765 Revocatus
1215 1712 1268 1765 in
1319 1715 1546 1790 patriam
1586 1717 1654 1790 ab
1685 1719 1953 1790 archiepi-

455 1791 619 1852 scopo
649 1776 990 1852 Ravennate,
1039 1791 1260 1834 excusat
1288 1776 1349 1836 se
1375 1786 1516 1852 quod
1561 1785 1735 1840 adhuc
1763 1776 1953 1842 mona-

452 1848 697 1918 chorum,
727 1848 826 1918 qui
859 1863 970 1902 sua:
997 1864 1140 1904 cura:
1185 1848 1462 1907 commissi
1490 1865 1670 1918 erant,
1709 1859 1947 1912 necessi-

455 1917 652 1996 tatibus
705 1917 953 1996 detentus
1011 1935 1116 1973 non
1180 1923 1440 1996 paruerit.
1501 1917 1706 1978 Laudat
1754 1927 1948 1996 deinde

449 1986 694 2064 conrident)
723 1996 780 2064 _et
834 1986 1490 2064 adhortatum—Postremo
1519 2002 1641 2047 orat
1680 2003 1736 2047 ut
1765 1993 1944 2064 prole?

450 2054 640 2134 ctionis
668 2054 838 2122 labor,
889 2058 934 2112 si
963 2057 1079 2112 ﬁeri
1133 2069 1338 2128 potest,
1369 2063 1586 2117 interim
1627 2064 1730 2118 sibi
1760 2054 1988 2134 ἐρωὴ-ο

451 2131 610 2177 tatur.

449 2211 653 2269 Domno
688 2213 754 2270 ϐ.
800 2217 1048 2272 secunda?
1093 2233 1192 2289 per
1240 2217 1447 2274 Italiam
1495 2221 1644 2277 sedis
1693 2223 1944 2292 antistiti,

377 2303 590 2360 Ριτιιυε
617 2307 836 2362 “nimus
853 2309 1206 2365 ενθηιίιπυιη,
1227 2325 1415 2367 genus
1439 2313 1796 2369 ἀενοιίεείπηω
1828 2331 1943 2370 se...
2118 2298 2478 2355 Dilectissime
2522 2302 2653 2356 mihi
2681 2303 2844 2359 Pater
2885 2317 2941 2362 et
2984 2310 3221 2378 domine,
3257 2329 3365 2383 quo
3393 2315 3538 2372 circa
3570 2329 3622 2375 te

379 2394 562 2450 vitntis
598 2395 932 2466 obsequium.
1595 2425 1598 2428 ~
2047 2385 2314 2441 deSideriO
2371 2386 2651 2457 fervealn,
2713 2407 2834 2462 qna:
2889 2403 2994 2452 tute
3043 2398 3346 2457 dilectionis
3402 2406 3618 2462 ﬂamma

444 2483 755 2557 pmcepisu
777 2488 927 2552 mihi,
959 2488 1309 2546 dilectissime
1344 2490 1508 2547 pater
1526 2499 1582 2548 ει
1622 2492 1858 2560 domine,
1885 2504 1941 2550 οι
2047 2489 2224 2528 meum
2267 2483 2459 2544 pectus
2501 2488 2726 2548 exurat,
2783 2485 2938 2540 testis
2981 2496 3065 2541 est
3113 2487 3314 2560 lingua,
3352 2508 3470 2562 qua:
3510 2507 3618 2552 tam

373 2575 729 2646 Pmipiendo
766 2579 1055 2644 mandasti,
1103 2589 1164 2634 ιη
1205 2581 1273 2635 ad
1318 2589 1370 2634 ιθ
1396 2581 1634 2638 venirem
1662 2599 1678 2648 ;
1722 2585 1818 2639 sed
1839 2599 1939 2656 ego
1971 2593 2014 2652 Β
2045 2567 2236 2622 crebro
2265 2575 2316 2621 te
2343 2567 2536 2624 abesse
2571 2573 2944 2641 conqueritur,
2976 2578 3131 2632 testis
3163 2589 3248 2636 est
3284 2586 3616 2642 conscientia

371 2665 754 2736 ρεῳετουιωη
793 2667 968 2722 locum
1020 2670 1089 2724 ad
1135 2673 1429 2741 regendum
1477 2673 1797 2744 suscipiens,
1846 2677 1938 2745 qui
2041 2671 2162 2724 quae
2190 2658 2590 2714 serenissimam
2625 2664 2852 2733 angelici
2885 2667 2960 2720 tui
3001 2669 3179 2725 vultus
3223 2675 3456 2742 speciem
3505 2687 3614 2732 tam

367 2757 522 2826 prius
556 2773 652 2827 per
684 2759 1055 2830 memetipsum
1105 2761 1440 2820 solummodo
1484 2778 1690 2834 pauper
1733 2768 1940 2834 exstiti,
2040 2747 2324 2816 νεηνίεω
2354 2753 2769 2822 comemIllam?-
2804 2755 2860 2810 l"
2889 2758 2980 2812 “‘0
3017 2761 3215 2831 ψιίρρθ
3255 2767 3492 2833 PeeriS
3533 2785 3618 2824 re-

369 2864 514 2904 mmc
541 2863 640 2919 per
670 2857 747 2904 ιοι
791 2864 997 2919 pauper
1041 2850 1261 2907 επθεωε
1305 2867 1462 2918 sum,
1517 2864 1648 2924 quo;
1675 2858 1942 2927 regendos
2039 2837 2340 2906 ceptaculo,
2379 2856 2484 2896 non
2527 2844 2616 2898 ubi
2661 2854 2836 2914 pater,
2871 2858 3208 2919 autmater,
3247 2856 3343 2910 sed
3374 2859 3461 2912 ubi
3481 2861 3618 2930 (pse

371 2937 572 3008 accepi.
625 2937 908 3008 Perpendo
957 2940 1123 3011 igitur
1168 2949 1226 2996 et
1250 2942 1412 3011 quale
1449 2943 1528 2999 si,
1567 2943 1830 3014 plurimas
1852 2961 1944 3002 re.
2037 2943 2177 2991 sum,
2212 2938 2265 2984 te
2297 2930 2524 2987 alterum
2557 2937 2893 2993 reconditum
2934 2953 3085 3010 gero.
3133 2944 3474 3018 Quapropter
3517 2951 3620 3007 hu-

1985 1214 2034 1272 Α
2063 1228 2288 1284 mittas:
2343 1233 2426 1286 sin
2479 1241 2682 1302 autem,
2728 1239 2985 1310 quidquid
3023 1247 3277 1313 volueris,
3327 1265 3450 1308 cum
3479 1259 3626 1312 omni

2061 1321 2382 1376 auctoritate
2414 1325 2711 1394 praecipias.

2543 1433 2658 1504 39
2691 1435 3021 1495 EPISTOLA
3059 1443 3140 1498 ιη.

2127 1534 2197 1574 Δί)
2235 1535 2454 1577 EUIDEI
2488 1537 2838 1582 GEBEEABDUI
2872 1545 3320 1594 ABCIIIEPISCOPUI
3359 1555 3556 1600 MVRR-

2741 1613 2941 1653 NATBI.

2053 1676 2449 1760 Alcnlcnruu.
2471 1711 2542 1722 —
2570 1681 2818 1760 Ostendit
2845 1697 3086 1760 setanto
3121 1693 3422 1753 Gehchardi
3447 1704 3626 1760 archi-

2123 1749 2360 1827 episcopi
2383 1767 2568 1827 amore
2596 1755 2765 1827 teneri
2793 1766 2849 1809 ut
2875 1759 3017 1814 illius
3040 1749 3283 1820 absentis
3293 1749 3623 1827 aegida-iii}.

2124 1816 2269 1897 {orre
2297 1816 2382 1897 vix
2411 1823 2614 1897 possit.
2634 1823 2894 1880 Hortatur
2935 1844 3083 1897 mox,
3120 1816 3626 1896 ut

2122 1885 2384 1978 Eanensis
2408 1885 2798 1978 Ecclesiarum,
2827 1898 3022 1954 amotis
3049 1885 3622 1978 éorthdéii'ﬁigiiiéi

2123 1959 2200 2010 sis
2227 1959 2546 2036 rectoribus,
2584 1970 2785 2036 statum
2823 1978 3128 2036 componat.
3161 1959 3621 2034 Postretnor‘com-

2121 2027 2340 2080 mendat
2363 2029 2412 2082 ei
2439 2028 2688 2085 abbatem
2714 2027 3071 2092 Classensem.

2122 2116 2330 2172 Domno
2355 2117 2421 2174 G.
2453 2122 2902 2178 reverendissimo
2946 2129 3371 2203 archiepiscopo,
3408 2134 3622 2194 Pernus

2049 2205 2412 2261 devotissimus
2438 2210 2717 2264 servitutis
2747 2213 3088 2282 obsequium.

368 3042 514 3098 gere,
536 3036 592 3084 et
623 3029 918 3098 praebenda:
942 3032 1280 3088 necessitatis
1301 3033 1564 3104 stipendia
1583 3049 1690 3090 non
1717 3036 1936 3094 habere.

371 3117 704 3188 Quapropter
739 3119 864 3173 dum
919 3119 1147 3174 fratrum
1199 3123 1510 3179 necessitati
1555 3125 1830 3193 consului,
1871 3127 1938 3181 ad

368 3221 464 3262 vos
491 3207 864 3264 facile-venire
903 3224 1012 3265 non
1055 3211 1246 3281 potui;
1297 3221 1672 3271 verumtamen
1709 3216 1836 3271 dum
1885 3225 1940 3272 et

367 3297 467 3358 hoc
503 3298 678 3368 ipsum
709 3299 946 3355 studiose
993 3309 1286 3371 pertracto,
1333 3303 1729 3374 quodammodo
1770 3307 1939 3362 sacri-

366 3387 560 3458 legium
599 3390 814 3459 deputo,
845 3391 891 3446 si
916 3393 1188 3448 sanctitati
1217 3403 1323 3450 tuaa
1364 3409 1560 3465 parere
1587 3395 1826 3467 qualibet
1847 3413 1939 3453 oc-

361 3479 583 3534 casione
605 3489 882 3550 postpono.
913 3482 1046 3548 Quis
1071 3484 1216 3538 enim
1241 3483 1318 3539 illi
1347 3493 1462 3540 tuto
1487 3486 1798 3543 inobediens
1819 3487 1934 3554 ﬁat,

363 3584 524 3639 quem
572 3571 680 3626 Deo
725 3573 930 3628 sanctis
971 3573 1226 3643 operibus
1271 3575 1490 3632 obedire
1527 3592 1636 3632 non
1687 3579 1938 3636 dubitat!

365 3659 480 3715 Tibi
511 3661 676 3724 enim,
712 3664 824 3730 cui,
868 3663 980 3720 Deo
1025 3675 1266 3732 auctore,
1308 3667 1581 3738 praesules,
1631 3669 1802 3726 Sedes
1823 3671 1936 3726 Ra-

362 3752 666 3818 vennatica,
703 3753 800 3809 tibi
836 3751 1014 3811 omnis
1043 3757 1096 3811 in
1142 3755 1360 3812 Christo
1396 3765 1578 3828 grates
1599 3769 1786 3815 sancta
1808 3763 1938 3818 red-

363 3842 496 3897 didit
531 3843 790 3908 Ecclesia,
821 3844 1076 3900 nimirum
1115 3847 1206 3915 qui
1234 3855 1588 3916 eo-tempore,
1619 3863 1727 3918 quo
1759 3848 1936 3904 Simo-

2038 3019 2238 3076 militer
2264 3031 2388 3093 peto
2413 3032 2473 3079 ut
2499 3027 2629 3082 mihi
2660 3031 2832 3086 mutui
2860 3036 3063 3090 amoris
3093 3037 3266 3093 vicem
3300 3043 3615 3113 redhibeas,

2033 3121 2092 3166 et
2133 3113 2307 3181 gratia
2351 3129 2472 3184 quas
2517 3117 2745 3188 simplex
2789 3125 3089 3194 egreditur,
3121 3127 3190 3183 ad
3225 3145 3313 3185 me
3341 3131 3615 3203 duplicata

2037 3211 2303 3262 recurrat.
2344 3203 2459 3262 Hoc
2498 3216 2681 3264 autem
2728 3213 2862 3268 mihi
2901 3219 3231 3285 persuadere
3267 3219 3428 3279 facile
3461 3234 3613 3295 pote-

2035 3303 2185 3361 runt,
2211 3295 2304 3364 qui
2326 3297 2393 3354 ad
2413 3313 2511 3356 vos
2539 3299 2605 3355 de
2635 3304 2836 3358 nostris
2868 3307 3114 3373 partibus
3160 3311 3463 3380 venientes,
3514 3316 3614 3371 nli-

2034 3386 2178 3454 quod
2215 3387 2489 3457 negotium
2527 3389 2584 3444 in
2623 3395 2908 3460 praesentia
2954 3397 3286 3456 sanctissimi
3325 3403 3612 3472 apostolici

2030 3475 2237 3531 domini
2287 3479 2392 3532 mei
2439 3493 2696 3536 exercere
2741 3486 3094 3540 contendunt.
3134 3487 3320 3545 Talem
3364 3501 3416 3548 te
3457 3507 3608 3565 ergo,

2032 3563 2355 3622 charissime
2399 3566 2582 3634 Pater,
2625 3569 2679 3624 in
2722 3585 2886 3628 causa
2923 3578 3278 3644 reproborum
3328 3563 3610 3651 episcopo-

2028 3671 2157 3710 rum
2183 3656 2447 3714 Fanensis
2472 3669 2528 3715 et
2559 3659 2900 3718 Pisaurwsis
2939 3665 3158 3732 exhibe,
3187 3676 3248 3723 ut
3274 3677 3327 3724 te
3366 3670 3421 3725 in
3460 3673 3606 3727 veri.

2029 3756 2142 3804 tate
2182 3751 2508 3820 comperiam
2551 3751 2644 3807 Dei
2679 3753 2944 3822 judicium
2973 3758 3375 3825 pertimescere.
3415 3771 3607 3818 contra

2029 3838 2310 3894 ministros
2334 3841 2530 3896 diaboli
2558 3843 2789 3898 viriliter
2813 3846 3114 3914 decertare,
3144 3851 3296 3906 arida
3326 3854 3608 3912 diabolicae

362 3933 550 3989 nimus
571 3935 736 3990 draco
761 3935 1086 3992 mirabilia“,
1117 3937 1508 4007 9330mm“...
1556 3937 1779 3993 brachia
1805 3953 1932 4008 ρετ..
1957 3947 2001 4009 c
2031 3926 2382 3996 plantationis
2425 3932 2645 3988 arbusta
2689 3937 3013 4002 convellere,
3056 3939 3354 3997 Ecclesiam
3399 3943 3606 4003 Christi

359 4025 531 4095 plexis
557 4024 1004 4096 concupiscentiae
1039 4027 1202 4098 spiris
1229 4028 1378 4084 virus
1413 4027 1672 4095 mlundit,
1697 4038 1753 4084 tu
1782 4029 1929 4086 solus

359 4132 496 4187 pene
525 4133 593 4172 ex
632 4118 882 4175 omnibus
929 4115 1164 4177 invictus
1189 4121 1395 4177 Christi
1445 4122 1600 4178 miles
1646 4122 1928 4179 incolumis

359 4223 701 4278 permanens,
749 4209 898 4266 Petri
938 4208 1120 4280 iaculo
1164 4211 1507 4281 nequissima)
1533 4211 1720 4267 bestiae.
1745 4220 1930 4282 guttur

359 4299 558 4370 inﬁgis,
607 4310 663 4358 et
701 4301 993 4358 Ecclesium
1043 4312 1189 4358 tuam
1216 4303 1470 4358 mundam
1505 4305 1574 4358 ab
1617 4304 1763 4359 omni
1811 4304 1929 4374 ejus

357 4392 613 4461 pestifera
657 4396 982 4467 contagione
1023 4397 1286 4461 custodis,
1337 4405 1394 4453 et
1444 4397 1589 4466 quod
1625 4405 1926 4466 pastorum,

357 4483 464 4538 imo
516 4483 786 4540 latronum
833 4486 991 4556 culpa
1021 4486 1263 4554 magistri
1293 4488 1450 4542 sedes
1479 4487 1683 4553 amisit,
1729 4489 1928 4544 nobilis

355 4575 556 4630 alumni
585 4577 841 4633 cathedra
893 4578 1150 4634 inviolata
1185 4579 1441 4633 servavit.
1491 4577 1599 4634 Sed
1628 4578 1772 4634 inter
1810 4578 1928 4634 hzec

353 4669 536 4723 munia
587 4677 783 4724 vestrae
835 4669 1140 4725 sanctitatis
1178 4670 1378 4735 studia,
1437 4665 1566 4724 illud
1597 4669 1727 4724 mihi
1757 4670 1926 4725 multo

355 4767 439 4814 est
475 4759 695 4816 charius
719 4800 735 4828 ,
795 4761 937 4831 quod
989 4759 1151 4816 saluti
1203 4760 1592 4815 monachorum
1640 4760 1926 4830 pastoralis

352 4850 540 4906 oculus
568 4860 749 4907 vester
779 4851 1038 4923 invigilat,
1084 4861 1139 4907 et
1158 4853 1365 4907 occulta
1392 4853 1481 4908 diu
1505 4851 1730 4908 vulnera
1757 4853 1812 4908 in
1843 4853 1926 4908 lu-

352 4955 467 4994 cem
498 4941 827 5010 producere,
881 4951 937 4996 et
976 4941 1271 5010 disciplinae
1303 4940 1564 5014 Cysurgio
1588 4957 1774 4998 secare
1816 4958 1923 4999 non

351 5037 548 5083 cessat.
583 5030 694 5092 Eia,
711 5030 864 5086 miles
884 5029 1104 5094 Christi,
1138 5030 1354 5086 fortiter
1375 5041 1427 5085 te
1459 5031 1510 5085 in
1533 5031 1680 5087 vires
1707 5030 1922 5102 collige,

351 5127 406 5172 et
427 5119 794 5175 circumducto
820 5120 1114 5190 prudentiae
1140 5128 1246 5175 tuae
1269 5119 1425 5176 oculo
1441 5160 1457 5186 ,
1483 5129 1672 5176 contra
1701 5131 1923 5178 cunctas

352 5211 546 5268 diaboli
573 5213 849 5269 machinas
871 5213 1096 5268 viriliter
1114 5212 1379 5284 przeliare.
1402 5213 1694 5268 Avaritiam
1711 5212 1918 5286 jugulo,

350 5303 652 5371 superbiam
679 5302 847 5369 calca,
883 5302 1062 5372 lapsos
1088 5302 1235 5372 erige
1256 5342 1271 5368 ,
1299 5301 1671 5358 vacillantibus
1713 5313 1917 5360 sancta:
1944 5288 1994 5349 D

351 5392 738 5450 exhortationis
759 5393 1034 5448 dexteram
1069 5391 1248 5462 prmbe
1271 5431 1286 5457 ,
1326 5399 1588 5463 quatenus
1633 5399 1688 5447 et
1725 5401 1918 5448 temet-

351 5481 522 5551 ipsum
560 5491 868 5538 sanctarum
893 5484 1153 5538 virtutum
1185 5490 1341 5538 scuto
1368 5481 1668 5547 custodias,
1703 5490 1759 5536 et
1785 5482 1920 5537 alios

348 5576 416 5628 ab
436 5575 580 5629 omni
604 5575 808 5645 antiqui
833 5575 1006 5630 hostis
1053 5573 1457 5645 impugnatione
1499 5573 1777 5630 defendas.
1809 5573 1918 5630 0b-

345 5681 500 5722 secro
525 5675 703 5721 autem
731 5677 823 5731 te,
879 5665 1246 5730 dilectissime,
1299 5665 1344 5720 si
1394 5679 1516 5720 cum
1564 5673 1652 5719 tua
1696 5664 1914 5720 licentia

347 5765 525 5821 potest
567 5755 716 5821 fieri,
756 5771 863 5812 non
893 5770 981 5810 me
1025 5756 1128 5810 hoc
1163 5754 1422 5824 temporis
1467 5753 1757 5824 inquietari
1787 5769 1911 5822 per-

2031 4016 2099 4069 ad
2129 4016 2311 4072 lumen
2340 4018 2477 4074 velle
2502 4020 2569 4076 de
2598 4022 2836 4080 tenebris
2880 4041 3156 4084 revocare.
3194 4029 3372 4090 Unum
3423 4043 3602 4089 autem

2029 4103 2154 4160 nolo
2196 4115 2249 4161 te
2283 4107 2474 4174 lateat,
2496 4111 2622 4180 quia
2663 4111 2708 4167 si
2738 4113 2970 4170 infames
3015 4117 3112 4184 illi,
3141 4128 3198 4174 et
3236 4119 3516 4177 criminosi
3547 4124 3602 4179 in

2025 4200 2369 4270 episcopatus
2411 4189 2536 4259 arce
2571 4207 2930 4276 perstiterint,
2957 4225 3062 4264 non
3099 4213 3392 4279 modicum,
3423 4215 3604 4286 splen-

2028 4291 2306 4350 didissime
2332 4295 2572 4362 domine,
2596 4313 2748 4368 papa:
2775 4301 2957 4371 opinio
2982 4303 3276 4372 laborabit;
3303 4317 3359 4362 et
3392 4317 3470 4374 tu,
3503 4310 3598 4379 qui

2027 4384 2375 4441 consiliarius
2393 4384 2511 4454 ejus
2543 4403 2623 4452 es,
2647 4398 2705 4444 et
2739 4398 2886 4444 tanta
2932 4394 3236 4462 omnigenus
3278 4397 3605 4455 eruditionis

2026 4476 2289 4546 sapientia
2335 4479 2524 4548 polles,
2570 4496 2780 4538 naevum
2822 4485 3010 4554 procul
3040 4487 3202 4543 dubio
3229 4490 3603 4560 reprehensio-

2025 4581 2114 4621 ηιξ
2153 4583 2417 4624 Incurres.

2096 4657 2248 4729 Rogo
2291 4669 2495 4728 autem,
2531 4669 2587 4718 et
2630 4664 2907 4721 humiliter
2946 4668 3193 4735 obsecro,
3233 4678 3291 4724 ut
3337 4671 3598 4728 charissi-

2025 4765 2172 4804 mum
2211 4750 2425 4808 Patrem
2473 4770 2653 4811 meum
2697 4757 2946 4814 abbatem
2992 4761 3329 4816 Classensem
3374 4763 3428 4817 in
3474 4778 3602 4819 mea

2017 4855 2254 4910 persona
2300 4846 2588 4916 suscipias,
2625 4857 2682 4904 et
2720 4850 2978 4921 quidquid
3016 4851 3092 4904 illi
3133 4851 3408 4918 beneﬁcii,
3440 4854 3596 4922 quid-

2021 4931 2151 5002 quid
2176 4935 2456 4992 charitatis
2479 4937 2823 5009 impenderis,
2852 4941 2980 4995 mihi
3005 4941 3222 5010 proprie
3249 4950 3302 4998 te
3331 4944 3596 5000 exhibere

2023 5038 2122 5078 (3οα
2126 5039 2334 5080 noscas.

2575 5159 2904 5218 ΕΡΙΞΤΟΕΑ
2949 5163 3017 5219 ιν

2186 5265 2254 5304 AD
2281 5263 2549 5306 BBNRICUI
2578 5267 3022 5311 ARCHIEPISCOPUI
3057 5271 3431 5317 ΒΑΥΕΝΝΛἸῈΙ.

2025 5339 2418 5414 Διιᾳυκῌεκτῳί.
2441 5370 2510 5380 -
2537 5339 2822 5414 Consultus
2845 5343 2913 5397 ab
2936 5343 3169 5399 llenrico
3193 5345 3596 5414 archiepiscOpo

2097 5409 2164 5481 de
2183 5408 2424 5481 ACadaloo
2451 5411 2724 5481 antipapa,
2756 5422 2813 5468 et
2846 5413 3152 5468 Alexandro
3189 5408 3444 5479 secundo,
3467 5408 3594 5481 quid

2094 5477 2201 5554 sibi
2240 5480 2530 5554 videretur,
2568 5477 2827 5554 'utcrnam
2870 5483 3140 5554 legitimus
3177 5493 3324 5538 esset
3354 5477 3595 5554 pontifex

2087 5547 2444 5624 iudicandus,
2469 5552 2851 5624 Alexandrum,
2884 5547 3042 5620 prout
3077 5568 3286 5624 :eqnum
3316 5547 3463 5624 erat,
3497 5569 3596 5624 pro

2092 5631 2220 5690 vero
2267 5621 2518 5687 pontiﬁce
2568 5621 2866 5690 habendum
2914 5621 3203 5690 respondet
3241 5639 3256 5679 :
3302 5621 3593 5678 Cadaloum

2089 5685 2202 5756 90
2227 5685 2356 5742 vero
2387 5699 2641 5759 tanquam
2680 5685 3045 5745 Simoniacnm
3092 5700 3147 5746 et
3189 5693 3593 5748 schismaticum

2091 5759 2160 5810 ab
2213 5759 2462 5816 omnibus
2511 5760 2870 5816 damnandum
2919 5775 3039 5817 esse
3092 5773 3146 5817 et
3207 5761 3588 5833 rejiciendnm;
