4140 6496
527 439 627 495 39!

1085 430 1164 493 5.,
1183 425 1387 486 PETRI
1423 423 1707 483 DAMIANI
1727 422 1882 480 OPP.
1902 415 2085 481 PARS
2122 415 2255 474 SEU
2295 414 2533 473 TOMUS
2555 414 2598 473 1.
2638 444 2708 456 -
2735 411 2951 470 EPIST.
2984 410 3110 468 LIB.
3140 409 3277 483 _Vlll.

3661 412 3766 468 292

542 576 549 581 .
602 555 744 625 quod
784 550 947 625 etiam
972 563 1053 625 _e_x
1094 543 1337 625 moribus
1362 541 1651 625 utriusque
1666 530 2096 625 .faei'le‘dignolsei
2124 533 2173 594 Α
2200 530 2544 600 deponendus
2576 537 2678 594 est,
2709 528 2837 609 quia
2861 526 2947 582 sui
2977 526 3192 582 sibimet
3222 522 3556 625 privilegium
3584 525 3768 594 ροιηί-

599 601 812 692 possit:
821 601 1120 692 “consilium
1169 601 1691 692 autem-Lquod'sibi
1712 606 1883 692 idem
1917 601 2096 692 archi-

598 672 893 759 animus
913 687 1158 759 dederat,
1188 692 1247 738 ut
1265 672 1485 759 scilicet
1523 676 1753 759 occulte.
1785 690 1891 728 non
1919 672 2094 759 palatus

602 740 1197 816 Eat—laloiﬁelectionein
1264 750 1623 821 improbaret,
1679 740 1937 821 tanquam
1994 740 2098 821 sibi

600 810 793 884 minus
810 810 1101 881 honestum
1151 810 1355 892 rejicit:
1386 810 1501 892 N_o'n
1520 816 1682 892 _en_im
1702 810 1898 892 sciam,
1912 810 2012 892 sed
2043 810 2098 862 in

596 882 888 967 conspectu
912 882 1225 967 hominum
1263 902 1362 961 pro
1409 885 1653 941 Ecclesia
1701 882 1798 939 Dei
1850 882 1929 936 ait
1977 892 2100 936 esse

596 963 1041 1036 belligerandum.

598 1078 802 1131 Domno
832 1072 897 1127 Il.
931 1066 1379 1129 reverendissimo
1423 1062 1849 1133 archiepiscopo,
1880 1057 2099 1114 Parens

525 1173 779 1237 peccator
848 1160 1147 1216 monachus
1223 1156 1417 1213 debitae
1499 1149 1848 1222 subjectionis
1937 1148 2097 1202 obse-

525 1256 736 1326 quium.
2068 1288 2069 1291 η

599 1346 831 1399 Litteras
858 1339 1034 1412 sigillo
1060 1346 1256 1394 vestrae
1279 1334 1584 1391 sanctitatis
1612 1333 1923 1402 impressas,
1945 1342 2100 1384 vene-

530 1434 714 1489 rabilis
732 1432 915 1496 Pater,
940 1445 1064 1489 mox
1086 1438 1147 1482 ut
1171 1426 1377 1498 aspexi,
1404 1432 1682 1495 promptus
1704 1420 1930 1491 arripui.
1950 1418 2101 1472 laetus

528 1524 784 1595 explicui,
811 1521 1028 1593 curiose
1054 1517 1275 1590 perlegi.
1305 1516 1364 1570 In
1389 1515 1587 1585 quibus
1617 1512 1869 1568 nimirum
1900 1509 2101 1578 liquido

529 1615 789 1685 comperi,
828 1621 885 1667 et
924 1612 1159 1680 primum
1200 1608 1345 1661 circa
1383 1620 1469 1659 me
1504 1613 1699 1659 vestras
1731 1600 1943 1672 pietatis
1973 1597 2102 1652 affe-

527 1710 698 1766 ctum,
721 1711 775 1756 et
804 1709 1011 1754 certum
1041 1699 1108 1752 de
1135 1710 1198 1751 ea
1223 1709 1385 1764 quam
1411 1693 1564 1747 vobis
1584 1700 1709 1745 ante
1731 1702 2099 1760 suggesseram

529 1807 649 1845 mea
677 1778 936 1861 petitione
960 1787 1307 1859 promissum.
1339 1783 1470 1838 Illud
1500 1791 1677 1838 autem
1706 1780 1849 1851 quod
1878 1779 1930 1833 in
1955 1778 2101 1833 calce

2196 620 2314 676 ﬁcis
2352 620 2652 690 usurpavit,
2696 633 2804 689 quo
2837 626 2998 689 pacto
3033 616 3249 686 poterit,
3271 614 3318 669 is
3348 615 3441 684 qui
3488 616 3767 670 ordinatus

2195 718 2301 774 est,
2331 718 2497 773 stare,
2524 716 2746 778 propter
2778 722 2936 777 quem
2973 705 3146 761 solum
3176 704 3455 760 ordinator
3480 704 3597 774 ejus
3624 703 3768 773 judi-

2196 806 2351 852 catus
2370 807 2452 852 est
2476 812 2506 850 a
2534 812 2630 851 sua
2662 795 2921 865 dignitate
2949 795 3240 849 corruere?
3268 792 3384 848 IIuc
3406 794 3614 848 accedit
3641 793 3766 864 quia

2195 887 2297 958 pia:
2356 885 2629 941 memoriae
2682 882 2989 953 Stephanus
3042 896 3178 953 papa
3232 881 3570 953 congregatis
3626 883 3766 938 intra

2195 976 2476 1032 ecclesiam
2526 976 2792 1046 episcopis
2836 975 3152 1044 civibusque
3192 973 3483 1039 Romanis,
3527 972 3673 1030 clero
3713 985 3768 1030 et

2197 1068 2413 1139 populo,
2446 1068 2550 1122 hoc
2585 1068 2686 1122 sub
2719 1065 2953 1121 districti
2999 1063 3361 1119 anathematis
3401 1064 3768 1119 excommuni-

2197 1159 2409 1214 catione
2436 1166 2722 1223 statuerat,
2751 1166 2811 1212 ut
2839 1156 2884 1211 si
2924 1172 3047 1211 eum
3078 1156 3145 1210 de
3175 1155 3279 1211 hoc
3307 1154 3503 1210 steculo
3533 1154 3770 1225 migrare

2197 1249 2534 1320 contingeret
2558 1256 2847 1317 antequam
2877 1245 3273 1301 Hildebrandus
3304 1245 3559 1299 Romana:
3584 1243 3768 1299 Eccle-

2199 1338 2292 1393 sia:
2323 1339 2703 1405 subdiaconus,
2740 1337 2831 1407 qui
2862 1352 2985 1392 cum
3017 1334 3301 1391 communi»
3315 1335 3556 1390 omnium
3591 1334 3770 1389 consie

2202 1427 2275 1483 lio
2333 1428 2685 1492 mittebatur,
2730 1428 2800 1481 ab
2857 1424 3235 1496 imperatricet
3275 1423 3512 1487 rediret,
3572 1438 3767 1494 papam

2199 1517 2380 1574 nullus
2405 1517 2650 1588 eligeret,
2680 1516 2777 1572 sed
2802 1516 2962 1571 sedes
3001 1512 3294 1584 apostolica
3323 1527 3493 1583 usque
3524 1515 3590 1569 ad
3628 1513 3768 1568 illius

2200 1609 2431 1676 reditum
2475 1609 2676 1662 intacta
2716 1613 2956 1660 vacaret.
2986 1605 3076 1659 ‘De
3123 1602 3208 1659 his
3251 1617 3414 1672 porro
3455 1602 3606 1672 plura
3643 1610 3771 1658 sunt

2200 1714 2320 1769 quae
2354 1698 2622 1753 dicantur.
2654 1696 2762 1751 Sed
2795 1710 2862 1751 ne
2903 1695 3166 1751 sanctitas
3199 1703 3375 1749 vestra
3407 1692 3652 1764 pluribus
3680 1693 3768 1749 in-

2205 1796 2350 1844 tenta
2387 1787 2618 1858 negotiis
2655 1786 2886 1857 prolixa,
2929 1784 3073 1856 quod
3115 1784 3276 1850 absit,
3310 1784 3477 1839 verba
3511 1783 3766 1847 fastidiat,

524 1881 835 1951 subjecistis
875 1877 1138 1949 epistolae,
1171 1885 1231 1931 ut
1264 1877 1415 1931 Vobis
1456 1875 1750 1930 scriberem
1795 1871 1923 1943 quid
1968 1869 2097 1924 mihi
2126 1874 2177 1937 Β
2202 1887 2257 1933 et,
2285 1877 2482 1948 regulae
2514 1891 2626 1931 sua;
2664 1876 2890 1931 limitem
2927 1873 3217 1945 epistolam
3252 1871 3629 1944 compendium
3660 1889 3771 1930 non

524 1971 594 2024 de
632 1985 699 2024 eo
724 1968 815 2037 qui
847 1967 901 2021 in
929 1963 1222 2036 apostolica
1263 1963 1391 2018 sede
1432 1975 1575 2017 nunc
1616 1960 1887 2031 prtesidet,
1918 1957 2001 2013 vel
2034 1972 2101 2012 eo

524 2060 617 2128 qui
655 2057 895 2127 ejusdem
936 2055 1079 2111 sedis
1116 2054 1319 2109 electus
1359 2067 1482 2108 esse
1521 2051 1764 2116 videtur;
1793 2063 2103 2119 quanquam

2201 1968 2444 2033 excedat,
2476 1981 2619 2021 nunc
2645 1967 2747 2022 ista
2779 1963 3065 2021 sumeiant.

2273 2054 2343 2111 Ut
2393 2065 2573 2110 autem
2628 2053 3057 2126 percunctationi
3108 2060 3303 2109 vestrae
3351 2053 3405 2108 in
3458 2053 3560 2110 hoc
3604 2053 3771 2109 etiam

531 2164 631 2219 per
669 2147 956 2206 nonnullos
987 2144 1238 2229 Ecclesiae
1275 2152 1468 2198 vestra:
1496 2141 1634 2195 ﬁlios
1654 2139 1765 2208 jam
1795 2138 2106 2229 potuisselis
2144 2128 2172 2139 ⁷
2201 2154 2387 2201 nostra
2424 2145 2715 2229 responsio
2765 2142 3100 2209 satisfaciat,
3147 2143 3215 2199 de
3266 2128 3439 2199 electo
3487 2143 3591 2200 hoc
3635 2144 3772 2200 mihi

529 2243 720 2297 audire
763 2255 885 2310 qua:
921 2238 994 2292 sit
1031 2244 1216 2291 nostra
1245 2249 1406 2302 super
1440 2233 1631 2286 horum
1670 2231 1897 2284 duorum
1930 2228 2104 2282 homi-

526 2348 657 2389 num
709 2330 1021 2387 diversitate
1082 2326 1343 2383 sententia
1363 2365 1379 2389 ,
1408 2332 1587 2378 tamen
1626 2321 1751 2391 quia
1778 2318 2100 2390 praecipitis,

523 2428 690 2484 etiam
729 2424 974 2495 apicibus
1015 2420 1358 2476 adnotamus.
1389 2416 1487 2471 ille
1515 2415 1792 2478 nimirum,
1839 2413 1892 2466 in
1931 2425 2104 2481 quan-

527 2529 640 2575 tum
670 2516 803 2572 mihi
828 2514 1068 2578 videtur,
1091 2510 1296 2580 absque
1323 2508 1431 2564 ulla
1455 2506 1804 2562 excusatione
1828 2503 2099 2559 Simonia-

520 2623 619 2662 cus
646 2614 749 2673 est,
775 2601 1092 2675 quianobis
1124 2598 1376 2655 omnibus
1407 2595 1646 2666 ejusdem
1675 2595 1824 2649 urbis
1847 2594 2100 2647 cardina-

522 2695 662 2750 libus
685 2692 954 2764 episcopis
992 2689 1432 2753 reclamantibus,
1462 2684 1854 2741 obsistentibus
1895 2692 1951 2738 et
1991 2692 2100 2735 ter-

523 2785 756 2847 ribiliter
822 2777 1443 2844 anathematizantibus,
1513 2784 1781 2831 nocturno
1859 2783 2102 2842 tempore

482 2928 489 2933 .
525 2890 652 2929 cum
701 2864 1032 2927 armatorum
1070 2870 1242 2925 turbis
1282 2868 1519 2936 undique
1544 2864 2015 2921 -tumultuantibus
2047 2870 2104 2918 et

522 2956 829 3017 furentibus
877 2961 1275 3016 inthronizatus
1309 2966 1410 3012 est.
1451 2956 1657 3011 Dehinc
1697 2954 1766 3009 ad
1803 2953 2103 3022 marsupio-

522 3068 644 3107 rum
681 3051 981 3122 patrocinia
1022 3051 1234 3104 funesta
1272 3045 1579 3110 concurrit,
1614 3044 1842 3115 pecunia
1878 3057 1978 3113 per
2015 3057 2103 3099 re-

518 3143 734 3213 giones,
763 3140 1054 3203 andronas,
1084 3137 1171 3193 vel
1208 3137 1525 3207 angiportus
1561 3134 1615 3188 in
1654 3132 1880 3204 populos
1905 3147 2100 3204 eroga-

2199 2224 2433 2302 videtur,
2459 2236 2586 2306 quia
2626 2236 2765 2291 bene
2800 2234 3071 2290 litteratus
3104 2247 3206 2300 est,
3233 2244 3290 2291 et
3319 2236 3520 2291 vivacis
3544 2236 3771 2307 ingenii,

2199 2327 2319 2383 sine
2363 2328 2671 2397 suspicione
2720 2335 2935 2393 castus,
2983 2326 3038 2382 in
3087 2328 3372 2399 erogandis
3415 2327 3774 2400 eleemosynis

2196 2420 2339 2489 pius.
2377 2418 2470 2474 His
2498 2419 2639 2473 ultra
2666 2434 2772 2473 non
2802 2406 2965 2484 addo,
2993 2433 3060 2472 ne
3088 2434 3194 2473 non
3224 2418 3408 2474 videar
3454 2419 3776 2474 universita-

2201 2510 2272 2564 tis
2303 2518 2533 2574 amator,
2577 2509 2672 2563 sed
2715 2506 3106 2579 singularitatis
3154 2517 3412 2563 assertor.
3460 2508 3554 2564 Ille
3588 2518 3773 2565 autem

2198 2606 2447 2663 econtra,
2472 2599 2518 2653 si
2555 2612 2741 2662 unum,
2768 2612 2876 2652 non
2904 2597 3081 2653 dicam
3116 2598 3330 2668 psalmi,
3359 2598 3452 2654 sed
3484 2598 3568 2654 vel
3597 2600 3774 2655 homi-

2192 2687 2286 2743 lia:
2317 2688 2532 2758 quidem
2559 2687 2886 2743 versiculum
2919 2687 3080 2757 plene
3116 2689 3245 2743 mihi
3281 2688 3457 2744 valeat
3478 2705 3770 2760 exponere,

2198 2777 2427 2832 multum
2467 2778 2727 2833 adversus
2756 2792 2880 2832 eum
2920 2777 3059 2831 ultra
3104 2794 3210 2833 non
3251 2777 3413 2843 facio,
3449 2795 3641 2834 manus
3678 2781 3771 2847 do,

2200 2866 2414 2937 plantas
2437 2866 2677 2939 osculor,
2705 2876 2761 2922 et
2797 2881 2904 2922 non
2939 2867 3098 2923 modo
3129 2866 3242 2935 jam
3272 2868 3650 2939 apostolicum,
3677 2870 3775 2926 sed

2198 2958 2364 3015 etiam
2395 2956 2718 3027 apostolum,
2751 2957 2794 3012 si
2819 2956 3047 3025 jubetis,
3075 2957 3305 3026 appello.

2274 3046 2427 3114 Quod
2461 3056 2640 3102 autem
2676 3048 2970 3117 scripsistis
2994 3056 3054 3102 ut
3082 3048 3350 3103 mitterem
3380 3049 3534 3104 vobis
3565 3048 3775 3106 litteras

2201 3140 2571 3196 taciturnitate
2607 3139 2868 3209 signatas,
2892 3139 3044 3210 quasi
3076 3148 3301 3209 paterno
3330 3138 3460 3193 mihi
3492 3139 3775 3196 consulen-

524 3243 650 3298 tur,
695 3230 758 3285 Β.
804 3228 953 3285 Petri
998 3225 1325 3283 venerabilis
1370 3239 1494 3279 arca
1542 3223 1874 3294 Ρετνδίιίιυτν
1919 3223 2102 3292 sicque
2128 3229 2176 3293 C
2207 3240 2288 3286 tes
2341 3230 2560 3292 aﬂ'ectu.
2608 3246 2677 3286 ne
2728 3230 2955 3293 adversa
3008 3227 3253 3284 fortassis
3305 3228 3670 3295 incurrerem,
3726 3230 3775 3286 si

521 3336 621 3393 per
660 3329 828 3377 totam
874 3321 1068 3375 urbem
1110 3318 1259 3374 velut
1291 3315 1560 3372 oﬂlcinam
1600 3314 1742 3370 male
1779 3310 2096 3370 labrieantis

520 3412 760 3469 Simonis
810 3411 1038 3476 factam,
1088 3411 1180 3464 vix
1226 3408 1369 3463 aliud
1415 3420 1615 3477 quam,
1658 3414 1719 3460 ut
1762 3406 1836 3461 ita
1885 3405 2093 3477 loquar,

522 3500 836 3555 malleorum
855 3506 1019 3569 atque
1030 3497 1346 3552 .incudinum
1368 3494 1436 3567 [ι’.
1455 3493 1730 3566 incudem]
1758 3495 1982 3551 tinnitus
2000 3510 2094 3549 an-

518 3592 686 3652 ditnr.
721 3592 807 3658 Et,
835 3605 869 3646 o
896 3590 1071 3646 scelus
1117 3597 1175 3645 et
1214 3588 1382 3644 ferale
1419 3587 1753 3658 prodigium!
1786 3587 1983 3642 Petrus
2005 3601 2098 3643 co-

519 3682 665 3752 gitur
699 3681 973 3737 nundinas
1006 3679 1245 3735 Simonis
1284 3694 1352 3734 ex
1399 3691 1496 3733 sua
1540 3672 1847 3748 quantitate
1890 3678 2098 3748 persol-

520 3785 671 3835 vere,
699 3770 793 3840 qui
842 3769 1119 3825 Simonem
1160 3782 1285 3824 cum
1322 3767 1469 3823 omni
1507 3782 1606 3822 suo
1640 3767 1969 3823 commercio
2000 3783 2095 3824 co-

516 3861 800 3932 gnoscitur
852 3869 1112 3930 perpetua
1161 3857 1541 3913 maledictione
1590 3856 1895 3913 damnasse.
1944 3856 2098 3925 Quod

518 3962 702 4007 autem
741 3952 830 4006 ille
865 3952 1073 4006 crimen
1114 3951 1216 4005 hoc
1243 3950 1450 4020 palliat,
1481 3958 1538 4005 et
1579 3957 1806 4005 tractum
1844 3965 1904 4005 se
1936 3949 2098 4019 vique

517 4051 791 4106 coactum,
821 4042 1016 4111 quibus
1061 4048 1239 4110 potest
1278 4041 1459 4096 verbis
1498 4049 1748 4106 excusat,
1775 4042 1880 4097 hoc
1903 4056 2006 4111 ego
2034 4040 2100 4096 li-

516 4142 612 4187 cet
644 4132 711 4184 ad
742 4131 1000 4199 liquidum
1035 4131 1296 4195 nesciam,
1319 4139 1499 4186 tamen
1532 4141 1590 4186 et
1626 4131 1744 4201 ipse
1766 4145 1872 4187 non
1899 4146 2098 4202 usque-

518 4234 735 4290 quaque
762 4217 1010 4273 dilIiteor.
1042 4218 1121 4275 Ita
1156 4219 1355 4289 quippe
1394 4227 1479 4273 est
1518 4219 1680 4274 homo
1716 4219 1965 4285 stolidus,
1996 4221 2094 4275 de—

522 4328 612 4369 ses
641 4326 704 4366 ae
734 4311 932 4366 nullius
978 4311 1196 4382 ingenii,
1230 4319 1290 4365 ut
1323 4310 1471 4367 credi
1518 4310 1688 4381 possit
1727 4311 1971 4367 nescisse
2000 4327 2098 4381 per

521 4418 584 4459 se
628 4400 756 4457 talia
804 4400 1128 4455 machinari.
1179 4400 1561 4456 Verumtamen
1607 4400 1662 4454 in
1695 4399 1801 4456 hoc
1829 4415 1956 4456 reus
1989 4409 2092 4466 est,
2190 4458 2197 4467 ,

517 4494 649 4564 quia
680 4493 735 4545 in
764 4491 905 4555 cauri
949 4490 1222 4559 voragine,
1253 4491 1308 4544 in
1337 4504 1498 4558 quam
1528 4489 1696 4544 semel
1724 4499 1807 4546 est
1831 4488 2096 4545 violenter

2195 3334 2352 3375 sensa
2395 3321 2576 3376 cordis
2615 3335 2740 3374 cum
2782 3318 3034 3376 libertate
3060 3317 3393 3387 proferrem;
3428 3319 3570 3374 absit
3609 3334 3641 3373 a
3684 3335 3775 3374 me

2194 3420 2256 3466 ut
2294 3411 2349 3466 in
2395 3410 2486 3465 tali
2533 3410 2747 3480 negotio
2784 3409 3185 3479 duravprorsus
3227 3416 3283 3463 et
3323 3422 3515 3480 aspera
3552 3410 3765 3478 perpeti

2195 3500 2616 3573 subterfugiam,
2662 3509 2722 3556 et
2765 3500 3081 3571 negligendo
3126 3508 3234 3554 tam
3283 3499 3527 3570 ingenue
3574 3501 3767 3556 matris

2194 3592 2479 3656 incestum,
2513 3591 2614 3646 sub
2642 3590 2832 3646 umbra
2864 3589 3099 3660 degener
3123 3588 3265 3645 Illius
3293 3589 3624 3645 delitescam.
3655 3589 3770 3646 Imo

2194 3690 2322 3752 peto
2349 3690 2410 3737 ut
2434 3680 2660 3749 epistola
2689 3681 2804 3736 hac
2841 3680 2897 3734 in
2936 3679 3208 3750 publicum
3232 3678 3432 3744 veniat,
3455 3679 3642 3748 sicque
3675 3693 3774 3748 per

2195 3789 2316 3839 vos,
2340 3774 2470 3843 quid
2496 3786 2663 3842 super
2696 3774 2811 3827 hoc.
2835 3771 3001 3826 totius
3038 3770 3223 3826 mun‘di
3260 3769 3503 3839 periequ
3531 3769 3775 3825 sentien-

2194 3861 2323 3917 dum
2362 3862 2452 3926 sit,
2490 3861 2740 3916 omnibus
2786 3861 3112 3917 innotescat.
3151 3860 3228 3915 De
3266 3859 3644 3925 benedictione
3672 3874 3775 3917 au-

2196 3958 2305 4007 tem
2359 3960 2577 4017 vestra,
2627 3966 2794 4021 quam
2838 3951 2991 4021 petii,
3041 3951 3345 4011 venerande
3396 3950 3581 4017 Pater,
3625 3950 3766 4006 nihil

2195 4040 2342 4096 aliud
2372 4041 2518 4106 dico,
2539 4040 2645 4095 nisi
2675 4040 2802 4110 quia
2824 4039 3087 4115 quidquid
3125 4039 3174 4095 ei
3214 4041 3309 4110 qui
3348 4040 3551 4102 missus
3573 4048 3659 4096 est
3680 4039 3777 4096 da-

2198 4142 2315 4200 tur,
2365 4131 2483 4202 ejus
2517 4132 2708 4203 procul
2735 4133 2903 4189 dubio
2948 4132 3198 4191 manibus
3239 4132 3333 4202 qui
3380 4132 3527 4190 misit
3571 4133 3776 4190 immit-

2198 4227 2348 4281 titur.

2774 4313 3105 4372 EPISTOLA
3145 4314 3212 4371 V.

2339 4424 2408 4463 Αι)
2441 4422 2730 4462 WIBIRTUI
2767 4420 3217 4461 ABCBIBPISCOPUI
3257 4419 3637 4462 RAVENNA'I'BI.

2196 4501 2594 4557 Anennsn'run.
2628 4527 2700 4539 —
2736 4497 3041 4553 Wibertum
3084 4496 3549 4567 archiepiscopum
3597 4506 3773 4567 rogat,
3834 4558 3839 4561 ,

522 4582 771 4652 injectus,
800 4580 1072 4635 volutatur
1101 4579 1397 4644 ultroneus,
1429 4590 1485 4635 et
1512 4579 1566 4634 in
1596 4579 1919 4636 adulterium
1946 4580 2092 4650 quod
2121 4571 2171 4630 D
2265 4570 2358 4652 qui
2378 4585 2561 4652 suum
2608 4567 2999 4652 arenasteriium
3044 4566 3363 4652 visitaturus
3414 4566 3773 4652 adventabat,

515 4675 712 4730 imicus
783 4681 911 4727 ante
992 4672 1385 4736 commiserat,
1463 4670 1854 4728 delectabiliter
1913 4685 2101 4743 perse-

518 4779 692 4821 verat.

519 4885 525 4891 -
582 4855 664 4912 'Ut
705 4866 886 4912 autem
921 4863 977 4912 et
1012 4854 1082 4911 de
1116 4853 1231 4923 ipsa
1262 4851 1381 4922 ejus
1406 4853 1747 4924 promotione
1770 4854 2095 4924 lacrymosa,

520 4957 582 5002 ut
610 4948 783 5015 aiunt.
804 4948 968 5003 verba
1012 4962 1119 5002 non
1156 4946 1492 5016 protraham,
1520 4945 1678 5013 nobis
1706 4944 1976 5013 episcopis
2000 4958 2100 5012 per

521 5041 733 5094 diversa
798 5037 1020 5092 latibula
1080 5036 1442 5108 fugientibus,
1497 5035 1779 5106 presbyter
1831 5033 2098 5089 Ostiensis

524 5129 800 5195 Ecclesiaz,
829 5128 920 5198 qui
965 5128 1170 5185 utinam
1224 5126 1531 5196 syllabatim
1577 5132 1758 5179 nosset
1800 5123 1883 5178 vel
1934 5108 2094 5178 unam

522 5222 770 5293 paginam
827 5220 929 5278 rite
971 5233 1329 5288 percurrere,
1377 5226 1437 5271 ut
1481 5230 1602 5270 eum
1649 5215 1715 5269 ad
1769 5214 2097 5289 apostolatus

518 5311 733 5366 culmen
780 5309 1119 5380 proveheret,
1153 5316 1339 5377 raptus
1375 5322 1406 5361 a
1443 5304 1767 5359 satellitibus
1803 5302 2016 5380 Satanm
2042 5312 2098 5359 et

520 5404 782 5458 violenter
830 5409 1094 5456 attractus
1134 5409 1238 5453 est.
1272 5397 1338 5452 Et
1384 5411 1532 5458 ecce,
1575 5404 1636 5449 ut
1678 5410 1774 5448 vos
1822 5374 2094 5449 canonica.I

521 5493 814 5547 sanctionis
839 5492 1057 5547 decreta
1104 5504 1210 5544 non
1249 5489 1436 5547 latent,
1468 5487 1514 5539 si
1543 5495 1737 5543 cuncta
1774 5487 1939 5539 etiam
1974 5500 2096 5555 qua:

522 5581 623 5634 sibi
662 5582 857 5653 opponi
903 5587 1160 5651 possunt,
1209 5576 1572 5646 objectionum
1615 5574 1848 5644 capitula
1883 5562 2097 5644 suppri-

523 5684 759 5737 mantur,
789 5675 891 5727 hoc
917 5672 1090 5726 solum
1138 5669 1238 5723 tale
1281 5674 1388 5729 est,
1414 5676 1471 5719 ut
1499 5682 1564 5721 ex
1597 5680 1659 5720 co
1695 5681 1752 5721 se
1793 5666 2096 5723 inillatenus

516 5763 697 5818 valeat
722 5763 996 5833 expedire.
1032 5761 1161 5813 Nam
1201 5759 1244 5813 si
1281 5756 1562 5829 presbyter
1588 5756 1770 5827 procul
1797 5757 1959 5813 dubio
1985 5755 2090 5826 91

2271 4634 2329 4695 ut
2378 4640 2562 4695 habita
2620 4638 2829 4693 ratione
2882 4636 3027 4691 illius
3075 4634 3269 4705 inopiae
3308 4643 3361 4689 et
3400 4636 3771 4705 necessitatis,

2272 4710 2445 4765 eidem
2489 4706 2982 4779 pecuniam,_sicut
3022 4704 3307 4779 cogitarat,
3340 4718 3452 4779 non
3499 4704 3769 4770 auferret;

2270 4775 2583 4902 canentum
2617 4777 2765 4832 enim
2790 4775 2989 4831 debere
3027 4775 3148 4831 esSe
3175 4775 3244 4830 iis
3278 4775 3458 4840 rebus,
3485 4788 3620 4843 quas
3648 4785 3775 4829 ante

2272 4865 2303 4902 a
2374 4858 2428 4903 tu
2455 4862 2561 4903 isse
2588 4882 2608 4901 .
3430 4879 3435 4882 ς

2272 4937 2479 4991 Dumno
2497 4934 2589 4990 W.
2612 4933 3059 4990 reverendissimo
3083 4933 3507 5004 archiepiscolio,
3531 4932 3772 4998 Perses,

2187 5026 2451 5105 (salutem.

2269 5113 2489 5170 Gratias
2500 5110 2633 5181 Regi
2656 5090 2838 5181 regum
2854 5110 2962 5165 Deo
2985 5108 3287 5175 referimus,
3303 5109 3427 5178 quia
3453 5109 3578 5164 dum
3602 5117 3774 5164 totum

2198 5209 2383 5264 orbem
2406 5205 2735 5276 propinquus
2742 5204 2855 5274 jam
2881 5203 2995 5257 dies
3011 5201 3303 5257 Dominicze
3327 5201 3622 5256 nativitatis
3644 5200 3775 5257 irra-

2199 5300 2332 5365 diat,
2369 5298 2553 5352 urbem
2604 5303 2842 5350 nostram
2890 5292 2999 5363 92
3030 5292 3191 5346 etiam
3222 5291 3553 5347 clarissimus
3596 5299 3776 5345 vester

2198 5392 2461 5446 adventus
2499 5387 2745 5442 illustrat.
2769 5383 2954 5453 Itaque
2978 5383 3109 5436 libet
3128 5380 3431 5435 exclamare
3462 5376 3683 5433 :Gloria
3717 5379 3773 5431 iu

2195 5481 2413 5538 excelsis
2438 5478 2629 5542 Deme!
2651 5476 2707 5529 in
2728 5486 2867 5528 terra
2885 5489 2991 5544 pax
3008 5472 3301 5526 hominibus
3323 5471 3470 5524 bonae
3491 5466 3771 5523 voluntatis

2199 5571 2350 5644 (Luc.
2368 5568 2452 5640 ιι).
2481 5567 2863 5623 Verumtamen
2887 5563 3019 5617 satis
3042 5562 3232 5627 miror,
3252 5557 3572 5616 venerabilis
3587 5554 3768 5619 Pater,

2195 5662 2324 5733 quia
2344 5668 2625 5729 postquam
2648 5656 2714 5709 ad
2741 5664 2792 5709 te
2817 5651 2953 5715 veni,
2970 5660 3253 5721 postquam
3276 5651 3343 5704 ab
3359 5648 3462 5703 alio
3490 5652 3772 5701 revocatus

2197 5732 2419 5816 itinere,
2448 5747 2642 5805 vestris
2669 5742 3000 5813 jussionibus
3037 5742 3213 5813 parui,
3245 5739 3444 5794 nullum
3485 5732 3769 5808 legationis
