4140 6498
324 435 430 492 293

1497 442 1696 500 LIBER
1734 442 2050 511 TERTIUS,
2089 445 2306 504 EPIST.
2339 447 2426 504 γι.

3479 465 3586 520 296

324 553 570 617 verbum,
601 549 805 605 nullum
851 551 1126 624 suscipere
1170 555 1343 609 merui
1387 565 1584 612 vestrae
1624 557 1905 612 familiari-
1931 567 1980 624 Α
2007 555 2225 612 Penus
2252 569 2506 630 peccator
2533 561 2830 621 monachus
2859 565 3036 638 dignas
3072 568 3377 628 devotionis
3422 573 3584 631 obse-

325 645 453 700 tatis
490 643 770 698 indicium.
794 642 956 699 Certe
993 645 1232 700 nonnulli
1273 655 1440 703 testes
1477 659 1605 703 sunt
1639 647 1799 716 hujus
1826 650 1901 705 rei

322 751 484 808 quam
537 735 754 806 loquor,
802 735 928 806 quia
983 737 1027 792 si
1077 738 1231 792 home
1294 740 1569 796 memorize
1633 741 1903 798 decessori

319 837 502 882 vestro
535 826 626 881 hic
663 825 929 881 habitanti
970 825 1310 898 obtempera
1340 829 1408 886 de
1437 831 1611 886 salute
1643 847 1754 888 suae
1789 834 1904 888 ani-

318 934 440 984 mae,
471 927 528 974 et
563 918 631 973 de
673 916 1037 988 spiritualium
1087 934 1268 975 rerum
1311 922 1746 979 ordinationibus
1784 934 1901 980 rata

317 1008 676 1080 promissione
701 1007 963 1074 ﬁrmaret,
997 1023 1094 1064 vos
1123 1019 1304 1065 autem
1335 1025 1366 1066 e
1398 1012 1612 1068 diverso
1641 1029 1728 1070 me
1761 1029 1899 1084 quo-

317 1099 446 1154 tidie
489 1097 792 1169 ﬂagellatis,
817 1099 1063 1168 quotidie
1091 1114 1247 1155 acres
1286 1101 1571 1157 verberum
1603 1104 1790 1174 plagas
1818 1104 1900 1160 in.

314 1189 530 1261 ﬂigitis;
561 1197 616 1244 et
643 1189 735 1259 qui
766 1190 956 1245 audire
983 1205 1088 1243 non
1119 1200 1361 1246 meretur
1390 1191 1649 1263 linguam,
1676 1208 1897 1265 gravem

313 1281 381 1335 de
407 1281 582 1336 sacris
611 1280 860 1335 manibus
888 1279 1111 1350 suscipit
1132 1281 1510 1352 .disciplinam.
1544 1282 1746 1355 Nempe
1769 1285 1897 1341 dum

312 1367 418 1426 hoc
465 1369 696 1426 sollicite
736 1370 852 1439 ipse
881 1371 1198 1437 considero,
1251 1388 1393 1442 saepe
1441 1373 1584 1428 intra
1625 1386 1896 1431 secretum

313 1461 416 1516 mei
447 1461 685 1530 peetoris
710 1461 824 1516 haec
851 1476 1064 1516 mecum
1093 1462 1289 1517 tacitus
1321 1464 1485 1518 verba
1517 1465 1752 1520 revolvo.
1782 1467 1898 1524 Hoc

310 1550 466 1614 mihi,
513 1549 756 1621 inquam,
789 1549 919 1606 facit
960 1551 1212 1608 dominus
1247 1567 1422 1620 meus,
1462 1556 1606 1624 quod
1649 1556 1778 1613 Elia:
1817 1558 1896 1614 fe-

309 1639 450 1694 cisse
494 1639 692 1709 legitur
736 1641 1080 1710 omuipotens
1124 1641 1312 1699 Deus:
1353 1643 1532 1710 Vade,
1584 1648 1789 1718 inquit,
1838 1650 1892 1704 in

310 1728 590 1798 Sareptam
631 1728 1008 1796 Sidoniorum;
1051 1723 1126 1785 ibi
1169 1734 1393 1802 praecepi
1448 1735 1658 1790 mulieri
1691 1738 1890 1805 vidum,

308 1829 366 1874 ut
406 1827 589 1890 pascat
630 1830 681 1875 te
725 1819 845 1890 (111
893 1821 1024 1892 Reg.
1074 1825 1232 1893 xvn).
1273 1824 1405 1892 Quae
1442 1827 1693 1884 videlicet
1732 1830 1892 1885 vidua

2007 663 2216 718 quium.

2075 738 2132 792 lu
2178 740 2540 808 expeditionis
2588 747 2852 803 exercitio
2893 750 3195 817 constituti,
3247 753 3410 825 digne
3466 774 3574 814 non

2003 841 2298 896 possumus
2322 830 2529 888 eisdem
2556 837 2809 892 manibus
2835 848 2892 896 et
2917 840 3042 911 styli
3079 844 3349 900 currentis
3379 848 3581 903 articu-

2001 917 2112 974 lum
2153 930 2358 989 texere,
2390 933 2445 979 et
2489 924 2658 982 frenis
2711 943 2972 999 equorum
3013 932 3367 1001 ﬂuitantibus,
3407 949 3466 992 ut
3493 940 3583 994 di-

2001 1026 2164 1080 gnum
2194 1022 2300 1081 est,
2327 1015 2624 1081 deservire,
2671 1021 2762 1074 sed
2794 1020 2919 1076 licet
2949 1025 3141 1079 melius
3167 1026 3240 1080 sit
3277 1027 3581 1085 luculenter

2000 1099 2180 1170 eloqui
2232 1118 2396 1172 quam
2447 1107 2663 1171 mutire,
2714 1120 3088 1166 verumtamen
3134 1130 3255 1168 cum
3285 1118 3581 1173 necessitas

1998 1184 2268 1258 imminet,
2300 1193 2492 1250 melius
2518 1205 2602 1251 est
2629 1205 2901 1268 utcunque
2941 1204 3139 1259 mutire
3168 1220 3329 1274 quam
3359 1207 3577 1276 penitus
3676 1231 3683 1240 ι

1996 1281 2390 1339 obmutescere.
2421 1285 2553 1340 Cum
2596 1288 2749 1344 nobis
2779 1291 2844 1345 ad
2887 1294 3227 1360 memoriam,
3250 1297 3576 1353 venerabilis

1995 1378 2168 1436 pater,
2199 1371 2350 1427 labor
2375 1382 2497 1428 tuus
2526 1385 2580 1429 et
2635 1378 2868 1432 studium
2900 1381 3066 1446 venit,
3101 1383 3296 1440 nobilis
3320 1386 3407 1441 illa
3439 1388 3574 1445 fides

1951 1469 2160 1530 atque
2211 1465 2496 1532 prudentia
2541 1466 2743 1522 Joiada:
2796 1473 3098 1527 sacerdotis
3151 1476 3318 1532 menti
3372 1488 3571 1534 nostra:

1999 1545 2391 1632 subsequenter
2417 1552 2674 1605 occurrit.
2709 1552 2859 1607 Sicut
2889 1558 3034 1610 enim
3062 1571 3239 1622 sacra,
3274 1570 3330 1613 ut
3357 1563 3562 1632 Optime

1998 1630 2165 1693 nOSIi,
2193 1639 2425 1688 testatur
2463 1634 2684 1690 historia
2717 1637 2820 1708 (IV
2859 1638 2986 1710 Reg.
3020 1658 3071 1696 xi
3093 1659 3111 1710 ;
3137 1644 3196 1698 ΙΙ
3226 1643 3360 1702 Par.
3397 1630 3560 1718 um),

1993 1725 2210 1782 Athalia
2252 1744 2389 1783 uxor
2433 1729 2641 1802 Joram,
2693 1748 2814 1788 cum
2864 1732 3156 1790 Ochoziam
3193 1736 3361 1794 lilium
3396 1757 3574 1806 suum,

1993 1828 2175 1885 regem
2211 1816 2463 1872 videlicet
2498 1818 2660 1875 Israel
2692 1821 2901 1877 videret
2939 1823 3289 1893 exstinctum,
3319 1829 3486 1900 cmpit
3517 1831 3573 1886 in

308 1919 595 1982 postquam
641 1911 962 1981 prophetam
1008 1927 1074 1967 ex
1119 1913 1300 1968 divina
1343 1915 1587 1985 iussione
1633 1920 1887 1990 suscepit,
1922 1917 1966 1975 Β
1993 1918 2154 1961 omne
2181 1922 2364 1961 semen
2397 1910 2604 1976 regium
2635 1911 2946 1967 immaniter
2981 1913 3236 1982 fremere,
3271 1921 3567 1988 posterita-

308 2001 518 2057 felicem
553 2017 633 2067 se,
663 2011 720 2056 et
753 2002 969 2058 domum
996 2017 1148 2058 suam
1186 2002 1300 2059 fore
1328 2006 1462 2060 tanti
1495 2007 1725 2077 hospitis
1762 2024 1891 2064 con-

307 2089 555 2146 tubernio
579 2091 866 2162 judicavit.
898 2089 997 2146 Cui
1041 2104 1222 2146 tamen
1264 2095 1390 2148 dum
1435 2095 1622 2150 sedula
1663 2097 1892 2152 famula-

306 2192 415 2249 tur,
457 2184 586 2238 dum
633 2182 845 2238 devotis
897 2182 1174 2238 ministrat
1219 2185 1529 2255 obsequiis,
1579 2185 1698 2255 ejus
1748 2188 1890 2244 filius

306 2275 588 2344 repentina
617 2285 791 2329 morte
817 2275 1129 2344 corripitur,
1156 2269 1214 2330 et
1239 2290 1335 2344 per
1368 2293 1528 2347 quem
1568 2293 1727 2333 suum
1770 2294 1890 2349 spe-

303 2365 460 2426 rabat
507 2365 674 2421 illium
718 2365 809 2421 diu
835 2366 888 2420 in
921 2366 1026 2421 hac
1061 2367 1171 2421 vita
1216 2367 1434 2435 ﬂorere,
1475 2385 1598 2425 eum
1621 2369 1734 2439 jam
1772 2385 1887 2427 cte-

301 2458 381 2528 pit
424 2455 571 2512 velut
610 2465 887 2512 auctorem
933 2457 1124 2513 mortis
1168 2458 1453 2528 impetere,
1495 2459 1888 2527 dicenszQuid

302 2547 452 2610 mihi,
474 2556 524 2601 et
547 2545 662 2612 tibi,
682 2547 764 2601 vir
787 2547 884 2601 Dei
898 2547 924 2602 7
952 2547 1212 2617 ingressus
1233 2563 1286 2602 es
1315 2551 1384 2602 ad
1406 2565 1510 2614 me,
1540 2559 1596 2603 ut
1638 2566 1888 2604 rememo-

303 2648 548 2692 rarentur
569 2638 870 2708 iniquitates
885 2653 1034 2702 mete,
1062 2647 1111 2690 et
1139 2637 1457 2705 interﬁcere:
1484 2637 1654 2706 ﬁlium
1674 2641 1888 2694 meum?

299 2727 490 2799 (Ibid.)
556 2727 728 2792 Ecce,
779 2727 1201 2783 clementissime
1239 2729 1476 2794 domine,
1518 2737 1715 2784 caetera
1767 2746 1886 2786 mo-

299 2820 536 2875 nasteria
589 2819 688 2875 sub
733 2819 835 2874 alis
879 2818 1266 2874 misericordia:
1302 2827 1501 2874 vestra:
1540 2819 1710 2875 illaesa
1760 2835 1888 2892 per-

297 2911 516 2976 sistunt,
551 2919 607 2966 et
645 2925 769 2966 cum
810 2910 1104 2965 securitate
1145 2919 1202 2965 et
1241 2908 1585 2966 immunitate
1635 2911 1746 2968 Deo
1794 2913 1889 2968 de-

295 3001 564 3056 serviunt.
599 2998 713 3056 Hoc
740 3009 922 3055 autem
957 2999 1151 3066 solum,
1182 3016 1251 3056 ex
1287 3015 1394 3070 quo
1432 3017 1518 3057 me
1547 3002 1600 3057 in
1641 3001 1776 3058 illud
1803 3003 1886 3057 iu-

295 3092 445 3162 gredi
488 3090 838 3162 pracepistis,
878 3099 957 3144 tot
992 3098 1141 3160 patet
1186 3090 1556 3147 invasionibus
1593 3103 1647 3148 et
1680 3093 1884 3164 rapinis

294 3182 612 3247 obnoxium,
643 3189 702 3235 ut
728 3181 832 3236 nisi
863 3195 1017 3237 mens
1045 3191 1227 3236 vestra
1265 3182 1346 3237 vel
1374 3199 1520 3238 nunc
1541 3181 1792 3240 ﬂectatur
1814 3187 1880 3241 ad

1995 2001 2213 2064 temque
2241 1997 2407 2051 David
2427 1999 2662 2054 crudelis
2681 2001 2901 2055 Bellona
2930 2005 3158 2058 tentavit
3175 2006 3416 2064 funditus
3441 2010 3573 2066 abo-—

1991 2080 2122 2138 lere.
2150 2083 2257 2140 Sed
2289 2085 2519 2156 insignis
2555 2088 2644 2144 ille
2670 2092 2924 2145 sacerdos
2944 2091 3072 2147 Joas
3100 2093 3268 2150 ﬁlium
3294 2096 3569 2166 Ochoziae,

1988 2174 2075 2243 pia
2116 2184 2172 2229 et
2205 2177 2388 2232 multis
2423 2178 2671 2234 laudibus
2719 2180 2994 2238 ell'erenda
3044 2183 3236 2241 fraude
3278 2190 3568 2260 surripuit,

1987 2273 2043 2320 et
2067 2266 2277 2320 occulte
2304 2283 2473 2337 usque
2502 2271 2845 2339 septennimn
2878 2271 3018 2326 intra
3043 2275 3225 2345 templi
3266 2288 3418 2348 septa
3447 2295 3563 2334 ser-

1988 2358 2154 2425 vavit,
2171 2360 2254 2414 cui
2273 2363 2610 2430 postmodum
2633 2365 2829 2434 regalis
2849 2367 3048 2435 sceptri
3068 2367 3190 2435 jura
3207 2370 3570 2435 contradidit;

1987 2462 2223 2518 eumque
2266 2451 2332 2505 ad
2381 2453 2774 2521 praesideudnm
2825 2454 3122 2512 Israelitico
3173 2458 3368 2528 popqu
3413 2458 3571 2530 juxta

1986 2553 2313 2609 proavorum
2355 2557 2576 2596 suorum
2606 2546 3054 2599 consuetudinem
3093 2549 3400 2614 roboravit;
3443 2566 3572 2604 mox

1987 2641 2117 2683 vero
2143 2637 2398 2699 tanquam
2427 2631 2529 2685 hoc
2554 2633 2770 2702 egregio
2811 2648 2917 2688 non
2959 2635 3230 2692 sutliceret
3273 2639 3573 2705 sacerdoti,

1985 2718 2310 2775 confirmato
2343 2723 2486 2792 regis
2534 2722 2784 2791 imperio,
2831 2725 2899 2778 ad
2938 2726 3229 2782 utilitatem
3275 2729 3568 2787 sacerdotii

1985 2808 2101 2864 sive
2132 2811 2338 2880 templi,
2373 2826 2523 2865 suam
2553 2813 2794 2882 porrexit
2822 2814 3166 2882 industriam,
3192 2827 3248 2872 et
3277 2834 3399 2873 cum
3430 2836 3570 2891 pra:-

1984 2897 2098 2954 fato
2126 2915 2255 2970 rege
2279 2902 2345 2956 ad
2383 2902 2737 2957 ordiuamlam
2767 2913 2822 2958 et
2851 2905 3242 2976 disponendam
3270 2925 3566 2967 consacer-

1985 2993 2174 3044 dotum
2203 3006 2424 3046 suorum
2453 3006 2512 3047 se
2549 2992 2779 3047 contulit
2805 2993 3173 3064 discnpliuam.
3222 2997 3358 3052 Nam
3395 3009 3450 3054 et
3475 3017 3567 3056 sa-

1984 3095 2076 3134 cra
2101 3087 2242 3136 tecta
2279 3082 2483 3152 templi,
2516 3092 2575 3136 ut
2601 3083 3056 3148 instaurarentur,
3089 3086 3323 3142 instituit
3348 3097 3403 3142 et
3427 3104 3568 3144 non-

1984 3175 2152 3239 nulla,
2215 3192 2336 3247 quae
2394 3179 2768 3235 sacerdotibus
2794 3188 3198 3250 competebant,
3257 3181 3437 3237 edicta
3471 3183 3568 3238 de-

294 3272 758 3337 misericordiam,
803 3271 918 3342 jam
961 3271 1210 3327 videatur
1261 3270 1504 3328 funditus
1555 3274 1876 3329 desolatum.
1908 3266 1951 3326 C
1983 3267 2264 3335 prompsit.
2307 3266 2526 3322 Sciebat
2567 3269 2714 3322 enim
2761 3272 3018 3338 quoniam
3067 3281 3298 3342 utraque
3335 3272 3571 3343 dignitas

291 3364 385 3430 Sic
430 3363 616 3435 itaque
663 3365 854 3421 domus
903 3365 1000 3421 Dei
1051 3380 1149 3435 per
1196 3381 1283 3422 me
1326 3367 1540 3421 videtur
1587 3367 1642 3421 in
1693 3369 1880 3422 intima

290 3457 472 3526 dejici,
505 3473 604 3528 per
636 3473 796 3529 quem
828 3459 1172 3530 sperabatur,
1201 3457 1313 3514 Deo
1343 3459 1494 3514 vobis
1529 3469 1880 3529 cooperante,

289 3549 431 3606 caelo
499 3558 657 3605 tenus
721 3535 969 3604 exaltari.
1047 3550 1416 3621 Quapropter,
1489 3551 1880 3621 gloriosissime

291 3639 529 3705 domine,
565 3639 699 3694 l'usis
744 3639 1002 3712 lacrymis
1046 3641 1114 3696 ad
1163 3641 1392 3710 vestigia
1433 3650 1614 3696 vestra
1660 3657 1877 3708 corruo,

283 3737 494 3786 Sanctae
524 3729 740 3785 viscera
771 3730 990 3801 pietatis
1031 3729 1286 3805 imploro,
1317 3737 1377 3785 ut
1421 3731 1717 3786 secundum
1756 3747 1881 3802 gra—

289 3821 476 3877 vitatis
518 3830 712 3877 vestraa
755 3822 1132 3893 prudentiam,
1171 3821 1286 3901 jam
1341 3823 1701 3879 memineritis
1755 3825 1881 3878 reti-

284 3913 420 3968 iiere
471 3911 781 3984 ﬂagellum,
837 3910 953 3981 jam
1007 3914 1221 3982 ponatis
1279 3921 1358 3968 tot
1408 3914 1880 3983 persecutionibus

287 4002 532 4064 modum,
557 4001 773 4058 dicente
813 4001 1045 4060 Domino
1069 4019 1166 4075 per
1194 4004 1513 4075 prophetam
1541 4019 1557 4058 :
1588 4004 1724 4059 Dum
1755 4021 1878 4059 con-

285 4094 528 4149 turbatus
577 4094 780 4163 fiteris,
829 4095 886 4149 in
952 4095 1035 4148 ira
1099 4094 1472 4149 misericordite
1523 4110 1724 4148 memor
1774 4097 1878 4150 eris

285 4190 442 4261 (Tob.
471 4206 562 4257 ll];
593 4189 798 4246 Habac.
838 4190 943 4262 tu).
982 4189 1093 4246 Nec
1135 4189 1372 4262 gravetis
1407 4198 1651 4245 sanctum
1699 4189 1874 4246 locum

286 4285 465 4339 adhuc
533 4283 828 4340 auferendo
873 4285 1188 4356 pecuniam,
1239 4299 1402 4355 quem
1457 4293 1662 4338 tantam
1700 4285 1876 4340 eccle-

286 4376 635 4433 siasticarum
698 4392 882 4434 rerum
945 4377 1120 4434 nostis
1167 4376 1281 4446 jam
1349 4374 1642 4448 pertulisse
1695 4375 1874 4446 jactu-

287 4483 428 4523 tam.

834 4583 1166 4642 EPISTOLA
1212 4583 1299 4639 Vl.

447 4691 517 4731 AD
555 4692 800 4732 ANNONEM
839 4690 1289 4733 Διιριῐιεριεεορυι
1323 4687 1706 4730 εοιοΝιΕΝεειί.

280 4767 684 4824 Ancuuen'run.
713 4797 785 4808 -—
816 4765 1026 4822 Laudat
1071 4765 1538 4834 archiepiscopum
1586 4761 1874 4834 Coloniens-

355 4852 493 4904 sem,
524 4839 666 4914 quod
716 4837 1061 4914 imperatoris
1102 4831 1271 4914 filiuni
1308 4831 1569 4914 pupillum
1588 4847 1716 4914 _su.'e
1745 4831 1870 4888 ﬁdei

355 4903 702 4984 commissum
734 4903 950 4977 egregie
986 4915 1192 4984 tutatus
1216 4903 1397 4984 'esset,
1432 4913 1488 4959 et
1515 4903 1869 4984 cidem,_cum

355 4977 707 5048 adolevisset,
776 4974 1068 5048 paternum
1153 4974 1437 5048 imperium
1470 4974 1868 5048 __restituisset.

354 5046 554 5103 Deinde
607 5047 747 5119 quod
784 5043 1117 5119 ’(ΙιιειαιοὶηιιΔ
1138 5043 1634 5119 ρεᾳίιάορυῃιίβεεηι
1682 5057 1870 5119 perse-

353 5128 510 5172 cutus
540 5113 709 5180 esset.
733 5127 793 5188 et
815 5126 1075 5188 quantum
1106 5113 1159 5172 in
1203 5117 1322 5186 ipso
1347 5113 1870 5188 fuittecclesiastico

357 5203 614 5264 mucrone
650 5184 966 5264 jttgttlasset.
1015 5184 1279 5264 Hortator
1315 5184 1535 5264 ut-93.
1567 5194 1868 5264 extremam

356 5260 503 5326 operi
549 5253 766 5313 manuni
801 5260 1062 5328 imponat,
1103 5253 1454 5328 adhuceuiin
1483 5253 1731 5323 Ejusdem
1768 5253 1868 5309 Ca-

357 5325 496 5399 daloi
527 5330 737 5399 rabiem,
763 5325 1121 5399 perniciosius
1157 5327 1209 5381 in
1248 5325 1615 5399 Christianam
1652 5338 1869 5399 rempu-

355 5398 550 5480 blicam
590 5392 859 5480 grassari;
901 5413 1060 5480 posse
1105 5407 1281 5480 tamen
1327 5394 1679 5480 coerc‘eriﬁi
1723 5392 1867 5480 ejus-

357 5470 476 5523 dem
523 5463 920 5541 archiepiscopi
954 5483 1119 5539 0pera
1158 5465 1425 5536 generalis
1461 5463 1684 5519 Patrum
1714 5479 1868 5524 ,ροη-

359 5548 550 5594 ventus
577 5549 882 5611 cogeretur.

358 5650 564 5709 Domno
640 5669 834 5709 ANNO!"
915 5650 1364 5708 reverendissimo
1429 5647 1862 5718 archiepiscopo,

1983 3355 2208 3410 alterum
2253 3355 2486 3410 invicem
2513 3356 2764 3412 utilitatis
2797 3371 2881 3414 est
2907 3359 3106 3430 indiga,
3139 3361 3265 3415 dum
3293 3371 3350 3416 et
3375 3377 3563 3418 sacer-

1985 3446 2194 3500 dOtium
2242 3447 2392 3517 regni
2429 3447 2655 3501 tuitione
2681 3448 3004 3517 protegitur,
3035 3459 3091 3504 et
3123 3465 3348 3522 regnum
3378 3466 3566 3507 sacer-

1994 3539 2188 3594 dotalis
2221 3538 2380 3595 oﬂicii
2412 3541 2700 3596 sanctitate
2743 3539 2982 3596 fulcitur.
3009 3541 3117 3598 Sed
3147 3544 3277 3613 quid
3306 3544 3440 3600 mihi
3465 3559 3570 3615 per

1984 3645 2160 3685 sacra:
2190 3629 2439 3686 lectionis
2459 3630 2656 3697 seriem
2677 3646 2922 3698 currere,
2962 3633 3064 3687 nisi
3095 3635 3220 3704 quia
3251 3634 3304 3689 iu
3331 3644 3385 3690 te
3410 3635 3568 3690 video

1979 3720 2222 3790 ejusdem
2257 3724 2441 3793 bperis
2485 3723 2892 3779 similitudinem
2939 3733 3125 3780 nostro
3163 3733 3406 3795 tempore
3431 3740 3567 3781 cou-

1979 3811 2505 3878 venire?.Servasti,
2551 3813 2879 3868 venerabilis
2923 3814 3114 3878 Pater,
3153 3813 3401 3868 relictum
3454 3817 3566 3873 tuis

1977 3905 2228 3960 manibus
2277 3920 2526 3976 puerum,
2578 3904 2810 3959 firmasti
2853 3919 3102 3976 regnum,
3140 3905 3429 3960 restituisti
3455 3921 3560 3978 pu-

1977 3996 2106 4067 pillo
2126 3997 2335 4068 paterni
2358 3997 2496 4067 juris
2520 3996 2828 4066 imperium,
2859 3999 2925 4051 ad
2953 3998 3317 4052 sacerdotium
3342 4014 3559 4070 quoque

1978 4066 2197 4140 manum
2227 4095 2331 4140 tuae
2353 4066 2652 4156 prudentiae
2680 4087 2792 4160 (85)
2821 4087 3069 4158 protinus
3095 4066 3409 4156 extendisti,
3432 4066 3588 4145 dum‘

1975 4185 2034 4232 et
2071 4176 2380 4232 Parmensis
2427 4177 2615 4234 bestiae
2643 4193 2902 4249 squamea
2929 4177 3066 4233 colla
3094 4179 3390 4250 evangelici
3423 4196 3550 4235 mu-

1977 4268 2162 4325 cronis
2196 4269 2382 4340 vigore
2411 4270 2723 4340 praecidere,
2764 4279 2820 4324 et
2844 4270 3151 4340 apostolica:
3176 4271 3322 4325 sedis
3347 4271 3563 4328 antisti-

1977 4366 2086 4412 tem
2111 4358 2161 4412 in
2192 4373 2304 4413 sua:
2326 4357 2604 4429 dignitatis
2623 4357 2912 4412 elaborasti
2944 4357 3110 4412 filium
3137 4356 3200 4430 [ί.
3226 4358 3445 4433 solium]
3470 4376 3556 4417 re-

1973 4445 2256 4513 formare;
2307 4449 2400 4501 sed
2437 4456 2618 4518 (εωριο
2675 4447 2828 4518 Operi
2878 4448 2986 4502 nisi
3036 4458 3310 4518 postrema
3363 4465 3560 4507 manus

1976 4540 2220 4605 accedat,
2253 4541 2356 4596 nisi
2398 4541 2758 4596 adhibeantur
2789 4543 2968 4596 adhuc
3011 4541 3125 4608 illa,
3161 4559 3280 4613 quae
3315 4553 3557 4612 restant;

1899 4623 1948 4681 D
1974 4640 2219 4686 sanctum
2243 4631 2408 4686 vestri
2438 4631 2620 4702 operis
2641 4632 2927 4688 aedificium
2955 4631 3195 4686 minatur
3242 4643 3554 4689 utcorruat.

1971 4726 2240 4782 Cadalous
2289 4727 2434 4781 enim
2502 4723 2594 4780 ille
2637 4732 2844 4779 sanctae
2880 4723 3231 4792 perturbator
3272 4723 3575 4796 Ecclesiae,

1973 4836 2193 4876 eversor
2244 4817 2552 4890 apostolica:
2595 4809 2912 4886 tlisciplinze,
2946 4815 3198 4874 inimicus
3236 4815 3428 4870 salutis
3458 4817 3559 4870 bu-

1975 4924 2167 4974 manaa,
2212 4907 2322 4973 ille,
2373 4908 2612 4978 inquam,
2661 4892 2814 4961 radix
2848 4907 3080 4976 peccati,
3115 4919 3298 4975 praeco
3329 4905 3551 4974 diaboli,

1974 4999 2255 5070 apostolus
2288 4999 2643 5065 Antichristi,
2676 4997 2873 5068 sagitta
2904 4995 3162 5053 nimirum
3194 4997 3455 5071 producta
3489 4999 3556 5053 de

1975 5093 2234 5161 pharetra
2283 5087 2535 5154 Satanae,
2581 5087 2728 5158 virga
2779 5087 2982 5152 Assur,
3011 5083 3154 5143 filius
3183 5084 3374 5152 Belial,
3414 5086 3558 5142 filius

1974 5181 2316 5255 perditionis,
2347 5181 2439 5251 qui
2472 5181 2788 5234 adversatur
2811 5187 2865 5233 et
2907 5177 3185 5232 extollitur
3212 5195 3372 5249 supra
3396 5195 3559 5234 omne

1974 5277 2118 5347 quod
2165 5274 2367 5330 dicitur
2393 5273 2553 5334 Deus.
2586 5279 2677 5324 aut
2707 5271 2851 5340 quod
2913 5269 3110 5326 colitur
3148 5270 3232 5342 (II
3263 5270 3444 5325 Thess.
3469 5270 3557 5342 tt),

1972 5371 2120 5426 velut
2161 5371 2334 5424 Draco
2364 5365 2676 5423 teterrimus
2704 5365 2881 5420 adhuc
2907 5361 3106 5429 sumat,
3139 5364 3316 5418 adhuc
3364 5361 3558 5418 foetore
3627 5349 3632 5355 ’

1973 5473 2256 5520 venenata:
2285 5453 2527 5534 pecunia:
2570 5473 2734 5514 nares
2765 5458 3041 5514 hominum
3069 5457 3263 5521 findat,
3291 5457 3560 5527 fidemque

1977 5568 2270 5612 multorum
2302 5563 2461 5608 vento
2483 5550 2594 5623 94.
2616 5550 2856 5622 perfidia:
2884 5549 3228 5616 vacillantem
3255 5563 3425 5604 novus
3449 5549 3560 5604 lia:-

1972 5647 2248 5704 resiarcba
2282 5644 2581 5716 perturbat.
2625 5642 2780 5698 Sient
2819 5641 2961 5696 cnim
3010 5639 3196 5696 Jovem
3257 5640 3308 5695 in
3369 5639 3554 5696 Diana:

358 5816 472 5890 (85)
511 5817 808 5872 Cadaloum
843 5815 1121 5887 intelligit,
1151 5815 1242 5884 qui
1269 5813 1549 5869 Parmensi
1580 5811 1837 5867 Ecclesia:
1866 5818 2120 5883 planet-at.
