4140 6476
549 422 656 478 295

1116 415 1176 472 S.
1215 413 1421 470 PETRI
1447 411 1728 469 DAMIANI
1763 410 1916 467 OPP.
1960 409 2123 468 PARS

2220 411 2304 470 su
2341 407 2578 466 TOMUS
2598 406 2642 462 1.
2666 434 2737 448 —
2756 404 2973 462 EPIST.
3005 404 3299 477 ιιΒ.,νιιι.

3665 404 3769 461 296

552 533 816 606 gremium
853 543 953 599 per
990 543 1214 585 aureum
1251 527 1482 583 imbrem
1521 523 1861 580 descendisse
1902 523 2114 578 fabula-
2140 533 2192 592 Α
2219 527 2323 582 hoc
2365 524 2586 580 frustra.
2641 521 2701 577 Si
2729 522 2875 577 enim
2906 535 3085 592 regem
3109 520 3218 591 95
3266 519 3432 576 David
3471 533 3566 575 cor
3593 534 3772 590 suum,

552 640 672 679 rum
700 628 1002 677 commenta
1039 619 1352 689 confingunt
1377 619 1632 688 (Apono,
1663 615 1915 670 Biblioth.
1947 615 1987 667 ι.
2017 615 2114 683 ιι);

552 715 633 769 sic
692 713 793 767 iste
851 725 953 780 per
997 725 1187 765 aurum
1237 710 1304 763 de
1357 724 1468 764 sum
1525 707 1780 762 Ecclesiae
1840 706 2109 775 sacrilega

553 799 853 868 dejectione
876 799 1180 868 quaesitum,
1213 795 1574 851 adulterinum
1612 795 1757 850 sedis
1804 793 2126 863 apostolicae.

554 891 898 945 concubitum
949 891 1162 958 quaerit,
1206 896 1259 941 et
1311 894 1560 953 tanquam
1619 883 1865 954 petulcas
1909 883 2119 938 adulter

553 993 705 1032 suam
747 977 962 1046 explere
992 976 1264 1030 libidinem
1289 974 1344 1027 in
1376 973 1631 1028 Romana;
1664 971 1922 1028 Ecclesia:
1951 972 2119 1029 viola-

557 1067 701 1120 tione
727 1065 1031 1119 medullitus
1057 1061 1377 1116 inardescit.

623 1155 1002 1222 Quamobrem,
1028 1152 1349 1208 venerabilis
1377 1151 1560 1217 Pater,
1584 1159 1646 1205 ut
1682 1159 1903 1206 sanctus
1951 1149 2119 1206 studii

554 1247 627 1303 tui
656 1247 805 1300 labor
830 1246 897 1299 ad
923 1243 1169 1298 eﬁ‘ectum
1197 1242 1416 1297 omnino
1446 1241 1750 1312 perveniat,
1780 1249 1836 1296 et
1862 1255 1959 1309 per
1979 1253 2118 1294 cau-

551 1338 674 1392 dam
720 1334 923 1389 titionis
951 1331 1128 1399 hujus,
1169 1331 1277 1384 imo
1310 1345 1406 1399 per
1430 1345 1594 1384 unum
1623 1329 1894 1400 putridum
1920 1326 2118 1383 diaboli

553 1423 878 1484 membrum,
910 1420 1050 1489 apud
1090 1418 1396 1488 opinionem
1427 1418 1704 1472 hominum
1745 1417 1987 1472 Romana
2015 1417 2120 1471 Ec-

552 1512 716 1567 clesia
754 1525 860 1565 non
901 1509 1142 1570 vilescat,
1174 1516 1229 1562 et
1279 1508 1385 1563 hac
1426 1508 1734 1572 occasione,
1775 1509 1917 1577 quod
1958 1507 2117 1571 absit,

553 1602 899 1657 Christianus
945 1598 1173 1669 populus
1211 1601 1264 1652 in
1308 1612 1494 1654 errore
1531 1606 1869 1669 permaneat,
1900 1611 2120 1655 necesse

553 1701 637 1747 est
666 1702 727 1744 ut
769 1699 946 1744 vestra
992 1689 1276 1759 prudentia
1311 1691 1435 1744 totis
1465 1689 1671 1744 nisibus
1692 1689 1955 1755 elaboret,
1983 1704 2121 1758 qua-

449 1843 452 1845 ,
555 1789 712 1837 tenus
744 1781 998 1849 generale
1019 1779 1308 1834 concilium
1349 1780 1669 1849 quantocius
1697 1779 1809 1846 liat,
1839 1789 1894 1834 et
1937 1780 2118 1849 perui-

2219 614 2498 683 Scriptura
2553 620 2722 675 teste,
2773 610 3077 680 percussit,
3126 611 3251 678 quia
3298 609 3562 663 duntaxat
3623 625 3774 664 oram

2217 701 2517 773 chlamydis
2544 699 2673 755 Saul
2692 699 2916 754 silenter
2943 697 3172 752 abscidit
3189 697 3243 766 (Ι
3274 697 3402 768 Reg.
3433 697 3586 769 xstv)
3607 714 3623 764 ;
3646 700 3776 768 quid

2216 807 2340 865 ego,
2367 791 2462 862 qui
2500 807 2608 846 non
2633 789 2797 845 vestis
2825 786 3144 858 particulam
3163 827 3178 852 ,
3208 786 3303 842 sed
3344 787 3581 856 integras
3610 787 3775 851 ultro,

2215 883 2380 938 etiam
2408 880 2673 951 pretiosas
2701 895 2730 931 a
2761 878 2976 932 domino
3004 890 3124 930 meo
3146 886 3322 931 vestes
3348 877 3570 940 extorsi,
3597 887 3652 931 et
3677 879 3777 933 sub

2217 987 2322 1030 non
2337 970 2724 1042 impendenda,
2738 967 2834 1024 sed
2857 966 3211 1036 percipiendae
3231 965 3515 1020 charitatis
3529 967 3774 1033 obtentu,

2216 1063 2342 1118 dum
2382 1075 2468 1115 me
2491 1059 2661 1122 indui,
2712 1057 2938 1112 alterum
2995 1055 3266 1125 spoliavi?
3303 1053 3408 1121 Qui
3450 1053 3694 1123 profecto
3729 1056 3779 1112 si

2215 1167 2346 1210 vere
2369 1151 2619 1208 sacerdos
2640 1163 2838 1213 essem,
2859 1145 3070 1217 justitia
3096 1145 3268 1216 magis
3294 1146 3443 1200 indui
3471 1161 3631 1214 quam
3660 1154 3778 1202 tex-

2217 1243 2399 1298 tilibus
2425 1238 2760 1296 ornamentis
2785 1237 3066 1311 ambirem.
3113 1234 3259 1290 Inter
3304 1235 3420 1290 hzec
3450 1242 3628 1290 tamen
3651 1235 3780 1289 dum

2219 1332 2577 1389 tribunalibus
2602 1344 2736 1384 mea:
2771 1328 2966 1382 mentis
2993 1326 3382 1382 examinandus
3412 1327 3633 1390 assiste,
3661 1340 3777 1382 me-

2217 1439 2322 1494 que
2348 1424 2463 1494 ipse
2491 1421 2735 1478 districta
2766 1433 2990 1489 prorsus
3028 1416 3497 1473 animadversione
3525 1418 3777 1483 discutio,

2222 1515 2327 1588 h'q:
2367 1512 2501 1568 mihi
2525 1509 2858 1568 defensionis
2879 1515 2980 1570 est,
3007 1516 3062 1562 et
3090 1521 3188 1575 pro
3213 1520 3298 1560 me
3325 1513 3454 1570 stat,
3487 1505 3614 1574 quia
3642 1519 3780 1561 non-

2216 1601 2361 1658 nulla
2401 1601 2532 1656 mihi
2560 1609 2686 1654 tunc
2725 1596 2984 1667 temporis
3006 1609 3233 1650 munera
3273 1602 3401 1649 sunt
3425 1593 3626 1658 oblata,
3662 1610 3782 1664 qua;

2218 1701 2398 1748 tamen
2428 1690 2570 1760 apud
2607 1703 2705 1744 nos
2747 1685 3102 1755 susceptionis
3131 1685 3278 1739 aditu
3305 1697 3414 1738 non
3451 1692 3685 1754 reperto,
3714 1684 3783 1740 ad

2217 1777 2331 1847 eos;
2356 1779 2448 1850 qui
2477 1779 2758 1842 miserant,
2785 1775 2885 1831 sub
2907 1774 3055 1829 omni
3079 1781 3208 1828 sunt
3227 1772 3504 1827 celeritate
3534 1773 3779 1828 remissa.

551 1872 685 1926 ciosi
718 1869 874 1937 hujus
897 1870 1101 1924 erroris
1124 1870 1328 1939 spinas,
1354 1869 1405 1923 in
1426 1885 1532 1938 quo
1556 1870 1719 1923 miser
1741 1870 1972 1924 mundus
2000 1883 2122 1923 ver-
2147 1863 2196 1920 Β
2222 1870 2377 1926 Unde
2403 1883 2621 1938 possum
2649 1865 2791 1920 forte
2817 1863 3093 1934 colligere,
3121 1862 3249 1933 quia
3275 1862 3510 1918 Charitas
3531 1878 3650 1932 quae
3678 1863 3785 1917 Do-

552 1969 723 2020 satur,
749 1957 961 2011 evellat.
1003 1957 1272 2010 Praeterea
1303 1957 1534 2011 libenter
1553 1959 1622 2011 ad
1647 1967 1840 2012 vestrae
1865 1957 2123 2012 sanctitao

555 2047 625 2101 tis
670 2045 983 2114 alloquium,
1025 2045 1070 2098 si
1123 2045 1340 2099 occasio
1377 2045 1618 2110 daretur,
1669 2046 2011 2115 attingerem,
2061 2054 2122 2098 ut

553 2133 1058 2188 communicandum
1080 2134 1389 2198 consilium,
1409 2135 1551 2203 quod
1579 2135 1823 2189 absentia
1851 2134 2118 2204 prohibet.

554 2223 674 2274 viva
713 2223 952 2276 conserti
989 2224 1254 2278 sermonis
1274 2223 1438 2278 verba
1467 2222 1796 2280 conferrent.
1839 2223 1946 2279 Sed
1983 2239 2119 2293 quo-

555 2311 700 2363 niam
726 2311 778 2364 id
802 2311 1029 2366 fortasse
1051 2328 1156 2367 non
1190 2326 1419 2379 mereor,
1446 2322 1593 2382 peto,
1615 2327 1816 2382 quaeso,
1843 2322 1899 2368 et
1940 2313 2119 2367 humi-

456 2447 463 2454 .
557 2399 677 2453 liter
707 2415 956 2469 suggero,
981 2411 1038 2454 ut
1059 2411 1242 2456 sancta
1261 2409 1438 2456 vestra
1469 2401 1753 2472 prudentia
1778 2400 2122 2456 Cadaloicam

556 2488 785 2552 rabiem,
815 2503 934 2557 qua:
980 2489 1178 2543 latrare
1227 2504 1331 2544 non
1363 2491 1578 2556 desinit,
1630 2491 1852 2546 omnino
1893 2499 2123 2545 conetur

556 2578 942 2646 exstinguere,
996 2589 1262 2648 quatenus
1305 2579 1610 2635 Christiana
1663 2581 1852 2652 religio
1901 2581 2123 2651 pacifica

555 2681 653 2737 per
680 2683 774 2722 vos
791 2669 965 2722 valeat
991 2669 1376 2738 tranquillitate
1395 2671 1650 2740 gaudere,
1669 2680 1729 2724 ut
1747 2673 1872 2725 dum
1895 2687 2122 2742 regnum

558 2770 622 2809 ac
649 2758 1006 2811 sacerdotium
1039 2767 1217 2825 optata
1245 2773 1342 2827 per
1373 2773 1466 2814 vos
1511 2775 1643 2828 pace
1688 2759 2009 2830 perfruitur,
2051 2760 2122 2828 is,

556 2846 649 2914 qui
695 2849 976 2915 utriusque
1018 2848 1293 2917 dignitatis
1335 2857 1521 2903 auctor
1564 2841 1673 2915 est;
1716 2851 1866 2920 pacis
1912 2859 2124 2906 aeterne

559 2935 720 3003 iligna
748 2936 899 2990 vobis
925 2938 1141 3005 praemia
1171 2937 1444 3007 largiatur.
1469 2937 1576 2993 Sed
1599 2939 1727 2993 dum
1753 2953 1928 3008 equus
1955 2939 2122 2995 olfer-

561 3031 673 3087 tur,
710 3023 833 3078 dum
864 3025 994 3078 socii
1032 3040 1221 3080 omnes
1268 3025 1368 3080 iter
1399 3026 1686 3096 arripiunt,
1728 3040 1856 3082 ecce
1893 3027 2112 3084 brevem

558 3127 779 3182 sperno,
819 3113 966 3169 brevi
993 3114 1216 3184 vestigia
1245 3122 1452 3169 sterno.

1105 3260 1212 3320 EPl
1224 3266 1444 3325 STOLA
1471 3266 1580 3323 Vll.

701 3371 770 3412 AD
796 3371 1026 3413 VIDONEI
1047 3371 1490 3414 ABCBIEPISCOPUI
1519 3371 1977 3415 IEDIOLLNENSEI.

557 3472 952 3541 Διιῦιιιιειίτυιι.
1000 3500 1069 3541 -_—
1096 3467 1286 3541 Tacite
1333 3469 1538 3539 gratias
1563 3469 1674 3541 agit
1707 3469 1900 3524 Vidoni
1948 3471 2126 3526 archi-

629 3539 883 3609 episcopo
927 3539 1068 3607 quod
1095 3553 1176 3601 se,
1221 3540 1347 3593 dum
1399 3541 1538 3608 apud
1591 3539 1740 3593 illum
1788 3551 2122 3609 versaretur,

629 3608 801 3663 sacris
843 3609 1082 3663 vestibus
1126 3609 1416 3664 liberaliter
1453 3610 1724 3663 donasset.
1769 3608 2018 3664 Ostendit
2064 3626 2125 3665 se

629 3693 918 3747 memorem
939 3676 1096 3744 hujus
1115 3677 1382 3744 beneficii,
1403 3679 1650 3734 assiduas
1663 3692 1760 3747 pro
1781 3692 1846 3732 eo
1863 3680 1935 3733 ad
1958 3680 2123 3735 Deum

631 3763 822 3817 preces
844 3746 1066 3801 fundere
1093 3763 1114 3817 :_
1143 3749 1378 3816 itemque
1403 3763 1613 3812 curare,
1645 3746 1704 3802 ut
1725 3748 1865 3803 idem
1893 3749 1978 3804 sui
2003 3765 2119 3805 ino-

629 3815 786 3872 imchi
820 3825 872 3872 et
901 3818 1056 3872 amici
1089 3815 1350 3872 facerent.

621 3929 833 3983 Damno
865 3915 1385 3983 Vmevercndissimo
1437 3926 1866 4000 archiepiscOpo,
1909 3923 2126 3984 Penus

555 4021 835 4091 peccator
863 4020 1160 4075 monachus
1225 4020 1588 4076 devotissimaa
1645 4021 1922 4078 servitutis
1968 4013 2119 4079 obse-

556 4127 766 4182 quium.

632 4197 851 4257 Noverit
889 4201 1148 4257 sanctitas
1183 4211 1394 4269 vestra,
1431 4203 1755 4260 venerabilis
1784 4203 1971 4279 Pater,
1997 4206 2124 4276 quia

563 4307 649 4352 me
677 4289 838 4346 nimis
863 4291 1134 4362 pmnituit,
1158 4301 1342 4363 atque,
1387 4302 1446 4348 ut
1477 4295 1549 4348 ita
1577 4293 1789 4364 loquar,
1831 4311 1924 4350 cor
1946 4312 2124 4352 meum

558 4398 647 4443 ine
678 4380 830 4439 valde
868 4382 1137 4453 percussit
1182 4382 1234 4436 in
1283 4397 1349 4437 eo
1396 4383 1538 4453 quod
1577 4383 1890 4440 liberalitati
1931 4394 2126 4441 vestra:

559 4483 670 4574 tam
707 4471 870 4576 largae
895 4481 1109 4540 tamque
1148 4473 1546 4576 antidhac-non
1576 4475 1921 4576 peperci:.Ad
1947 4475 2121 4531 instar
2149 4515 2199 4576 υ

555 4561 702 4618 enim
735 4559 926 4616 futura:
958 4560 1388 4626 resurrectionis,
1422 4562 1563 4618 binis
1599 4578 1685 4618 me
1708 4561 1858 4618 stolis
1901 4563 2123 4619 induere

557 4653 898 4709 decrevistis.
931 4651 1045 4722 Ego
1070 4661 1249 4708 autem
1273 4648 1450 4709 vestra
1481 4667 1773 4725 oppressus
1799 4655 2124 4710 auctoritate

561 4745 635 4800 nil
681 4744 874 4811 restiti,
924 4742 997 4798 nil
1029 4759 1245 4799 manum
1284 4744 1508 4809 retraxi,
1554 4741 1650 4799 sed
1702 4759 1982 4798 servorum
2027 4744 2123 4799 Dei

560 4833 788 4902 genuini
806 4832 999 4905 rigoris
1043 4831 1262 4897 oblitus,
1291 4832 1451 4890 facile
1481 4842 1672 4888 cuncta
1704 4835 1941 4904 suscepi.
1967 4831 2123 4899 Quod

563 4927 721 4995 plane
744 4942 865 4982 eum
909 4927 1116 4991 recolo,
1144 4927 1470 4983 conscientia
1490 4942 1584 4994 me
1617 4925 1898 4980 mordente
1943 4926 2125 4980 redar-

563 5029 720 5084 guor,
759 5016 958 5070 rubore
1002 5013 1315 5086 perfundor,
1361 5016 1545 5088 sicque
1591 5013 1692 5069 sub
1747 5014 1978 5084 propriis
2009 5023 2127 5068 tan-

566 5122 725 5178 quam
750 5107 848 5162 sub
877 5105 1066 5166 alienis
1089 5107 1598 5179 reprehensionibus
1637 5105 1916 5162 erubesco.
1944 5104 2129 5175 Neque

2224 1961 2426 2016 minum
2443 1971 2640 2022 meum,
2655 1963 2714 2010 ut
2736 1954 3163 2009 benedictionem
3183 1951 3470 2015 conferret,
3485 1953 3781 2020 admonuit,

2221 2051 2409 2105 eadem
2439 2048 2494 2103 in
2523 2061 2680 2103 servo
2705 2061 2822 2111 suo,
2852 2055 2911 2098 ut
2929 2043 3180 2099 collatam
3213 2045 3534 2113 susciperet,
3561 2043 3783 2112 acquie-

2221 2142 2319 2196 vit.
2357 2139 2462 2196 Sed
2489 2138 2616 2193 dum
2648 2136 2893 2193 beneficii
2925 2134 3090 2189 vestri
3115 2133 3406 2189 recolimus
3449 2134 3686 2198 modum,
3716 2134 3785 2189 ad

2221 2229 2354 2286 illud
2387 2226 2663 2282 Zacharias
2705 2239 2857 2281 mens
2884 2223 3320 2280 reditoraculum
3351 2240 3365 2277 :
3395 2221 3548 2289 Erat,
3591 2223 3783 2292 inquit,

2221 2321 2376 2377 Jesus
2403 2320 2619 2374 indutus
2657 2317 2879 2373 vestibus
2907 2315 3154 2379 sordidis,
3178 2325 3226 2370 et
3253 2315 3424 2370 stabat
3457 2324 3577 2370 ante
3599 2315 3786 2384 {aciem

2224 2409 2395 2481 angeli
2424 2408 2674 2481 (Zachar.
2710 2406 2795 2476 ιιι)
2830 2422 2844 2459 :
2884 2404 2988 2471 Qui
3028 2405 3324 2474 respondit,
3353 2412 3410 2458 et
3449 2405 3524 2458 ait
3563 2405 3631 2458 ad
3687 2419 3787 2460 eos

2224 2501 2319 2572 qui
2366 2499 2584 2554 stabant
2605 2510 2789 2552 coram
2828 2509 2888 2550 se
2927 2493 3211 2549 dicentes:
3243 2493 3454 2562 Auferte
3484 2494 3790 2546 uestimenta

2225 2591 2441 2648 sordida
2451 2589 2516 2644 ab
2527 2606 2586 2644 eo
2601 2585 2810 2659 (lbid.);
2825 2585 3038 2651 deinde,
3052 2595 3110 2640 ut
3123 2584 3396 2655 Scriptura
3421 2583 3788 2654 prosequitur,

2223 2679 2538 2735 indutusest
2557 2675 2888 2741 mutatoriis,
2915 2674 3064 2728 Felix
3087 2673 3176 2728 ille
3192 2673 3328 2738 dies,
3355 2672 3409 2725 in
3432 2686 3538 2742 quo
3558 2671 3787 2726 vestium

2223 2769 2328 2825 ista
2371 2765 2698 2837 permutatio
2746 2762 3107 2819 celebrabitur
3129 2800 3146 2827 ,
3173 2771 3229 2816 et
3256 2775 3448 2830 corpus
3471 2759 3620 2826 Jesu,
3647 2759 3791 2830 quod

2222 2867 2308 2913 est
2351 2853 2618 2921 Ecclesia,
2655 2854 2801 2909 omni
2855 2853 3030 2907 luctus
3065 2861 3227 2920 atque
3273 2849 3503 2904 tristitiae
3540 2849 3792 2917 squalore

2233 2946 2498 3018 deposito,
2523 2944 2695 3000 beatae
2731 2941 3150 2999 immortalitatis
3178 2940 3460 3009 splendore
3489 2939 3781 3003 vestietur;

2222 3038 2367 3094 sicut
2410 3037 2468 3092 in
2501 3036 2592 3092 illo
2627 3034 2980 3090 dedicationis
3021 3031 3228 3103 psalmo
3249 3029 3361 3099 jam
3395 3031 3790 3102 gratulabunda

2225 3128 2488 3198 praecinit,
2519 3127 2705 3183 dicens
2730 3144 2744 3180 :
2774 3125 3079 3180 Convertisti
3105 3123 3369 3194 planctum
3391 3138 3561 3177 meum
3586 3122 3640 3176 in
3659 3137 3794 3192 gau-

2225 3219 2370 3270 dium
2398 3216 2546 3282 mihi,
2577 3224 2624 3270 et
2658 3214 2958 3270 couscidisti
2985 3212 3098 3284 96
3121 3227 3332 3266 saccum
3357 3221 3625 3281 meumLet
3649 3225 3791 3278 prat-

2223 3310 2433 3363 cinxisti
2470 3323 2551 3362 me
2578 3305 2782 3371 (iutilia,
2815 3315 2871 3358 ut
2908 3313 3109 3359 cantem
3131 3303 3246 3368 tibi,
3268 3301 3437 3372 gloria
3478 3317 3590 3354 mea
3617 3300 3792 3372 (Psal.

2219 3399 2354 3469 nx).
2375 3398 2483 3456 Sed
2514 3397 2602 3453 cui
2650 3412 2750 3469 ego
2802 3397 2868 3452 de
2899 3381 3090 3451 talibus
3119 3393 3344 3465 loquor?
3381 3392 3622 3448 Sulliciat
3656 3391 3794 3446 mihi

2225 3491 2598 3546 tantummodo
2621 3490 2804 3545 dicere
2830 3489 2955 3558 quia
2983 3497 3060 3552 tu,
3090 3485 3410 3541 venerabilis
3434 3493 3608 3554 pater,
3634 3498 3795 3553 ange-

2202 3581 2307 3637 lus
2343 3581 2555 3637 Domini
2581 3581 2713 3637 mihl
2739 3579 2912 3636 factus
2934 3594 3013 3644 es,
3037 3577 3128 3650 qui
3177 3592 3274 3648 pro
3296 3590 3477 3630 amore
3498 3574 3621 3631 Jesu
3658 3573 3792 3628 mihi

2226 3671 2446 3726 sordida
2487 3671 2804 3736 detrahens,
2853 3668 3102 3723 eumdem
3154 3667 3329 3738 ipsum
3379 3665 3432 3720 in
3481 3679 3568 3719 me
3607 3663 3795 3719 infulis

2225 3759 2652 3828 sacerdotalibus
2682 3759 2976 3815 adornasti.
3002 3755 3208 3824 Quibus
3230 3765 3408 3809 tamen
3439 3766 3538 3824 ego
3562 3753 3796 3808 muneri-

2223 3849 2325 3905 bus
2354 3863 2459 3904 non
2485 3862 2710 3917 prorsus
2747 3848 2991 3919 ingratus
3023 3846 3164 3901 hanc
3187 3843 3614 3900 vicissitudinem
3643 3857 3795 3898 com-

2228 3939 2478 4013 pensavi,
2517 3948 2579 3993 ut
2620 3938 2676 3994 in
2726 3936 2971 4008 pluribus
3015 3950 3120 3990 non
3167 3934 3328 3989 modo
3357 3931 3580 3995 nostris,
3610 3932 3704 3986 sed
3741 3939 3795 3986 et

2224 4030 2501 4086 extraneis
2546 4017 2707 4100 atque
2731 4026 3038 4100 longinquis
3057 4033 3112 4080 'et
3135 4025 3328 4080 eremis
3370 4031 3427 4080 et
3452 4023 3796 4099 monasteriis

2227 4131 2470 4178 vestrum
2500 4134 2695 4176 nomen
2740 4118 3087 4180 ascriberem,
3118 4113 3454 4185 fratrumque
3475 4129 3570 4168 vos
3587 4111 3764 4168 oratio

2224 4214 2387 4271 nibus
2421 4212 2609 4269 humili
2635 4209 2936 4266 devotionis
2962 4207 3141 4264 studio
3169 4205 3624 4283 commendarem.

2768 4331 3098 4410 EPISTOLA
3131 4329 3263 4387 vui.

2501 4439 2570 4481 AD
2594 4439 2646 4477 ν.
2683 4435 3134 4478 ABCKIEPISCOPUI
3154 4431 3510 4476 BITUNTINUI.

2438 4515 2702 4586 (Habetur
2726 4524 2850 4570 tant.
2881 4511 3005 4580 III,
3034 4519 3207 4580 estque
3234 4525 3413 4581 apusc.
3434 4505 3547 4576 39.)

2772 4620 3106 4680 EPISTOLA
3154 4619 3249 4676 ιιι.

2679 4731 2748 4771 ΑΙ)
2791 4732 2844 4770 Δ.
2873 4725 3349 4770 Αιιοιιιειδιεεορωι.

2441 4808 2705 4884 (Habetin-
2730 4817 2855 4861 tom.
2888 4804 3009 4868 III,
3039 4814 3210 4872 estque
3239 4817 3417 4872 opusc.
3446 4799 3560 4854 25A

2795 4913 3131 4971 EPISTOLA
3152 4913 3224 4968 Χ.

2678 5021 2747 5059 ΔΙ)
2777 5021 2830 5059 Δ.
2873 5013 3344 5060 ARCBIEPISCOPUI.

2415 5097 2676 5170 (Habetur
2695 5106 2820 5151 tam.
2851 5095 2969 5162 III,
2991 5104 3166 5165 estque
3192 5093 3247 5147 in
3269 5104 3450 5147 unuse.
3473 5087 3588 5157 56.)
