4140 6456
281 261 389 327 297

1513 274 1740 341 LIBER
1778 278 2155 357 QUARTUS,
2195 280 2432 346 EPIST.
2473 281 2548 346 II.

3675 294 3785 356 298

287 443 3757 489 ————_.___..______._________________

1521 642 1887 732 LIBER
1965 646 2549 750 QUARTUS

1750 834 1853 894 AD
1889 832 2311 896 EPISCOPOS.

671 1198 901 1258 97-98
938 1204 1306 1269 EPISTOLA
1335 1210 1593 1271 PRIMA.

741 1295 821 1342 AD
843 1296 992 1345 ALBE
998 1299 1156 1347 RTUM
1182 1302 1519 1350 EPISCOPUM.

275 1369 823 1459 Assanitarum—.-
852 1371 1149 1459 Hune-ad
1194 1394 1373 1459 quem
1408 1381 1625 1459 scribit,
1657 1384 1984 1459 Albertum,

350 1442 683 1529 episcopum
721 1442 907 1529 fuisse
950 1442 1323 1529 et;Da‘mi'an_i
1356 1452 1542 1529 ipsius
1591 1442 1724 1513 ante
1754 1442 1987 1529 episco:

350 1514 1180 1604 patum‘_dis‘cipulum,nfacile
1223 1514 1401 1582 mihi‘
1418 1529 1751 1604 persuadeo.
1783 1514 1989 1604 Nngda

351 1590 513 1674 enim
562 1590 900 1674 auctoritate
945 1590 1115 1674 illum
1169 1610 1285 1674 non
1327 1590 1513 1674 modo
1557 1590 1989 1674 admoneII‘sed

351 1664 526 1740 etiam
572 1664 852 1740 pracipit,
902 1670 977 1740 u_t_
1010 1664 1073 1740 _i_n
1119 1665 1619 1732 administratione
1656 1664 1988 1737 animarum

351 1728 461 1822 sibi
491 1728 861 1822 :co'tn_mi_s'_sa,_
882 1734 1049 1822 nihil
1101 1752 1293 1811 avare,
1347 1728 1501 1822 nihil
1517 1728 1983 1822 cupide—agat;

349 1800 448 1894 sed
491 1800 570 1894 ita
627 1817 688 1859 se
713 1800 1066 1894 innocenter
1101 1800 1296 1894 gerere
1347 1800 1988 1894 studeat—,ju—t—exﬂeius

349 1873 466 1929 vita
488 1877 555 1965 et
582 1873 840 1933 moribus
861 1891 990 1965 Anon
1034 1873 1298 1965 infamia,
1325 1885 1424 1965 sed
1448 1873 1985 1965 igloriawadﬂi-ps'u'm

348 1951 691 2017 magistrum
718 1951 1148 2009 sanctissimum
1180 1951 1479 2015 redundet:

347 2031 574 2092 Domno
640 2036 917 2098 Aeacum
983 2040 1362 2116 episcopo.....
1441 2047 1669 2110 Pcraus
1728 2061 1988 2127 peccator

275 2125 661 2185 monachus...
674 2171 711 2184 ..

348 2211 555 2274 Precor
596 2217 1013 2291 experientiam
1062 2230 1241 2296 tuam,
1270 2229 1619 2289 venerabilis
1670 2231 1841 2293 frater
1880 2235 1984 2294 A1-

274 2300 454 2373 berte,
483 2309 570 2397 _et
620 2309 844 2397 paterni
902 2310 1118 2383 vigoris
1172 2318 1510 2377 auctoritate
1575 2323 1866 2397 pracipio,
1921 2333 1986 2384 ut

273 2405 402 2484 non
435 2391 578 2484 adeo
610 2395 792 2454 rebus
847 2401 1258 2471 temporalibus
1296 2406 1370 2463 sit
1410 2391 1631 2467 intenta
1671 2391 1986 2484 quominus

274 2479 523 2539 sufﬁciat
560 2482 622 2540 in
668 2484 1019 2559 animarum,
1058 2504 1192 2564 qua
1234 2493 1402 2552 nobis
1449 2479 1773 2557 commissa
1826 2509 1981 2575 sunt,

276 2570 522 2644 vigilare
566 2575 846 2637 custodia.
879 2577 1074 2650 Nobis,
1118 2580 1381 2655 inquam,
1410 2587 1627 2646 anima
1663 2598 1800 2649 sunt
1837 2570 1988 2652 com-

273 2660 492 2732 missa,
523 2677 656 2736 qua
691 2664 839 2725 sicut
864 2682 897 2724 a
926 2667 1043 2726 Deo
1076 2670 1241 2743 mihi,
1271 2675 1353 2731 sic
1382 2688 1417 2731 a
1445 2689 1538 2734 me
1573 2682 1988 2741 commendata

273 2756 411 2808 sunt
451 2750 594 2824 tibi;
630 2753 748 2812 Deo
794 2760 984 2815 tamen
1029 2760 1139 2817 soli
1175 2761 1455 2821 rationem
1500 2780 1704 2825 sumus
1747 2777 1989 2843 uterque

271 2936 330 2988 et
358 2931 686 3005 religiosam
727 2933 937 2994 ducere
978 2938 1181 3009 vitam,
1208 2945 1264 2996 et
1299 2940 1599 3004 honestam
1639 2946 1851 3006 habere
1899 2949 1984 3008 fa-

272 3034 448 3079 mam.
501 3020 696 3080 Vitam
734 3039 836 3097 pro
873 3032 946 3100 te,
988 3028 1199 3088 famam
1235 3046 1340 3105 pro
1372 3039 1429 3091 te
1470 3040 1526 3093 et
1558 3050 1651 3094 me
1678 3054 1692 3107 ;
1720 3039 1839 3096 imo
1868 3054 1985 3097 non

273 3115 389 3168 tam
440 3126 545 3202 pro
593 3112 761 3172 nobis
806 3132 984 3189 quam
1035 3135 1138 3193 pro
1189 3122 1279 3181 his
1322 3125 1496 3182 etiam
1550 3128 1652 3202 qui
1693 3130 1987 3188 commissi

271 3205 411 3288 sunt
451 3201 640 3261 nobis.
690 3204 834 3263 Nam
877 3206 927 3264 si
974 3223 1183 3267 nomen
1226 3218 1413 3284 tuum,
1448 3201 1603 3288 quod
1637 3216 1802 3287 absit,
1838 3218 1989 3277 fada

274 3287 495 3382 laboret
532 3292 794 3366 infamia,
824 3301 881 3353 et
922 3297 982 3353 in
1028 3313 1224 3359 meum
1270 3287 1532 3375 protinus
1570 3304 1856 3365 redundat
1883 3323 1986 3382 op-

178 3417 183 3422 -
272 3380 597 3455 probrium,
627 3388 682 3439 et
711 3382 823 3454 his,
851 3400 998 3458 quos
1027 3387 1098 3445 ad
1124 3388 1367 3449 virtutes
1400 3391 1717 3451 informare
1753 3380 1985 3454 studui-

274 3486 427 3540 mus,
456 3471 620 3530 velut
654 3486 859 3531 cancer
895 3475 1217 3547 perniciose
1247 3478 1495 3551 pullulat
1532 3482 1591 3541 in
1627 3483 1983 3558 exemplum.

274 3558 443 3620 Unde
490 3561 693 3621 Petrus
728 3569 1034 3638 postquam
1080 3567 1361 3640 pramisit
1398 3568 1636 3630 dicens:
1678 3593 1705 3627 «
1734 3573 1985 3633 Conver-

270 3651 559 3709 sationem
611 3658 858 3712 vestram
908 3653 1062 3713 inter
1103 3660 1306 3729 gentes
1340 3658 1616 3719 habentes
1651 3661 1884 3733 bonam,
1923 3669 1991 3722 ut

277 3737 341 3796 in
376 3754 463 3810 eo,
498 3740 654 3814 quod
681 3742 997 3804 detrectant
1024 3744 1095 3803 de
1141 3746 1307 3806 vobis
1346 3755 1621 3824 tanquam
1660 3751 1732 3810 de
1758 3751 1991 3811 malefa-

278 3830 557 3900 ctoribus,
588 3845 664 3888 ex
693 3831 863 3889 bonis
895 3834 1167 3906 operibus
1195 3852 1298 3895 vos
1333 3839 1781 3914 considerantes,
1808 3841 1987 3915 glori-

277 3927 455 3986 ﬁcent
497 3925 682 3983 Deum
717 3924 780 3983 in
824 3923 919 3982 die
952 3925 1299 3987 visitationis
1331 3933 1381 3989 (Ι
1409 3933 1555 3988 Petr.
1601 3934 1723 4003 III);
1759 3956 1786 3981 υ
1819 3931 2051 4006 pauloc

279 4025 408 4094 post
453 4018 718 4079 addidit:
777 4043 800 4069 α
836 4020 983 4078 Cum
1020 4020 1318 4091 modestia,
1366 4027 1421 4079 et
1471 4022 1673 4080 timore
1717 4021 1994 4081 habentes

279 4108 696 4168 conscientiam
744 4108 977 4181 bonam,
1007 4114 1074 4168 ut
1114 4107 1179 4167 in
1226 4124 1293 4168 eo
1342 4109 1494 4184 quod
1546 4109 1859 4169 detrahunt
1899 4126 1996 4170 vo-

281 4198 392 4271 bis,
422 4197 858 4259 confundantur
893 4199 995 4273 qui
1032 4200 1467 4259 calumniantur
1501 4207 1748 4260 vestram
1778 4201 1989 4262 bonam

280 4282 345 4341 in
392 4284 620 4343 Christo
675 4286 1167 4346 conversationem
1222 4291 1271 4359 (1
1318 4290 1464 4346 Patr.
1526 4294 1635 4357 III).
1691 4314 1718 4339 ι»
1777 4288 1992 4350 Paulus

281 4373 456 4433 etiam
489 4374 558 4433 ad
610 4375 977 4437 Timotheum
1016 4402 1029 4436 :
1068 4403 1089 4429 ι
1124 4378 1374 4452 Oportet,
1416 4380 1630 4457 inquit,
1659 4382 1992 4457 episcopum

282 4464 680 4525 tastimonium
714 4465 927 4526 habere
954 4468 1174 4528 bonum
1209 4468 1283 4528 ab
1312 4470 1401 4529 his
1437 4471 1538 4546 qui
1577 4471 1717 4530 foris
1742 4479 1898 4543 sunt,
1931 4478 1994 4532 ut

281 4569 399 4613 non
468 4555 529 4613 in
596 4555 972 4631 Opprohrium
1027 4558 1245 4620 incidat
1316 4566 1372 4621 et
1444 4558 1724 4635 laqueum
1780 4563 1994 4623 diaboli

280 4645 330 4717 (Ι
353 4646 493 4703 Tim.
531 4651 613 4716 III)
675 4666 704 4699 ››

351 4734 503 4794 Illud
554 4742 852 4810 praterea,
906 4737 1082 4797 frater
1136 4738 1495 4811 cbarissime,
1550 4738 1790 4798 sollicite
1837 4756 1990 4815 pra-

278 4839 437 4896 cave,
469 4824 777 4898 diligenter
818 4826 1064 4895 attende,
1098 4843 1172 4886 ne
1203 4841 1338 4886 cum
1376 4828 1647 4899 decimas,
1687 4830 1778 4889 vel
1821 4846 1989 4905 qua-

278 4913 418 4973 libet
453 4913 642 4973 oblata
680 4914 947 4975 ﬁdelium
991 4931 1093 4990 per
1137 4916 1421 4977 Ecclesiae
1456 4919 1689 4992 dividis,
1734 4919 1806 4978 de
1848 4936 1986 4979 con-

280 5002 642 5063 sacerdotum
698 5020 955 5065 meorum
1002 5021 1319 5080 prasumas
1360 5007 1583 5082 aliquid
1620 5007 1844 5069 ratione
1884 5010 1989 5068 mi-

1995 1205 2049 1264 A
2071 1200 2163 1261 lus
2199 1203 2300 1274 ait,
2338 1203 2524 1262 habeo
2560 1205 2777 1276 omnia,
2821 1214 2877 1265 et
2910 1208 3145 1267 abundo
3191 1213 3425 1286 (Philip.
3464 1220 3592 1287 IV),
3621 1242 3648 1267 ››
3678 1235 3784 1279 nec

2069 1290 2202 1349 volo
2243 1291 2448 1351 fratres
2486 1308 2645 1352 meos
2680 1294 2743 1352 in
2779 1296 2873 1353 his
2921 1296 3116 1368 rebus,
3158 1314 3290 1372 qua
3331 1303 3499 1362 nobis
3539 1305 3604 1364 in
3633 1322 3786 1365 com-

2070 1396 2279 1440 munes
2307 1398 2449 1442 usus
2478 1399 2513 1442 a
2539 1384 2657 1443 Deo
2689 1401 2974 1445 concessa
3002 1395 3158 1459 sunt,
3187 1405 3287 1463 per
3323 1396 3659 1469 potentiam,
3689 1400 3785 1457 vel

2069 1470 2342 1529 astutiam
2399 1473 2790 1547 supplantare,
2844 1490 2991 1550 quos
3041 1476 3104 1534 in
3160 1477 3373 1538 Christi
3419 1483 3786 1559 simplicitate

2072 1567 2128 1615 et
2194 1560 2552 1620 humanitate
2622 1564 2963 1636 praecedere,
3022 1573 3079 1624 et
3145 1566 3206 1625 in
3284 1584 3539 1642 quorum
3599 1577 3786 1636 oculis

2070 1648 2250 1707 debeo
2282 1650 2430 1709 mihi
2468 1651 2675 1726 stigma
2717 1656 3064 1727 paupertatis
3095 1656 3307 1716 Christi
3337 1661 3635 1722 evidenter
3666 1666 3781 1723 im-

2069 1735 2337 1808 primere,
2386 1737 2556 1810 absit,
2591 1746 2654 1798 ut
2701 1754 2903 1798 eorum
2945 1744 3279 1815 pauperiem
3319 1746 3384 1805 in
3423 1763 3552 1807 mea
3596 1748 3781 1824 patiar

2068 1821 2227 1882 lucra
2257 1826 2521 1898 transire,
2557 1832 2846 1901 quatenus
2887 1844 3024 1888 cum
3058 1832 3262 1891 eodem
3295 1836 3571 1908 Apostolo
3596 1821 3781 1898 libera

2068 1913 2257 1972 fronte
2299 1930 2493 1975 coram
2535 1918 2619 1975 eis
2662 1917 2888 1977 valeam
2928 1921 3227 1981 humiliter
3256 1925 3491 1997 gloriari
3525 1948 3539 1987 :
3576 1951 3599 1982 ι
3634 1930 3780 2003 Ego,

2067 2003 2279 2078 inquit,
2316 2006 2516 2081 didici,
2554 2009 2620 2066 in
2665 2010 2883 2082 quibus
2933 2026 3088 2082 sum,
3133 2013 3428 2076 sufﬁciens
3471 2033 3615 2090 esse,
3663 2021 3783 2079 scio

2067 2098 2124 2149 et
2168 2094 2488 2166 humiliari,
2533 2096 2650 2155 scio
2678 2101 2735 2154 et
2760 2098 3076 2170 abundare,
3120 2099 3356 2174 ubique,
3388 2110 3445 2162 et
3493 2106 3555 2164 in
3595 2109 3785 2167 omni-

2066 2182 2178 2240 bus
2225 2182 2528 2243 institutus
2578 2200 2728 2255 sum,
2776 2192 2834 2243 et
2874 2186 3089 2256 satiari,
3133 2196 3189 2247 et
3237 2191 3479 2264 esurire,
3510 2202 3565 2252 et
3593 2196 3781 2256 abun-

2067 2270 2226 2342 dare,
2279 2279 2337 2329 et
2388 2273 2697 2346 penuriam
2749 2275 2885 2347 pati.
2933 2276 3142 2335 Omnia
3189 2294 3428 2352 possum
3472 2282 3537 2340 in
3576 2300 3644 2344 eo
3676 2286 3782 2360 qui

2068 2376 2161 2419 me
2186 2361 2469 2419 confortat
2492 2363 2696 2435 (Ibid.).
2731 2386 2753 2415 ι

2139 2449 2284 2508 Volo
2324 2455 2620 2522 praterea,
2651 2457 2715 2509 ut
2760 2451 2823 2509 in
2858 2451 3078 2510 eisdem
3119 2453 3462 2515 diacesanis
3501 2459 3778 2534 ecclesiis,

2009 2541 2129 2631 Bin
2178 2540 2394 2631 quibus
2440 2539 2616 2598 oblati
2663 2547 2800 2598 sunt
2840 2556 2948 2631 per
2991 2541 3306 2602 celebriora
3354 2546 3637 2606 solemnia
3674 2566 3781 2623 pa-

2069 2646 2195 2700 nes,
2249 2637 2303 2687 et
2350 2629 2398 2687 si
2449 2646 2569 2703 qua
2606 2636 2745 2688 sunt
2794 2630 2928 2701 alia,
2977 2647 3113 2704 qua
3155 2632 3227 2690 ad
3267 2634 3463 2695 cibum
3510 2640 3781 2701 videntur

2069 2719 2379 2793 pertinere,
2442 2720 2535 2778 vel
2566 2727 2824 2793 ‘potum,
2884 2723 3232 2795 pauperibus
3304 2734 3631 2801 erogentur,
3706 2750 3780 2792 ne

2070 2807 2212 2864 dum
2277 2806 2409 2865 aliis
2475 2808 2824 2881 pauperibus
2878 2809 3173 2868 offerenda
3229 2814 3617 2887 congerimus,
3676 2820 3778 2877 de-

1957 2895 1988 2919 “
2071 2895 2369 2954 tractionis
2414 2897 2712 2955 materiam
2755 2898 2966 2970 populo
3008 2898 3424 2974 relinquentes,
3465 2911 3561 2970 99
3608 2907 3786 2968 infar.

2069 2986 2189 3045 cire
2232 2987 2476 3045 sacculis
2517 3003 2617 3061 per
2653 2988 2958 3046 avaritiam
2993 2989 3346 3062 judicemur.
3390 2995 3461 3054 Et
3501 3002 3653 3056 certe
3692 3001 3781 3059 di-

2069 3093 2252 3151 gnum
2281 3082 2365 3136 est
2396 3087 2460 3136 ut
2489 3094 2767 3152 pauperes
2795 3077 3009 3137 Christi
3042 3081 3409 3155 refrigerium
3437 3089 3688 3147 sentiant
3712 3089 3783 3149 de

2042 3192 2043 3195 η
2070 3167 2217 3242 stipe
2245 3168 2611 3241 potissimum
2642 3168 2806 3227 illius
2833 3171 3091 3228 ecclesia
3114 3188 3291 3246 quam
3316 3174 3707 3250 frequentant.

2143 3258 2293 3315 Cave
2348 3257 2542 3325 etiam,
2605 3272 2678 3314 ne
2733 3273 2893 3316 more
2951 3261 3361 3353 quorurqdam,
3417 3280 3537 3324 non
3593 3266 3782 3328 dicam

2072 3352 2386 3418 pastorum,
2440 3342 2538 3402 sed
2580 3343 2898 3416 fabrorum,
2950 3342 3229 3422 cuiquam
3268 3353 3629 3414 sacerdotum
3671 3359 3784 3416 sub

2070 3435 2335 3508 pecunia
2368 3433 2604 3492 titulum
2647 3436 2962 3510 cujuslibet
3001 3444 3192 3496 reatus
3221 3455 3497 3515 opponas,
3530 3459 3786 3521 eumque

2071 3525 2146 3583 ab
2184 3524 2687 3585 administratione
2715 3527 3094 3601 suspendens,
3131 3532 3498 3601 postmodum
3531 3551 3633 3609 per
3670 3544 3785 3596 ter-

2069 3614 2195 3673 reni
2226 3614 2374 3673 lucri
2417 3616 2787 3675 commodum
2824 3618 2888 3675 in
2933 3617 3027 3676 sui
3070 3622 3283 3692 gradus
3319 3624 3455 3697 jura
3496 3629 3782 3689 restituas.

2071 3703 2230 3763 Giezi
2269 3719 2477 3778 nempe
2521 3713 2773 3763 meretur
2800 3705 3018 3778 lepram
3050 3717 3155 3781 (IV
3186 3719 3317 3784 Reg.
3350 3720 3433 3784 v),
3469 3717 3571 3787 qui
3617 3729 3783 3773 suam

2070 3799 2257 3852 mutat
2329 3809 2431 3864 pro
2508 3794 2771 3864 pecunia
2841 3795 3149 3866 cupiditate
3226 3800 3593 3858 sententiam.
3671 3802 3785 3872 Qui

2073 3883 2444 3941 commodum
2505 3882 2652 3941 tollit
2713 3892 2769 3941 et
2844 3883 3236 3944 ministerium
3291 3888 3498 3961 reddit,
3560 3906 3635 3947 ex
3688 3906 3789 3949 ore

2076 3970 2230 4030 Petri
2293 3970 2579 4028 vibratum
2630 3972 2693 4028 in
2749 3970 3047 4031 Simonem
3091 3974 3381 4047 spiculum
3435 3992 3552 4036 non
3598 3978 3793 4039 evadit

2077 4065 2228 4132 (Act.
2260 4065 2410 4130 VIII).
2441 4060 2786 4121 Simoniaca
2813 4062 2989 4136 lepra
3014 4064 3446 4139 compellitur...
3481 4068 3605 4140 (86).

2702 4153 3069 4214 EPISTULA
3098 4156 3173 4215 II.

2664 4239 2741 4284 AD
2772 4239 2823 4286 B.
2866 4239 3205 4289 EPISCOPUM.

2076 4315 2523 4397 ARGUMEanM.
2566 4346 2634 4357 -—
2671 4314 2896 4376 Gratias
2926 4317 3044 4391 agit
3090 4318 3164 4401 B._
3198 4320 3604 4401 episcopo__pro
3646 4322 3792 4401 elec-

2149 4387 2408 4461 mosynis
2436 4387 2495 4444 in
2530 4403 2590 4446 se
2623 4403 2919 4462 suumque
2944 4387 3363 4450 monasterium
3388 4387 3629 4451 collatis.
3667 4393 3788 4452 Ad-

2148 4460 2343 4538 mqnet
2375 4465 2584 4538 tamen,
2628 4466 2691 4518 ut
2732 4460 3142 4538 misericordia
3187 4469 3241 4521 et
3284 4463 3344 4520 in
3375 4479 3656 4538 pauperes
3684 4465 3787 4523 be-

2146 4529 2494 4616 neﬁcentia
2518 4538 2753 4616 cateras
2795 4546 3025 4606 quoque
3066 4533 3308 4616 virtutes
3349 4529 3647 4616 a'djuiigat,
3677 4552 3787 4616 _ne,

2147 4601 2301 4678 quod
2351 4601 2520 4678 absit,
2569 4601 2953 4678 eleemos'yna
3001 4606 3278 4678 meritum
3327 4601 3436 4678 per
3472 4601 3790 4664 obvnoitiani

2148 4671 2550 4750 cfulpis_vit_am
2586 4671 2970 4750 oblitteretur.
3014 4677 3103 4733 Ad
3120 4671 3462 4750 extremum
3510 4685 3689 4750 rogat,
3723 4687 3790 4736 ut

2147 4742 2291 4802 duos
2318 4742 2553 4803 clericos
2581 4745 2653 4803 ad
2681 4745 3016 4805 diaconatus
3038 4747 3300 4805 ordinem
3325 4742 3676 4821 promoveat.

2145 4828 2371 4890 Domno
2403 4831 2468 4891 B.
2507 4833 2792 4908 episcopo,
2833 4834 3061 4893 PETRUS
3089 4833 3321 4893 ﬁdelem
3356 4835 3676 4896 orationem
3721 4836 3783 4894 in

2074 4920 2320 4981 Christo.

2145 5011 2545 5086 Dilectissime,
2606 5013 2747 5073 dum
2793 5015 2997 5075 collata
3047 5017 3195 5077 mihi
3249 5024 3364 5079 tua
3422 5021 3784 5081 liberalitatis

275 5109 462 5154 nuere
500 5096 658 5154 unde
692 5094 960 5155 videlicet
1003 5095 1063 5154 id
1109 5098 1260 5173 quod
1310 5097 1458 5156 mihi
1489 5099 1777 5173 competit,
1820 5100 1989 5176 quasi
2072 5100 2348 5161 beneﬁcia
2379 5104 2587 5177 recolo,
2621 5105 2683 5163 in
2714 5121 2971 5165 amorem
3009 5115 3179 5169 tuum
3230 5116 3432 5185 totum,
3468 5114 3670 5186 fateor,
3708 5113 3781 5172 ad

281 5183 532 5243 ﬁdeliter
585 5186 912 5255 consulens,
965 5187 1149 5259 possis
1197 5203 1427 5262 augere.
1487 5189 1657 5247 Absit
1709 5190 1866 5249 enim
1927 5198 1993 5250 ut
2072 5190 2436 5264 rependenda
2471 5192 2826 5265 quotidiana
2863 5196 3140 5256 orationis
3169 5198 3321 5258 dona
3347 5183 3599 5258 recurro.
3637 5183 3781 5271 Qua

276 5273 434 5346 quod
477 5272 654 5332 alieni
676 5274 829 5347 juris
858 5279 945 5333 est
990 5274 1050 5332 in
1098 5290 1223 5334 mea
1272 5276 1433 5337 lucra
1462 5278 1720 5352 proﬁciat
1754 5286 1810 5338 et
1835 5280 2338 5382 modeidelicet
2391 5282 2591 5382 oratio,
2653 5284 2777 5382 etsi,
2834 5291 2898 5382 ut
2953 5288 3224 5362 cuiquam
3284 5290 3481 5364 prosit,
3536 5291 3786 5364 peccatis

276 5376 351 5421 ex
409 5361 779 5423 offerentium
836 5363 1042 5422 merito
1096 5379 1327 5425 sacrum
1376 5372 1479 5436 est,
1528 5366 1590 5425 in
1631 5361 2220 5432 sacerdotumumeis
2264 5370 2627 5430 obstantibus
2675 5373 3006 5449 impeditur,
3062 5361 3156 5438 tua
3198 5361 3388 5439 tamen
3440 5361 3670 5441 devotio
3715 5389 3783 5442 ut

276 5450 555 5511 manibus
585 5453 951 5528 sacrilegium
988 5453 1104 5513 ﬁat.
1140 5477 1162 5508 ι
1194 5454 1315 5529 Ego
1342 5455 1522 5529 enim,
1550 5457 1700 5517 sicut
1743 5459 1985 5534 Aposto-
2073 5460 2176 5521 tibi
2211 5459 2475 5534 prodesse
2511 5459 2697 5520 valeat
2728 5472 3104 5535 promeretur.
3150 5467 3300 5527 Cave
3339 5483 3495 5542 ergo,
3525 5468 3781 5530 dilectis-

348 5578 455 5644 (86)
489 5577 633 5632 Finis
660 5577 824 5645 hujus
856 5581 1100 5647 epistola
1129 5581 1464 5637 desideratur
1486 5583 1541 5636 in
1561 5594 1690 5637 mss.

559 5684 818 5752 PATROL.
847 5687 1096 5754 CXLIV.
3429 5706 3499 5769 to
