4140 6446
330 271 437 332 299

851 268 908 327 ὃ.
951 264 1176 325 PETRI
1214 261 1538 324 DAMIANI
1577 259 1734 320 OPP.
1778 255 1969 315 PARS
2010 253 2150 315 SEU
2194 252 2447 313 TOMUS
2485 252 2533 310 Ι.
2572 282 2640 295 --
2684 249 2917 310 EPIST.
2961 248 3102 308 LIB.
3146 248 3300 335 V_III.

3721 247 3830 306 300

337 399 503 467 sime,
539 411 613 455 ne
653 371 894 465 bonum,
929 392 1082 467 quod
1121 391 1627 464 eleemosynarum
1664 387 1769 446 tibi
1806 383 2479 460 largitasAconspiceres
2530 397 2705 456 quam
2758 378 3083 467 propinqua
3132 382 3218 467 est.
3266 390 3440 467 mors,
3491 392 3628 451 quae
3681 392 3842 467 nunc

336 488 599 546 conferre
638 490 872 559 poterat,
919 483 1196 541 vitiorum
1242 480 1537 538 incentiva
1576 484 1939 548 consumant,
1985 483 2039 535 et

333 576 646 635 aedilicium
681 573 834 647 quod
864 569 1275 630 misericordia:
1316 584 1495 626 manu
1520 567 1894 637 construitur,
1921 566 2037 623 im-

330 670 494 737 pacto
551 659 813 718 libidinis
870 658 1048 717 ariete
1101 659 1446 716 destruatur.
1505 655 1599 715 Sic
1653 654 1831 728 igitur
1888 655 2036 712 bona

331 753 475 808 liant
523 756 587 809 ut
625 750 707 808 eis
754 764 813 807 se
851 747 1004 806 mala
1040 763 1157 805 non
1206 747 1500 805 misceant.
1534 744 1622 803 Ad
1672 746 1781 803 hoc
1824 744 2036 802 dantur

330 841 482 899 bona
544 839 899 914 temporalia,
962 844 1248 911 quatenus
1309 852 1408 909 per
1475 836 1600 894 haec
1662 834 2038 907 acquirantur

328 938 564 998 aeterna,
612 945 706 1000 ne,
761 926 916 1001 quod
966 926 1134 995 absit,
1168 926 1231 982 in
1283 932 1487 983 statera
1533 924 1775 982 districti
1815 923 2036 981 Judicis

324 1020 467 1079 dum
520 1018 759 1088 [malum
791 1026 845 1077 et
895 1017 1153 1084 avaritia]
1186 1016 1600 1089 praeponderat,
1638 1015 1867 1088 pondus
1897 1014 2034 1073 boni

323 1110 513 1182 operis
539 1110 850 1168 inanescat.
898 1106 1047 1176 Quid
1092 1106 1249 1164 enim
1294 1106 1520 1179 prodest
1555 1105 1673 1164 Deo
1704 1104 2035 1179 temporalia

322 1200 475 1258 bona
524 1199 805 1266 conferre,
854 1198 1112 1255 animam
1163 1202 1355 1254 autem
1399 1194 1891 1269 pretiosissimam,
1945 1193 2033 1251 vi-

323 1289 530 1347 delicet
554 1287 865 1362 pecuniam
891 1285 1175 1357 denegare
1192 1283 1221 1343 ‘?
1248 1282 1464 1343 Cuncta
1493 1284 1776 1343 nimirum
1805 1284 2035 1343 condita

325 1376 693 1450 omnipotens
745 1374 902 1434 Deus
958 1373 1161 1432 usibus
1211 1374 1519 1433 hominum
1577 1373 1827 1445 tradidit,
1883 1372 2034 1431 solas

324 1473 522 1526 autem
568 1465 796 1524 animas
839 1479 945 1523 suo
994 1462 1129 1523 usui
1172 1463 1506 1523 reservavit.
1560 1462 1655 1522 Sic
1699 1478 1856 1537 ergo,
1895 1461 2035 1520 dile-

232 1572 239 1577 ·
325 1558 580 1615 ctissime
617 1562 798 1630 pater,
831 1561 1023 1626 satage
1051 1558 1145 1611 tua
1186 1552 1519 1626 impendere
1560 1559 1625 1610 ut
1668 1550 2035 1624 temetipsum

326 1661 558 1721 quoque
598 1644 827 1703 studeas
856 1643 1151 1701 exhibere.
1202 1641 1334 1699 Tibi
1367 1642 1523 1699 enim
1554 1641 1890 1716 episcopalis
1918 1641 2036 1699 otii-

318 1735 392 1793 cii
444 1735 725 1809 dignitate
773 1733 1045 1792 collatum
1092 1738 1196 1804 est,
1253 1738 1315 1790 ut
1367 1746 1473 1789 nos
1521 1730 1785 1804 juniores
1822 1736 2098 1810 sanctae];

318 1823 750 1898 praedicationis
794 1823 1080 1882 uberibus
1128 1836 1327 1895 pascas
1372 1827 1426 1878 et
1470 1820 1724 1879 lacteolm
1757 1821 2033 1879 teneritu-

322 1912 448 1972 dini
494 1913 715 1971 viscera
762 1919 1041 1969 maternae
1093 1909 1320 1983 pietatis
1372 1909 1692 1984 impendas.
1743 1908 2036 1982 Rogamus

321 2003 515 2078 itaque
569 2001 928 2060 sanctitatem
970 2006 1152 2070 tuam,
1200 2003 1266 2058 ut
1307 2000 1412 2058 hos
1459 2000 1605 2058 duos
1636 1999 1895 2070 clericos,
1932 1997 2035 2075 qui

324 2110 384 2152 se
436 2110 471 2151 a
518 2109 623 2153 suo
673 2094 936 2167 episcopo
981 2092 1276 2151 licentiam
1325 2094 1608 2167 accepisse
1657 2095 1930 2163 fatentur,
1963 2089 2035 2149 ad

321 2183 588 2242 ordinem
641 2182 977 2240 diaconatus
1031 2187 1383 2256 promoveat,
1434 2190 1489 2239 et
1543 2182 1793 2241 debitam
1854 2184 2034 2257 hujus

324 2273 500 2332 oﬂicii
543 2273 1030 2332 consecrationem
1066 2272 1264 2346 gratis,
1295 2278 1360 2331 ut
1385 2271 1629 2347 dignum
1670 2282 1771 2346 est,
1820 2274 2032 2334 habere

318 2363 604 2421 decernat.

835 2441 975 2499 1oo
1014 2442 1381 2523 EPISTULA
1418 2444 1523 2502 III.

532 2530 614 2576 AD
633 2528 1012 2577 CUNIBERTUM
1042 2529 1359 2577 EPISCOPUM
1380 2528 1817 2578 TAURINENSEM.

583 2610 849 2679 (Habetur
878 2613 1006 2665 tom.
1035 2612 1133 2671 ΠΙ.
1161 2615 1346 2680 estque
1368 2612 1429 2665 in
1451 2626 1636 2681 opusc.
1673 2609 1777 2683 18.)

924 2696 1293 2757 EPISTULA
1317 2697 1417 2757 IV.

712 2783 790 2830 AD
810 2783 870 2830 G.
901 2783 1222 2831 EPISCOPUM
1249 2782 1639 2829 AUXIMANUM.

316 2864 763 2933 ARGUMsrt'ruu.
819 2892 886 2902 —
939 2862 1031 2919 Ab
1080 2859 1759 2933 episcopoiAuximano,
1815 2859 1910 2917 cui
1968 2865 2032 2916 ut

390 2929 598 2990 mundi
628 2931 804 3004 hujus
832 2929 1187 3004 vanitatibus
1216 2929 1489 2989 nuntium
1518 2931 1863 3004 remitteret,
1898 2946 2027 3003 per-

394 3008 687 3075 suaserat,
710 3003 976 3075 ’recenter
1013 3003 1324 3075 digressus,
1376 3009 1431 3059 et
1465 3003 1535 3059 ad
1565 3017 1699 3059 suos
1741 3017 2026 3075 reversus,

393 3073 731 3146 multosuihi
778 3090 853 3132 ex
902 3074 974 3131 iis
1020 3072 1167 3146 quos
1214 3074 1337 3146 ipse
1365 3080 1622 3146 noverat,
1651 3080 1904 3131 mortuos
1932 3072 2028 3130 in-

388 3144 568 3204 venit.
597 3144 751 3218 Hinc
778 3145 957 3218 igitur
981 3144 1211 3218 sumpta
1237 3144 1534 3218 occasione
1563 3145 1825 3218 hortatur
1859 3160 2027 3203 eum-

385 3218 515 3275 dem
568 3217 1027 3297 episcopumhut
1085 3217 1340 3297 ulterius
1374 3217 1810 3297 conversionem
1835 3232 2027 3297 “suam

389 3304 509 3347 non
566 3279 812 3357 diﬁ'erat,
887 3279 993 3347 nte
1052 3305 1113 3345 se
1185 3288 1388 3347 tandiu
1462 3287 1613 3346 male
1680 3287 2028 3346 blandientis

389 3357 601 3434 Oceani
651 3359 915 3434 procellis
958 3368 1011 3418 et
1053 3359 1327 3434 ﬂuctibus
1366 3359 1567 3434 jactari
1611 3359 1880 3434 patiatur,
1917 3360 2025 3434 sed

383 3430 454 3489 ad
499 3430 835 3491 monasterii
881 3438 1109 3501 portum
1158 3430 1404 3491 festinus
1445 3430 1721 3490 accurrat.
1775 3430 1937 3501 QuOd
1976 3431 2025 3489 si

381 3502 598 3584 fecerit,
630 3518 802 3562 omne
827 3502 916 3561 illi
935 3519 1120 3584 suum
1152 3504 1430 3584 studium,
1457 3503 1806 3584 obsequium
1846 3504 2023 3561 bene-

378 3574 811 3656 volentiamque
856 3575 1204 3656 pollicetur;
1252 3575 1342 3656 sin
1365 3574 1589 3656 _minus
1620 3574 1843 3656 habere
1884 3590 2021 3656 eum

380 3646 489 3704 sibi
531 3663 622 3729 res
674 3646 1040 3729 suas‘j'unbet,
1070 3663 1195 3729 ‘nec
1244 3647 1564 3729 quidquam
1628 3646 1739 3704 sibi
1788 3648 2023 3720 posthac

381 3733 516 3776 cum
547 3719 649 3777 illo
669 3719 885 3793 negotii
909 3720 1029 3777 fore
1055 3719 1377 3778 denuntiat.

380 3805 607 3866 Domno
666 3808 732 3868 G.
793 3807 1275 3868 reverendissimo
1349 3810 1677 3866 AUXIMANO
1734 3807 2016 3883 episcopo,

310 3897 544 3956 PETRUS
572 3898 857 3973 quidquid
891 3914 1112 3970 servus,
1141 3906 1194 3957 et
1220 3900 1401 3958 lilius.

379 3986 785 4060 Dilectissime,
832 3994 1135 4061 postquam
1168 4005 1200 4046 a
1229 3989 1389 4048 vobis
1418 3989 1675 4063 discessi,
1709 3992 2016 4066 quamplu-

307 4091 399 4133 res
445 4077 709 4133 homines
752 4075 1053 4134 defunctos
1101 4093 1224 4134 esse
1260 4078 1324 4136 in
1373 4080 1585 4138 nostris
1633 4081 1896 4154 partibus
1926 4098 2014 4139 re-

311 4164 455 4239 peri.
506 4164 669 4222 Unde
699 4166 766 4222 ad
802 4182 904 4224 vos
930 4182 1161 4241 quoque
1192 4168 1403 4226 mentis
1431 4171 1666 4229 oculum
1696 4171 2016 4241 reﬂectens,

311 4254 476 4311 valde
521 4254 859 4327 perterritus
904 4271 1051 4325 sum,
1088 4272 1161 4313 ne
1205 4258 1388 4331 vobis,
1430 4261 1585 4334 quod
1623 4259 1792 4330 absit,
1826 4259 2019 4319 simile

308 4341 454 4417 quid
499 4342 873 4416 contingeret,
905 4351 960 4402 et
1008 4361 1101 4403 me
1151 4354 1228 4404 tot
1272 4364 1371 4421 per
1408 4348 1674 4407 inducias
1718 4365 1888 4423 super
1923 4350 2017 4406 iu-

304 4431 502 4489 ducias
536 4434 935 4506 protelantem,
967 4434 1165 4493 divina
1200 4438 1483 4496 sententia
1518 4454 1592 4496 ex
1622 4438 1810 4496 aliena
1836 4443 2018 4496 morte

302 4520 622 4580 damnaret.
668 4521 1020 4598 Quapropter
1061 4524 1294 4584 obsecro
1335 4532 1407 4599 te,
1453 4527 1791 4585 charissima
1835 4534 2013 4601 pater,

300 4630 403 4687 per
432 4614 887 4688 omnipotentem
928 4616 1150 4689 Jesum,
1184 4634 1284 4690 per
1324 4626 1547 4678 sanctos
1589 4618 1825 4693 angelos
1867 4620 2014 4692 ejus,

300 4721 402 4778 per
435 4707 707 4767 thronum
751 4708 1062 4781 majestatis
1098 4714 1224 4781 ejus
1256 4708 1516 4782 igneum,
1545 4710 1609 4768 in
1647 4726 1762 4783 quo
1786 4711 2017 4784 judica-

304 4801 472 4854 turus
501 4803 585 4854 est
621 4799 785 4855 vivos
821 4803 876 4856 et
921 4804 1199 4870 mortuos,
1233 4815 1305 4857 ne
1344 4799 1707 4872 temetipsum
1740 4798 2014 4871 decipias,

298 4903 371 4945 ne
404 4886 646 4946 ulterius
684 4888 936 4955 diﬂ'eras,
976 4907 1049 4948 ne
1086 4891 1289 4949 salutis
1323 4898 1435 4949 tute
1472 4890 1796 4949 remedium
1824 4890 1895 4947 de
1925 4889 2016 4949 die

296 4982 359 5038 in
409 4980 566 5039 diem
614 4982 1084 5053 procrastinando
1123 4983 1378 5044 animam
1420 4989 1577 5042 tuam
1631 4982 1891 5053 seducas,
1919 4982 2018 5039 sed

288 5076 448 5142 intra
492 5070 626 5142 cito,
659 5070 801 5128 dum
832 5070 984 5141 licet,
1035 5072 1097 5130 in
1125 5080 1355 5145 portum
1397 5070 1812 5137 conversionis,
1858 5086 1932 5129 ne
1966 5077 2018 5129 te

299 5162 619 5222 tardantem
667 5161 956 5237 repentini
1015 5164 1353 5236 opprimant
1395 5179 1581 5235 casus,
1614 5178 1688 5220 ne
1739 5167 1791 5220 te
1833 5161 2017 5235 inopi-

300 5262 453 5313 natas
487 5255 688 5315 mortis
722 5253 1020 5315 absorbeat
1048 5256 1279 5327 ﬂuctus,
1311 5261 1367 5313 et
1404 5255 1702 5315 aestuantis
1733 5254 2016 5328 gehennae

298 5345 579 5418 deglutiat
625 5347 991 5407 barathrum.
1049 5347 1200 5416 Heu,
1262 5347 1417 5405 heu!
1475 5354 1636 5420 pater
1681 5346 1784 5419 mi,
1839 5361 2016 5420 quare

297 5449 415 5494 non
468 5451 711 5508 possum
765 5437 1072 5513 impetrare
1121 5436 1274 5508 apud
1328 5434 1513 5492 Deum
1562 5442 1626 5493 ut
1676 5434 1778 5494 tibi
1820 5432 2019 5495 oculos

288 5522 480 5583 cordis
547 5524 786 5598 aperiat,
847 5532 902 5584 et
955 5525 1170 5584 lectum
1232 5521 1569 5584 calamitatis
1626 5529 1759 5597 tuae,
1801 5523 1865 5582 in
1902 5538 2018 5599 quo

293 5631 533 5675 securus
582 5614 760 5687 jac-es,
801 5616 997 5675 videre
1036 5613 1381 5689 permittat?
1417 5614 1577 5674 Certe
1623 5616 1675 5674 si
1720 5614 2020 5675 manifeste

2120 473 2227 531 tibi
2273 479 2399 545 post
2448 478 2669 544 tergum
2698 470 2761 526 in
2801 467 3031 527 insidiis
3069 464 3269 534 latitat,
3299 465 3521 540 absque
3565 483 3724 526 mora
3753 464 3841 526 re;
3888 476 3895 489 ‘

2121 561 2413 634 linqueres
2458 558 2740 633 quidquid
2787 557 2892 615 tibi
2942 556 3199 615 mundus
3248 555 3506 614 arridet:
3549 556 3837 631 quidquid

2125 652 2228 710 tibi
2266 649 2562 724 deceptrix
2610 650 2735 706 haec
2772 649 2887 707 vita
2933 647 3239 707 demulcet.
3279 645 3390 706 Sed
3438 647 3839 721 imprudenter

2120 758 2247 815 ago,
2276 742 2325 799 si
2356 740 2666 799 doctiorem
2713 755 2806 797 me
2848 738 3049 797 docere
3084 753 3395 812 praesumo.
3447 738 3645 797 Unum
3683 739 3839 809 dico,

2117 841 2275 907 pater
2336 831 2435 903 mi,
2497 830 2604 890 nec
2656 830 2939 898 irascaris,
3000 829 3048 887 si
3105 828 3364 886 converti
3422 828 3695 900 volueris,
3738 845 3836 888 me

2118 940 2373 990 servum,
2391 939 2483 981 me
2513 922 2722 993 ﬁlium,
2744 937 2836 979 me
2863 920 3213 978 vilissimum
3238 918 3545 989 famulum,
3566 921 3831 995 quandiu

2120 1012 2354 1085 vixeris,
2387 1011 2497 1070 sub
2532 1010 2775 1084 pedibus
2802 1010 2916 1068 tuis
2945 1025 3168 1084 semper
3202 1008 3442 1080 habeto;
3487 1009 3577 1066 sin
3606 1016 3829 1082 autem,

2116 1116 2488 1176 nequaquam
2520 1106 2707 1158 tecum
2740 1098 2987 1158 ulterius
3021 1097 3308 1172 colligam,
3342 1113 3436 1169 ne,
3477 1099 3631 1172 quod
3655 1099 3829 1172 absit,

2116 1208 2149 1249 a
2187 1192 2304 1250 Deo
2343 1206 2471 1249 meo
2510 1188 2857 1249 dissentiens
2901 1203 3198 1261 spargam;
3234 1203 3338 1246 nec
3382 1203 3643 1262 unquam
3697 1188 3829 1248 volo

2114 1280 2293 1340 alicui
2341 1281 2404 1337 in
2450 1293 2646 1338 amore
2680 1294 2803 1337 esse
2848 1277 3188 1352 conjunctus
3219 1278 3322 1351 qui
3356 1292 3389 1335 a
3424 1277 3621 1337 divina
3653 1276 3829 1336 fuerit

2115 1370 2382 1431 societate
2415 1366 2660 1428 divisus.

2652 1473 2789 1530 101
2818 1472 3186 1533 EPISTOLA
3214 1472 3282 1531 V.

2660 1577 2737 1624 AD
2766 1577 2825 1624 (ἰ.
2837 1611 2848 1623 .
2861 1609 2872 1622 .
2908 1575 3246 1623 EPISCOPUM.

2116 1656 2559 1716 ABGUMENTUM.
2600 1688 2668 1699 —
2709 1657 3053 1715 Terribilem
3089 1657 3261 1716 illum
3299 1662 3355 1714 et
3393 1656 3823 1715 formidandum

2187 1728 2529 1787 mortalibus
2553 1730 2727 1803 diem,
2760 1745 2876 1803 quo
2906 1730 3250 1803 universum
3284 1744 3470 1802 genus
3498 1729 3824 1803 humanum

2186 1807 2318 1857 ante
2370 1801 2629 1871 supremi
2674 1800 2895 1860 Jud’icis
2952 1800 3223 1871 tribunal,
3277 1800 3342 1859 ut
3396 1800 3825 1859 exactissimam

2190 1874 2325 1929 vine
2356 1872 2418 1929 in
2442 1872 2567 1930 hac
2608 1872 2976 1931 miseriarum
3005 1873 3155 1930 valle
3203 1879 3500 1931 transactze
3542 1872 3824 1930 rationem

2187 1943 2408 2017 reddat,
2442 1944 2609 2017 quasi
2646 1960 2821 2002 arena
2846 1944 3036 2017 maris
3064 1943 3833 2017 congregabitur,iluculen_-

2188 2021 2275 2072 ter
2300 2014 2608 2089 describit,
2640 2024 2717 2089 et
2766 2016 2926 2074 velut
2971 2015 3031 2073 in
3082 2014 3306 2089 pictura
3349 2015 3417 2075 G.
3463 2014 3712 2089 episcopi
3751 2014 3829 2073 ob

2188 2085 2387 2144 oculos
2426 2085 2603 2159 ponit.
2633 2087 2909 2145 Hortatur
2941 2094 3005 2145 ut
3037 2085 3295 2159 ejusdem
3328 2085 3577 2155 speciem
3600 2085 3831 2145 et'ima-

2187 2160 2383 2230 ginem
2422 2158 2633 2233 mentis
2660 2158 2861 2233 oculis
2902 2158 3468 2233 tanquamprmsens
3508 2158 3826 2233 intueatur,

2187 2226 2243 2307 et
2281 2244 2397 2307 suo
2440 2230 2638 2307 animo
2658 2226 3035 2307 'Ainsidenteni
3090 2226 3285 2307 nullo
3299 2246 3563 2307 unquam
3614 2226 3829 2307 fucatae

2185 2300 2366 2372 hujus
2416 2301 2621 2359 mundi
2656 2301 2944 2360 felicitatis
2981 2310 3211 2376 aspectu
3254 2300 3555 2374 dimoveri,
3587 2307 3691 2361 aut
3736 2301 3828 2359 di-

2191 2371 2326 2428 velli
2356 2374 2626 2428 patiatur.

2191 2380 2326 2431 velli
2356 2380 2626 2445 patiatur.

2185 2460 2411 2519 Domno
2441 2462 2510 2520 G.
2543 2460 3029 2521 reverendissimo
3056 2462 3343 2538 episcopo,
3364 2460 3594 2521 PETRUS
3617 2460 3831 2520 debitas

2116 2549 2413 2609 servitutis
2450 2551 2818 2625 obsequium.

2185 2640 2567 2700 Dilectissime
2602 2650 2763 2716 pater
2789 2649 2845 2701 et
2868 2643 3125 2715 domine,
3159 2657 3315 2702 nunc
3345 2642 3486 2702 dum
3516 2642 3621 2701 tibi
3650 2656 3831 2701 mun-

2114 2732 2223 2790 dus
2267 2732 2501 2805 arridet,
2529 2733 2665 2793 dum
2707 2733 2896 2792 carnis
2925 2734 3140 2792 sanitas
3186 2733 3387 2806 fervet,
3415 2734 3559 2792 dum
3594 2749 3830 2808 prospe-

2113 2820 2251 2879 ritas
2284 2827 2511 2879 terrena
2546 2822 2854 2892 denulc‘t,
2884 2839 3017 2897 quas
3053 2830 3179 2897 post
3218 2825 3327 2883 ista
3364 2829 3692 2899 sequuntur
3720 2839 3831 2882 ex-

2112 2910 2316 2983 cogita,
2371 2918 2427 2969 et
2479 2911 2598 2985 jam
2654 2913 2821 2987 quasi
2874 2915 3192 2984 transactis,
3224 2929 3359 2989 quae
3411 2920 3618 2990 praesto
3667 2921 3821 2984 sunt,

2112 2999 2259 3058 illud
2303 3000 2609 3073 prudentia
2654 3006 2842 3060 vestra
2888 3003 3125 3063 solerter
3162 3004 3474 3074 examinet,
3507 3018 3641 3080 quae
3673 3019 3829 3076 pras-

2052 3088 2373 3178 Csentibus
2414 3090 2609 3148 futura
2660 3092 2986 3151 succedant.
3035 3092 3406 3167 Quaecunque
3440 3108 3575 3167 ergo
3614 3093 3827 3152 transi-

2116 3176 2257 3235 toria
2300 3186 2457 3249 sunt,
2494 3179 2683 3238 altiori
2726 3180 2968 3239 consilio
3014 3182 3137 3255 jam
3195 3181 3467 3241 transisse
3511 3181 3822 3253 decernite,

2110 3274 2166 3324 et
2210 3266 2370 3328 velut
2418 3269 2799 3331 ludifactoriae
2844 3271 3137 3331 illusionis
3186 3273 3482 3332 somnium
3528 3273 3819 3346 deputate.

2108 3358 2262 3419 Illuc
2300 3376 2465 3420 mens
2510 3368 2698 3421 vestra
2730 3372 3004 3435 recurrat,
3039 3364 3182 3423 illuc
3216 3363 3491 3423 sollicitos
3531 3364 3826 3423 acuminis

2107 3451 2200 3509 sui
2242 3450 2441 3511 oculos
2473 3452 2698 3528 dirigat,
2728 3455 2884 3529 quod
2913 3460 3214 3530 postquam
3249 3454 3553 3529 contigerit
3576 3454 3826 3514 transire

2106 3554 2223 3598 non
2267 3542 2448 3600 novit.
2504 3542 2848 3603 Terribilem
2895 3561 3131 3620 quoque
3171 3544 3366 3603 ultimi
3406 3544 3613 3617 judicii
3662 3544 3819 3603 diem

2099 3630 2222 3704 jam
2262 3631 2323 3689 in
2365 3640 2699 3707 conspectus
2728 3637 2908 3694 vestri
2947 3636 3253 3710 praesentia
3279 3636 3491 3710 ponite,
3519 3642 3574 3695 et
3610 3651 3823 3711 repen-

2104 3719 2301 3778 tinum
2344 3726 2516 3780 tantm
2549 3722 2863 3796 majestatis
2901 3724 3218 3783 adventum
3257 3724 3602 3783 tremefactis
3630 3725 3818 3785 visce-

2102 3811 2268 3870 ribus
2307 3819 2627 3887 retractate,
2659 3830 2765 3874 nec
2798 3815 2970 3875 illum
2998 3816 3152 3874 diem
3183 3815 3395 3890 putetis
3424 3831 3548 3875 esse
3583 3816 3818 3891 longin-

2104 3918 2310 3974 quum.
2338 3919 2511 3979 quem
2535 3904 2811 3979 propheta
2834 3912 2989 3965 tanto
3016 3912 3150 3965 ante
3167 3923 3275 3966 nos
3294 3900 3506 3968 saeculo
3527 3909 3818 3984 vicinum,

2100 4001 2156 4052 et
2208 3996 2368 4055 velut
2418 3995 2538 4070 jam
2593 4003 2741 4055 esset
2789 3997 2853 4056 in
2907 3997 3114 4057 limine
3160 4000 3529 4073 praedicabat,
3574 3999 3815 4062 dicens:

2104 4108 2129 4132 ‹‹
2165 4082 2342 4143 Juxta
2387 4092 2473 4144 est
2503 4086 2627 4144 dies
2653 4086 2889 4145 Domini
2941 4102 3220 4161 magnus;
3267 4089 3438 4163 juxta
3478 4096 3581 4163 est,
3617 4097 3674 4148 et
3714 4106 3822 4149 ve-

2102 4172 2200 4230 lox
2231 4173 2452 4246 nimis;
2500 4191 2617 4235 vox
2663 4176 2779 4234 diei
2809 4176 3043 4235 Domini
3080 4192 3296 4251 amara,
3327 4179 3700 4239 tribulabitur
3735 4180 3822 4239 ibi

2101 4263 2282 4322 fortis.
2330 4263 2464 4323 Dies
2504 4266 2627 4338 iraa,
2662 4266 2785 4325 dies
2823 4266 2944 4340 illa,
2977 4267 3100 4326 dies
3130 4268 3517 4329 tribulationis
3547 4276 3601 4331 et
3626 4287 3817 4346 angu-

2101 4352 2247 4421 stias,
2285 4352 2407 4411 dies
2453 4354 2795 4413 calamitatis
2840 4364 2896 4414 et
2939 4357 3230 4428 miseria);
3276 4359 3400 4417 dies
3446 4359 3817 4419 tenebrarum

2101 4450 2157 4499 et
2206 4444 2509 4517 caliginis;
2545 4446 2668 4504 dies
2708 4447 2938 4506 nebulae
2986 4454 3042 4506 et
3094 4448 3363 4520 turbinis,
3397 4450 3520 4509 dies
3566 4450 3722 4510 tubae
3761 4454 3819 4509 et

2101 4532 2390 4607 clangoris
2436 4539 2696 4609 (Sophon.
2739 4542 2804 4609 Ι).
2857 4561 2877 4590 »
2936 4532 3136 4607 Pénsa,
3184 4539 3575 4613 dilectissime,
3619 4549 3813 4600 extre-

2100 4638 2262 4680 mum
2318 4622 2473 4681 diem
2519 4624 2727 4697 judicii
2784 4643 2958 4701 super
3013 4629 3183 4687 corda
3240 4629 3641 4705 reprohorum,
3696 4647 3814 4705 qua

2099 4712 2399 4784 asperitate
2444 4715 2717 4787 propheta
2763 4714 2907 4774 vidit
2950 4733 3320 4792 amarescere,
3360 4735 3535 4793 quem
3586 4726 3667 4779 tot
3711 4737 3811 4795 ap-

2100 4802 2511 4875 pellationibus
2540 4821 2657 4864 non
2691 4806 2873 4865 valuit
2915 4807 3223 4882 explicare.
3268 4808 3602 4879 Enimvero,
3630 4816 3696 4869 ut
3736 4816 3821 4869 ta-

2099 4910 2335 4954 ceamus
2358 4910 2518 4954 nunc
2542 4896 2613 4954 de
2640 4896 2758 4955 illis
2790 4913 3097 4973 nunquam
3123 4897 3399 4957 ﬁniendis
3427 4898 3821 4957 damnationis

2102 4993 2336 5045 asteruzn
2381 4987 2701 5060 suppliciis,
2745 4988 3141 5049 tantummodo
3195 4989 3244 5047 si
3290 4987 3447 5047 solus
3486 4988 3585 5046 ille
3622 4988 3820 5047 ultimi

2104 5083 2287 5135 terror
2331 5085 2388 5135 et
2428 5078 2650 5148 horror,
2682 5082 2747 5136 ut
2781 5078 3025 5152 dignum
3065 5086 3169 5146 est,
3201 5079 3452 5138 studiose
3491 5078 3824 5149 discutitur,

2104 5170 2215 5225 tota
2259 5166 2465 5224 mundi
2497 5166 2676 5240 hujus
2725 5168 3041 5242 deceptrix,
3079 5173 3134 5226 et
3182 5167 3325 5226 falsa
3371 5167 3633 5238 felicitas,
3670 5182 3735 5225 ac
3771 5167 3822 5225 si

2100 5254 2285 5314 lutum
2314 5257 2473 5314 velut
2513 5258 2867 5316 infructuosa
2896 5256 3025 5330 alga
3055 5256 3266 5315 littoris
3284 5256 3596 5331 judicatur.
3629 5256 3813 5326 Quem

2100 5347 2259 5405 enim
2295 5361 2406 5405 vox
2437 5345 2537 5403 illa
2568 5362 2685 5405 non
2717 5353 2944 5420 terreat,
2974 5348 3107 5423 quis
3137 5361 3252 5405 non
3295 5346 3632 5405 medullitus
3670 5360 3813 5403 con-

2102 5435 2412 5505 tremiscat,
2437 5452 2573 5495 cum
2607 5437 2801 5497 audiat
2837 5439 3030 5512 ipsum
3067 5436 3378 5495 Dominum
3426 5435 3713 5495 dicentem
3744 5433 3811 5492 in

2102 5525 2460 5601 Evangelio:
2501 5552 2526 5576 ‹‹
2559 5527 2705 5599 Quia
2752 5528 2900 5588 sicut
2947 5527 3147 5601 fulgur
3196 5526 3318 5585 exit
3356 5524 3430 5585 ab
3480 5524 3701 5585 oriente
3754 5530 3814 5584 et

2100 5622 2335 5691 apparet
2374 5616 2439 5677 in
2466 5617 2778 5693 occidente,
2809 5620 2889 5680 ita
2937 5617 3047 5678 erit
3089 5617 3375 5678 adventus
3421 5614 3525 5674 ﬁlii
3553 5614 3813 5674 hominis
