4140 6484
262 380 367 438 301

1511 379 1735 440 LIBER
1775 372 2146 447 QUARTUS,
2194 373 2429 435 EPIST.
2476 374 2541 433 V.

3677 384 3780 444 302

259 506 486 573 (Matth.
522 502 740 572 XXIV)?
761 524 782 555 ι
816 502 981 577 Quis,
1014 505 1276 579 inquam,
1300 520 1417 565 non
1447 508 1809 579 expavescat,
1837 516 1972 560 cum
1996 500 2183 572 Apter
2212 500 2466 559 furorem
2498 502 2602 559 irae
2633 501 2866 562 Domini
2899 502 3169 578 Sabaoth,
3201 507 3264 565 in
3300 507 3394 565 die
3433 523 3547 582 qua
3578 524 3780 583 super-

256 595 462 654 eadem
522 592 745 653 Veritas
797 595 949 653 dicat
1006 616 1018 654 :
1074 617 1103 651 (ί
1132 596 1279 666 Quia
1326 596 1410 655 sol
1453 594 1878 667 obscurabitur,
1924 599 1980 652 et

257 688 403 746 luna
427 702 545 745 nou
572 685 731 743 dabit
757 684 962 743 lumen
987 702 1180 758 suum,
1205 693 1261 744 et
1280 686 1463 744 stellae
1486 686 1688 744 cadent
1718 686 1787 743 de
1811 685 1976 758 C(BiO,

260 778 624 852 virtutesque
679 776 960 835 coelorum
1017 778 1407 837 movebuntur
1476 774 1713 848 (Ibid)?
1780 798 1806 828 »
1900 776 1981 833 Dc

258 884 378 942 quo
450 868 625 926 etiam
690 866 893 925 Petrus
946 867 1027 925 ait
1081 892 1092 925 :
1153 889 1180 921 «
1241 865 1528 926 Adveniet
1591 871 1785 925 autem
1858 866 1981 925 dies

258 959 413 1016 sicut
465 958 583 1028 fur,
628 957 691 1015 in
746 972 861 1030 quo
917 957 1045 1015 coeli
1105 973 1313 1032 magno
1368 958 1588 1030 impetu
1654 956 1977 1025 transient,

258 1048 550 1105 elementa
590 1062 730 1106 vero
771 1046 958 1105 calore
1003 1046 1305 1105 solventur
1342 1051 1419 1116 (ΙΙ
1441 1050 1585 1104 Petr.
1620 1051 1738 1117 111);
1776 1068 1796 1097 »
1837 1043 1977 1105 102

257 1146 316 1197 et
356 1139 574 1197 iterum
622 1137 763 1195 dicit
800 1161 812 1193 :
851 1157 878 1190 «
931 1136 1076 1195 (ἔαξΙὶ
1122 1143 1337 1203 autem,
1368 1138 1470 1210 qui
1531 1152 1689 1195 nunc
1733 1144 1890 1205 sunt,
1923 1142 1978 1194 et

260 1234 415 1286 terra
462 1226 666 1285 eodem
710 1226 885 1286 verbo
930 1226 1163 1299 repositi
1215 1232 1371 1295 sunt,
1415 1225 1550 1300 igne
1600 1225 1870 1283 reservati
1915 1225 1978 1283 in

258 1315 417 1374 diem
431 1315 641 1389 judicii
654 1321 708 1371 et
725 1313 1391 1388 perditionisimpiorum
1409 1315 1717 1373 hominum
1739 1317 1974 1387 (Ibid.).n

258 1405 416 1463 Hinc
460 1411 517 1462 et
547 1404 728 1462 Judas
763 1404 1056 1478 apostolus
1091 1404 1170 1462 ait
1223 1429 1234 1461 :
1282 1426 1310 1485 ι(
1342 1404 1506 1475 Ecce,
1539 1405 1751 1480 inquit,
1784 1406 1982 1465 veniet

256 1495 546 1553 Dominus
572 1493 636 1552 in
678 1494 890 1553 sanctis
924 1493 1188 1552 millibus
1222 1494 1406 1552 facere
1440 1495 1735 1568 judicium
1781 1500 1979 1554 contra

257 1602 484 1655 omnes,
531 1586 879 1660 redarguere
928 1602 1132 1646 omnes
1170 1587 1381 1661 impios
1418 1588 1488 1646 de
1530 1588 1802 1647 omnibus
1842 1603 1981 1662 ope-

262 1673 428 1733 ribus
483 1674 795 1748 impietatis
851 1691 1076 1747 eorum,
1138 1676 1355 1750 quibus
1404 1676 1583 1750 impie
1632 1684 1890 1752 egerunt,
1925 1683 1981 1736 et

259 1766 333 1825 de
360 1766 637 1826 omnibus
666 1766 851 1837 duris,
881 1784 1017 1841 quae
1048 1767 1225 1826 locuti
1254 1773 1390 1825 sunt
1435 1775 1633 1827 contra
1672 1785 1807 1827 eum
1846 1786 1981 1843 pec-

2061 589 2286 648 venerit
2322 590 2485 649 furor
2530 591 2672 666 ejus.
2720 591 2833 653 Sed
2878 600 2934 653 et
2981 589 3293 656 Malachias
3324 596 3601 673 propheta
3637 613 3779 658 con-

2062 695 2203 737 sona
2254 679 2347 738 bis
2392 678 2667 755 loquitur,
2720 682 2919 742 dicens
2962 704 3036 743 :«
3082 685 3227 746 Ecce
3280 685 3442 746 venit
3491 687 3777 747 Dominus

2061 769 2446 843 omnipotens,
2483 776 2537 829 et
2576 771 2708 846 quis
2745 773 3054 833 sustinebit
3084 775 3237 834 diem
3276 777 3563 835 adventus
3601 777 3777 851 ejus?

2062 859 2182 917 Aut
2227 859 2361 934 quis
2410 861 2656 934 portabit
2707 871 3077 938 conspectum
3127 865 3270 940 ejus,
3327 865 3606 941 quoniam
3656 866 3780 940 ipse

2061 947 2422 1021 ingredietur
2449 949 2646 1024 ignem
2685 952 3094 1025 conﬂatorum,
3126 962 3183 1014 et
3223 953 3377 1014 sicut
3413 954 3636 1028 paleam
3676 971 3778 1013 ve-

2062 1035 2313 1097 tantium
2342 1038 2406 1112 [f.
2438 1039 2895 1115 ventilantium],
2926 1048 2983 1101 et
3006 1043 3227 1102 sedebit
3252 1043 3528 1113 conﬂans,
3561 1048 3619 1101 et
3646 1058 3782 1117 pur-

2059 1140 2201 1197 gans
2229 1126 2378 1185 sicut
2409 1143 2640 1200 aurum,
2671 1136 2727 1187 et
2753 1129 2902 1191 sicut
2938 1133 3287 1206 argentum?
3322 1134 3582 1207 (Malach.
3617 1130 3720 1204 III.)
3748 1154 3773 1183 υ

2061 1215 2130 1271 Et
2154 1213 2363 1272 iterum
2395 1216 2574 1274 dicit:
2618 1240 2640 1268 α
2692 1218 2836 1278 Ecce
2879 1221 3004 1279 dies
3048 1222 3282 1281 Domini
3334 1222 3524 1281 veniet
3569 1223 3777 1283 ardens

2060 1308 2127 1361 ut
2161 1302 2425 1363 clibanus
2469 1310 2533 1364 ut
2577 1314 2707 1365 urat
2746 1308 2808 1382 [Γ.
2845 1315 2899 1366 et
2932 1310 3077 1383 uret]
3122 1326 3240 1382 eos,
3272 1316 3327 1369 et
3369 1315 3542 1370 erunt
3578 1326 3779 1370 omnes

2058 1392 2280 1463 alieni,
2340 1400 2397 1452 et
2444 1409 2647 1454 omnes
2695 1398 2798 1470 qui
2850 1399 3071 1457 faciunt
3122 1400 3497 1476 iniquitatem
3551 1409 3617 1462 ut
3672 1402 3776 1460 sti-

2064 1481 2264 1554 pulam
2315 1482 2584 1542 incendet
2655 1501 2752 1544 eos
2815 1486 2939 1545 dies
3006 1487 3150 1560 illa,
3207 1505 3322 1564 qua
3391 1493 3630 1563 veniet,
3685 1490 3775 1548 di-

2064 1570 2139 1628 cit
2190 1570 2477 1631 Dominus
2532 1575 2899 1649 omnipotens
2928 1623 2942 1646 ,
2998 1592 3115 1637 non
3170 1578 3534 1654 relinquetur
3561 1579 3774 1662 .radix,

2062 1677 2251 1736 neque
2307 1662 2528 1737 palmes
2577 1667 2836 1737 (Malach.
2868 1669 2971 1741 Iv).
3005 1692 3032 1717 ιο
3090 1668 3259 1727 Alius
3308 1685 3447 1729 vero
3494 1670 3587 1730 vir
3639 1668 3780 1726 103

2061 1753 2481 1813 desideriorum
2504 1754 2582 1814 ita
2618 1755 2758 1815 dicit
2794 1775 2806 1815 :
2850 1776 2877 1809 ‹‹
2919 1756 2988 1815 Et
3011 1773 3142 1817 ecce
3174 1758 3463 1830 videbam,
3497 1766 3553 1819 et
3585 1760 3778 1819 throni

259 1859 481 1912 catores
527 1853 694 1928 impii
735 1854 1101 1928 (Jud.1).»0
1145 1854 1192 1912 si
1229 1854 1291 1911 in
1337 1854 1524 1929 palato
1571 1855 1758 1913 cordis
1800 1855 2036 1927 nostriB
2062 1843 2233 1918 Ροεὶῑί
2302 1849 2441 1902 sunt
2468 1892 2484 1917 1
2573 1852 2630 1903 εἰ
2705 1846 3003 1922 Antiquus
3080 1847 3307 1906 dierum
3382 1847 3652 1921 SBdebat,
3727 1856 3783 1908 ει

261 1959 461 2018 sapere
506 1944 685 2017 possit
734 1949 965 2018 quantae
1022 1942 1427 2001 amaritudinis
1481 1950 1600 2015 est,
1668 1943 1822 2018 quod
1881 1960 1980 2017 per
2061 1933 2477 1993 indumentum
2528 1935 2654 2008 eius
2704 1934 2853 1993 Sicut
2905 1936 3012 1994 ΠῘΧ
3064 1936 3374 1997 Candidum
3406 1985 3420 2008 »
3470 1943 3527 1996 εἴ
3587 1936 3783 2011 capilli

264 2033 550 2091 Joannem
599 2032 811 2090 dicitur
866 2056 878 2089 :
939 2052 965 2085 «
1026 2032 1168 2090 Ecce
1216 2033 1376 2091 venit
1427 2048 1560 2091 cum
1616 2031 1891 2103 nubibus,
1926 2039 1982 2090 et
2061 2023 2263 2097 capitis
2306 2024 2435 2098 ejus
2482 2024 2633 2083 sicut
2683 2024 2815 2083 lana
2861 2027 3082 2085 munda
3132 2028 3289 2099 (Dan.
3354 2029 3479 2102 VII).
3528 2049 3556 2081 »
3602 2027 3784 2087 Thro-

267 2124 488 2182 videbit
549 2140 685 2182 eum
737 2123 929 2181 omnis
981 2124 1222 2193 oculus,
1276 2132 1331 2180 ei
1388 2122 1487 2198 qui
1541 2138 1675 2180 eum
1719 2138 1980 2197 pupuge-
2063 2129 2177 2171 nus
2249 2114 2375 2187 ejus
2444 2113 2601 2186 ignis
2677 2129 2951 2183 exurens,
3014 2115 3233 2176 ﬂuvius
3301 2117 3456 2190 ignis
3515 2119 3784 2178 currebat

269 2220 426 2282 runt,
481 2219 536 2270 et
616 2211 888 2286 plangent
963 2228 1023 2269 se
1095 2227 1269 2284 super
1322 2227 1524 2269 omnes
1581 2210 1766 2269 (ribus
1815 2218 1982 2269 terra;
2063 2207 2195 2260 ante
2261 2202 2489 2276 ipsum,
2539 2202 2829 2277 judicium
2889 2206 3222 2280 constituit,
3276 2212 3330 2264 et
3398 2206 3534 2266 libri
3601 2209 3783 2282 aperti

268 2304 463 2375 (Apoc.
489 2306 551 2371 1).
588 2323 608 2351 ιι
644 2300 808 2360 Tunc
830 2300 1221 2360 dissolventur
1248 2316 1416 2359 renes
1444 2317 1645 2359 eorum
1675 2301 1985 2360 formidine
2064 2297 2217 2349 Sllnt-
2274 2291 2344 2350 Et
2395 2292 2570 2365 paulo
2616 2298 2744 2368 post
2802 2314 2815 2352 :
2878 2318 2901 2345 ι
2955 2294 3025 2353 Et
3080 2295 3224 2365 Vidi,
3273 2296 3486 2371 inquit,
3535 2298 3599 2355 in
3650 2297 3784 2357 visu

268 2390 370 2464 qui
428 2391 598 2449 modo
656 2406 770 2449 non
834 2390 1075 2460 timent;
1138 2397 1277 2449 tunc
1338 2390 1715 2464 replebuntur
1765 2391 1985 2450 viscera
2063 2381 2266 2452 noctis,
2290 2387 2492 2439 etecce
2515 2383 2577 2440 in
2598 2383 2858 2442 nubibus
2880 2385 3196 2444 caeliﬁlius
3216 2387 3783 2460 hominisveniebat,

266 2495 471 2537 eorum
513 2476 899 2537 amaritudine
941 2478 1042 2551 qui
1089 2478 1259 2537 modo
1307 2479 1369 2536 in
1412 2478 1661 2538 carnalis
1699 2480 1984 2539 illecebrae
2065 2474 2122 2527 εἴ
2174 2484 2359 2543 usque
2431 2471 2503 2529 ad
2580 2470 2888 2532 Vetusmm
2956 2474 3184 2534 dierum
3264 2476 3550 2550 Pervenit.
3590 2482 3651 2551 et.
3723 2476 3785 2535 in

270 2567 664 2642 voluptatibus
697 2567 952 2625 molliter
985 2568 1197 2642 jacent.
1241 2567 1409 2626 Tunc
1446 2569 1604 2626 enim
1634 2569 1986 2643 sanguineas
2066 2564 2377 2632 00981190tu
2428 2561 2554 2635 eius
2601 2561 2826 2621 Oblatus
2870 2570 2973 2637 θεῖ,
3015 2570 3069 2622 et
3116 2560 3227 2638 ipsi
3281 2565 3449 2624 datus
3491 2570 3578 2625 θεῖ
3621 2564 3783 2639 Drin“

268 2657 557 2729 lacrymas
598 2655 970 2714 .eﬂ‘undentes
1028 2656 1310 2730 incipient
1363 2656 1554 2714 dicere
1620 2657 1916 2716 montibus
1970 2678 1983 2716 :
2068 2650 2313 2724 cipatns,
2370 2658 2424 2709 et
2484 2653 2691 2724 honor,
2744 2660 2800 2711 et
2853 2670 3140 2726 regnum;
3197 2660 3253 2714 et
3300 2672 3503 2715 omnes
3558 2655 3786 2730 populi,

273 2769 300 2794 α
332 2744 527 2803 Cadite
577 2761 750 2816 super
802 2761 948 2814 nos;
982 2770 1005 2798 ι)
1063 2752 1117 2802 et
1166 2744 1468 2804 collibus:
1533 2771 1560 2795 α
1609 2744 1835 2819 Operite
1884 2763 1988 2806 nos
2070 2741 2256 2800 tribus
2309 2747 2364 2798 et
2419 2740 2637 2815 linguae
2695 2742 2808 2816 ipsi
2871 2743 3166 2816 servient;
3221 2748 3278 2802 et
3348 2749 3594 2819 potestas
3661 2746 3787 2817 ejus

271 2835 463 2906 (Apoc.
501 2845 561 2892 VI
585 2853 601 2903 ;
640 2837 770 2891 Luc.
805 2836 996 2903 XXIII).
1034 2857 1055 2887 ι)
2068 2837 2317 2904 potestas
2368 2835 2583 2889 aeterna
2620 2875 2635 2903 ,
2695 2847 2831 2906 quae
2881 2848 3000 2890 non
3057 2832 3369 2905 transibit,
3430 2838 3485 2892 et
3536 2848 3784 2908 regnum

341 2924 510 2984 Tunc
554 2924 711 2982 enim
745 2940 864 2983 non
910 2930 995 2981 est
1044 2938 1338 2996 quoquam
1370 2924 1702 2996 confugere,
1738 2940 1853 2983 non
1906 2932 1990 2984 est
2071 2921 2196 2995 ejus
2259 2937 2378 2979 non
2441 2929 2864 2996 corrumpetur.
2920 2922 3220 2982 Inborruit
3293 2923 3535 2998 spiritus
3598 2939 3785 2983 meus.

272 3013 581 3074 latibulum
632 3014 734 3073 ubi
779 3030 838 3072 se
870 3014 1185 3088 quisquam
1229 3014 1416 3071 valeat
1462 3016 1765 3072 occultare.
1800 3015 1987 3073 Nimi-
2072 3010 2192 3086 Ego
2251 3011 2477 3083 Daniel,
2519 3012 2808 3071 hebetudo
2847 3030 2977 3072 mea
3020 3018 3074 3072 et
3127 3013 3381 3074 visiones
3420 3014 3623 3088 capitis
3673 3014 3790 3074 mei

271 3120 400 3163 rum
436 3120 575 3161 cum
614 3108 670 3161 et
703 3103 922 3162 inferni
955 3111 1134 3178 porta;
1170 3105 1526 3178 panduntur,
1566 3122 1721 3164 mors
1751 3106 1990 3165 inimica
2072 3101 2494 3159 conturbabant
2523 3117 2616 3159 me
2654 3102 2854 3173 (Ibid.).
2896 3126 2917 3154 ιι

271 3193 593 3251 destruitur
616 3238 630 3263 ,
685 3192 878 3265 pulvis
935 3193 1037 3267 qui
1090 3200 1423 3266 putruerat,
1481 3194 1540 3252 id
1592 3199 1679 3252 est
1730 3194 1990 3253 humana
2011 3234 2054 3267 η
2146 3189 2292 3248 Cum
2324 3206 2457 3263 ergo
2486 3192 2613 3249 haec
2639 3190 2732 3265 agi
2757 3193 3058 3267 cmperint,
3088 3193 3418 3267 pandentur
3456 3193 3583 3253 sine
3613 3192 3790 3253 dubio

270 3297 423 3353 caro,
454 3282 700 3340 audiens
744 3298 942 3341 vocem
989 3283 1143 3341 tubae
1194 3283 1541 3342 viviﬁcatur.
1572 3284 1701 3343 Jam
1744 3301 1890 3360 quos
1927 3281 2205 3343 in“coeli
2255 3289 2455 3356 portae,
2513 3283 2633 3340 imo
2680 3284 2870 3357 potius
2924 3285 3119 3357 ipsum
3163 3285 3378 3357 cretum
3420 3286 3714 3345 auferetur
3760 3304 3792 3347 e

269 3373 491 3447 gremio
545 3390 651 3432 suo
699 3382 845 3430 terra
889 3379 1234 3446 susceperat,
1279 3389 1426 3447 quos
1473 3390 1623 3449 aqua
1667 3375 1987 3446 sorbuerat,
2072 3370 2263 3430 medio
2325 3378 2598 3446 tanquam
2650 3372 2699 3429 si
2755 3372 3111 3433 tabernaculi
3167 3374 3461 3433 velamina
3513 3375 3789 3450 colligan-

270 3477 416 3537 quos
445 3462 595 3520 edax
628 3463 858 3521 ﬂamma
899 3469 1355 3537 consumpserat,
1393 3479 1593 3521 omnes
1633 3463 1801 3536 quasi
1833 3480 1991 3522 com-
2073 3466 2188 3531 tur,
2253 3461 2472 3519 scilicet
2547 3468 2611 3520 ut
2692 3471 3008 3536 reparetur,
3068 3470 3125 3521 et
3208 3466 3648 3525 transformetnr
3728 3466 3790 3525 in

272 3553 521 3612 missum
563 3553 673 3611 sibi
707 3553 1031 3626 depositum
1062 3554 1330 3625 reddunt,
1358 3561 1413 3611 et
1446 3554 1583 3611 vitze
1620 3554 1837 3628 absque
1872 3554 1993 3612 ulla
2074 3551 2306 3611 melius.
2373 3551 2540 3610 Tunc
2589 3568 2723 3625 ergo
2778 3553 2975 3611 omnia
3037 3558 3225 3613 metus
3284 3556 3519 3615 habebit
3590 3558 3793 3615 timor-

270 3643 365 3701 sui
395 3641 784 3700 diminutione
811 3642 1147 3702 restituunt.
1181 3642 1348 3702 Tunc
1376 3644 1534 3701 enim
1564 3650 1710 3701 terra
1737 3643 1993 3702 concuti-
2074 3656 2208 3715 que,
2261 3656 2326 3698 ac
2379 3646 2593 3699 tremor
2648 3640 2911 3714 implebit
2968 3642 3263 3711 universa,
3321 3645 3604 3704 nimirum
3657 3661 3793 3705 cum

273 3738 389 3799 tur,
412 3746 514 3789 aer
540 3731 842 3805 repentina
874 3737 1204 3806 tempestate
1241 3732 1523 3801 turbatur,
1570 3732 1822 3790 tonitrua
1860 3749 1992 3804 per-
2075 3730 2175 3789 ille
2221 3729 2441 3805 judicet
2494 3728 2595 3804 qui
2648 3736 2787 3788 teste
2851 3747 2969 3789 non
3041 3739 3223 3804 egeat,
3279 3734 3380 3807 qui
3451 3743 3795 3808 argumenta

272 3824 556 3893 strepunt,
609 3820 1033 3879 coruscationes
1085 3826 1141 3877 et
1194 3819 1423 3894 fulgura
1466 3819 1723 3878 humana
1768 3827 1997 3894 pectora
2078 3832 2197 3874 non
2251 3822 2500 3891 quaerat,
2561 3817 2667 3890 qui
2730 3820 3014 3875 oratorem
3077 3835 3268 3878 causa)
3327 3835 3445 3879 non
3520 3822 3791 3895 postulet.

278 3918 492 3968 terrore
539 3909 926 3968 confundunt.
961 3933 982 3962 ι
1015 3909 1170 3968 Deus
1222 3910 1379 3968 enim
1428 3910 1733 3968 manifeste
1779 3909 1991 3981 veniet,
2082 3905 2214 3977 Sed,
2268 3906 2360 3963 his
2389 3905 2662 3965 omnibus
2715 3906 2917 3980 procul
2974 3908 3203 3981 amotis,
3256 3909 3379 3983 ipse
3435 3916 3492 3968 et
3531 3916 3691 3985 gesta
3741 3900 3796 3971 ét

276 3997 432 4057 Deus
461 4004 676 4068 noster,
707 4004 902 4057 etnon
931 3997 1144 4057 silebit.
1168 3996 1409 4071 Ignisin
1435 3997 1882 4072 conspectuejus
1901 4013 1997 4055 ar-
2079 3996 2256 4054 verba
2305 4001 2362 4054 et
2410 3995 2784 4069 cogitationes
2841 3997 3136 4072 dijudicat,
3193 4004 3365 4074 atque
3420 4001 3483 4059 in
3538 4002 3795 4061 medium

278 4086 455 4158 debit,
483 4092 539 4145 et
566 4086 629 4144 in
663 4087 909 4147 circuitu
935 4088 1058 4161 ejus
1090 4093 1394 4162 tempestas
1426 4086 1635 4147 valida.
1677 4087 1997 4147 Advocavit
2077 4085 2334 4157 collocat,
2387 4093 2442 4144 et
2511 4092 2715 4146 cuncta
2788 4087 2951 4147 velut
3023 4089 3086 4147 in
3163 4090 3373 4150 tabulis
3447 4092 3798 4165 quibusdam

278 4175 494 4235 ccelum
542 4175 853 4235 desursum
903 4182 959 4236 et
1003 4183 1233 4249 terram,
1276 4182 1339 4236 ut
1391 4176 1679 4235 discernat
1713 4177 1995 4252 populum
2077 4176 2331 4250 depicta,
2381 4177 2564 4236 oculis
2614 4193 2815 4236 eorum
2871 4178 2976 4253 qui
3024 4180 3444 4240 commiserunt
3503 4198 3572 4241 ea
3626 4188 3799 4257 atque
3874 4232 3887 4239 η

280 4284 477 4327 meum
502 4271 673 4338 (Psal.
697 4274 865 4339 XLII).
899 4291 920 4322 ι
952 4267 1015 4325 In
1050 4267 1142 4326 die
1169 4267 1385 4327 scilicet
1410 4267 1510 4326 illa
1542 4267 1838 4326 tremenda
1859 4282 1993 4326 cum
2076 4265 2354 4325 omnibus
2403 4266 2507 4342 qui
2547 4268 2813 4325 assistere
2851 4266 3125 4328 videntur
3171 4271 3449 4329 ostendet.
3498 4271 3798 4343 Quomodo

277 4355 523 4431 Angelis
549 4364 603 4415 et
631 4355 1032 4431 Arcbangelis,
1061 4373 1194 4416 cum
1215 4356 1466 4416 Thronis
1496 4363 1550 4415 et
1580 4355 1997 4415 Dominationi-
2076 4371 2212 4430 ergo
2274 4361 2411 4413 tunc
2483 4356 2987 4427 commovebitur,
3042 4363 3097 4417 et
3147 4359 3209 4417 in
3264 4368 3424 4419 metu
3488 4360 3597 4420 erit
3663 4362 3800 4421 uni-

277 4445 408 4516 bus,
465 4461 599 4504 cum
658 4446 1087 4520 Principatibus
1136 4454 1191 4506 et
1248 4447 1633 4506 Potestatibus
1679 4445 1994 4519 apparebit,
2080 4463 2244 4506 versa
2298 4445 2615 4505 creatura?
2668 4449 2790 4521 Age
2853 4464 2988 4521 ergo
3039 4463 3174 4506 cum
3248 4450 3320 4507 ad
3370 4450 3516 4510 illud
3593 4452 3799 4525 singu-

277 4535 443 4594 cmlis
478 4537 938 4610 coruscantibus,
976 4538 1141 4598 terris
1174 4538 1527 4607 ardentibus,
1563 4537 1786 4597 cunctis
1822 4538 2200 4614 etiam_lare
2250 4536 2542 4610 judicium
2592 4535 2928 4596 venerimus
2990 4537 3063 4597 ab
3109 4554 3176 4597 eo
3224 4538 3430 4598 Judice
3471 4538 3795 4614 judicandi,

276 4627 582 4685 elementis
624 4629 688 4685 in
738 4630 829 4687 sui
882 4627 1149 4703 obsequii
1196 4635 1407 4688 terrore
1449 4627 1770 4687 commotis.
1814 4603 2183 4701 Quemeui
2227 4643 2333 4685 nec
2382 4626 2505 4683 falli
2558 4626 2940 4686 occultatione
2973 4627 3288 4685 criminum
3332 4603 3536 4702 potest,
3567 4645 3673 4688 nec
3724 4628 3796 4688 ad

273 4715 435 4774 diem
484 4716 629 4774 bene
676 4716 774 4775 ille
815 4718 1071 4777 eximius
1108 4719 1513 4794 pmplietarum
1547 4717 1724 4776 Isaias
1766 4717 1997 4775 denun-
2080 4715 2487 4792 impunitatem
2545 4718 2987 4791 promerendam
3038 4719 3285 4794 alicujus
3332 4719 3624 4778 oblatione
3656 4736 3796 4799 .cor-

280 4806 401 4874 tiat,
434 4804 674 4864 dicens:
714 4828 741 4861 «
778 4808 919 4866 Ecce
959 4808 1082 4866 dies
1113 4808 1348 4866 Domini
1390 4807 1583 4865 veniet
1621 4805 1995 4878 insanabilis;
2082 4807 2295 4879 rumpi.
2355 4804 2501 4864 Cum
2557 4807 2836 4880 coeperint
2883 4808 3082 4865 omnia
3135 4813 3350 4866 secreta
3400 4807 3679 4881 revelari,
3741 4814 3798 4867 et

274 4894 399 4952 dies
441 4895 656 4954 furoris
687 4903 742 4955 et
779 4897 901 4969 iraa,
934 4904 999 4956 ut
1036 4905 1209 4971 ponat
1241 4896 1439 4956 orbem
1480 4903 1643 4953 terrze
1681 4894 1993 4966 desertum,
2081 4910 2197 4952 non
2234 4893 2425 4952 solum
2461 4900 2620 4953 actus
2649 4912 2715 4954 ac
2754 4895 2945 4965 verba,
2979 4895 3074 4953 sed
3120 4896 3294 4953 etiam
3326 4896 3470 4969 ipsze
3497 4896 3795 4971 cogitatio-

278 4989 335 5040 et
374 4991 693 5056 peccatores
739 4985 933 5058 perdat
967 5002 1042 5044 ex
1078 5002 1143 5044 eo
1177 4988 1302 5058 (13a.
1337 4997 1482 5043 XIII}.
1521 5006 1541 5034 υ
1592 4982 1786 5041 Stellae
1837 4982 1997 5040 enim
2079 4998 2183 5039 nes
2233 4981 2480 5054 ostendi,
2511 4982 2651 5055 quid
2700 4983 2977 5041 faciemus
3016 4982 3126 5040 sub
3171 4984 3313 5042 tanti
3354 4983 3578 5043 Judicis
3616 4988 3796 5059 maje-

279 5072 411 5130 cwli
442 5071 643 5131 lumen
673 5088 846 5132 suum
876 5089 991 5133 non
1028 5074 1268 5146 dabunt,
1301 5080 1353 5131 et
1384 5072 1787 5131 obscurabitur
1816 5071 1898 5130 sol
1932 5071 1995 5128 in
2079 5075 2265 5132 state?
2301 5074 2452 5144 Quid
2508 5074 2898 5134 excusationis
2936 5076 3234 5135 ostendere
3275 5077 3624 5150 poterimus?
3671 5076 3795 5147 Qua

278 5168 401 5218 orto
430 5176 555 5231 suo,
589 5162 726 5220 luna
756 5178 892 5221 vero
922 5179 1037 5221 non
1083 5163 1239 5221 dabit
1274 5162 1473 5221 lumen
1503 5178 1699 5233 suum,
1737 5165 1792 5218 et
1829 5176 1995 5217 man-
2084 5178 2187 5220 nos
2214 5162 2569 5221 defensionis
2594 5168 2713 5221 arte
2740 5161 3118 5236 purgabimus
3137 5173 3161 5222 ?
3189 5165 3330 5236 Quae
3360 5165 3524 5224 nobis
3550 5166 3799 5224 subven-

278 5251 426 5309 dabo
475 5252 752 5311 universo
800 5253 926 5311 orbi
967 5252 1141 5326 mala,
1190 5260 1243 5311 et
1288 5252 1483 5326 impiis
1524 5258 1908 5324 peccatorum,
1945 5255 2001 5307 et
2082 5258 2211 5310 tura
2250 5259 2333 5309 est
2384 5250 2744 5325 pmnitentia,
2776 5266 2950 5325 quam
2996 5252 3056 5310 in
3097 5252 3204 5313 hac
3243 5270 3413 5313 carne
3449 5257 3799 5330 contempsi-

280 5341 510 5415 perdam
546 5344 969 5402 contumeliam
1000 5344 1360 5418 iniquorum,
1391 5351 1444 5400 et
1477 5341 1862 5415 arrogantiam
1896 5357 2000 5400 su-
2084 5348 2261 5401 mus?
2297 5340 2437 5411 Quae
2473 5357 2578 5399 nos
2612 5341 2920 5401 defensura
2959 5349 3096 5402 sunt
3132 5360 3301 5419 Opera
3341 5343 3520 5417 bona,
3562 5361 3699 5420 quae
3735 5347 3799 5406 in

277 5433 588 5505 perborum
621 5431 963 5505 humiliabo,
997 5439 1053 5490 ct
1075 5439 1247 5491 erunt
1272 5430 1374 5505 qui
1413 5430 1594 5489 relicti
1629 5431 1840 5489 fuerint
1868 5444 2001 5504 pre-
2091 5430 2198 5488 hac
2224 5430 2343 5490 vita
2376 5446 2496 5489 non
2534 5431 2834 5491 fecimus?
2869 5433 2957 5491 Ad
2997 5449 3140 5509 quos
3173 5433 3475 5508 apostolos,
3517 5441 3617 5495 aut
3654 5453 3800 5511 quos

281 5522 411 5580 tiosi
440 5521 627 5596 magis
666 5538 845 5598 quam
878 5538 1087 5580 aurum
1117 5521 1190 5581 ab
1228 5521 1362 5595 igne
1391 5527 1721 5595 purgatum,
1753 5528 1808 5580 et
1833 5522 2007 5580 homo
2088 5522 2234 5581 alios
2282 5530 2507 5581 sanctos
2553 5522 2906 5597 confugituri
2952 5538 3178 5596 sumus,
3218 5540 3471 5598 quorum
3508 5527 3795 5602 exempla,

276 5611 584 5685 pretiosior
666 5626 846 5687 quam
927 5613 1074 5687 lapis
1172 5612 1501 5687 sapphirus.
1560 5612 1785 5671 Caelum
1848 5612 2007 5672 enim
2089 5611 2272 5673 simul
2301 5628 2368 5672 ac
2396 5614 2569 5674 verba
2597 5614 3019 5690 despeximus?
3051 5616 3143 5676 An
3171 5616 3317 5675 forte
3352 5617 3549 5693 aliqua
3584 5635 3646 5679 se
3680 5619 3797 5680 fra-

277 5704 591 5777 quatietur,
626 5710 683 5762 et
712 5711 860 5762 terra
888 5702 1217 5763 movebitur
1241 5719 1276 5761 a
1308 5701 1699 5763 fundamentis
1724 5703 1848 5763 suis
1873 5718 2005 5778 pro-
2096 5702 2290 5777 gilitas
2352 5704 2604 5778 corporis
2656 5703 2989 5777 excusabit,
3038 5706 3138 5765 sed
3185 5708 3545 5769 excusationi
3597 5724 3799 5770 eorum
