4140 6468
324 316 426 376 303
852 315 911 374 S.
962 313 1185 375 PETRI
1223 311 1546 373 DAMIANI
1586 311 1745 371 OPP.
1789 308 1981 369 PARS
2023 306 2163 368 SEU
2202 304 2451 367 TOMUS
2490 306 2538 365 Ι.
2590 340 2643 349 --
2701 305 2940 366 EPIST.
2983 302 3125 363 LIB.
3167 301 3324 361 VIII.
3737 302 3842 362 304

326 441 732 502 reclamabunt
774 441 1040 499 omnium
1081 439 1348 513 exempla
1397 445 1750 507 sanctorum,
1781 437 1883 511 qui
1928 436 2105 500 fra-A
2130 434 2443 507 aspiceret;
2478 431 2830 506 despexistis
2854 446 3026 489 omne
3055 428 3367 489 consilium
3407 442 3625 497 meum,
3658 434 3712 486 et
3749 428 3845 486 in-

322 532 607 607 gilitatem
658 530 851 591 carnis
901 531 961 589 in
1001 546 1172 589 carne
1219 529 1534 596 vincentes,
1579 525 1733 600 quod
1786 525 2047 583 fecerunt
2128 523 2484 598 crepationes
2515 536 2675 580 meas
2706 520 3067 596 neglexistis.
3099 519 3219 591 Ego
3251 532 3484 593 quoque
3515 516 3573 574 in
3605 516 3844 577 interitu

324 623 529 696 utique
560 622 744 679 facere
788 636 893 678 nos
928 635 1092 693 posse
1120 619 1456 679 docuerunt.
1489 615 1743 674 Maxime
1770 612 1907 688 quia
1939 628 2045 672 nec
2126 620 2316 673 vestro
2372 613 2608 687 ridebo,
2663 620 2720 671 et
2775 610 3146 671 subsannabo
3203 626 3327 681 vos,
3379 626 3512 669 cum
3564 609 3730 668 vobis
3780 610 3837 668 id

316 711 429 785 ipsi
482 716 709 784 peccato
754 724 858 767 sua
894 707 1144 779 virtute,
1182 709 1280 765 sed
1319 706 1422 764 Dei
1452 706 1781 763 miserantis
1815 702 2040 761 auxilio
2122 702 2276 777 quod
2324 701 2637 776 timebatis,
2695 700 3014 770 advenerit,
3067 716 3203 760 cum
3260 698 3497 757 irruerit
3542 698 3841 772 repentina

320 799 670 870 restiterunt,
707 798 809 873 qui
849 813 910 856 se
945 804 999 855 et
1041 812 1157 856 non
1197 794 1597 869 quaerentibus
1637 798 1702 852 ut
1742 798 2037 866 quaeratur
2119 790 2453 862 calamitas,
2505 795 2563 848 et
2625 790 2894 849 interitus
2946 790 3109 863 quasi
3169 794 3476 862 tempestas
3531 788 3836 862 ingruerit.

316 891 489 963 atque
522 893 586 945 ut
636 887 697 944 in
744 901 879 945 eum
930 887 1199 967 credatur
1230 881 1498 953 ostendit,
1529 882 1823 940 credentes
1865 881 1927 938 in
1975 895 2035 937 se
2118 878 2358 948 Quando
2421 879 2643 937 venerit
2720 895 2891 953 super
2959 894 3062 937 vos
3137 876 3455 948 tribulatio,
3507 880 3563 934 et
3632 892 3825 950 angu-

315 992 389 1035 ne
424 993 457 1034 a
493 984 723 1051 peccato
762 966 1073 1033 vincantur
1111 973 1326 1031 invicta
1366 973 1713 1046 protectione
1757 969 2029 1029 defendit.
2117 968 2289 1039 stitia,
2315 975 2452 1027 tunc
2488 969 2841 1027 invocabant
2891 984 3004 1040 me,
3034 975 3088 1025 et
3125 984 3243 1026 non
3283 967 3614 1025 exaudiam.
3656 966 3826 1025 Mane

315 1065 465 1136 Quid
493 1082 630 1140 ergo
667 1063 997 1138 responsuri
1039 1069 1197 1134 sunt,
1232 1062 1280 1119 si
1314 1062 1397 1119 eis
1435 1060 1718 1119 Dominus
1749 1060 1935 1118 dicat:
1972 1057 2034 1118 Si
2116 1060 2463 1131 cdnsurgent
2493 1063 2550 1116 et
2577 1072 2691 1115 non
2731 1055 3031 1115 invenient
3070 1072 3160 1114 me
3197 1058 3374 1126 (Prov.
3407 1068 3424 1112 ι
3455 1060 3497 1123 ).
3537 1078 3559 1106 ι
3601 1054 3667 1112 In
3710 1071 3827 1131 quo

313 1156 580 1229 potuistis
614 1201 627 1227 ,
675 1170 854 1227 quare
910 1169 1027 1211 non
1079 1151 1369 1210 restitistis
1418 1150 1718 1209 desideriis
1772 1156 2031 1222 peccato-
2114 1162 2250 1220 ergo
2278 1146 2674 1205 confidemus?
2696 1144 2806 1202 Ubi
2834 1161 2993 1219 spem
3025 1144 3412 1219 adipiscendae
3434 1143 3636 1202 salutis
3657 1144 3827 1203 habe-

314 1259 441 1303 rum
468 1243 497 1301 ?
550 1241 611 1301 Si
664 1256 777 1299 non
836 1237 1121 1313 potuistis,
1168 1253 1350 1310 quare
1407 1253 1603 1295 meum
1656 1243 1853 1296 contra
1899 1252 2030 1309 pec-
2114 1237 2310 1295 bimus
2336 1237 2364 1295 ?
2402 1235 2680 1309 Nunquid
2722 1236 2781 1293 in
2820 1234 3199 1309 pecuniarum
3240 1234 3541 1304 thesauris,
3577 1248 3721 1307 quos
3758 1234 3818 1292 in

312 1338 504 1391 catum
577 1346 695 1389 non
772 1327 1065 1403 quaesistis
1134 1325 1480 1386 auxilium?
1529 1327 1646 1384 Aut
1719 1324 2028 1395 vulnerati,
2111 1344 2243 1387 arca
2270 1325 2999 1400 recondimus?Nunquid
3026 1326 3086 1383 in
3118 1326 3457 1385 divitiarum
3497 1326 3819 1397 afﬂuentia,

311 1437 490 1495 quare
546 1418 887 1494 pcenitendo
936 1433 1053 1475 non
1119 1416 1468 1474 adhibuistis
1538 1414 1771 1474 vulneri
1841 1420 2029 1472 vestro
2113 1433 2257 1490 quas
2310 1416 2661 1475 intrinsecus
2709 1415 2880 1474 vacui
2925 1414 3076 1473 male
3112 1416 3369 1474 exterius
3414 1414 3827 1489 possidemus?

309 1508 691 1569 remedium?
744 1507 1043 1581 Numquid
1099 1524 1218 1566 non
1272 1506 1345 1564 ad
1399 1507 1524 1564 haec
1580 1501 2030 1564 obmutescent?
2113 1506 2225 1567 Sed
2265 1505 2404 1565 audi
2441 1505 2765 1580 apostolum
2798 1505 3096 1577 Jacobum,
3129 1507 3331 1579 quanti
3368 1504 3601 1564 divitias
3640 1506 3826 1565 homi-

310 1599 457 1669 Quid
540 1606 733 1657 autem
815 1596 1178 1656 excusationi
1251 1594 1652 1670 respondeant,
1740 1609 1856 1652 non
1924 1593 2029 1650 ha-
2112 1611 2257 1655 num
2316 1596 2506 1666 faciat,
2545 1594 2700 1669 quod
2759 1594 3035 1654 meritum
3084 1595 3147 1651 in
3195 1600 3441 1652 terrenae
3485 1594 3825 1654 substantiae

310 1687 586 1747 bentibns
641 1686 779 1744 dicit
837 1706 849 1744 :
917 1710 936 1736 α
995 1684 1214 1759 Ligatis
1271 1683 1544 1742 manibus
1612 1689 1668 1740 et
1739 1680 2026 1756 pedibus,
2111 1683 2471 1759 possessione
2508 1685 2867 1743 constituat:
2918 1707 2943 1733 ‹‹
2982 1682 3170 1755 Agite,
3207 1683 3422 1756 inquit,
3468 1682 3820 1753 nunc,divi-

310 1777 521 1836 mittite
570 1792 666 1834 eos
712 1777 776 1833 in
834 1775 1094 1834 tenebras
1152 1773 1464 1864 exteriores
1494 1771 1661 1864 tibi
1704 1772 1812 1829 erit
1851 1771 2095 1864 -ﬂetusB

309 1872 364 1924 et
414 1866 625 1925 stridor
685 1864 952 1923 dentium
1014 1867 1230 1938 (Matth.
1293 1863 1464 1937 XXII).
1527 1860 1895 1921 Ubi‘vermis
1939 1877 2029 1919 eo-

308 1972 440 2016 rum
494 1971 611 2015 non
661 1956 964 2025 morietur,
1014 1960 1071 2012 et
1123 1954 1278 2027 ignis
1340 1968 1541 2011 eorum
1622 1967 1739 2010 non
1802 1951 2025 2017 exstin-

308 2052 519 2120 guetur
593 2050 723 2115 (Isa.
787 2051 974 2116 LXVI).
1030 2065 1058 2097 n
1145 2043 1513 2101 Pensandum
1594 2057 1728 2117 ergo
1815 2049 1899 2099 est
1972 2045 2029 2099 et

309 2152 540 2194 summo
587 2134 777 2193 studio
831 2132 975 2189 104
1028 2134 1446 2193 revolvendum
1499 2132 1631 2206 quis
1677 2132 1736 2190 in
1790 2131 1892 2190 illo
1933 2131 2026 2190 die

309 2230 494 2282 terror
531 2224 662 2293 erit,
697 2239 830 2281 cum
868 2223 928 2280 in
980 2238 1148 2295 pcena
1188 2223 1310 2297 jam
1360 2223 1683 2280 remedium
1729 2237 1848 2279 non
1889 2220 2024 2291 erit;

311 2330 445 2388 quas
465 2313 589 2372 illic
619 2313 880 2371 confusio
906 2314 999 2371 cui
1029 2319 1191 2371 reatu
1218 2328 1322 2371 suo
1348 2312 1614 2385 exigente
1640 2310 1930 2383 continget
1964 2309 2026 2367 in

308 2409 603 2462 conventu
655 2402 921 2462 omnium
959 2401 1268 2461 hominum
1310 2401 1769 2475 angelorumque
1827 2399 2028 2457 erube-

308 2512 497 2567 scere;
533 2495 667 2571 quis
710 2510 885 2567 pavor
935 2510 1067 2553 eum
1117 2509 1287 2568 quem
1337 2500 1393 2552 et
1438 2490 1818 2567 tranquillum
1863 2506 2027 2549 mens

310 2586 571 2645 humana
612 2599 725 2642 non
758 2583 907 2643 valet
947 2599 1146 2657 capere
1185 2582 1359 2641 etiam
1399 2582 1613 2640 iratum
1656 2578 1903 2639 videre?
1942 2578 2026 2638 De

309 2692 430 2752 quo
467 2675 561 2735 die
601 2676 747 2735 bene
781 2691 883 2750 per
926 2674 1136 2733 Isaiam
1165 2673 1379 2732 dicitur
1413 2692 1425 2731 :
1454 2694 1481 2726 (ι
1518 2671 1883 2730 Exaltabitur
1917 2685 2023 2728 au-

313 2772 426 2825 tem
454 2765 743 2825 Dominus
771 2764 932 2823 solus
950 2765 1012 2822 in
1037 2764 1129 2822 die
1154 2763 1274 2834 illa,
1302 2761 1441 2835 quia
1464 2760 1586 2819 dies
1605 2759 1840 2819 Domini
1865 2774 2027 2816 exer-

309 2856 536 2915 cituum
575 2869 747 2925 super
783 2868 1016 2911 omnem
1047 2852 1361 2926 superbum
1395 2858 1451 2908 et
1476 2847 1796 2920 excelsum,
1837 2852 1894 2905 et
1927 2863 2026 2904 su-

2113 1781 2215 1846 tes,
2246 1781 2301 1832 et
2344 1774 2565 1848 plorate
2603 1773 2892 1832 ululantes
2931 1774 2993 1831 in
3044 1774 3314 1847 miseriis,
3346 1790 3478 1849 quae
3514 1773 3825 1833 advenient

2109 1866 2294 1925 vobis.
2330 1865 2563 1925 Divitim
2588 1872 2795 1925 vestra}
2835 1866 3167 1939 putrefactte
3203 1871 3360 1938 sunt,
3390 1872 3446 1923 et
3480 1864 3827 1923 vestimenta

2111 1965 2300 2016 vestra
2354 1974 2387 2016 a
2426 1957 2600 2016 tineis
2653 1964 2901 2015 comesta
2946 1964 3104 2015 sunt.
3144 1960 3372 2015 Aurum
3422 1964 3476 2014 et
3519 1964 3826 2028 argentum

2110 2054 2363 2106 vestrum
2406 2047 2773 2119 zeruginavit,
2802 2054 2856 2105 et
2885 2062 3062 2120 erugo
3102 2062 3301 2105 eorum
3334 2047 3391 2103 in
3430 2044 3820 2104 testimonium

2110 2136 2273 2194 vobis
2302 2136 2428 2206 erit,
2465 2143 2520 2194 et
2551 2136 2923 2195 manducabit
2959 2152 3158 2194 carnes
3206 2141 3422 2194 vestras
3468 2135 3615 2193 sicut
3651 2135 3821 2207 ignis.

2110 2225 2564 2284 Thesaurizastis
2601 2225 2761 2284 enim
2789 2226 2953 2284 vobis
2982 2225 3124 2283 iram
3157 2226 3216 2283 in
3250 2223 3587 2284 novissimis
3621 2224 3829 2282 diebus

2109 2317 2239 2388 (Jac.
2272 2319 2357 2385 ν).
2403 2338 2424 2367 ι
2468 2316 2533 2373 Et
2571 2314 2745 2389 paulo
2784 2323 2953 2389 post:
3000 2340 3020 2367 κ
3059 2314 3288 2388 Epulati
3326 2315 3463 2373 estis
3501 2330 3673 2387 super
3715 2322 3828 2389 ter-

2108 2419 2253 2473 ram,
2296 2411 2351 2461 et
2405 2403 2464 2460 in
2518 2403 2771 2463 luxuriis
2820 2402 3118 2461 enutristis
3165 2403 3334 2461 corda
3380 2411 3568 2462 vestra
3620 2404 3684 2461 in
3733 2403 3829 2461 die

2110 2491 2415 2551 occisionis
2447 2490 2775 2550 adduxistis
2800 2492 3009 2561 (Ibid.).
3043 2510 3071 2541 ν

2184 2583 2343 2642 Eheu
2375 2584 2386 2639 ι
2418 2582 2557 2657 quid
2620 2589 2754 2641 tunc
2812 2583 3005 2641 dicent
3060 2581 3277 2654 miseri,
3319 2597 3454 2640 cum
3484 2598 3543 2640 se
3576 2581 3826 2640 viderint

2114 2671 2255 2729 105
2336 2681 2393 2732 et
2468 2674 2613 2732 bona
2687 2674 3021 2749 temporalia
3084 2673 3604 2747 irrecuperabiliter
3672 2673 3825 2731 ami-

2109 2763 2272 2835 sisse,
2304 2770 2358 2821 et
2395 2763 2548 2820 mala
2583 2764 2695 2823 sibi
2732 2772 3003 2839 perpetua
3029 2764 3444 2824 inevitabiliter
3469 2761 3826 2821 imminere?

2112 2850 2254 2921 Quae
2313 2859 2448 2911 tunc
2498 2852 2616 2911 illis
2662 2870 2829 2913 mens
2885 2855 2994 2912 erit
3025 2901 3039 2925 ,
3102 2870 3235 2912 cum
3293 2852 3548 2911 viderint
3592 2858 3827 2925 tempus

308 2960 412 3018 per
469 2958 705 3001 omnem
755 2946 1139 3012 arrogantem,
1179 2946 1233 2997 et
1284 2938 1722 3008 humiliabitur,
1752 2942 1807 2995 et
1860 2952 2033 3009 super
2112 2942 2458 3014 acceptabile
2499 2949 2555 3000 et
2594 2942 2744 3002 diem
2800 2943 3002 3003 salutis
3053 2949 3130 3015 (II
3171 2947 3289 3003 Cor.
3331 2948 3416 3015 VI)
3459 2942 3691 3017 penitus
3733 2943 3825 2999 ef-

311 3047 515 3092 omnes
556 3031 755 3089 cedros
811 3030 1019 3087 Libani
1066 3027 1346 3086 sublimes
1392 3036 1445 3083 et
1488 3032 1721 3095 erectas,
1754 3031 1807 3082 et
1855 3040 2032 3097 super
2113 3031 2357 3090 ﬂuxisse,
2412 3037 2468 3089 et
2512 3032 2661 3091 illud
2698 3039 2925 3105 tempus
2968 3035 3186 3105 adesse,
3227 3033 3289 3091 in
3331 3048 3446 3107 quo
3491 3030 3641 3090 nihil
3686 3033 3825 3092 boni

310 3137 517 3181 omnes
557 3134 805 3194 quercus
842 3117 1050 3190 Basan,
1092 3123 1145 3175 et
1183 3131 1355 3189 super
1389 3122 1611 3174 montes
1653 3114 1930 3183 excelsos,
1975 3121 2087 3195 et“
2116 3119 2318 3190 facere,
2370 3118 2597 3178 nullum
2655 3120 2995 3195 perditionis
3046 3137 3169 3180 suae
3220 3119 3544 3179 remedium
3594 3123 3825 3180 valeant

316 3169 517 3181 -.....--
560 3169 804 3194 νων-η
843 3169 1050 3190 -πνηη
1097 3169 1144 3175 --
1184 3169 1344 3189 ﬂ.--
1389 3169 1608 3174 ----_---
1984 3169 2026 3172 η
2118 3169 2318 3190 .-η-ν,
2372 3169 2597 3178 --κ-η...
2698 3169 2995 3180 meum..-
3047 3169 3168 3180 ww
3222 3169 3544 3179 .-.μνη-η-
3609 3169 3823 3180 ...........

316 3226 491 3284 super
520 3208 698 3267 colles
735 3206 1004 3277 elevatos,
1031 3211 1087 3264 et
1115 3220 1288 3279 super
1314 3219 1545 3263 omnem
1588 3203 1797 3262 turrim
1836 3169 2089 3261 exccl-C
2114 3207 2378 3265 invenire
2402 3216 2426 3264 *Ρ
2472 3169 2690 3277 Ωιιθωῖ
2714 3223 2910 3266 amara
2957 3224 3158 3267 eorum
3207 3208 3592 3279 conscientia,
3645 3224 3823 3284 quam

311 3313 459 3368 sam,
487 3305 544 3355 et
591 3313 763 3370 super
816 3310 1050 3353 omnem
1099 3310 1337 3353 murum
1390 3293 1707 3366 munitum,
1755 3301 1811 3349 et
1860 3308 2030 3366 super
2111 3297 2319 3355 ﬂebilis
2345 3314 2541 3357 eorum
2572 3299 2776 3372 poterit
2799 3316 2922 3357 esse
2961 3298 3197 3373 querela
3229 3300 3242 3358 !
3274 3299 3439 3359 Tunc
3463 3300 3641 3370 enim,
3675 3302 3826 3360 sicut

309 3406 514 3450 omnes
550 3405 728 3449 naves
766 3388 1022 3456 Tharsis,
1058 3395 1114 3445 et
1147 3403 1320 3459 super
1346 3402 1519 3444 omne
1545 3385 1698 3461 quod
1736 3387 1867 3443 visu
1895 3384 2029 3459 pul-
2115 3387 2384 3446 Salomon
2448 3388 2695 3454 fatetur,
2751 3388 2953 3447 ﬂentes
3002 3396 3058 3447 et
3101 3405 3222 3463 prae
3267 3390 3538 3463 angustia
3583 3389 3824 3463 spiritus

312 3481 522 3539 chrum
559 3486 663 3550 est,
705 3485 761 3536 et
805 3477 1208 3536 incurvabitur
1246 3474 1570 3534 sublimitas
1603 3475 1934 3545 hominum,
1975 3480 2031 3531 et
2111 3484 2406 3549 gementes
2445 3477 2637 3536 dicent
2676 3498 2687 3537 :
2733 3502 2758 3530 α
2791 3478 3150 3549 Erravitnus,
3188 3477 3486 3552 inquiunt,
3516 3493 3549 3535 a
3579 3478 3674 3536 via
3718 3494 3823 3536 ve-

312 3566 723 3629 humiliabitur
746 3565 989 3624 altitudo
1012 3566 1290 3636 virorum,
1323 3571 1376 3621 et
1399 3562 1722 3621 elevabitur
1747 3563 2032 3621 Dominus
2113 3566 2315 3636 ritatis,
2372 3572 2427 3625 et
2475 3566 2715 3640 justitiaa
2766 3567 2967 3626 lumen
3022 3584 3140 3627 non
3195 3567 3344 3626 luxit
3402 3568 3589 3639 nobis,
3624 3574 3679 3626 et
3737 3569 3823 3627 sol

315 3660 476 3719 solus
502 3659 561 3716 in
609 3658 703 3716 die
737 3656 858 3727 illa,
891 3664 945 3713 et
989 3654 1144 3714 idola
1172 3655 1401 3729 penitus
1436 3662 1804 3712 conterentur
1846 3659 1902 3711 et
1936 3653 2030 3710 in-
2112 3656 2511 3729 intelligentiaa
2549 3672 2663 3715 non
2705 3665 2789 3715 est
2823 3665 2985 3716 ortus
3020 3657 3222 3728 nobis;
3279 3657 3474 3716 lassati
3512 3673 3719 3716 sumus
3756 3659 3821 3716 in

316 3750 577 3809 troibunt
605 3748 667 3805 in
700 3748 1007 3821 speluncas
1038 3752 1327 3818 petrarum
1358 3751 1414 3801 et
1439 3743 1497 3801 in
1536 3744 1837 3817 voragines
1866 3752 2031 3800 terrae
2112 3746 2206 3803 via
2253 3746 2575 3820 iniquitatis
2623 3753 2679 3805 et
2725 3746 3081 3819 perditionis.
3122 3754 3180 3805 et
3219 3747 3651 3806 ambulavimus
3694 3747 3824 3807 vias

315 3840 515 3898 afacie
570 3837 901 3895 formidinis
960 3835 1239 3902 Domini,
1299 3842 1352 3892 el
1403 3851 1435 3891 a
1489 3833 1673 3907 gloria
1720 3832 2031 3907 majestatis
2113 3835 2417 3903 diﬂiciles;
2468 3835 2628 3895 viam
2678 3842 2873 3894 autem
2921 3836 3155 3895 Domini
3208 3837 3625 3909 ignoravimus.
3668 3837 3821 3907 Quid

316 3929 463 4002 ejus,
523 3943 657 3985 cum
709 3925 1033 3985 surrexerit
1083 3931 1377 3999 percutere
1424 3930 1634 3981 terram
1689 3928 1818 3993 (Isa.
1871 3930 1956 3991 II).
2002 3944 2028 3975 ››
2114 3925 2334 3999 profuit
2372 3926 2540 3984 nobis
2576 3925 2863 3998 superbia,
2905 3931 3006 3984 aut
3042 3926 3187 3999 quid
3223 3926 3563 3985 divitiarum
3593 3926 3821 3998 jactari-

318 4017 489 4076 Nunc
518 4022 743 4090 peccata
771 4014 1240 4087 delinquentium
1262 4013 1546 4071 Dominus
1574 4011 1746 4082 videt,
1765 4017 1820 4069 et
1852 4016 2028 4081 tacet;
2115 4016 2193 4073 tia
2224 4016 2467 4074 contulit
2502 4015 2672 4075 nobis
2699 4018 2725 4073 ?
2761 4015 3143 4075 Transierunt
3170 4017 3367 4075 omnia
3404 4017 3506 4075 illa
3544 4026 3820 4092 tanquam

323 4134 349 4157 ι(
384 4113 527 4164 tunc
560 4113 755 4163 autem
785 4104 1057 4176 loquetur
1082 4102 1151 4159 ad
1178 4119 1275 4160 eos
1298 4103 1357 4161 in
1388 4103 1474 4160 ira
1504 4118 1630 4175 sua,
1661 4110 1715 4161 et
1741 4106 1803 4160 in
1837 4104 2030 4160 furore
2116 4106 2343 4177 umbra,
2373 4112 2428 4164 et
2455 4112 2729 4179 tanquam
2760 4107 3006 4166 nuntius
3035 4122 3417 4179 praecurrens,
3450 4114 3506 4165 et
3544 4114 3819 4182 tanquam

320 4212 425 4255 suo
463 4193 827 4252 conturbabit
870 4206 965 4249 eos
1012 4194 1174 4264 (Psal.
1219 4191 1295 4265 II).
1335 4215 1354 4241 ι
1411 4190 1569 4250 Sicut
1605 4192 1726 4265 ipse
1760 4207 1861 4265 per
1897 4207 2029 4264 pro-
2114 4195 2299 4265 navis,
2353 4211 2484 4269 quae
2534 4196 2863 4269 pertransiit
2916 4196 3294 4255 fluctuantem
3337 4212 3568 4269 aquam,
3627 4197 3817 4271 cujus,

320 4288 550 4360 phelam
611 4283 793 4341 dicit:
846 4304 871 4335 «
915 4281 1113 4351 Tacui,
1171 4283 1385 4357 inquit,
1440 4298 1665 4356 semper
1712 4282 1867 4351 silui,
1926 4297 2028 4355 pa-
2113 4299 2248 4340 cum
2280 4285 2642 4357 praeterierit,
2682 4300 2796 4343 non
2842 4289 2927 4342 est
2969 4285 3276 4357 vestigium
3317 4284 3584 4343 invenire
3627 4300 3822 4359 neque

321 4376 472 4435 tiens
510 4375 618 4445 fui,
662 4375 810 4432 sicut
838 4373 1165 4447 parturiens
1203 4372 1409 4446 loquar
1437 4374 1560 4445 (Isa.
1605 4381 1762 4444 XLII).
1798 4392 1825 4423 »
1858 4369 2030 4440 Quis—
2113 4373 2377 4432 semitam
2432 4374 2643 4433 carinae
2694 4374 2858 4433 illius
2908 4374 2970 4432 in
3030 4374 3324 4434 ﬂuctibus.
3374 4376 3493 4434 Aut
3543 4382 3819 4448 tanquam

321 4466 454 4540 quis
492 4464 651 4523 enim
693 4463 936 4521 terrenis
974 4462 1290 4521 commodis
1331 4478 1487 4519 nunc
1532 4461 1736 4529 inhiat,
1764 4459 2077 4540 quisquis_
2113 4462 2256 4529 avis,
2287 4477 2421 4533 quae
2451 4462 2761 4521 transvolat
2787 4462 2847 4520 in
2879 4478 3028 4533 aere,
3059 4463 3291 4522 nullum
3314 4462 3614 4522 invenitur
3639 4479 3820 4535 argu-

321 4536 553 4615 lascivm
605 4554 794 4613 carnis
847 4552 1234 4624 voluptatibus
1292 4553 1559 4626 pascitur.
1612 4560 1751 4610 tunc
1795 4536 2090 4609 {eternwD
2115 4558 2376 4610 mentum
2412 4551 2638 4610 itineris
2674 4552 2857 4624 illius,
2899 4553 2997 4611 sed
3052 4559 3275 4612 tantum
3315 4554 3537 4612 sonitus
3575 4560 3660 4611 est
3694 4554 3819 4612 ala-

317 4644 734 4704 combustionis
764 4644 896 4717 igne
924 4651 1318 4712 consumetur,
1350 4650 1404 4699 et
1441 4642 1627 4700 divini
1668 4642 1879 4700 furoris
1904 4640 2028 4715 gla—
2113 4656 2243 4697 rum
2291 4641 2602 4698 verberans
2637 4640 2824 4699 levem
2869 4647 3131 4716 ventum,
3162 4650 3217 4702 et
3248 4643 3517 4703 scindens
3552 4658 3655 4716 per
3694 4645 3820 4703 vim

317 4738 416 4795 dio
454 4736 840 4794 devorabitur.
887 4734 958 4792 Ut
995 4735 1152 4791 enim
1192 4733 1468 4806 propheta
1507 4731 1645 4789 dicit
1683 4748 1694 4786 :
1735 4753 1761 4785 «
1793 4731 1859 4789 In
1895 4732 2031 4804 igne
2112 4730 2334 4787 itineris
2395 4746 2607 4802 aerem,
2639 4731 2910 4789 commoti
2964 4732 3102 4791 salis
3153 4733 3547 4805 transvolavit,
3586 4740 3642 4791 et
3692 4743 3821 4807 post

318 4826 427 4883 zeli
486 4823 713 4884 Domini
764 4822 1136 4882 devorabitur
1177 4821 1368 4879 omnis
1421 4827 1587 4889 terra,
1636 4829 1691 4877 et
1730 4820 1791 4877 in
1841 4819 2030 4892 gladio
2114 4820 2220 4876 hoc
2250 4818 2481 4876 nullum
2512 4819 2740 4893 signum
2783 4820 3082 4881 invenitur
3115 4822 3339 4881 itineris
3367 4824 3511 4897 ejus.
3543 4824 3660 4883 Aut
3689 4830 3819 4881 tan-

316 4914 444 4987 ejus
489 4914 679 4971 omnis
721 4927 851 4969 caro
912 4914 1168 4983 (Sophon.
1210 4919 1272 4977 Ι).
1309 4932 1334 4959 ι›
1380 4907 1506 4965 Illic
1540 4910 1661 4981 jam
1706 4925 1739 4965 a
1790 4908 2031 4967 Domino
2114 4922 2291 4980 quam
2342 4908 2546 4981 sagitta
2599 4908 2808 4966 emissa
2846 4909 2906 4967 in
2950 4910 3143 4968 locum
3193 4911 3565 4982 destinatum,
3598 4912 3833 4974 divisus

318 5019 434 5062 non
476 5009 658 5077 potest
692 5000 901 5059 mereri
943 5015 1076 5073 quae
1129 4999 1268 5071 petit
1317 4998 1419 5070 qui
1456 4997 1551 5055 hic
1596 4997 1785 5055 noluit
1829 4997 2032 5056 audire
2114 5013 2211 5054 aer
2233 4998 2506 5056 continuo
2545 4998 2606 5056 in
2634 5014 2695 5057 se
2724 4998 2983 5059 reclusus
3020 5007 3105 5059 est
3141 5008 3196 5059 et
3221 5002 3517 5073 ignoratur
3549 5002 3829 5062 transitus

321 5109 456 5167 quas
492 5091 680 5166 jussit.
715 5092 764 5147 A
811 5089 1030 5165 quibus
1060 5088 1217 5146 enim
1263 5086 1464 5144 divina
1502 5101 1613 5143 vox
1658 5086 1718 5142 in
1763 5086 1870 5144 hac
1914 5087 2031 5143 vita
2114 5087 2293 5157 illius,
2326 5086 2409 5145 sic
2463 5093 2518 5145 et
2565 5102 2671 5145 nos
2722 5088 2841 5145 nati
2897 5090 3172 5149 continuo
3215 5090 3537 5150 desivimus
3585 5107 3729 5163 esse,
3765 5102 3823 5151 et

320 5182 655 5257 despicitur,
681 5189 819 5238 tunc
868 5179 1008 5237 falsa
1032 5194 1232 5237 eorum
1274 5175 1575 5233 humilitas
1605 5191 1739 5234 cum
1765 5175 2032 5249 precibus
2115 5178 2349 5235 virtutis
2371 5176 2609 5250 quidem
2644 5178 2878 5251 signum
2903 5179 3138 5239 nullum
3167 5180 3462 5240 valuimus
3485 5180 3816 5252 ostendere;
3862 5226 3866 5231 ι

318 5281 452 5332 ante
484 5275 725 5347 januam
762 5269 1003 5328 veniens
1041 5284 1156 5327 non
1197 5265 1453 5335 auditur,
1482 5264 1581 5323 sed
1616 5264 1826 5325 dicitur
1863 5264 2024 5324 illis:
2111 5266 2169 5323 in
2239 5266 2596 5340 malignitate
2678 5274 2872 5325 autem
2948 5275 3140 5327 nostra
3210 5269 3540 5344 consumpti
3612 5285 3822 5329 sumus

326 5390 352 5413 α
380 5361 583 5419 Nescio
609 5376 713 5419 vos
747 5379 758 5417 :
790 5362 892 5430 lte,
922 5354 1236 5425 maledicti,
1268 5354 1328 5410 in
1362 5354 1555 5427 ignem
1589 5362 1895 5425 aeternum,
1926 5356 2027 5430 qui
2111 5356 2262 5428 (Sap.
2294 5354 2368 5429 v).
2405 5377 2425 5407 ν
2470 5354 2632 5413 Talia
2673 5356 2951 5416 dixerunt
2999 5357 3060 5415 in
3107 5358 3335 5417 inferno
3380 5358 3423 5416 ii
3468 5358 3568 5433 qui
3616 5372 3819 5432 pecca-

317 5459 552 5527 paratus
597 5459 681 5508 est
722 5449 952 5507 diabolo
999 5453 1055 5503 et
1097 5441 1316 5516 angelis
1361 5442 1489 5515 ejus
1537 5447 1753 5514 (Matth.
1783 5450 1957 5515 XXV).
2002 5467 2023 5496 n
2118 5451 2342 5514 verunt,
2403 5443 2674 5518 quoniam
2727 5461 2854 5518 spes
2912 5446 3078 5519 impii
3125 5454 3398 5520 tanquam
3448 5446 3660 5519 lanugo
3708 5454 3815 5519 est,

323 5543 395 5602 Et
431 5555 563 5597 vere
601 5538 885 5597 Dominus
915 5552 1013 5610 per
1044 5533 1413 5592 Salomonem
1438 5532 1573 5591 dicit
1604 5557 1617 5593 :
1651 5556 1675 5588 ‹‹
1710 5532 1943 5607 Vocavi,
1975 5543 2031 5594 et
2110 5552 2242 5610 quas
2280 5552 2315 5592 a
2361 5543 2530 5594 vento
2579 5536 2836 5606 tollitur;
2888 5544 2942 5594 et
2994 5543 3263 5612 tanquam
3308 5552 3515 5612 spuma
3559 5538 3813 5612 gracilis,

322 5627 641 5701 renuistis;
694 5627 928 5687 extendi
974 5638 1216 5683 manum
1263 5636 1473 5694 meam,
1501 5630 1556 5681 et
1600 5638 1718 5683 non
1764 5622 1875 5683 fuit
1927 5624 2029 5698 qui
2110 5640 2243 5697 quae
2279 5640 2313 5683 a
2356 5625 2605 5698 procella
2633 5626 3021 5701 dispergitur;
3063 5634 3118 5687 et
3150 5635 3422 5703 tanquam
3457 5626 3673 5699 fumus,
3712 5627 3819 5704 qui

3788 6454 3836 6460 ⁷ὴ⁶
3926 6458 4002 6468 -κ-
4024 6461 4056 6468 ~—u
4106 6458 4140 6468 -ι
