4140 6454
322 317 431 378 305

1537 311 1764 373 LIBER
1801 310 2173 384 QUARTUS,
2215 311 2454 372 EPIST.
2502 312 2629 373 VII.

3272 224 3341 239 ﬁ,

3738 315 3844 374 306

320 462 357 504 a
398 450 574 505 vento
610 442 859 504 diffusus
903 447 1022 514 est;
1065 452 1122 503 et
1160 444 1437 515 tanquam
1476 441 1755 502 memoria
1792 438 2335 515 hospitisAnientis
2370 438 2607 498 oculum
2648 454 2763 497 non
2802 439 3087 498 timerem.
3129 438 3474 498 Terminum
3523 440 3670 499 mihi
3708 449 3835 516 post

324 534 506 595 unius
539 533 654 593 diei
685 533 1084 608 pratereuntis
1116 534 1249 605 (87).

934 675 1301 737 EPISTOLA
1330 675 1430 735 VI.

768 796 847 843 AD
869 796 1146 844 JOANNEM
1179 796 1517 847 EPISCOPUM.
1530 830 1540 842 .
1552 827 1565 843 .
1576 830 1589 844 .

325 891 768 965 AneUMENTUM.
793 923 886 965 λ-
935 889 1111 948 Mittit
1165 890 1445 965 quosdam
1494 906 1657 965 suos,
1687 889 1913 948 libellos
1965 889 2038 948 ad

396 962 680 1023 Joannem
718 961 1069 1037 episcopum,
1112 961 1610 1037 quemadrerum
1645 964 2036 1037 humanarum

395 1033 791 1110 contemptum
838 1033 1213 1110 adhortatur;
1262 1034 1797 1110 ejusdempquoque
1829 1033 2037 1110 amici-

396 1108 539 1189 tiam
567 1105 919 1189 se'appetere
941 1106 1193 1187 ostendit
1223 1105 1600 1166 et‘nonnulla'
1618 1107 1689 1165 ad
1705 1105 2037 1180 'utriusque

397 1179 640 1237 salutem
672 1179 837 1236 utilia
865 1179 1320 1237 communicare.

394 1282 613 1345 JOANNI
690 1285 1168 1344 reverendissimo
1237 1285 1521 1359 episcopo,
1600 1285 1835 1345 PETRUS
1904 1284 2038 1343 ulti-

325 1390 457 1434 mus
495 1374 915 1433 monachorum
953 1389 1158 1433 servus
1195 1374 1404 1434 debitae
1441 1373 1831 1433 venerationis
1867 1375 2036 1434 obse-

323 1464 555 1537 quium.

398 1550 801 1623 Dilectissime,
826 1552 928 1624 qui
955 1551 1249 1613 excelsum
1277 1559 1532 1611 montem
1562 1552 1756 1612 subire
1786 1552 2036 1626 festinat,

330 1656 556 1700 necesse
593 1647 677 1699 est
721 1648 786 1699 ut
821 1640 894 1698 ad
931 1641 1058 1716 ejus
1093 1641 1364 1701 verticem
1399 1642 1691 1716 graduum
1729 1643 2037 1716 interposi-

327 1729 479 1788 tione
542 1729 907 1788 conscendat.
969 1728 1322 1803 Quapropter
1383 1745 1487 1803 ego
1544 1730 1617 1789 ad
1673 1731 2037 1791 celsitudinis

326 1824 532 1878 vestrm
586 1817 852 1875 notitiam
906 1819 1209 1892 pervenire
1261 1819 1543 1892 desidero,
1607 1826 1802 1894 utpote
1860 1806 2101 1880 eccle-B

324 1905 551 1965 siastico
572 1906 718 1980 viro,
743 1913 799 1964 et
822 1921 995 1980 super
1018 1911 1276 1965 montem
1306 1905 1446 1965 Sion
1476 1906 1759 1967 divinitus
1787 1908 2032 1983 elevato,

323 1996 777 2056 ecclesiasticum
833 1996 1257 2055 munusculum
1312 1996 1598 2055 scalarum
1668 2014 1824 2057 more
1884 2015 2035 2073 prae-

328 2085 509 2156 mitto,
538 2085 676 2159 quia
706 2100 863 2156 vero,
894 2100 1011 2145 non
1043 2100 1210 2143 vanas
1241 2085 1444 2159 gloriae
1480 2086 1879 2157 ostentatione,
1918 2104 2034 2146 non

324 2174 631 2249 corporalis
667 2173 954 2235 commodi
993 2174 1261 2245 utilitate,
1304 2174 1396 2232 vel
1445 2190 1572 2233 mea
1616 2175 1683 2233 ad
1735 2191 1838 2235 vos
1887 2192 2034 2252 opu-

325 2262 484 2322 scula
553 2263 777 2337 dirigo,
852 2263 946 2321 vel
999 2267 1247 2322 vestram
1308 2262 1552 2337 gratiam
1613 2265 1881 2339 requiro;
1946 2267 2034 2325 illi

328 2352 540 2412 melius
611 2352 897 2411 satisfacio
959 2369 1136 2428 quem
1202 2354 1273 2413 de
1339 2355 1523 2415 oculis
1574 2355 1839 2415 cordium
1893 2353 2034 2412 106

324 2441 577 2513 iudicare
628 2442 755 2500 sine
806 2441 924 2501 ulla
975 2442 1335 2502 dubitatione
1386 2459 1682 2517 cognosco.
1726 2445 2028 2515 Praeterea,

322 2530 690 2590 dilectissime
740 2530 887 2589 mihi
929 2539 1090 2605 pater
1130 2539 1185 2589 et
1224 2531 1480 2603 domine,
1528 2532 1690 2592 vides
1730 2535 1854 2609 ipse
1893 2535 2035 2609 quia

321 2629 526 2681 cuncta
555 2619 891 2695 temporalia
919 2620 1193 2693 fugiunt;
1233 2637 1370 2696 quae
1407 2622 1466 2679 in
1505 2622 1616 2681 hoc
1651 2625 1871 2683 mundo
1902 2640 2031 2699 pos-

319 2712 579 2771 sidemus
627 2713 729 2771 diu
775 2712 1080 2772 nobiscum
1127 2728 1363 2772 manere
1405 2729 1526 2773 non
1569 2721 1834 2788 possunt.
1886 2718 2031 2776 Ter-

322 2802 445 2860 reni
484 2803 731 2861 honores
773 2810 828 2860 et
864 2801 1193 2876 dignitates,
1234 2803 1400 2878 quasi
1442 2805 1663 2873 fumus,
1705 2822 1822 2879 quo
1857 2807 2032 2868 altius

318 2889 683 2948 extolluntur
713 2890 774 2948 in
804 2890 1061 2949 nihilum
1090 2891 1356 2961 redeunt,
1398 2899 1453 2949 et
1491 2893 1789 2951 mundana
1832 2898 2031 2955 omnia

319 2981 442 3054 ipso
479 2981 598 3052 jam
638 2980 858 3038 mundo
893 2979 967 3037 ad
1004 2981 1184 3039 ﬁnem
1223 2980 1454 3055 delapso
1490 2983 1800 3042 subsistere
1834 2985 2030 3043 nulla-

322 3075 487 3128 tenus
522 3075 779 3142 possunt.
818 3069 935 3127 Nos
982 3070 1177 3141 etiam,
1233 3071 1335 3144 qui
1389 3071 1482 3129 hic
1536 3078 1691 3130 tanto
1746 3072 2031 3133 desiderio

2121 537 2347 605 tempus
2384 529 2647 603 paschale
2684 530 2981 605 praefigite,
3013 535 3069 588 et
3106 536 3171 590 ut
3205 531 3276 589 ad
3308 546 3410 588 vos
3444 531 3700 603 veniam,
3727 549 3832 590 ve-

2118 629 2251 682 strae
2305 623 2624 682 sanctitatis
2681 622 3015 681 auctoritate
3066 620 3283 695 jubete.
3344 621 3479 680 Peto
3532 620 3729 694 etiam,
3785 623 3834 680 si

2118 712 2321 789 placet,
2361 718 2426 772 ut
2471 712 2624 789 quod
2667 713 2865 772 latoris
2903 712 3277 786 praesentium
3316 727 3415 785 ore
3451 712 3830 785 depromitur,

2118 803 2424 863 eﬂicaciter
2451 802 2744 863 audiatur.

2705 906 3073 968 EPISTOLA
3106 906 3235 966 VII.

2642 1010 2719 1057 AD
2747 1010 2856 1056 N...
2883 1008 3295 1057 EPISCOPUM....

2118 1094 2563 1151 ARGUMENTUM.
2598 1118 2665 1130 -—
2694 1086 3180 1160 Hancgepistolam
3218 1085 3465 1160 scripsit,
3510 1102 3648 1146 cum
3685 1093 3835 1160 esset

2190 1163 2249 1221 in
2291 1162 2513 1230 itinere,
2557 1164 2623 1218 ut
2660 1160 2783 1233 ipse
2819 1158 2935 1227 ait;
2976 1158 3247 1233 admonet
3279 1158 3477 1233 autem
3514 1159 3830 1233 quemdam

2188 1233 2541 1314 episcopum,
2592 1237 2657 1314 ut
2684 1229 2736 1288 ‘a
2784 1229 3127 1314 muneribus
3186 1229 3499 1314 impiorum
3536 1229 3831 1314 accipien-

2188 1301 2278 1363 dis
2333 1301 2635 1375 abstineat,
2696 1318 2769 1375 ne
2836 1305 3192 1375 peccatorum
3230 1301 3596 1375 georumdem
3656 1301 3833 1375 parti-

2189 1392 2321 1450 ceps
2382 1376 2532 1450 ﬁat._
2544 1373 2714 1450 Quod
2778 1369 2852 1430 et'
2886 1387 3063 1450 sacra;
3122 1369 3831 1450 ScripturaaAauctoi‘itate

2190 1441 2277 1506 et’
2311 1441 2733 1524 nonnullorum
2800 1442 3085 1524 exemplis
3152 1441 3377 1524 probat,
3436 1441 3666 1524 onrtet
3717 1444 3827 1515 igi-

2190 1527 2305 1589 tur,
2359 1518 2459 1589 ait,
2512 1532 2787 1589 magnam
2832 1514 3173 1589 ‘cautionem
3223 1514 3506 1589 adhiberi,
3568 1528 3639 1572 ne
3696 1514 3827 1589 pas-

2189 1585 2302 1649 sini
2338 1588 2411 1647 ab
2442 1585 2722 1647 omnibus
2759 1588 2910 1646 dona
2933 1585 3324 1660 accipiantur,
3356 1585 3453 1644 sed
3495 1585 3718 1645 tantum
3753 1585 3828 1643 ab

2188 1661 2263 1720 iis
2287 1676 2551 1744 quorum
2590 1673 2834 1719 munera
2871 1658 3042 1716 etiam
3070 1657 3216 1716 'Deo
3268 1662 3495 1731 accepta
3546 1672 3670 1716 esse
3712 1673 3830 1717 non

2188 1733 2522 1807 ambigitur.

2189 1826 2411 1885 Domno
2449 1823 2567 1882 N...
2612 1821 2958 1881 venerandae
3005 1819 3321 1880 sanctitatis
3375 1819 3659 1895 episcopo,
3716 1819 3826 1879 PE-

2117 1926 2266 1974 TnUs
2293 1918 2551 1987 peccator
2575 1909 2893 1969 monachus
2922 1909 3187 1967 salutem.

2188 2001 2588 2073 Dilectissime,
2629 2000 2761 2059 licet
2796 2000 2859 2057 in
2895 2000 3104 2058 itinere
3140 1998 3509 2069 constitutus,
3542 2014 3824 2073 nequeam

2118 2092 2347 2152 elimate
2384 2090 2527 2165 quid
2563 2088 2830 2159 scribere,
2871 2086 3084 2155 rectius
3113 2093 3305 2146 tamen
3329 2086 3532 2161 judico
3567 2102 3690 2145 rem
3719 2102 3823 2146 ne-

2117 2184 2425 2243 cessariam
2475 2186 2792 2254 utcumque
2848 2179 3098 2255 signare,
3153 2174 3295 2231 107
3363 2192 3539 2250 quam
3594 2176 3827 2251 penitus

2116 2272 2347 2332 silentio
2377 2270 2690 2344 praeterire.
2728 2268 2891 2339 Quod
2934 2268 3111 2342 igitur
3145 2281 3242 2325 ore
3280 2266 3351 2323 ad
3391 2281 3456 2324 os
3494 2265 3828 2340 frequenter

2114 2361 2413 2431 admonui,
2444 2360 2719 2435 idipsum,
2755 2374 2913 2418 nunc
2942 2356 3203 2432 apicibus
3233 2355 3466 2430 replico,
3498 2364 3554 2414 et
3585 2371 3659 2414 ne
3698 2371 3823 2414 reo-

2116 2466 2249 2512 rum
2291 2449 2692 2524 quorumlibet
2736 2449 3041 2507 hominum
3088 2454 3140 2505 te
3186 2446 3528 2506 muneribus
3572 2445 3822 2520 polluas,

2116 2542 2382 2601 funditus
2419 2540 2720 2601 interdico.
2769 2540 3060 2614 Scriptum
3094 2546 3180 2599 est
3214 2539 3372 2598 enim
3402 2558 3414 2596 :
3452 2562 3474 2589 ι
3506 2538 3826 2596 Immolans

2116 2630 2516 2701 (Immolantis)
2555 2646 2629 2687 ex
2666 2630 2871 2705 iniquo
2908 2628 3122 2688 oblatio
3159 2634 3244 2685 est
3282 2626 3581 2695 maculata,
3613 2632 3671 2685 et
3705 2641 3823 2684 non

2115 2727 2253 2805 sunt
2284 2720 2658 2793 beneplacitaa
2696 2717 3176 2777 subsannationes
3221 2717 3576 2790 injustorum
3629 2718 3820 2805 (ﬂccli.

2114 2804 2353 2883 XXXIV).
2390 2833 2411 2858 η
2447 2809 2562 2868 Cur
2585 2808 2744 2867 enim
2764 2824 2881 2867 non
2910 2822 3179 2866 veremur
3204 2805 3458 2879 accipere
3482 2821 3618 2881 qua;
3638 2804 3825 2864 Deum

2116 2902 2391 2958 novimus
2448 2896 2802 2971 reprobare‘?
2856 2898 3011 2956 Hinc
3075 2898 3287 2957 iterum
3349 2896 3628 2969 scriptum
3684 2902 3816 2955 est:

2116 3011 2144 3043 «
2182 2990 2344 3047 Dona
2380 2989 2718 3064 iniquorum
2760 3002 2875 3046 non
2921 2987 3122 3060 probat
3169 2985 3525 3055 Altissimus,
3578 3000 3681 3042 nec
3730 3002 3818 3044 re-

2113 3080 2279 3154 spicit
2317 3080 2377 3138 in
2417 3078 2807 3139 oblationibus
2836 3076 3170 3151 impiorum,
3202 3092 3311 3136 nec
3346 3075 3408 3134 in
3446 3074 3824 3135 multitudine

321 3158 649 3234 incipimus,
693 3165 1095 3218 momentanea
1132 3161 1289 3219 febre
1332 3161 1597 3236 correpti,
1644 3162 1833 3221 subito
1878 3167 2085 3228 cun-C
2110 3168 2522 3228 sacriﬁciorum
2566 3182 2767 3227 eorum
2807 3165 3216 3240 propitiabitur
3254 3164 3501 3240 peccatis
3541 3166 3741 3237 (lbid.).
3791 3187 3818 3215 η

316 3258 404 3310 cta
452 3251 806 3319 deserimus;
858 3257 915 3309 et
960 3259 1098 3309 tunc
1137 3252 1261 3310 sine
1309 3252 1488 3310 dubio
1537 3252 1817 3312 discimus
1863 3254 2025 3313 nulla

315 3341 497 3400 fuisse
533 3356 669 3416 quae
706 3340 966 3399 maxima
997 3340 1392 3401 credebamus.
1439 3342 1571 3401 Sola
1602 3359 1774 3416 opera
1808 3352 2021 3414 nostra,

314 3433 437 3491 sive
470 3433 639 3503 bona,
677 3433 799 3490 sive
840 3431 1009 3502 mala,
1049 3447 1165 3491 non
1207 3441 1471 3506 pereunt,
1517 3434 1616 3492 sed
1662 3434 1725 3491 in
1768 3434 2025 3492 districto

310 3525 583 3581 examine
619 3523 906 3582 tremendi
942 3522 1164 3583 Judicis
1206 3523 1535 3582 ventilanda
1571 3532 1891 3583 servantur.
1935 3525 2024 3584 Tu

310 3606 506 3683 igitur,
549 3606 946 3679 dilectissime,
989 3609 1140 3667 intra
1177 3608 1589 3667 conscientiam
1628 3616 1789 3668 tuam
1829 3626 2024 3668 rever-

312 3704 452 3769 tere,
491 3706 546 3757 et
581 3698 724 3757 dum
766 3700 913 3770 licet,
953 3700 1095 3773 quid
1136 3706 1309 3757 tantae
1350 3699 1632 3772 majestati
1680 3701 2025 3774 respondere

313 3789 542 3862 debeas,
583 3789 867 3848 sollicitus
915 3791 1210 3849 meditare.
1264 3790 1449 3849 Pensa
1499 3792 1632 3865 quis
1686 3796 1875 3850 tecum
1933 3806 2018 3849 ra-

314 3876 530 3935 tionem
567 3876 859 3950 positurus
896 3877 1106 3947 veniat,
1136 3893 1314 3953 quam
1348 3877 1730 3950 multiplicem
1769 3879 2024 3936 fructum

314 3982 418 4041 pro
453 3974 565 4024 tam
600 3967 791 4039 ampla
828 3965 1178 4026 villicatione
1208 3971 1309 4026 tua
1339 3966 1617 4042 requirat.
1660 3964 1820 4024 Scias
1854 3963 2024 4023 deni-

315 4072 428 4130 que
484 4058 681 4131 procul
732 4057 929 4130 dubio,
977 4066 1135 4132 pater
1189 4056 1548 4128 charissime,
1607 4058 1741 4131 quia
1782 4057 2024 4131 gratiam

316 4155 474 4207 tuam
508 4155 566 4207 et
594 4148 806 4207 bonam
837 4147 1193 4208 voluntatem
1232 4164 1458 4223 semper
1494 4149 1704 4208 habere
1739 4147 2021 4217 desidero,

314 4244 369 4293 et
404 4236 651 4295 salutem
687 4243 845 4295 tuam
884 4254 1002 4296 non
1040 4239 1231 4296 solum
1267 4239 1503 4309 animae,
1536 4238 1637 4296 sed
1674 4238 1849 4295 etiam
1896 4252 2022 4295 cor-

311 4324 466 4399 poris
495 4324 837 4384 medullitus
866 4327 1226 4401 concupisco.
1259 4324 1614 4402 Quapropter
1642 4329 1715 4386 de
1742 4335 1840 4386 tuo
1876 4327 2023 4385 mihi

310 4417 546 4476 servitio
607 4418 950 4477 liducialiter
1011 4419 1278 4492 praecipe,
1337 4434 1546 4494 meque
1610 4419 1714 4477 tibi
1777 4417 2024 4476 libenter

2107 3259 2179 3316 Et
2228 3256 2368 3315 alibi
2407 3281 2421 3314 :
2478 3276 2505 3309 ι(
2550 3256 2815 3315 Victimae
2869 3255 3184 3331 impiorum
3233 3253 3653 3314 abominabiles
3704 3252 3819 3311 Do-

2106 3347 2268 3406 mino
2312 3351 2491 3418 (Prov.
2542 3351 2668 3416 xv).
2715 3367 2741 3399 »
2784 3346 2854 3403 Et
2884 3345 3229 3404 Psalmista:
3266 3365 3293 3397 «
3328 3343 3452 3401 Non
3501 3341 3659 3400 dabit
3705 3342 3823 3399 Deo

2105 3437 2489 3523 placationem
2518 3452 2704 3506 suam,
2737 3452 2843 3494 nec
2867 3435 3118 3509 pretium
3158 3432 3569 3523 redemptionis
3604 3432 3819 3523 animae

2107 3519 2230 3586 Suae
2259 3529 2427 3596 (Psal.
2461 3530 2690 3596 XLVIII).
2723 3547 2750 3579 »
2783 3525 2900 3583 Cur
2939 3524 3112 3583 etiam
3158 3522 3307 3581 illud
3355 3521 3428 3580 ad
3476 3519 3817 3579 memoriam

2108 3632 2222 3676 non
2271 3614 2621 3684 reducimus,
2663 3614 2819 3690 quod
2856 3612 3012 3673 Giezi
3052 3617 3341 3686 perpetuae
3376 3610 3554 3683 lepraa
3590 3608 3816 3667 scabre-

2106 3706 2303 3765 dinem
2352 3706 2567 3774 induit,
2624 3704 2766 3761 dum
2816 3702 3008 3761 oblata
3061 3701 3320 3759 Naaman
3381 3698 3512 3773 Syri
3574 3712 3817 3755 munera

2104 3794 2479 3868 concupivit?
2518 3794 2619 3859 (IV
2651 3796 2783 3860 Reg.
2824 3792 2906 3862 v.)
2949 3789 3058 3849 Sed
3112 3793 3175 3845 ut
3224 3793 3494 3846 caveatur
3539 3785 3815 3857 exitium,

2105 3884 2265 3944 aliud
2304 3883 2495 3940 adhuc
2541 3880 2873 3938 adnectatur
2928 3875 3282 3951 exemplum.
3340 3875 3629 3934 Gerardus
3680 3889 3818 3931 sane

2106 3973 2411 4045 religiosus
2438 3968 2708 4028 Ecclesiae
2739 3968 3088 4025 Florentinae
3110 3964 3425 4023 canonicus
3453 3979 3641 4038 nuper
3669 3961 3814 4019 mihi

2107 4062 2306 4122 retulit
2347 4061 2475 4130 ista,
2530 4075 2665 4133 quae
2718 4074 2910 4117 narro.
2972 4055 3402 4116 Hildebrandus
3451 4069 3644 4113 comes
3702 4051 3818 4110 Tu—

2108 4153 2243 4211 sciae
2298 4150 2380 4223 (in
2431 4149 2743 4220 Tusciam),
2800 4147 2899 4221 qui
2945 4146 3241 4205 dicebatur
3289 4144 3360 4203 de
3409 4142 3699 4217 Capuana,
3750 4139 3812 4197 in

2107 4248 2331 4300 tantum
2383 4239 2548 4296 dives
2589 4245 2710 4295 erat
2759 4253 2829 4296 ac
2882 4244 3203 4311 praepotens
3251 4239 3315 4292 ut
3363 4232 3711 4305 gloriaretur
3756 4245 3816 4288 se

2105 4331 2305 4406 plures
2345 4329 2552 4387 habere
2598 4334 2788 4387 curtes
2830 4332 3001 4399 atque
3036 4325 3269 4383 castella
3307 4339 3485 4398 quam
3522 4321 3646 4381 dies
3701 4320 3819 4379 sint

2106 4419 2208 4493 qui
2249 4423 2632 4477 numerantur
2668 4415 2727 4472 in
2763 4430 2939 4477 anno.
2982 4413 3136 4472 Hinc
3172 4412 3570 4487 presbyterum
3608 4424 3818 4483 quem-

310 4505 543 4565 obedire
580 4507 979 4566 indubitanter
1013 4522 1279 4581 agnosce.
1321 4508 1440 4581 Ego
1475 4509 1671 4582 itaque
1709 4507 1847 4581 quia
1887 4523 2086 4588 mu-D
2108 4510 2261 4577 dam,
2292 4505 2631 4579 religiosum
2663 4503 2927 4562 videlicet
2951 4508 3006 4559 et
3040 4502 3349 4560 honestum
3390 4498 3603 4588 virum,
3644 4494 3819 4588 spiri-

310 4612 445 4655 nera
492 4602 717 4655 terrena
757 4613 876 4656 non
916 4598 1120 4669 habeo,
1160 4597 1535 4671 despicabilia
1573 4597 1678 4656 tibi
1715 4596 2023 4672 cpusculo-

312 4699 440 4742 rum
482 4700 745 4743 meorum
783 4687 935 4744 dona
974 4686 1320 4757 transmitto,
1360 4701 1478 4745 non
1522 4693 1588 4745 ut
1632 4703 1731 4760 per
1772 4686 1880 4745 hoc
1924 4685 2025 4743 de-

315 4772 591 4832 fensionis
621 4781 736 4833 tuae
762 4774 1147 4849 patrocinium
1176 4791 1454 4846 quaeram,
1489 4775 1587 4834 sed
1627 4783 1691 4833 ut
1727 4774 1798 4833 ad
1837 4775 2025 4833 cordis

315 4860 396 4918 tui
448 4860 787 4920 cubiculum
834 4862 1055 4936 linguae
1107 4879 1251 4923 mete
1300 4863 1555 4937 vestigiis
1607 4864 1830 4923 aditum
1878 4879 2024 4937 pan-

318 4947 488 5019 dam;
518 4965 639 5009 non
669 4958 732 5009 ut
759 4952 908 5010 mibi
932 4952 1109 5026 prosit
1131 4951 1447 5022 auxilium,
1472 4954 1571 5012 sed
1602 4961 1667 5013 ut
1700 4969 1896 5013 meum
1924 4954 2025 5012 tibi

319 5039 505 5097 valeat
578 5041 848 5115 prodesse
916 5041 1248 5101 consilium.
1319 5042 1613 5102 Nonnulla
1673 5044 1889 5118 quippe
1954 5043 2026 5101 ab

318 5128 647 5190 humilitate
690 5148 818 5191 mea
860 5131 1025 5191 vobis
1073 5142 1212 5192 sunt
1258 5134 1616 5206 suggerenda
1669 5150 1784 5193 non
1837 5134 2025 5192 solum

316 5217 387 5276 ad
437 5222 716 5293 futuram,
761 5222 861 5281 sed
909 5223 1083 5282 etiam
1135 5223 1207 5280 ad
1250 5232 1595 5296 praesentem
1638 5223 1817 5282 vitam
1866 5222 2028 5281 vobis

318 5308 573 5367 maxime
625 5311 966 5370 necessaria.
1028 5309 1288 5380 Quorum
1342 5311 1617 5370 videlicet
1685 5319 1903 5387 partem
1966 5311 2028 5368 in

320 5398 423 5456 hac
459 5400 633 5458 etiam
669 5399 907 5474 epistola
941 5400 1272 5473 scriberem,
1313 5400 1362 5459 si
1400 5401 1701 5461 curiosum
1752 5416 2028 5475 superve-

2109 4598 2323 4657 tualem
2375 4595 2487 4653 sibi
2536 4594 2743 4650 fecerat
2791 4597 3031 4665 patrem,
3074 4606 3109 4649 a
3155 4605 3272 4666 quo
3317 4595 3373 4647 et
3418 4585 3819 4660 paenitentiam

2107 4702 2183 4744 ex
2230 4700 2389 4743 more
2426 4681 2789 4756 percipiebat.
2834 4681 2914 4740 De
2950 4695 3066 4755 quo
3098 4679 3433 4753 presbytero
3469 4675 3621 4735 alius
3656 4689 3818 4748 pres-

2109 4778 2292 4849 byter,
2322 4772 2633 4831 Rainerius
2674 4771 2930 4841 nomine,
2968 4771 3115 4827 hanc
3142 4767 3428 4826 visionem
3472 4765 3634 4835 vidit,
3664 4762 3816 4837 quod

2108 4879 2220 4922 non
2266 4878 2441 4935 parva
2468 4877 2581 4920 vox
2616 4860 2809 4918 sonuit
2839 4874 2972 4932 quae
3003 4856 3174 4914 illum
3205 4853 3513 4913 ascendere
3540 4852 3818 4911 inclama-

2108 4953 2193 5012 vit
2243 4971 2255 5010 :
2321 4974 2346 5000 α
2402 4950 2584 5020 Petre,
2638 4949 2863 5022 inquit,
2919 4945 3243 5019 presbyter,
3300 4968 3327 4995 ι»
3382 4943 3463 5001 sic
3516 4943 3711 5012 enim,
3770 4940 3821 4998 si

2109 5042 2216 5100 rite
2262 5051 2447 5108 teneo,
2488 5038 2814 5103 vocabatur,
2862 5057 2886 5084 α
2925 5032 3170 5091 ascende
3208 5032 3340 5090 huc.
3389 5057 3408 5082 ι
3454 5031 3591 5089 Haec
3626 5036 3821 5088 autem

2110 5146 2227 5190 vox
2267 5135 2383 5187 tam
2420 5141 2632 5197 magna
2669 5123 2849 5182 fuisse
2891 5120 3103 5179 dicitur
3140 5126 3206 5180 ut
3244 5120 3315 5179 ad
3348 5120 3476 5194 ejus
3506 5120 3821 5177 vehemen-

2112 5221 2246 5278 tiam
2290 5215 2558 5275 nonnulli
2597 5216 2667 5272 de
2704 5227 2908 5271 somno
2944 5209 3164 5270 fuerint
3198 5209 3449 5268 excitati.
3498 5208 3587 5267 Ad
3647 5206 3823 5281 liujns

2110 5308 2267 5367 vocis
2304 5304 2615 5378 imperium
2655 5300 2949 5376 presbyter
2984 5299 3241 5358 ascendit
3281 5297 3344 5354 in
3392 5296 3685 5369 quoddam
3723 5310 3820 5353 ar-

2110 5400 2244 5458 duas
2289 5391 2651 5457 celsitudinis
2691 5389 3172 5466 promontorium.
3203 5387 3259 5445 Is
3287 5391 3480 5445 autem
3512 5384 3617 5457 qui
3651 5397 3824 5444 voca-

380 5576 480 5644 (87)_
509 5575 650 5644 Ιτιιιζε
686 5575 844 5643 hujus
867 5576 1109 5644 epistolae
1141 5577 1294 5631 deﬂe.
1332 5577 1385 5644 in
1420 5589 1549 5632 mas.
1582 5582 1636 5632 et
1668 5578 1935 5644 petendus
1973 5579 2187 5632 videtur
2219 5588 2289 5629 ex
2322 5573 2396 5625 ﬂn
2447 5585 2534 5636 ep.
2567 5570 2598 5621 8
2641 5569 2736 5622 llb.
2770 5579 2872 5620 vni
2905 5562 3065 5626 infra,
3103 5571 3225 5628 qua
3257 5566 3341 5614 est
3372 5560 3618 5625 ejusdem
3652 5572 3822 5625 argu-

318 5638 502 5700 menti,
526 5638 829 5703 iisdemque
860 5638 1143 5693 sententiis
1176 5648 1230 5692 et
1269 5642 1461 5692 verbis.
