4140 6480
293 276 400 337 307

802 230 876 334 IS.
916 272 1139 334 PETRI
1177 267 1500 331 DAMIANI
1540 265 1698 326 OPP.
1743 261 1932 324 PARS
1973 261 2115 323 SEU
2154 262 2408 326 TOMUS
2444 266 2502 327 Ι.
2542 298 2610 311 -
2648 266 2887 328 EPIST.
2930 265 3076 327 LIB.
3118 264 3274 324 VIII.

3700 268 3815 330 308

208 396 215 401 ’
297 410 457 464 verat
497 406 730 463 sanctus
768 402 1115 462 Benedictus
1147 414 1271 458 esse
1313 397 1632 457 videbatur.
1667 395 1800 453 Post
1826 392 2071 468 hujusA
2089 394 2269 454 cium.
2331 395 2439 455 Sed
2485 399 2836 472 precor..ait,
2866 398 2960 457 dic
3001 396 3200 457 domui
3253 412 3422 467 meae,
3455 402 3522 456 ut
3569 396 3817 457 reddant

294 500 494 554 autem
538 494 751 553 montis
789 508 1096 551 ascensum
1126 490 1283 549 illico
1314 486 1609 561 presbyter
1639 488 1751 542 toto
1779 498 2013 556 corpore

298 602 422 645 sese
485 585 767 659 comperit
836 601 960 644 esse
1029 583 1344 656 leprosum,
1424 592 1678 650 moxque
1742 590 2011 649 prorum-

293 692 438 750 pens
466 700 478 734 :
514 675 642 734 Heu
672 676 684 731 !
720 676 834 733 heu
865 678 874 733 !
905 672 1118 747 inquit,
1144 687 1250 728 cur
1271 668 1451 743 hujus
1476 662 1822 738 pestilentiae
1847 662 2013 736 plaga

294 781 390 824 me
420 763 665 839 perdidit
695 762 722 821 ?
760 760 868 820 Cui
906 761 971 819 B.
1008 759 1354 818 Benedictus
1386 776 1397 813 :
1430 755 1669 829 Diplois,
1701 753 1802 823 ait,
1834 768 2009 829 quam

294 853 597 927 suscepisti
635 852 705 910 de
742 851 1107 925 eleemosyna
1141 846 1368 905 comitis
1413 842 1803 902 Hildebrandi
1863 848 2014 911 (nam

294 942 451 1001 idem
500 940 932 999 Hildebrandus
982 946 1123 997 tunc
1177 951 1366 1008 nuper
1420 933 1656 999 obierat)
1722 931 1848 989 haec
1908 930 2015 988 tibi

294 1048 461 1092 versa
510 1036 595 1090 est
651 1030 712 1088 in
772 1029 990 1101 lepram
1041 1046 1054 1083 :
1102 1024 1479 1101 quamobrem
1528 1020 1701 1079 redde
1745 1020 2013 1078 transito-

295 1122 444 1181 riam
482 1127 722 1192 vestem,
765 1120 812 1177 si
859 1120 947 1177 vis
984 1121 1274 1195 perpetuae
1312 1114 1488 1187 leprze
1537 1113 1718 1169 vitare
1760 1110 2009 1184 prurigi-

296 1229 452 1271 nem.
510 1212 653 1270 Hzec
707 1211 863 1269 enim
914 1207 1147 1268 odibilis
1195 1223 1263 1265 ac
1311 1205 1629 1281 perniciosa
1674 1204 1847 1263 vestis
1902 1203 2010 1261 sibi

294 1302 555 1377 quidem,
596 1307 661 1359 ut
699 1298 1003 1372 conspicis,
1045 1296 1260 1365 nocuit,
1302 1294 1389 1353 illi
1429 1309 1563 1351 vero
1593 1292 1741 1351 nihil
1774 1293 2013 1352 omnino

293 1390 552 1466 profecit.
589 1391 659 1451 Ut
688 1390 830 1465 quid
869 1406 1005 1463 ergo
1037 1403 1345 1462 pravorum
1388 1384 1779 1463 quorumlibet
1819 1385 2010 1444 homi—

295 1498 443 1541 num
478 1496 726 1540 munera
762 1478 1107 1554 quaerimus,
1137 1492 1271 1535 cum
1301 1491 1501 1534 eorum
1532 1476 1759 1549 quaevis
1797 1474 2012 1534 oblatio

295 1576 351 1631 et
383 1570 626 1630 illorum
663 1575 911 1644 nequeat
948 1566 1177 1626 abolere
1215 1564 1479 1638 contagia
1516 1570 1571 1623 et
1608 1564 1775 1623 nobis
1817 1580 2011 1623 versa-

298 1664 393 1716 tur
424 1658 489 1716 in
515 1656 736 1732 lepram
761 1656 788 1715 ?

371 1746 482 1806 Sed
522 1751 586 1805 ut
625 1745 800 1804 totius
831 1743 1076 1803 visionis
1106 1742 1315 1800 seriem
1348 1754 1789 1816 prosequamur,
1821 1739 2005 1798 conti-

298 1852 418 1895 nuo
465 1835 534 1894 B.
589 1834 939 1893 Benedictus
981 1847 1119 1892 eum
1161 1831 1233 1890 de
1278 1835 1472 1888 monte
1509 1829 1793 1902 deposuit,
1841 1838 2013 1903 atque

295 1926 367 1983 ad
395 1925 671 1999 subjectae
696 1923 978 1982 convallis
1006 1921 1280 1980 inferiora
1307 1919 1574 1979 deduxit.
1604 1919 1833 1977 Interea
1856 1919 2013 1979 videt

2095 483 2509 555 possessionem
2558 486 2623 543 B.
2676 486 2892 557 Mariae,
2924 503 3099 560 quam
3143 485 3382 557 abstuli,
3413 485 3457 544 si
3500 486 3644 545 forte
3687 503 3814 545 me-

2094 590 2222 631 rear
2272 574 2344 631 ab
2398 575 2511 645 his,
2562 576 2623 632 in
2681 576 2898 648 quibus
2944 584 3157 646 teneor,
3210 575 3395 648 pmnis
3439 575 3683 635 absolvi.
3731 577 3815 635 De

2095 678 2208 735 qua
2249 669 2439 721 tamen
2480 664 2719 722 ecclesia
2758 664 2823 722 B.
2870 663 3070 723 Marias
3123 663 3476 737 loqueretur,
3518 665 3819 738 presbyter

2095 766 2211 809 non
2242 754 2498 825 agnovit,
2543 757 2599 811 et
2631 753 2965 813 viventibus
3007 752 3330 828 specialiter
3361 752 3667 826 designare
3694 770 3817 814 non

2095 843 2301 915 potuit.
2344 843 2624 902 Praeterea
2667 844 2966 918 presbyter
2998 844 3061 901 in
3104 843 3394 901 anteriora
3431 843 3814 916 contendens,

2096 931 2244 990 vidit
2301 933 2540 993 domum
2592 932 2770 992 nimis
2828 932 3173 991 horrendam
3233 937 3408 1006 atque
3468 933 3813 1006 terribilem,

2095 1021 2408 1094 pluresque
2451 1022 2748 1081 ministros
2797 1021 3057 1095 ejusdem
3106 1020 3313 1078 domus
3362 1036 3528 1094 aeque
3573 1022 3815 1093 feroces,

2096 1114 2308 1180 torvos,
2339 1127 2403 1168 ac
2434 1112 2563 1170 visu
2590 1113 2714 1185 ipso
2742 1111 3159 1181 formidabiles,
3203 1110 3305 1186 qui
3349 1111 3629 1170 nimirum
3675 1113 3813 1171 hinc

2094 1201 2229 1259 inde
2271 1217 2404 1259 cum
2441 1218 2651 1275 magna
2692 1202 3015 1275 frequentia
3055 1201 3449 1260 discurrentes
3495 1202 3812 1261 anxiaban-

2096 1296 2207 1359 tur,
2242 1290 2613 1361 anhelabant,
2648 1297 2703 1349 et
2735 1291 2929 1350 nescio
2962 1291 3106 1367 quid
3139 1306 3421 1366 magnum
3459 1293 3619 1352 velut
3657 1309 3812 1367 egre-

2092 1378 2255 1453 gium
2304 1381 2701 1453 praestolantes
2746 1381 3054 1455 hospitem,
3092 1382 3507 1456 praeparabant.
3547 1381 3813 1458 Cumque

2092 1470 2368 1543 praefatus
2421 1471 2763 1545 presbyter,
2827 1472 2969 1546 quid
3043 1473 3151 1530 hoc
3208 1479 3395 1545 esset,
3456 1474 3811 1547 stupefactus

2092 1558 2433 1634 inquireret,
2480 1579 2826 1637 responsum
2870 1570 2974 1635 est,
3017 1579 3115 1623 eos
3144 1572 3349 1640 quarta
3375 1565 3518 1624 feria
3542 1567 3813 1639 proxime

2094 1656 2337 1709 ventura
2374 1652 2646 1711 comitem
2688 1659 3020 1728 exspectare
3062 1654 3413 1713 Guidonem.
3460 1654 3621 1714 Sicut
3649 1656 3810 1714 enim

2030 1739 2309 1825 Bcopiosi
2365 1740 2707 1801 deliciarum
2761 1750 3027 1817 sumptus
3089 1744 3352 1802 venturis
3411 1750 3814 1819 praeparantur

2098 1827 2440 1901 hospitibus,
2488 1830 2567 1888 ita
2606 1830 2847 1905 maligni
2887 1832 3122 1905 spiritus
3155 1832 3366 1891 misero
3416 1833 3641 1892 homini
3694 1849 3811 1892 non

2094 1916 2257 1989 alias,
2294 1934 2471 1992 quam
2499 1935 2803 1993 poenarum
2838 1936 2904 1978 ac
2933 1927 3350 1980 tormentorum
3385 1922 3584 1996 epulas
3615 1923 3813 1996 provi-

293 2012 598 2088 presbyter
650 2011 1006 2070 horrendum
1070 2009 1382 2084 quemdam
1440 2008 1714 2079 ﬂuvium,
1778 2012 2008 2080 tetrum,
2093 2005 2325 2065 debant.
2365 2008 2670 2082 Presbyter
2711 2010 2904 2084 itaque
2940 2009 3252 2069 Rainerius
3295 2018 3420 2082 post
3450 2011 3601 2070 hanc
3629 2010 3805 2070 visio-

291 2105 544 2180 piceum,
576 2109 750 2177 atque
779 2101 1187 2176 sulphureum,
1219 2102 1389 2174 juxta
1426 2116 1624 2176 quem,
1661 2101 1806 2160 duce
1848 2101 2013 2160 beato
2093 2113 2228 2156 nem
2258 2099 2557 2173 evigilavit
2585 2120 2598 2173 ;
2629 2101 2782 2177 quod
2811 2102 3054 2173 viderat,
3084 2103 3378 2172 recitavit;
3412 2118 3604 2161 comes
3633 2118 3809 2177 quar-

293 2196 439 2267 viro,
475 2195 615 2254 dum
655 2196 935 2267 pergeret,
976 2207 1092 2249 vox
1130 2191 1201 2249 de
1237 2190 1484 2249 ﬂumine
1514 2190 1729 2262 sonuit,
1758 2205 2012 2264 eumque
2093 2190 2149 2245 ta
2180 2188 2339 2258 feria,
2373 2189 2521 2247 sicut
2551 2190 2894 2263 praedictum
2923 2196 3028 2262 est,
3058 2190 3219 2249 obiit.

294 2282 539 2343 vocavit.
596 2282 857 2354 Cumque
906 2278 1175 2352 protinus
1222 2277 1324 2335 ille
1372 2276 1729 2347 subsisteret,
1775 2283 1829 2334 et
1878 2277 2012 2351 quis
2164 2278 2240 2336 Ut
2281 2294 2415 2353 ergo
2452 2278 2523 2337 ad
2573 2281 2653 2352 id,
2707 2282 2861 2356 quod
2903 2282 3207 2355 coepimus,
3247 2286 3644 2354 revertamur;
3690 2283 3814 2342 noli

293 2388 431 2432 eum
469 2358 777 2441 vocaverit,
817 2368 1159 2442 inquisisset
1198 2390 1211 2425 :
1256 2367 1398 2440 Ego,
1436 2367 1653 2441 inquit,
1687 2381 1818 2425 sum
1856 2367 2009 2424 infe-
2091 2368 2287 2438 frater,
2343 2368 2463 2426 noli
2506 2377 2699 2442 patere
2739 2368 3122 2444 muneribus;
3176 2387 3297 2429 non
3339 2371 3633 2443 omnibus,
3679 2388 3813 2449 quae

294 2461 611 2520 licissimus
641 2460 741 2518 ille
768 2474 958 2517 comes
989 2456 1444 2528 Hildebrandus,
1475 2456 1570 2514 cui
1608 2456 2009 2530 paenitentiam
2094 2457 2448 2530 praebentur,
2492 2457 2639 2517 liber
2672 2459 2825 2534 apud
2860 2466 2911 2518 te
2938 2466 3125 2533 pateat
3152 2461 3363 2532 aditus,
3401 2462 3499 2519 sed
3540 2462 3813 2535 quaedam

292 2551 426 2612 licet
464 2552 886 2611 infructuosam
925 2549 1222 2624 imponere
1259 2562 1663 2607 consueveras.
1705 2546 1810 2605 Cui
1850 2563 2010 2621 pres-
2094 2547 2492 2619 admittantur,
2523 2556 2587 2607 ut
2616 2548 2675 2605 in
2709 2549 3150 2608 necessitatibus
3181 2549 3507 2620 sublevent,
3542 2552 3811 2625 quaedam

294 2642 464 2717 byter
507 2641 626 2700 ait:
661 2640 731 2698 Et
765 2639 1056 2715 quomodo
1108 2644 1171 2697 tu
1207 2654 1399 2698 comes
1446 2638 1884 2697 Hildebrandus
1927 2654 2009 2709 es,
2095 2636 2470 2710 repellantur,
2504 2653 2578 2695 ne
2608 2645 2800 2696 reatus
2828 2638 3005 2696 alieni
3038 2654 3141 2697 nos
3165 2638 3520 2713 ponderibus
3548 2648 3808 2714 gravent.

295 2747 430 2790 cum
456 2731 558 2791 .sis
607 2735 722 2789 tam
765 2729 924 2789 obesi
961 2732 1017 2787 et
1062 2728 1315 2787 mutilati
1354 2726 1610 2802 corporis
1648 2734 1713 2785 ut
1750 2742 1864 2785 non
1911 2728 2016 2785 hu-
2096 2725 2252 2784 Dum
2293 2725 2472 2800 igitur
2514 2726 2699 2785 oblata
2750 2728 3120 2803 suscipimus,
3171 2730 3240 2787 de
3284 2730 3648 2789 oﬂ‘erentium
3697 2747 3813 2789 me-

296 2837 530 2880 manam
585 2821 854 2895 speciem,
912 2815 1053 2874 108
1101 2820 1200 2877 sed
1254 2819 1377 2877 taxi
1431 2818 1622 2891 potius
1670 2817 1882 2876 habere
1922 2817 2014 2875 vi-
2097 2814 2224 2873 ritis
2275 2816 2437 2889 prius
2488 2831 2721 2875 necesse
2778 2824 2863 2875 est
2917 2818 3303 2891 disputemus.
3358 2818 3565 2877 Manus
3615 2819 3813 2895 itaque

297 2909 488 2969 dearis
531 2909 833 2983 eﬂigiem?
870 2907 980 2967 Cui
1017 2923 1208 2967 comes
1241 2931 1253 2965 :
1290 2908 1415 2978 Tot,
1458 2907 1669 2982 inquit,
1712 2907 2015 2982 suppliciis
2098 2911 2292 2962 nostra
2335 2921 2453 2964 non
2498 2905 2696 2964 omnia
2734 2921 2867 2981 quae
2913 2908 3244 2980 prmbentur
3284 2908 3677 2967 indifferenter
3714 2925 3811 2967 ac-

293 3004 525 3071 atteror,
574 3005 652 3057 tot
704 2997 891 3067 novis,
936 3003 992 3055 et
1037 2996 1347 3069 exquisitis
1391 2996 1650 3071 quotidie
1693 2997 1881 3070 poenis
1925 2996 2016 3054 af-

295 3090 483 3163 ﬂigor,
537 3093 602 3147 ut
642 3103 761 3145 non
813 3087 1029 3145 mirum
1074 3087 1149 3145 sit
1190 3085 1344 3159 quod
1385 3086 1640 3161 corporis
1677 3089 1791 3147 mei
1832 3089 2017 3147 forma

298 3178 598 3251 depereat,
662 3176 761 3235 sed
811 3175 961 3250 quod
1018 3175 1389 3250 aliquatenus
1436 3175 1527 3235 vel
1588 3178 1835 3237 essentia
1891 3178 2015 3252 ipsa

297 3266 590 3327 subsistat.
643 3267 844 3326 Tantae
899 3266 1114 3325 scilicet
1171 3265 1523 3325 crudelitatis
1576 3267 1687 3339 fui,
1754 3268 1895 3326 dum
1951 3269 2014 3327 in

295 3370 532 3428 corpore
557 3353 704 3424 vixi,
747 3360 811 3413 ut
846 3369 1003 3413 nunc
1034 3354 1244 3413 sanctis
1281 3354 1556 3413 omnibus
1593 3354 1726 3414 odio
1762 3355 2009 3429 habear;

2098 2992 2304 3065 cipiat;
2363 3000 2418 3052 et
2470 3010 2589 3053 non
2634 2994 2695 3053 id
2744 2996 2895 3069 quod
2942 2997 3198 3067 offertur,
3250 2997 3349 3055 sed
3388 2997 3577 3071 potius
3620 3014 3653 3056 a
3695 3015 3814 3073 quo

2100 3084 2339 3142 offertur
2399 3083 2539 3140 109
2589 3091 2757 3146 cauta
2800 3088 2966 3161 prius
3020 3089 3451 3147 examinatione
3500 3088 3809 3147 discernat.

2099 3173 2247 3231 Dicit
2288 3172 2583 3248 Scriptura
2636 3194 2649 3234 :
2712 3196 2739 3229 «
2792 3175 2852 3236 Si
2904 3184 3053 3236 recte
3104 3179 3330 3249 offeras,
3386 3184 3439 3235 et
3487 3183 3635 3236 recte
3690 3194 3810 3237 non

2098 3264 2342 3337 dividas,
2387 3266 2628 3339 peccasti
2669 3267 2821 3337 (Gen.
2879 3280 2965 3337 1v,
3017 3268 3185 3343 juxta
3232 3267 3647 3343 Septuaginta).
3689 3290 3710 3319 ν
3744 3268 3816 3326 Et

2097 3370 2204 3413 nos
2254 3354 2409 3428 quod
2463 3357 2731 3415 similiter
2779 3364 2864 3417 est
2922 3359 3314 3418 necessarium
3370 3358 3619 3417 dicimus
3676 3358 3814 3434 quia

295 3450 353 3503 et
388 3443 466 3501 ita
504 3458 597 3502 me
620 3444 779 3518 justa
810 3458 1013 3503 eorum
1052 3444 1328 3503 severitas
1370 3444 1725 3503 unanimiter
1774 3445 2015 3519 despicit
2098 3446 2145 3504 si
2175 3463 2305 3520 quaa
2336 3448 2649 3508 oﬂ‘erentur
2677 3451 2924 3524 accipias
2957 3457 3013 3508 et
3043 3451 3413 3509 oderentium
3450 3450 3655 3508 merita
3695 3465 3814 3507 non

294 3534 447 3608 quod
495 3532 693 3591 nullus
738 3533 976 3592 illorum
1028 3534 1219 3593 adhuc
1269 3549 1371 3607 pro
1413 3550 1506 3592 me
1550 3535 1704 3609 apud
1750 3536 2014 3595 divinam
2095 3538 2407 3606 discernes,
2438 3541 2693 3601 deterius
2732 3543 3048 3617 deliquisti.
3093 3541 3194 3600 Vis
3236 3541 3439 3600 audire
3474 3541 3617 3616 quid
3665 3540 3814 3599 mihi

297 3621 667 3683 clementiam
717 3622 1059 3682 intercessit.
1117 3622 1477 3682 Videbantur
1527 3632 1721 3683 autem
1778 3627 2015 3699 praefato
2096 3645 2284 3702 nuper
2308 3630 2379 3688 de
2403 3630 2607 3690 collato
2633 3632 2885 3705 quodam
2923 3647 3164 3691 munere
3192 3630 3479 3704 contigit?

296 3712 477 3772 ﬂuvio
516 3712 978 3773 innumerabiles
1016 3712 1280 3772 volucres
1324 3715 1490 3788 quasi
1532 3715 1818 3773 columbze
1854 3717 2015 3774 varia
2169 3715 2488 3775 Primarius
2515 3717 2754 3791 quidam
2792 3719 3138 3793 Rodulphus
3175 3719 3433 3790 nomine,
3478 3722 3681 3791 potens
3719 3732 3814 3775 sa-

297 3803 637 3878 plumarum
674 3803 1006 3862 diversitate
1040 3800 1364 3876 conspersae
1398 3810 1463 3861 ut
1500 3802 1639 3862 hinc
1675 3803 1814 3875 albi,
1852 3803 2015 3863 illinc
2098 3805 2170 3863 tis
2211 3813 2266 3863 et
2307 3808 2582 3879 prudens,
2622 3809 2775 3882 apud
2811 3825 2988 3868 suum
3031 3809 3450 3867 monasterium
3491 3807 3638 3865 mihi
3686 3805 3809 3879 pal-

294 3893 449 3968 nigri
502 3894 749 3954 discolor
801 3896 1019 3968 species
1068 3895 1383 3966 videretur,
1460 3910 1778 3969 omnesque
1852 3896 2016 3955 velut
2101 3895 2240 3954 lium
2284 3904 2614 3955 reverenter
2653 3898 2880 3969 obtulit,
2925 3899 3080 3973 quod
3127 3898 3461 3970 triblathon,
3504 3897 3674 3971 juxta
3719 3896 3809 3955 sui

294 3988 515 4042 maestae
552 3982 750 4055 nimis,
790 3999 856 4042 ac
894 3983 1174 4056 lugubres
1210 3985 1377 4058 quasi
1427 4001 1548 4059 prae
1594 3986 1791 4045 dolore
1836 3993 2015 4045 rostra
2096 3986 2325 4061 generis
2355 3987 2624 4061 speciem,
2661 3996 3072 4062 nuncupatur;
3106 3989 3284 4048 trium
3315 3988 3527 4063 quippe
3552 3987 3815 4045 colorum

295 4073 707 4146 retorquebant
739 4073 809 4132 ad
849 4076 1154 4148 pennulas.
1202 4076 1527 4151 Inquisitus
1562 4079 1759 4152 itaque
1800 4096 2012 4154 comes,
2097 4083 2220 4148 est;
2260 4084 2315 4134 et
2352 4077 2588 4137 blathon
2620 4079 2860 4152 pallium
2892 4079 3124 4151 dicitur,
3158 4079 3315 4137 unde
3346 4079 3657 4137 triblathon
3688 4076 3816 4151 pal—

296 4176 431 4234 quae
471 4159 592 4220 ωδε
626 4160 893 4221 volucres
931 4169 1140 4233 essent,
1187 4167 1480 4239 respondit
1509 4186 1523 4225 :
1552 4167 1678 4225 Illze
1724 4174 1879 4240 sunt,
1921 4169 2015 4226 in-
2098 4167 2243 4225 lium
2297 4172 2554 4240 vocatur,
2609 4168 2764 4241 quod
2820 4168 2997 4227 trium
3053 4167 3312 4229 cernitur
3366 4182 3488 4225 esse
3532 4166 3812 4225 celerum.

298 4252 445 4327 quit,
486 4251 700 4310 animae
738 4251 981 4312 diversis
1018 4254 1077 4311 in
1129 4254 1235 4314 hoc
1275 4258 1503 4330 gurgite
1544 4259 1891 4332 purgatoriis
1927 4260 2018 4317 de-
2097 4256 2223 4316 Hoc
2259 4258 2454 4331 itaque
2497 4258 2588 4316 vir
2622 4257 2722 4316 ille
2764 4257 3100 4332 suppliciter
3134 4257 3383 4317 offerens
3423 4255 3683 4330 procidit,
3725 4272 3816 4313 so-

296 4346 534 4416 putatae,
576 4356 711 4416 quae
748 4341 1016 4401 videlicet
1050 4344 1198 4403 sicut
1232 4363 1351 4405 non
1390 4363 1462 4405 ex
1506 4353 1619 4405 toto
1663 4354 1800 4405 sunt
1846 4347 2012 4418 albae,
2099 4347 2269 4419 loque
2308 4353 2624 4420 prostratus
2673 4363 2783 4417 me,
2833 4363 2947 4421 qua
3002 4347 3204 4420 potuit,
3261 4344 3576 4404 humilitati
3628 4344 3817 4401 cordis

298 4434 397 4492 sed
443 4432 728 4491 interfusa
776 4433 1019 4507 sparsim
1070 4435 1371 4509 nigredine
1423 4438 1682 4509 variatae,
1728 4438 1810 4497 sic
1850 4446 1904 4497 et
1942 4456 2069 4510 ex_
2100 4436 2421 4494 intentione
2448 4436 2714 4509 rogavit:
2746 4436 2935 4508 Defer,
2976 4436 3187 4510 inquit,
3226 4436 3334 4494 hoc
3368 4433 3814 4499 munusculum.

298 4528 458 4596 parte
484 4522 607 4597 jam
638 4502 961 4597 purificatae
985 4528 1042 4582 et
1069 4502 1333 4599 exvparte
1373 4533 1509 4585 sunt
1546 4502 1738 4586 adhuc
1774 4502 2079 4600 peccatisD
2101 4526 2337 4586 domine
2382 4526 2482 4597 mi,
2516 4502 2747 4585 “sanctis
2794 4502 3073 4586 fratribus
3117 4502 3249 4597 tuis,
3284 4544 3314 4583 a
3356 4525 3571 4598 quibus
3612 4524 3818 4596 utique

299 4610 592 4671 obnoxiae.
636 4611 781 4670 Nam
820 4620 1038 4688 quanto
1075 4616 1375 4690 spatiosior
1413 4615 1617 4675 albedo
1649 4618 1915 4676 cernitur
1954 4618 2017 4677 in
2102 4617 2184 4675 nil
2215 4617 2374 4675 aliud
2409 4624 2557 4692 peto,
2601 4617 2712 4676 nisi
2740 4624 2807 4675 ut
2836 4618 2943 4675 hoc
2982 4616 3170 4675 solum
3210 4616 3363 4689 apud
3404 4614 3665 4672 divinam
3701 4613 3815 4670 im-

305 4701 575 4760 varietate
619 4702 974 4775 plumarum,
1025 4711 1184 4764 tanto
1240 4706 1422 4780 major
1469 4704 1814 4781 intelligitur
1871 4708 2018 4766 facta
2100 4716 2322 4784 petrare
2370 4709 2735 4768 clementiam
2787 4708 3074 4778 studeant,
3116 4712 3460 4781 quatenusa
3490 4705 3658 4764 corde
3687 4719 3815 4763 meo

298 4790 536 4851 abolitio
573 4801 981 4867 peccatorum;
1018 4795 1082 4852 in
1121 4802 1410 4869 quantum
1461 4812 1599 4855 vero
1644 4798 1883 4872 nigredo
1923 4816 2014 4858 re-

300 4884 587 4944 mansisse
621 4886 996 4961 conspicitur,
1036 4886 1098 4946 in
1142 4894 1370 4947 tantum
1423 4888 1612 4948 adhuc
1652 4896 2017 4964 peccatorum

299 4973 546 5033 maculis
583 4984 991 5049 asperguntur.
1038 4974 1146 5035 Sed
1180 4984 1304 5052 post
1342 4978 1525 5037 multa
1555 4981 1851 5055 presbyter
1880 4981 2018 5040 inde

300 5064 653 5137 procedens,
711 5065 911 5139 aspicit
972 5066 1315 5128 Lotharium
1377 5069 1680 5141 comitem,
1742 5070 1843 5144 qui
1894 5072 2016 5147 jam

301 5158 432 5210 ante
483 5169 599 5211 non
646 5152 899 5214 multum
938 5161 1165 5229 tempus
1203 5157 1439 5216 obierat.
1484 5158 1593 5218 Hic
1630 5158 1825 5235 itaque
1864 5160 2017 5235 pube

303 5246 475 5299 tenus
522 5242 713 5302 adhuc
765 5244 1128 5305 cruciabatur
1177 5246 1239 5303 in
1289 5247 1545 5321 gurgite,
1615 5250 1731 5306 fere
1788 5248 2016 5309 medius

304 5330 611 5391 eminebat.
654 5334 921 5410 Cumque
960 5337 1259 5409 presbyter
1297 5353 1452 5407 eum,
1491 5338 1738 5414 qualiter
1779 5356 1913 5415 erga
1957 5359 2017 5401 se

305 5426 589 5493 ageretur,
631 5421 973 5497 inquireret,
1024 5424 1315 5499 respondit
1354 5430 1535 5485 totum
1578 5445 1636 5501 se
1684 5427 2017 5503 sulphureis

306 5509 481 5569 undis
527 5512 714 5583 primo
766 5514 943 5574 fuisse
993 5516 1382 5587 submersum,
1432 5518 1531 5576 sed
1567 5519 1687 5593 jam
1740 5520 2014 5592 paulatim

307 5598 588 5672 alleviari,
625 5618 691 5660 ac
727 5603 797 5661 de
836 5604 930 5664 die
969 5606 1032 5663 in
1070 5605 1225 5664 diem
1263 5606 1561 5667 mitescere
1583 5624 1760 5684 grave
1794 5612 2015 5687 suppli-

2099 4800 2493 4870 tenebrarum,
2546 4814 2690 4872 quas
2745 4798 2974 4872 patitur,
3029 4796 3338 4871 caliginem
3396 4796 3573 4854 tollat.
3632 4797 3815 4854 Amor

2100 4890 2257 4949 enim
2299 4889 2499 4947 szeculi
2539 4904 2636 4946 cor
2667 4903 2864 4947 meum
2894 4887 3109 4946 detinet
3136 4886 3515 4955 obcaecatum,
3547 4885 3812 4961 mihique

2099 4980 2364 5039 tenebras
2390 4979 2623 5054 ingerit,
2663 4994 2806 5052 quas
2838 4977 3049 5036 sanctis
3076 4992 3280 5035 eorum
3314 4974 3674 5035 orationibus
3704 4990 3810 5032 ex-

2097 5069 2232 5145 pelli
2276 5068 2503 5143 (cupido
2538 5067 2735 5140 addit),
2779 5083 2894 5142 quo
2937 5067 3139 5125 saltem
3184 5076 3356 5125 tenue
3401 5064 3619 5122 divinae
3666 5062 3812 5122 lucis

2096 5160 2354 5236 igniculo
2380 5176 2602 5219 merear
2626 5159 2927 5220 illustrari.
2961 5158 3070 5218 Sed
3101 5174 3234 5216 cum
3264 5172 3368 5230 ego
3400 5162 3455 5214 et
3484 5154 3811 5214 orationum

2096 5256 2229 5308 vota
2257 5247 2676 5324 promitterem,
2700 5255 2754 5305 et
2783 5263 2998 5305 munus
3024 5247 3313 5320 ingestum
3344 5260 3459 5302 non
3491 5243 3660 5301 modo
3691 5258 3815 5299 ver-

2101 5340 2207 5409 bis,
2243 5339 2341 5397 sed
2372 5344 2428 5396 et
2459 5337 2727 5395 manibus
2758 5335 3175 5411 prepulsarem,
3209 5351 3344 5407 qua:
3375 5333 3651 5405 utrinque
3683 5333 3816 5391 fusa

2101 5430 2217 5488 sint
2264 5430 2459 5499 verba,
2511 5429 2886 5503 intelligenda
2935 5427 3301 5499 reliquimus,
3350 5443 3465 5485 non
3511 5425 3811 5483 scribenda

2100 5537 2199 5595 per
2243 5520 2502 5579 ordinem
2544 5519 2895 5593 judicamus.
2937 5517 3085 5588 Quid
3122 5518 3331 5591 plura?
3362 5517 3558 5576 defero
3595 5531 3815 5575 munus

2102 5611 2392 5684 fratribus,
2425 5611 2521 5670 sed
2553 5610 2806 5686 ingratos
2832 5609 3101 5679 invenio;
3139 5609 3309 5683 legati
3352 5609 3560 5683 iungor
3602 5607 3813 5680 ofﬁcio,
