4140 6484
380 315 486 378 309

1576 317 1802 379 LIBER
1839 318 2211 393 QUARTUS,
2256 322 2496 386 EPIST.
2539 326 2696 386 VIII.

3781 332 3887 393 310

373 440 473 499 sed
502 453 621 522 non
644 424 847 499 feinve
868 438 1173 530 suscipior.
1200 439 1567 501 Invehuntur
1591 444 1772 517 enim,
1799 459 1919 503 non
1951 460 2083 519 gra-
2099 448 2152 509 A
2173 445 2368 507 docuit
2395 448 2671 510 relatione
2699 452 2855 525 quod
2885 466 3075 513 narro.
3105 453 3656 530 Albericus,inquit,
3680 457 3882 518 Eccle—

372 529 481 588 tias
516 534 732 604 agunt;
774 529 1317 613 expostulantrnon
1377 531 1798 605 blandiuntur;
1838 540 1892 592 et
1929 533 2086 593 obla-

372 621 592 680 tionem
630 620 761 681 talis
786 620 900 678 viri
927 636 1045 679 non
1069 620 1312 692 donum,
1354 623 1454 681 sed
1491 623 1690 682 sordes
1737 629 1909 699 atque
1947 641 2087 686 con-

371 712 593 785 tagium
617 710 893 784 deputant
922 710 1278 770 animarum.
1310 710 1487 771 Nullo
1512 711 1708 787 itaque
1732 720 1894 787 pacto
1918 716 2085 790 quie-

370 817 528 861 scere
569 806 902 875 potueruut,
934 800 1117 859 donec
1175 815 1392 860 munus
1443 801 1671 860 incaute
1728 811 2083 878 susceptum,

368 890 442 948 ad
474 905 635 960 eum,
663 889 767 963 qui
805 888 1058 961 dederat,
1096 896 1309 965 prasto
1344 890 1719 966 remitterem,
1752 892 1922 968 eique
1950 911 2082 968 gra-

373 979 546 1039 tuitas
572 978 861 1038 orationes
890 979 999 1038 sub
1039 980 1234 1038 verbis
1272 982 1650 1040 excusatoriis
1694 982 2083 1045 nihilominus

369 1068 537 1143 quasi
587 1084 705 1127 non
752 1068 1129 1139 remitterem,
1170 1069 1495 1144 pollicerer.
1548 1071 1770 1145 Fateor,
1824 1074 2080 1132 multum

370 1159 517 1218 mihi
558 1158 793 1233 placuit,
822 1158 976 1234 quod
1018 1159 1354 1233 objurgatus
1402 1177 1557 1234 sum,
1587 1162 1741 1236 quod
1786 1171 2080 1237 correptus

368 1266 523 1320 sum,
579 1250 736 1324 quod
798 1247 996 1308 verbis
1058 1249 1429 1309 mordacibus
1482 1267 1749 1325 aspersus
1802 1268 1955 1311 sum.
1988 1253 2078 1311 Tu

368 1356 621 1416 quoque,
676 1340 867 1411 frater,
916 1341 1142 1399 custodi
1176 1347 1227 1400 te
1267 1358 1301 1400 a
1350 1342 1692 1403 muneribus
1736 1344 2074 1418 impiorum,

368 1439 432 1491 ut
461 1432 604 1490 dum
632 1447 801 1489 caves
829 1430 1147 1505 proprium,
1179 1430 1437 1491 alienum
1486 1433 1907 1506 perhorrescas,
1939 1434 2075 1492 tibi-

367 1528 487 1580 met
510 1521 788 1581 adhibere
816 1520 1100 1593 ﬂagitium
1137 1541 1149 1579 :
1181 1527 1255 1591 et,
1275 1522 1446 1595 juxta
1488 1522 1655 1581 Pauli
1683 1525 2029 1583 sententiam
2060 1545 2071 1584 :

363 1617 485 1674 Non
539 1614 892 1669 communices
939 1614 1179 1684 peccatis
1228 1615 1425 1668 alienis
1470 1615 1519 1681 (1
1567 1617 1706 1670 Tim.
1759 1620 1843 1684 V),
1885 1631 1952 1674 ac
1998 1615 2075 1674 1i-

362 1702 502 1760 bera
532 1700 745 1760 talibus
773 1715 908 1759 cum
941 1716 1009 1759 eo
1043 1700 1232 1760 valeas
1259 1702 1608 1762 conscientia
1636 1704 1827 1766 dicere
1858 1730 1870 1763 :
1907 1710 2073 1764 Mun-

363 1791 468 1847 dus
489 1807 585 1861 ego
615 1806 737 1846 sum
764 1808 800 1846 a
823 1792 1090 1860 sanguine
1121 1794 1361 1847 omnium
1387 1799 1626 1850 vestrum
1657 1796 1811 1866 (Act.
1837 1800 1973 1866 XX).

926 1895 1294 1956 EPISTULA
1340 1896 1503 1958 VIII.

588 1999 666 2047 AD
695 1998 1055 2047 MAINARDUM
1084 1998 1407 2046 EPISCOPUM
1456 1999 1825 2048 EUGUBINUM.

360 2079 808 2152 ΑΒΕΠΜΕΝῙΙῘΠΜε
828 2107 885 2120 --
905 2075 1203 2152 Mainardo
1229 2075 1543 2152 Eugubino
1569 2077 1833 2152 episcopo
1867 2081 2073 2139 suadet

431 2156 497 2209 ut
519 2149 734 2223 pradia
784 2148 1200 2225 facultatesque
1234 2147 1508 2206 Ecclesia
1540 2147 1794 2223 tempore
1824 2152 1916 2209 sui
1947 2153 2070 2225 epi-

432 2220 692 2295 scopatus
738 2220 1052 2295 ademptas,
1094 2220 1750 2295 recuperareconetﬁr;
1789 2220 2069 2282 eumdem

430 2290 710 2363 hortatur,
743 2298 806 2351 ut
847 2290 1036 2351 mores
1070 2290 1334 2363 corrigat,
1362 2290 1613 2350 arduum
1646 2290 1784 2352 vita
1828 2295 1938 2353 iter
1973 2310 2068 2353 ar-

431 2364 629 2439 ripiat,
644 2365 797 2439 quod
838 2363 1069 2439 facilius
1105 2378 1208 2437 per
1240 2379 1443 2439 aspera
1482 2379 1755 2439 quaque,
1778 2382 1845 2439 ac
1888 2367 2070 2425 ardua

428 2435 634 2517 mundi
662 2435 839 2517 hujus
866 2452 1009 2494 saxa
1033 2435 1399 2516 jaéta_tus,’ad
1424 2435 1651 2517 quietis
1663 2436 2069 2513 felicitatisque

427 2507 490 2566 in
520 2509 666 2567 calo
693 2507 923 2579 portum
952 2507 1255 2581 pervenire
1283 2507 1482 2580 possit.

439 2604 579 2662 110
627 2606 854 2665 Domno
898 2605 1220 2666 MAJNARDO
1271 2607 1537 2681 episcopo
1570 2652 1584 2666 .
1619 2649 1635 2665 .
1660 2610 1687 2665 '.
1728 2652 1741 2665 .
1782 2649 1797 2665 .
1833 2607 2069 2668 Parens

351 2700 613 2769 peccator
640 2695 981 2755 monachus.

424 2782 572 2852 Quia
598 2783 754 2855 novi,
792 2783 986 2854 frater,
1023 2783 1125 2842 tibi
1158 2797 1276 2841 non
1312 2783 1509 2842 deesse
1550 2782 1940 2857 prudentiam,
1974 2801 2064 2844 se-

2175 539 2278 596 sia
2304 553 2450 597 mea
2472 540 2581 600 sub
2604 542 2840 601 nomine
2861 543 3202 618 episcopalis
3219 544 3531 605 incubabat
3550 546 3744 607 oﬂicii.
3771 548 3881 608 Hic

2172 628 2436 688 obscena
2502 631 2886 691 meretricula
2942 633 3315 706 prolectarius
3362 634 3711 695 adbarebat.
3770 637 3879 707 Qui

2172 715 2437 776 videlicet
2469 719 2610 778 dum
2637 719 2859 779 Ottonis
2887 722 3139 794 Augusti
3173 723 3567 799 propinquum
3600 726 3880 786 formida-

2168 812 2255 865 ret
2285 808 2623 883 adventum,
2655 810 2868 870 falsum
2899 812 3176 871 mentitus
3202 819 3286 871 est
3308 812 3659 874 calibatum.
3691 816 3877 875 Mere-

2168 896 2369 955 tricem
2396 898 2594 974 itaque
2623 917 2658 957 a
2687 901 2959 959 consortii
2994 901 3086 960 sui
3121 903 3387 962 societate
3417 906 3681 978 removit,
3715 922 3879 966 eam-

2166 1003 2279 1063 que
2296 978 2455 1048 sacro
2471 991 2759 1051 velamine
2773 991 3051 1051 fallaciter
3063 993 3349 1065 indutam,
3380 996 3877 1057 sanctimonialem

2167 1095 2288 1138 esse
2337 1082 2675 1153 constituit;
2730 1090 3131 1142 verumtamen
3173 1091 3301 1157 post
3341 1084 3705 1158 imperatoris
3753 1091 3880 1148 abs-

2163 1185 2411 1241 cessum,
2443 1176 2499 1230 et
2529 1172 2599 1230 ad
2627 1172 2888 1246 pristina
2930 1173 3206 1231 fadilatis
3252 1173 3638 1247 ignominiam
3681 1178 3873 1249 rediit,

2163 1266 2217 1317 et
2246 1259 2486 1334 insuper
2507 1262 2578 1319 ad
2610 1262 2899 1335 probrosa
2925 1264 3186 1322 infamia
3200 1280 3323 1323 sua
3347 1266 3658 1326 cumulum
3683 1284 3760 1326 ex
3786 1284 3881 1326 ea-

2162 1347 2295 1406 dem
2333 1349 2561 1408 tartarei
2593 1352 2897 1425 prostibuli
2928 1351 3163 1410 victima
3184 1352 3375 1411 filium
3391 1356 3730 1428 procreavit.
3760 1356 3873 1426 Qui

2161 1450 2300 1495 mox
2353 1443 2417 1496 ut
2471 1455 2576 1513 per
2626 1442 2981 1500 incrementa
3034 1448 3362 1515 temporum
3424 1445 3876 1517 grandiusculus

2158 1524 2434 1598 adolevit,
2468 1535 2628 1601 pater
2668 1545 2803 1588 eum
2856 1530 3090 1590 sibimet
3129 1532 3195 1590 in
3240 1531 3547 1606 episcopali
3595 1534 3875 1609 dignitate

2160 1614 2480 1675 substituit.
2509 1616 2621 1676 Sed
2649 1632 2781 1676 cum
2816 1619 2988 1693 longa
3028 1619 3370 1679 dominandi
3411 1624 3765 1683 consuetudo
3802 1625 3873 1683 ad

2158 1704 2499 1762 memoriam
2550 1704 2778 1777 rediret,
2832 1723 3006 1782 seque
3055 1723 3176 1766 non
3216 1708 3490 1769 celebrari
3525 1726 3593 1768 ac
3628 1728 3873 1771 venera-

2094 1791 2351 1874 Bbiliter
2397 1794 2607 1867 excoli,
2664 1795 2812 1854 sicut
2862 1802 2995 1855 ante
3039 1804 3436 1871 consueverat,
3492 1801 3869 1874 erubesceret,

2160 1881 2373 1953 reperit
2426 1883 2737 1943 consilium
2777 1901 2853 1943 ex
2898 1884 3107 1944 intimo
3149 1886 3421 1947 diabolici
3468 1890 3712 1963 pectoris
3742 1890 3875 1949 felle

2159 1967 2471 2041 prolatum.
2506 1971 2759 2031 Locutus
2785 1973 2981 2048 itaque
3009 1974 3197 2047 primo
3222 1989 3357 2034 cum
3390 1976 3743 2049 quibusdam
3772 1995 3873 2053 pe-

2159 2061 2576 2121 stilentissimis
2601 2066 2922 2137 monachis,
2954 2065 3163 2125 deinde
3183 2082 3318 2125 cum
3345 2069 3651 2127 nonnullis
3680 2070 3870 2130 Deum

2156 2150 2546 2211 nescientibus
2586 2152 2766 2223 laicis,
2809 2156 3042 2214 tandem
3075 2154 3337 2215 condicto
3374 2157 3647 2230 prastita
3694 2175 3869 2233 spon-

2158 2244 2337 2303 sionis
2382 2251 2582 2319 pactus
2625 2252 2710 2305 est
2756 2247 2992 2317 fadere,
3028 2252 3094 2306 ut
3140 2254 3374 2307 centum
3421 2248 3707 2309 librarum
3760 2251 3868 2309 Pa-

2157 2333 2374 2407 piensis
2397 2341 2643 2393 moneta
2664 2336 2920 2410 pretium
2944 2336 3156 2395 infelix
3183 2343 3464 2396 mercator
3486 2339 3860 2412 appenderet;

2156 2428 2211 2481 et
2262 2424 2346 2482 sic
2389 2424 2495 2494 illi,
2538 2431 2746 2484 cacato
2793 2425 2957 2498 prius
3001 2425 3224 2498 abbate,
3273 2427 3375 2501 qui
3418 2433 3555 2486 tunc
3595 2437 3860 2502 praerat,

2155 2512 2470 2573 Casinense
2504 2516 2924 2575 monasterium
2949 2516 3002 2574 ei
3028 2532 3228 2576 secure
3255 2516 3675 2588 contraderent,
3707 2519 3865 2594 quod

2152 2604 2251 2662 ille
2288 2605 2560 2680 deinceps
2590 2621 2794 2665 eorum
2832 2608 3015 2666 fultus
3044 2606 3288 2677 auxilio,
3325 2608 3453 2666 sine
3482 2606 3606 2666 ullo
3633 2614 3862 2669 contra-

2151 2692 2421 2754 dictionis
2475 2695 2770 2756 obstaculo
2814 2696 3146 2771 possideret.
3179 2695 3301 2754 Hoc
3349 2697 3523 2755 etiam
3573 2697 3865 2771 primoge-

2149 2786 2261 2843 niti
2292 2783 2425 2839 111
2463 2784 2693 2844 Satana
2730 2786 3105 2846 conventioni
3135 2786 3451 2845 machinati
3491 2786 3723 2846 foederis
3758 2788 3865 2846 ad-

352 2890 533 2934 curus
560 2879 615 2933 et
641 2874 861 2949 absque
881 2875 1194 2935 formidine
1219 2875 1595 2947 correptionis
1625 2874 1867 2934 adhibeo
1898 2876 2061 2935 disci.
2148 2871 2440 2942 diderunt,
2476 2878 2541 2931 ut
2567 2873 2666 2932 ille
2697 2874 3184 2948 prataxatipretii
3205 2882 3426 2947 partem
3452 2875 3738 2935 duntaxat
3761 2893 3863 2951 per

351 2964 596 3039 plinam,
631 2964 777 3023 Nam
808 2971 862 3024 et
891 2965 953 3024 in
987 2966 1315 3025 Proverbiis
1346 2964 1617 3026 Salomon
1651 2966 1789 3024 dicit
1822 2990 1834 3025 ε
1869 2991 1889 3017 «ι
1925 2967 2063 3028 Plus
2147 2978 2283 3020 suos
2337 2978 2533 3022 servos
2592 2962 2859 3034 mitteret,
2923 2970 2978 3019 et
3033 2963 3213 3021 donec
3266 2961 3329 3021 in
3396 2963 3667 3024 manibus
3735 2967 3858 3026 suis

350 3054 580 3131 proﬁcit
641 3054 920 3129 correptio
967 3055 1122 3130 apud
1173 3055 1539 3129 prudentem,
1593 3071 1770 3128 quam
1827 3064 2061 3115 centum
2146 3052 2359 3125 positos
2387 3052 2610 3112 abbatis
2639 3051 2835 3112 Oculos
2865 3068 2982 3112 non
3007 3051 3307 3127 aspiceret,
3331 3060 3571 3126 partem,
3604 3070 3737 3129 qua
3765 3071 3858 3113 re-

351 3144 539 3219 plaga
578 3146 731 3220 apud
767 3146 1015 3206 stultum
1063 3151 1245 3216 (Prov.
1278 3153 1456 3218 xvu).
1490 3168 1517 3200 »
1548 3148 1618 3206 Et
1639 3148 1851 3207 iterum
1883 3168 1896 3208 :
1932 3172 1953 3201 ι
1993 3148 2055 3208 Si
2078 3174 2122 3236 α
2147 3142 2315 3236 sidua
2348 3150 2515 3236 esset,
2550 3144 3256 3236 nullatenusdestinaret.
3290 3143 3444 3236 Quid
3480 3145 3694 3219 plura?
3731 3163 3858 3206 cor-

351 3233 699 3307 corripueris
740 3236 1083 3308 sapientem,
1130 3234 1414 3310 intelliget
1454 3234 1819 3309 disciplinam
1874 3239 2051 3309 (Prov.
2089 3232 2122 3236 “
2144 3232 2308 3301 msiS,
2338 3233 2727 3307 undecunque
2753 3235 2961 3308 potuit,
2989 3240 3162 3310 atque
3190 3234 3477 3307 congestis
3501 3237 3694 3306 aureis
3722 3252 3855 3296 mu-

350 3326 502 3398 XIX).
541 3345 570 3380 ››
602 3325 715 3395 Qui
740 3341 946 3385 rursus
973 3325 1053 3383 ait
1082 3349 1096 3384 :
1132 3348 1152 3378 ι
1185 3326 1382 3398 Auris,
1412 3341 1547 3400 qua
1575 3326 1737 3386 audit
1792 3326 2059 3402 increpa—
2143 3322 2424 3383 liebribus
2478 3325 2853 3397 ornamentis,
2884 3326 3189 3400 sexaginta
3239 3325 3521 3385 librarum
3567 3329 3735 3401 pretii
3781 3329 3854 3388 ad

352 3414 536 3473 tiones
590 3414 747 3486 vita,
809 3414 871 3472 in
928 3414 1120 3473 medio
1172 3415 1518 3489 sapientium
1607 3416 2060 3476 commorabitur
2140 3411 2205 3471 B.
2227 3413 2513 3505 _G_erman_i
2528 3413 2803 3505 oppidum
2830 3430 2930 3488 per
2953 3415 3412 3505 suoscomplices
3439 3413 3619 3505 misit,
3651 3417 3863 3505 eisque.

350 3510 533 3575 (Prov.
566 3511 699 3575 XV).
736 3527 758 3557 ι
795 3505 1047 3581 Moxque
1083 3506 1387 3581 subiungit
1417 3529 1430 3564 ε
1469 3529 1493 3557 (ι
1522 3504 1635 3577 Qui
1665 3506 2056 3581 abjicitdisci-
2140 3499 2282 3573 quid
2311 3505 2367 3558 et
2391 3500 2609 3574 quibus
2642 3500 2996 3575 loqueretur,
3034 3501 3190 3575 quod
3223 3501 3296 3560 de
3320 3503 3604 3561 sententia
3638 3502 3852 3563 diaboli

345 3594 588 3670 plinam,
616 3595 1134 3670 despicitanimam
1162 3613 1365 3669 suam;
1394 3598 1495 3672 qui
1521 3604 1718 3656 autem
1741 3600 2053 3675 acquiescit
2138 3604 2393 3691 Πεψιὶὶοω
2425 3590 2749 3692 (Ξίδςῖίβυὶῆιε
2791 3592 3080 3692 ίὶᾶιιδεξΐθῑι
3115 3592 3521 3692 serpentium
3554 3592 3722 3692 Virus:
3757 3593 3852 3692 ίῌ-

345 3682 858 3757 increpationibus,
894 3701 1184 3759 possessor
1224 3693 1308 3745 est
1346 3687 1533 3745 cordis
1586 3686 1795 3759 (11nd,).
1827 3713 1854 3737 ››
1889 3687 2053 3757 Quod
2138 3680 2385 3739 vomuit.
2426 3681 2538 3750 Qui
2569 3683 2869 3740 venientes
2897 3682 2968 3739 ad
2997 3681 3296 3756 oppidum,
3326 3687 3381 3739 et
3427 3681 3852 3743 communicato

344 3785 442 3831 ore
488 3772 561 3832 ad
604 3788 671 3832 os
709 3789 864 3848 sape
903 3775 1251 3848 pramonui,
1306 3791 1408 3850 per
1456 3775 1677 3835 litteras
1722 3776 1958 3849 replico,
1999 3783 2058 3835 et
2138 3785 2272 3829 cum
2307 3769 2522 3844 quibus
2556 3773 2737 3831 edocti
2771 3772 3003 3831 fuerant
3038 3772 3287 3830 nefando
3332 3774 3627 3847 mysterio,
3668 3775 3848 3847 proti-

345 3868 569 3921 motum
612 3862 834 3938 fugacis
880 3864 1099 3939 eloquii
1140 3864 1298 3925 velut
1326 3864 1398 3924 ad
1437 3866 1754 3926 anchoram
1792 3866 2055 3926 stationis
2140 3879 2252 3922 nus
2304 3863 2361 3919 in
2418 3871 2617 3939 crypta
2660 3864 2913 3939 quadam
2956 3865 3217 3939 ejusdem
3263 3864 3459 3939 oppidi
3492 3866 3655 3925 missi
3707 3875 3846 3925 sunt

342 3951 606 4028 apicibus
632 3951 769 4027 ligo.
2134 3952 2336 4025 ibique
2366 3968 2467 4026 per
2488 3952 2708 4027 aliquot
2731 3954 2957 4013 dierum
2984 3953 3237 4028 spatium
3259 3954 3547 4026 occultati,
3569 3954 3843 4015 satellites

415 4043 701 4117 Instaura,
745 4046 1096 4107 venerabilis
1134 4047 1329 4120 frater,
1375 4048 1635 4108 ecclesia
1676 4053 1794 4107 tua
1833 4046 2053 4121 pradia
2132 4049 2326 4101 autem
2369 4042 2597 4103 Satana
2634 4047 3046 4119 comprehenso
3083 4045 3369 4106 violenter
3412 4048 3605 4108 abbati
3643 4050 3842 4111 oculos

342 4134 578 4209 prodige
625 4135 1004 4196 saecularibus
1053 4138 1279 4210 tradita,
1309 4155 1512 4199 revoca
1557 4140 1771 4199 diversi
1823 4139 2051 4213 generis
2133 4138 2366 4202 eruunt,
2397 4148 2610 4209 eosque
2659 4135 2893 4196 linteolo
2940 4136 3209 4211 protinus
3244 4136 3560 4213 involutos,
3599 4139 3677 4200 ad
3721 4156 3840 4213 eos,

340 4234 682 4287 ornamenta
724 4235 997 4288 nocenter
1042 4229 1301 4304 opposita
1357 4230 1446 4305 [f.,
1477 4230 1781 4305 exposita],
1831 4238 1885 4290 et
1934 4232 2049 4290 sal-
2133 4221 2235 4295 qui
2274 4223 2337 4281 in
2374 4230 2572 4297 crypta
2606 4225 2965 4297 habitabant,
3006 4225 3227 4284 occulte
3265 4227 3699 4302 transmittunt;
3740 4231 3845 4304 qui

344 4321 459 4374 tem
500 4316 754 4392 insignia
796 4333 1065 4392 quaque,
1100 4320 1192 4377 vel
1230 4319 1448 4393 optima
1484 4321 1884 4394 restituantur,
1916 4336 2049 4395 quae
2133 4326 2272 4370 mox
2321 4311 2537 4371 alacres
2575 4313 2781 4387 effecti,
2811 4322 2868 4373 et
2895 4322 3170 4390 tanquam
3203 4315 3544 4377 thesaurum
3589 4318 3694 4377 diu
3739 4320 3837 4378 de-

341 4404 699 4479 pmlaﬁonig
730 4408 846 4467 tua;
877 4414 1129 4483 tempore
1158 4409 1412 4482 graviter
1446 4409 1805 4484 suspiramus
1834 4411 2047 4471 ablata,
2133 4401 2452 4459 sideratum
2490 4401 2786 4460 inhianter
2821 4404 3097 4477 amplexi,
3126 4404 3465 4464 festinanter
3501 4406 3571 4465 ad
3612 4408 3834 4482 propria

340 4493 413 4553 In
442 4495 705 4555 moribus
724 4512 956 4572 quoque
982 4498 1099 4558 tuis
1120 4500 1487 4574 temetipsum
1517 4500 1758 4575 corrige,
1785 4506 1841 4559 et
1869 4501 2045 4593 undi-
2066 4533 2115 4593 Β
2133 4508 2391 4593 remeare
2427 4501 2745 4593 coeperunt.
2786 4495 3051 4593 Gut-nque
3080 4496 3203 4569 jam
3240 4497 3539 4572 proﬂigato
3596 4497 3844 4572 longiori

340 4597 455 4657 que
510 4593 730 4657 cautus,
760 4588 1023 4663 undique
1074 4588 1524 4663 circumspectus
1580 4590 1822 4650 omnino
1878 4598 1931 4648 te
1983 4584 2315 4660 in'spatio
2356 4588 2617 4641 extrema
2661 4600 2790 4658 pars
2833 4584 3057 4643 itineris
3098 4594 3441 4659 superesset,
3474 4592 3529 4644 et
3562 4592 3841 4663 tanquam

339 4674 674 4734 sacerdotali
707 4679 989 4751 gravitate
1034 4685 1089 4739 et
1122 4680 1422 4738 honestate
1455 4694 1768 4753 compone;
1802 4696 1910 4739 nec
1943 4680 2046 4741 de-
2131 4678 2249 4737 voti
2287 4683 2575 4752 compotes
2613 4674 2800 4733 securi
2831 4675 2953 4749 jam
2996 4673 3285 4747 alimenta
3321 4675 3699 4749 perciperent,
3742 4694 3841 4751 pe-

338 4761 566 4824 lecteris
594 4765 892 4826 fallacium
919 4768 1261 4828 divitiarum
1281 4768 1480 4843 copiis,
1511 4784 1647 4845 qua
1676 4769 1933 4829 fortassis
1952 4770 2047 4828 in—
2130 4768 2402 4842 regrinus
2428 4765 2666 4864 quidam
2685 4764 2880 4864 subito
2904 4764 3260 4864 supervenit,
3287 4769 3343 4864 et
3372 4765 3839 4864 novumaliquid

336 4860 636 4927 geruntur,
678 4856 944 4931 afﬂuere;
999 4873 1107 4917 nec
1145 4858 1218 4917 de
1259 4858 1566 4931 cathedra,
1599 4859 1696 4919 cui
1747 4858 2044 4933 prasides,
2130 4857 2468 4952 inquisitus,
2512 4852 3258 4952 Albericumtquidudum
3295 4852 3481 4911 fuerat
3517 4853 3839 4952 episcopus,

334 4942 558 5002 ambias
583 4945 806 5005 honore
834 4948 1102 5020 gaudere.
1133 4947 1280 5007 Nam
1307 4963 1460 5022 sape
1481 4949 1634 5008 Deus
1658 4948 2042 5024 omnipotens,
2130 4947 2342 5007 obiisse
2379 4945 2690 5021 respondit.
2740 4942 2901 5014 Quod
2931 4940 3019 5000 illi
3046 4941 3297 5015 graviter
3331 4945 3618 5018 aspernati
3645 4961 3713 5004 ac
3738 4962 3840 5006 ve—

330 5033 488 5107 quod
511 5034 714 5108 procul
741 5035 815 5094 sit
843 5052 878 5094 a
904 5042 978 5107 te,
1009 5038 1191 5096 menti
1218 5038 1497 5113 reproba,
1530 5052 1708 5113 quam
1740 5054 1842 5113 per
1866 5038 2045 5098 abru-
2128 5038 2431 5096 hementer
2499 5034 2724 5093 attoniti
2797 5031 3027 5090 credere
3092 5030 3429 5091 nullatenus
3508 5041 3838 5107 potuerunt.

331 5129 428 5195 pta
466 5123 826 5198 voluptatum
861 5142 1101 5187 suarum
1132 5127 1242 5186 iter
1271 5132 1527 5203 arripere
1577 5128 1877 5203 conspicit,
1916 5143 2046 5187 om-
2131 5126 2353 5186 Deinde
2382 5142 2506 5185 rem
2534 5123 2747 5184 certius
2784 5125 3173 5196 agnoscentes,
3204 5127 3261 5180 et
3297 5123 3522 5182 dierum
3562 5125 3835 5199 spatium,

330 5229 468 5273 nem
497 5214 607 5275 sibi
647 5218 819 5291 capti
862 5225 1102 5279 conatus
1139 5219 1365 5280 aditum
1402 5219 1754 5279 intercludit.
1789 5219 1859 5278 Et
1896 5220 2046 5279 sicut

322 5304 447 5377 jam
475 5306 813 5379 prasidenti
841 5324 992 5383 sape
1020 5308 1309 5383 prohibet,
1340 5309 1482 5367 dum
1512 5307 1642 5368 vult
1667 5307 1938 5383 gaudere,
1970 5323 2044 5367 ne

327 5396 606 5469 gaudeat;
660 5398 742 5458 sic
787 5399 861 5457 ad
908 5400 1171 5474 regimen
1218 5398 1586 5458 anhelantem
1637 5399 1916 5474 reprimit,
1969 5415 2044 5459 ne

326 5489 651 5563 concupita
680 5490 979 5564 dignitatis
1003 5492 1239 5552 culmen
1273 5491 1562 5551 ascendat.
1591 5490 1842 5551 Joannes
1872 5490 2043 5565 plane

329 5574 665 5636 Marsicana
700 5580 862 5654 prius
894 5581 1166 5641 Ecclesia
1195 5580 1679 5655 archipresbyter,
1710 5597 1870 5641 nunc
1899 5581 2035 5639 reli-

326 5668 524 5742 giosus
552 5669 617 5728 in
641 5672 942 5732 tiasineusi
968 5673 1230 5733 coenobio
1260 5673 1602 5746 monachus,
1634 5674 1901 5734 hesterna
1936 5689 2034 5732 me

2129 5231 2245 5290 quo
2268 5214 2538 5273 videlicet
2566 5210 2668 5270 ille
2699 5210 2762 5269 in
2790 5208 3165 5281 agrotatione
3202 5209 3496 5280 decubuit,
3532 5210 3840 5285 diligenter

2126 5306 2452 5376 addiscunt,
2500 5308 2555 5361 et
2598 5302 2700 5361 illa
2743 5301 3041 5376 signanter
3076 5302 3238 5375 hora,
3271 5317 3387 5378 qua
3431 5302 3697 5363 videlicet
3732 5304 3840 5363 ab-

2130 5399 2246 5458 bati
2278 5398 2482 5457 lumen
2508 5395 2782 5456 avulsum
2828 5400 2932 5465 est,
2963 5394 3134 5454 illum
3159 5393 3466 5453 infeliciter
3490 5396 3835 5471 exspirasse,

2129 5489 2354 5563 liquido
2383 5488 2839 5563 deprehendunt.
2872 5487 3016 5545 Ecce
3035 5500 3213 5561 quam
3235 5501 3433 5545 amaro
3459 5486 3576 5545 line
3602 5487 3830 5557 defecit,

2126 5583 2224 5656 qui
2282 5580 2540 5655 jucunde
2589 5589 2762 5654 atque
2812 5577 3069 5637 suaviter
3121 5576 3317 5635 vivere
3370 5577 3736 5653 concupivit;
3778 5584 3835 5640 et

2123 5672 2250 5746 ipso
2291 5670 2561 5746 temporis
2614 5667 2877 5739 articulo,
2931 5681 3051 5741 quo
3104 5683 3166 5726 se
3210 5681 3664 5732 conscensurum
3707 5685 3831 5730 esse
