4140 6484
301 322 402 383 311
818 319 880 380 S.
920 316 1144 378 PETRI
1182 315 1506 376 DAMIANI
1542 315 1705 377 OPP.
1748 315 1939 376 PARS
1982 314 2123 376 SEU
2160 312 2415 375 TOMUS
2453 315 2500 375 Ι.
2542 345 2611 359 -
2651 313 2887 376 EPIST.
2931 315 3073 376 LIB.
3119 315 3280 376 VIII.
3695 318 3812 379 312

302 449 566 526 sperabat
603 446 771 524 quasi
808 444 1060 505 sublime
1096 443 1416 518 fastigium,
1458 444 1562 518 qui
1599 458 1814 502 cacum
1857 442 2008 500 feee-
2029 439 2372 515 Acupidum
2402 455 2494 498 me
2523 439 2720 514 procul
2752 440 2931 499 dubio
2956 442 3351 501 assentatoria
3402 442 3597 502 laudis
3632 460 3811 507 aecu-

303 546 410 610 rat,
440 546 496 597 et
520 539 641 612 ipse
668 543 942 610 tauquam
972 550 1107 592 vere
1128 539 1372 592 caeatus
1397 539 1571 608 atque
1600 549 1673 590 ex
1698 531 2015 604 improviso

302 635 623 701 correptus,
678 633 911 698 repente
965 630 1051 682 est
1105 623 1405 680 demersus
1453 621 1514 679 in
1568 627 1864 679 tartarum.
1905 618 2014 679 Cui

301 725 453 777 recte
472 716 872 791 propheticum
897 713 1043 772 illud
1071 711 1376 784 congruit:
1413 734 1431 758 ιι
1465 711 1616 770 Dum
1639 711 1829 770 adhuc
1854 709 2014 769 ordi-

304 825 416 880 rer,
455 806 696 866 succidit
733 821 827 863 me
866 807 992 875 (Isa.
1026 804 1311 873 XXXVIII).
1349 821 1376 855 »
1409 801 1594 859 Filius
1632 807 1827 859 autem
1867 800 2013 872 ejus,

303 898 597 970 apostolus
626 894 896 952 videlicet
930 890 1291 962 Antichristi,
1321 906 1498 965 quem
1526 890 1589 947 in
1619 889 2016 948 ecclesiastica

305 984 604 1059 dignitatis
651 982 872 1056 apicem
929 987 1087 1055 pater
1145 979 1440 1047 allexerat,
1493 985 1707 1052 quanto
1761 984 2017 1050 tempore

305 1072 654 1147 supervixit,
684 1069 895 1128 multas
933 1068 1324 1126 calamitatum
1367 1074 1539 1139 atque
1579 1066 2014 1124 contentionum

304 1158 723 1217 amaritudines
785 1157 1054 1230 pertulit;
1100 1163 1388 1230 postremo
1442 1154 1727 1214 ferocibus
1776 1168 2014 1212 suorum

301 1248 512 1325 gladiis
549 1248 813 1321 undique
845 1247 1134 1319 perfossus
1173 1246 1463 1305 occubuit.
1516 1245 1765 1319 Dignum
1801 1246 2017 1319 quippe

301 1346 388 1396 est
415 1343 480 1395 ut
509 1336 639 1394 talis
670 1337 804 1394 vita
842 1335 1107 1393 clausula
1129 1334 1249 1392 illis
1274 1340 1537 1392 occurrat
1563 1333 1662 1405 qui
1692 1341 1887 1391 contra
1910 1348 2016 1390 vo-

298 1426 577 1485 luntatem
630 1424 732 1483 Dei
779 1423 849 1481 ad
893 1423 1038 1481 sacri
1084 1423 1306 1481 ordinis
1344 1422 1573 1480 culmen
1615 1422 1920 1489 anhelant;
1951 1435 2018 1478 ae

302 1517 544 1590 proinde
579 1514 828 1572 dulcedo
867 1512 1122 1583 vivendi,
1165 1528 1336 1586 quem
1380 1519 1572 1570 mente
1611 1516 2013 1585 conceperant,

300 1608 364 1665 in
413 1605 867 1663 amaritudinem
924 1613 980 1660 et
1029 1603 1395 1676 prosperitas,
1425 1618 1558 1677 qua
1611 1619 1712 1675 per
1768 1602 2015 1660 colorem

303 1697 567 1755 falsitatis
629 1695 921 1767 arriserat,
984 1692 1103 1751 illis
1173 1692 1438 1766 provenit
1493 1692 1554 1750 in
1608 1690 2012 1750 calamitatem.

2094 536 2198 589 sat.
2256 530 2639 589 Remordente
2692 530 2907 590 scilicet
2955 531 3305 599 conscientia
3348 533 3611 606 protinus
3661 535 3805 592 aio:

2095 619 2242 678 Cum
2277 619 2382 678 iste
2414 620 2556 678 mihi
2591 620 2748 694 loqui
2776 620 2937 679 venit
2968 621 3040 679 ad
3081 629 3282 679 votum
3319 639 3532 696 meque
3563 631 3811 684 conetur

2094 708 2440 769 benevolum
2471 709 2725 781 reddere,
2758 725 3058 785 nunquam
3085 726 3179 768 me
3203 711 3327 770 oleo
3350 712 3658 774 delinifica
3678 732 3814 775 sua-

2096 797 2290 856 vitatis
2335 806 2679 872 aspergeret,
2710 799 2757 857 si
2784 814 2876 857 me
2905 798 3171 856 delectari
3222 798 3462 859 laudum
3508 802 3810 864 favoribus

2095 904 2209 947 non
2245 896 2513 961 speraret.
2531 888 2595 947 In
2631 905 2761 947 mea
2788 888 2966 963 igitur
2993 889 3163 949 laude
3190 890 3537 963 confundor,
3563 899 3635 961 et,
3662 895 3808 953 dum

2098 977 2457 1051 magnificari
2499 978 2718 1049 videor,
2752 977 3045 1036 erubesco.
3081 976 3210 1052 Ipse
3249 980 3461 1054 quippe
3509 996 3603 1040 me
3641 982 3809 1042 favor
3856 1022 3862 1027 -

2095 1066 2380 1139 objurgat,
2420 1066 2521 1139 qui
2564 1066 2753 1125 laudis
2792 1065 3054 1139 avidum,
3086 1072 3142 1126 et
3180 1067 3229 1126 is
3264 1068 3365 1143 qui
3412 1069 3643 1131 videtur
3679 1087 3808 1131 esse

2097 1156 2382 1226 laudatus,
2410 1156 2725 1216 existimat.

2168 1245 2298 1303 Huc
2339 1245 2552 1303 accedit
2588 1245 2727 1317 quia
2757 1260 3122 1322 quacunque
3170 1248 3425 1308 humana
3462 1266 3628 1310 mens
3662 1267 3809 1311 sano

2098 1334 2251 1408 viget
2281 1333 2426 1392 fulta
2451 1333 2714 1405 consilio,
2747 1335 2796 1392 si
2825 1351 2886 1393 se
2914 1335 3205 1395 subtiliter
3233 1343 3291 1396 et
3317 1338 3555 1398 solerter
3602 1341 3805 1413 inqui-

2098 1422 2190 1494 rit,
2248 1421 2348 1479 vix
2404 1422 2463 1479 in
2523 1421 2646 1481 suis
2698 1423 3069 1483 facultatibus
3116 1426 3343 1486 invenit
3393 1427 3553 1486 unde
3599 1428 3809 1488 merito

2096 1528 2324 1588 sperare
2364 1512 2723 1586 praeconium
2747 1514 2943 1587 possit.
2971 1513 3228 1575 Mortalis
3268 1517 3482 1593 quippe
3526 1516 3805 1588 conditio,

2097 1600 2357 1675 undique
2406 1607 2683 1660 coarctata
2727 1604 2901 1675 atque
2927 1603 3250 1674 constricta,
3279 1604 3422 1678 quid
3456 1605 3617 1663 novit
3646 1606 3810 1664 unde

2095 1690 2273 1764 possit
2325 1688 2567 1748 extolli?
2596 1690 2738 1761 Quis
2795 1690 2951 1749 enim
2995 1692 3135 1750 sciat
3180 1693 3321 1766 quid
3375 1692 3438 1751 in
3483 1694 3806 1755 aternitate

301 1785 527 1855 Quibus
552 1791 607 1841 et
632 1783 781 1841 illud
812 1781 1079 1841 Jeremia
1104 1782 1310 1839 merito
1337 1781 1605 1854 congruit
1636 1806 1648 1838 :
1684 1806 1707 1831 α
1745 1779 2014 1854 Speravi-
2034 1779 2291 1864 Bfuerit,
2332 1784 2640 1854 antequam
2670 1781 2823 1840 Deus
2853 1782 3007 1840 hunc
3034 1783 3302 1842 conderet
3330 1784 3619 1843 mundum
3638 1787 3666 1841 ?
3690 1786 3805 1845 Sed

299 1889 434 1932 mus
460 1888 684 1946 pacem,
717 1878 774 1929 et
804 1887 915 1930 non
944 1879 1031 1929 est
1062 1871 1275 1929 bonum
1300 1894 1313 1940 ;
1353 1871 1737 1944 quasivimus
1762 1871 1932 1938 bona,
1960 1873 2016 1924 et

296 1978 426 2021 ecce
457 1962 710 2020 turbatio
738 1966 869 2029 (Jer.
905 1970 1059 2019 XIV).
1088 1981 1116 2012 ι)
1164 1960 1227 2018 Et
1254 1958 1401 2016 illud
1436 1959 1757 2017 Psalmista
1788 1977 1801 2016 :
1837 1981 1862 2007 «
1902 1958 2013 2017 De-

290 2048 478 2120 jecisti
511 2066 609 2108 eos
639 2050 780 2109 dum
812 2048 1203 2107 allevarentur
1232 2050 1402 2114 (Psal.
1432 2051 1648 2115 LXXII).
1682 2070 1704 2101 ι

2098 1886 2230 1929 cum
2254 1871 2479 1943 ignoret
2497 1870 2636 1942 quid
2658 1871 2834 1928 fuerit
2851 1875 2984 1929 ante
3006 1871 3210 1929 mundi
3238 1872 3613 1948 principium,
3641 1876 3807 1935 novit

2103 1958 2244 2015 113
2277 1962 2513 2020 forsitan
2542 1961 2686 2034 quid
2725 1969 2850 2037 post
2876 1965 3002 2037 ejus
3042 1963 3358 2022 terminum
3393 1965 3469 2023 sit
3511 1965 3801 2041 futurum,

2100 2058 2301 2111 utrum
2333 2053 2550 2112 scilicet
2581 2052 2642 2111 in
2677 2054 2996 2113 ministerio
3021 2054 3115 2114 cui
3148 2070 3356 2115 cursus
3378 2056 3624 2117 ulterius
3651 2065 3803 2118 astra

369 2144 619 2201 Eeontra
643 2148 724 2213 tu,
758 2140 1110 2198 venerabilis
1140 2142 1332 2207 frater,
1370 2139 1550 2212 hujus
1583 2137 1788 2198 mundi
1813 2137 2014 2196 suavia
2098 2141 2427 2201 deserviant
2456 2150 2509 2201 et
2542 2149 2818 2202 utrumne
2852 2151 2977 2219 post
3006 2160 3091 2213 ea,
3124 2160 3257 2220 qua
3298 2162 3456 2205 nunc
3505 2153 3661 2218 sunt,
3690 2148 3807 2207 alia

297 2233 592 2309 qualibet,
620 2249 688 2291 ac
722 2232 871 2289 male
905 2231 1166 2305 jucunda
1200 2237 1548 2301 contemne;
1591 2245 1783 2288 rerum
1827 2237 2013 2287 trans-
2098 2247 2300 2290 rursus
2342 2232 2625 2291 elementa
2669 2233 2992 2292 succedant.
3046 2233 3210 2293 Unde
3248 2241 3306 2294 et
3337 2234 3644 2309 Seraphim
3680 2236 3804 2303 illa,

299 2323 567 2381 euntium
607 2322 801 2394 copias
825 2337 893 2379 ac
925 2321 1241 2378 mundana
1279 2319 1479 2391 gloria
1518 2318 1873 2378 lenocinium
1915 2319 2014 2377 de-
2097 2340 2232 2400 qua
2258 2323 2435 2383 Isaias
2462 2325 2737 2398 propheta
2766 2326 2825 2383 in
2855 2331 3163 2399 conspectu
3206 2326 3439 2385 Domini
3482 2334 3632 2386 stare
3667 2342 3808 2386 con-

298 2412 483 2486 spice;
518 2426 882 2485 sequensque
907 2410 1150 2481 vestigia
1182 2409 1498 2468 Salvatoris
1525 2424 1725 2482 aspera
1764 2423 2016 2482 quaque
2097 2413 2306 2487 spexit,
2363 2428 2530 2471 senas
2578 2412 2698 2471 alas
2752 2413 3027 2473 habuisse
3078 2414 3350 2473 describit
3397 2438 3410 2473 :
3459 2436 3485 2468 ‹‹
3542 2416 3807 2486 Duabus,

298 2502 501 2560 tibiae
537 2502 681 2559 dura
720 2515 999 2574 propone,
1039 2506 1103 2559 ut
1152 2516 1255 2574 per
1296 2499 1551 2559 difficilia
1610 2499 1901 2573 gradiens,
1941 2499 2015 2556 ad
2096 2502 2309 2576 inquit,
2342 2502 2613 2560 velabant
2660 2503 2886 2573 faciem,
2934 2510 2989 2561 et
3027 2502 3255 2562 duabus
3301 2502 3568 2561 velabant
3609 2505 3806 2579 pedes,

294 2590 553 2666 jucunda
580 2590 889 2663 pertingas,
922 2595 976 2647 et
1009 2589 1170 2647 velut
1198 2605 1397 2663 aspera
1435 2589 1671 2648 dumeta
1703 2588 2012 2662 perambu-

298 2682 425 2740 lans
454 2681 607 2739 viam
649 2687 810 2740 tuam
840 2681 1006 2739 suavi
1038 2681 1154 2738 ﬁne
1188 2680 1518 2739 concludas.

813 2803 954 2861 112
988 2804 1357 2866 EPISTOLA
1385 2804 1486 2864 IX.

583 2912 660 2957 AD
683 2908 1020 2957 OLDERICUM
1041 2908 1361 2955 EPlSCOPUM
1386 2904 1724 2952 FIllMANUM.

300 2989 749 3047 ABGUMENTUM.
777 3016 846 3027 —
868 2982 1077 3041 Scribit
1101 2985 1252 3055 hanc
1276 2984 1573 3055 epistolam
1602 2980 2015 3055 Firmanoepi-

375 3073 563 3131 scopo,
577 3072 695 3131 qua
709 3056 959 3131 primum
978 3053 1198 3126 gratissi
1205 3051 1331 3131 mas
1340 3054 1456 3131 sibi
1472 3052 1541 3109 de
1555 3067 1621 3109 eo
1640 3052 1844 3108 missas
1860 3051 2012 3109 litte-

377 3073 563 3131 scopo,
618 3073 695 3114 ua
709 3072 959 3128 primum
978 3072 1331 3126 gratissimas
1347 3072 1456 3111 s1m
1472 3072 1541 3109 ne.
1555 3072 1621 3109 eo
1640 3072 1844 3108 missas
1862 3072 2012 3109 mte-

377 3144 471 3186 ras
493 3072 723 3195 scribit;
747 3126 1035 3198 deindese
1057 3128 1311 3198 graviter
1332 3125 1481 3182 ferre
1502 3139 1624 3198 sua
1647 3138 1854 3198 nomen
1878 3139 2012 3198 san-

373 3199 582 3257 ctitatis
617 3193 772 3275 quOd
801 3213 901 3269 per
934 3193 1474 3275 illas‘tribu‘ebatur.
1509 3193 1698 3275 Quare
1738 3194 2011 3275 pluribus

372 3266 731 3348 argumentis
779 3266 1021 3348 conatur
1044 3284 1180 3348 eum
1209 3267 1280 3348 ab
1314 3266 2010 3348 hae.0pinione‘_deduce-

375 3338 463 3414 re;
479 3340 748 3415 quamvis
764 3356 824 3398 se
840 3339 1337 3415 ipse_cousolet_ur,_
1351 3338 1694 3415 existimans
1715 3338 1785 3415 id
1798 3353 2009 3415 nequa-

413 3408 552 3477 u'ain
582 3412 752 3470 illum
787 3408 1111 3477 credidisse,
1144 3410 1241 3468 sed
1270 3408 1340 3468 ad
1371 3412 1561 3468 acrius
1592 3408 2009 3483 impellendum

413 3430 552 3477 uam
582 3430 752 3470 lllUIIl
787 3430 1111 3477 CI'CGlUlSSC,
1144 3430 1241 3468 seu
1270 3430 1340 3468 au
1371 3430 1561 3468 acrius
1592 3430 2009 3483 impeiieuaum

371 3430 594 3542 gecisse.
629 3483 805 3541 Addit
832 3487 1108 3555 praterea
1142 3499 1202 3540 se
1233 3498 1388 3555 agre
1416 3483 1617 3555 tulisse
1660 3480 2010 3555 calamitates

374 3556 666 3625 Ecclesia,
698 3562 764 3613 ut
793 3553 971 3611 armis
1002 3571 1094 3611 res
1121 3569 1309 3611 sacras
1347 3553 1658 3625 defendere
1697 3554 2005 3625 compelle-

370 3633 546 3705 retur.
584 3623 938 3705 Quapropter
975 3640 1098 3705 n_on_
1137 3626 1428 3705 armis‘ac
1479 3623 1705 3705 viribus
1756 3624 2012 3705 corporis

375 3695 662 3778 tuendam
687 3695 837 3778 dicit
885 3696 1230 3778 Ecclesiam,
1256 3695 1355 3754 sed
1395 3695 1671 3778 precibus
1715 3695 2011 3778 armisque

369 3770 585 3829 divinis
600 3769 826 3901 ;bidque
856 3768 1032 3827 sacris
1087 3768 1328 3826 testibus
1356 3767 1756 3826 et‘rationibus
1805 3767 2011 3826 nititur

371 3858 606 3901 comnro
648 3856 766 3899 are.

371 3856 676 3916 comproua
687 3856 766 3898 re.

372 3942 593 4001 Domno
641 3943 941 4001 OBDERICO
981 3940 1254 3998 Firmano
1285 3955 1571 4014 episeOpo,
1610 3938 1841 3998 PETRUS
1875 3953 2010 4011 pec-

298 4039 453 4090 cator
482 4031 805 4090 monachus
834 4029 1250 4103 inexplebilem
1278 4029 1601 4087 devotionis
1638 4028 1924 4086 affectum.

372 4120 711 4179 Melliﬂuam
741 4125 946 4178 vestra
975 4119 1292 4177 sanctitatis
1321 4119 1617 4193 epistolam
1642 4125 1858 4195 quanta
1886 4134 2010 4178 cor-

302 4209 392 4267 dis
425 4208 697 4267 aviditate
730 4207 1099 4281 susceperim,
1136 4208 1561 4282 perseverantia
1608 4207 1825 4282 probat.
1865 4207 2009 4266 Eam

301 4298 518 4374 quippe
564 4297 1031 4357 cobabitatricem
1059 4298 1203 4356 mihi
1236 4298 1296 4356 in
1328 4298 1536 4357 cellula
1557 4297 1778 4372 jngiter
1820 4304 2006 4369 teneo,

300 4406 434 4448 cum
479 4404 546 4447 ea
593 4403 745 4462 sape
792 4388 1152 4459 confabulor,
1188 4389 1245 4446 in
1296 4404 1361 4447 ea
1407 4389 1702 4447 interioris
1750 4387 2011 4446 hominis

2096 2597 2149 2649 et
2196 2590 2423 2649 duabus
2462 2591 2757 2650 volabant.
2803 2615 2825 2644 υ
2868 2591 3152 2650 Velabant
3190 2608 3359 2666 porro
3400 2592 3630 2663 faciem,
3684 2595 3811 2653 sive

2095 2678 2290 2754 pedes,
2345 2694 2463 2738 non
2519 2692 2673 2745 suos.
2737 2680 2834 2738 sed
2885 2681 3087 2756 utique
3144 2681 3268 2741 Dei.
3326 2682 3397 2741 Et
3451 2684 3593 2755 quid
3643 2710 3669 2734 «
3706 2701 3809 2759 per

2096 2768 2300 2826 faciem
2357 2767 2480 2838 Dei,
2541 2791 2562 2819 ι
2614 2767 2729 2827 nisi
2769 2770 2975 2828 mundi
3022 2769 3585 2844 principium?Quid
3634 2797 3655 2825 α
3706 2790 3811 2847 per

2093 2857 2287 2930 pedes,
2331 2881 2358 2905 »
2410 2855 2523 2916 nisi
2571 2857 2829 2929 ejusdem
2874 2858 3081 2916 mundi
3121 2858 3257 2917 ﬁnis
3298 2860 3466 2918 debet
3510 2860 3809 2938 intelligi?

2095 2947 2331 3005 Alarum
2374 2962 2508 3018 ergo
2554 2946 2859 3021 Seraphim
2892 2955 2947 3006 et
2979 2947 3174 3021 plures
3215 2957 3372 3019 sunt,
3406 2966 3541 3023 qua
3583 2950 3804 3021 velant,

2095 3044 2151 3097 et
2180 3053 2378 3112 pauca
2429 3053 2561 3113 qua
2620 3038 2834 3110 volant,
2866 3039 3005 3114 quia
3059 3055 3135 3097 ex
3184 3039 3520 3099 divinorum
3559 3057 3806 3116 operum

2035 3126 2437 3226 Ccelsitudine
2486 3143 2619 3226 cum
2659 3143 2950 3226 perpauca
2991 3128 3063 3226 ad
3104 3135 3355 3221 nostram
3395 3130 3806 3204 permittantur

2095 3215 2368 3274 advolare
2404 3210 2691 3289 notitiam,
2732 3215 2984 3291 plurima
3021 3218 3082 3276 in
3127 3215 3413 3277 thesauris
3449 3227 3804 3279 secretorum

2095 3304 2413 3364 calestium
2463 3312 2771 3364 servantur
2818 3306 3058 3365 occulta.
3122 3308 3265 3366 Nam
3328 3309 3480 3383 quod
3536 3310 3806 3369 funditus

2094 3397 2433 3472 ignoremus
2475 3398 2613 3472 quid
2666 3403 2798 3455 ante
2844 3398 3047 3456 mundi
3090 3398 3443 3474 principium
3500 3400 3695 3469 fuerit,
3748 3408 3806 3460 et

2096 3486 2237 3560 quid
2281 3486 2402 3560 jam
2446 3494 2571 3558 post
2614 3488 3174 3546 consummationem
3219 3487 3291 3546 sit
3339 3490 3804 3559 futurum,idem

2095 3575 2358 3651 perhibet
2382 3576 2560 3635 Isaias
2591 3596 2602 3634 :
2637 3603 2664 3627 «
2691 3577 2907 3648 Priora,
2935 3578 3148 3653 inquit,
3179 3574 3517 3640 annuntiate
3551 3583 3718 3651 mihi,
3747 3588 3805 3639 et

2097 3664 2412 3724 novissima
2458 3682 2591 3740 qua
2625 3667 2821 3725 futura
2858 3676 3013 3738 sunt,
3040 3675 3095 3726 et
3125 3668 3311 3727 dicam
3363 3670 3499 3744 quia
3542 3670 3625 3729 dii
3664 3672 3805 3732 estis

2098 3759 2229 3825 (Isa.
2260 3761 2405 3823 XLI).
2438 3779 2465 3806 υ
2498 3756 2581 3813 De
2609 3756 2815 3814 mediis
2842 3765 3032 3815 autem
3059 3774 3242 3831 pauca
3273 3767 3568 3834 utcunque
3591 3776 3807 3836 cogno-

2098 3844 2334 3915 scimus,
2369 3860 2502 3918 qua
2530 3861 2606 3903 ex
2628 3844 3057 3920 Seripturarum
3081 3849 3439 3908 attestatione
3462 3849 3631 3908 nobis
3657 3866 3805 3924 pan-

2098 3936 2338 3994 duntur.
2372 3935 2545 3995 Porro
2590 3942 2786 3994 autem
2812 3942 2867 3995 et
2891 3938 2950 3996 in
2978 3937 3070 3996 his
3098 3937 3239 4011 ipsis
3271 3946 3548 4012 quantam
3583 3941 3807 3999 notitia

2096 4024 2386 4098 patiamur
2431 4023 2708 4100 inopiam,
2735 4024 2836 4099 qui
2865 4025 3328 4098 sapientissimus
3355 4027 3508 4085 inter
3535 4027 3805 4087 homines

2098 4114 2339 4193 exstitit,
2367 4129 2485 4172 non
2533 4114 2768 4174 erubuit
2811 4115 3089 4173 conﬁteri.
3141 4116 3238 4176 Ait
3274 4116 3433 4175 enim
3477 4116 3749 4177 Salomon
3785 4136 3801 4174 :

2104 4228 2125 4256 ι
2164 4204 2312 4264 Sunt
2354 4206 2494 4279 justi
2541 4211 2596 4262 et
2645 4203 2948 4278 sapientes,
2993 4220 3248 4280 quorum
3299 4222 3471 4282 opera
3509 4207 3571 4266 in
3620 4223 3802 4266 manu

2098 4293 2351 4364 Domini,
2380 4298 2436 4351 et
2460 4298 2653 4352 tamen
2683 4293 2864 4352 nescit
2889 4294 3062 4353 homo
3106 4301 3302 4354 utrum
3346 4311 3542 4355 amore
3571 4312 3643 4354 an
3671 4295 3805 4356 odio

2096 4383 2311 4459 dignus
2350 4383 2442 4453 sit,
2469 4384 2567 4442 sed
2598 4384 2794 4443 omnia
2823 4385 2885 4443 in
2918 4385 3181 4444 futurum
3228 4393 3533 4446 servantur
3586 4388 3804 4446 incerta

301 4477 479 4537 vestri
522 4479 772 4554 speciem
822 4493 888 4536 ac
937 4479 1061 4537 veri
1106 4479 1308 4538 vultus
1342 4479 1661 4553 imaginem
1704 4476 2293 4554 manifesten(Eccle.
2328 4476 2438 4540 IX).
2472 4496 2498 4524 π
2535 4473 2645 4532 Ubi
2686 4473 3008 4533 notandum
3051 4476 3211 4548 quia,
3240 4491 3374 4536 eum
3411 4478 3598 4552 justos
3650 4478 3804 4538 dicat

299 4568 673 4644 contemplor.
706 4569 805 4628 Est
870 4575 1057 4629 tamen
1118 4571 1269 4645 quod
1334 4573 1397 4628 in
1448 4587 1515 4628 ea
1550 4567 1821 4644 graviter
1867 4568 2007 4638 fero,

2025 4528 2075 4586 D

2095 4568 2149 4620 et
2180 4562 2483 4636 sapientes,
2515 4561 2616 4637 qui
2646 4560 2931 4620 nimirum
2965 4564 3284 4623 debuerant
3325 4565 3607 4627 subtilius
3639 4582 3803 4626 nosse

298 4658 437 4733 quia
461 4659 678 4719 scilicet
708 4674 826 4718 non
859 4665 971 4717 tam
1003 4659 1347 4718 honoratum
1380 4675 1556 4732 quam
1586 4665 1889 4717 oneratum
1921 4673 2013 4715 me
2093 4653 2248 4725 ipsos
2311 4652 2484 4710 etiam
2542 4652 2824 4727 perhibet,
2882 4668 3015 4726 qua
3076 4653 3272 4714 futura
3325 4663 3463 4715 sunt
3516 4657 3798 4731 ignorare.

299 4758 415 4808 tam
463 4751 644 4809 sancti
694 4750 952 4810 nominis
996 4749 1167 4810 laude
1202 4749 1443 4823 reperio.
1471 4749 1535 4807 In
1579 4749 1686 4806 hoc
1722 4748 2012 4822 siquidem
2096 4739 2410 4801 Enimvero
2453 4742 2606 4816 quod
2652 4757 2745 4800 me
2782 4758 2896 4801 non
2944 4743 3116 4803 modo
3159 4745 3229 4802 de
3275 4745 3574 4819 sapientia,
3607 4747 3701 4805 sed
3747 4755 3803 4806 et

299 4840 549 4900 ﬂebilior
579 4850 664 4900 est
694 4858 819 4901 mea
869 4842 1184 4913 calamitas,
1233 4840 1386 4915 quod
1422 4854 1535 4899 non
1576 4838 1744 4897 modo
1773 4837 1890 4895 mei
1918 4853 2013 4895 me
2093 4833 2165 4892 de
2223 4834 2359 4892 vita
2403 4849 2633 4908 quoque
2682 4834 2849 4909 quasi
2896 4837 3191 4894 sanctitate
3239 4837 3532 4908 laudastis,
3567 4856 3678 4899 non
3738 4847 3805 4900 ut

300 4938 493 4990 reatus
519 4932 865 5006 impediunt,
893 4931 991 4990 sed
1014 4931 1250 5004 insuper
1272 4929 1452 4988 sancti
1478 4928 1741 4987 homines
1768 4927 1824 4984 in
1860 4942 2007 4996 mea,
2096 4922 2201 4981 hoc
2245 4928 2433 4980 vestra
2468 4923 2771 4995 prudentia
2814 4923 3085 4997 crederet,
3120 4925 3217 4983 sed
3249 4927 3321 4985 ob
3355 4927 3504 4985 hanc
3548 4929 3804 4989 fortassis

299 5020 672 5095 proh.dolor!
710 5019 1092 5077 aestimatione
1136 5019 1506 5093 delinquunt.
1542 5040 1566 5065 α
1600 5015 1766 5074 Absit
1793 5020 2008 5085 autem,
2093 5010 2464 5076 industriam.
2498 5018 2563 5069 ut
2600 5027 2693 5068 me
2728 5011 2799 5070 ad
2842 5012 3201 5085 procinctum
3247 5016 3425 5074 sancti
3470 5018 3803 5077 certaminis

296 5119 362 5171 ut
392 5119 616 5170 tantum
649 5110 844 5168 virum
878 5110 1053 5168 fatear
1103 5111 1275 5169 etiam
1306 5124 1401 5167 me
1428 5104 1796 5182 pradicando
1844 5120 2010 5162 men-
2094 5104 2284 5164 aerius
2323 5103 2643 5177 instigaret,
2673 5119 2787 5177 qua
2830 5103 3198 5176 conﬁdentia,
3246 5107 3337 5164 vel
3386 5106 3447 5164 in
3489 5107 3596 5165 hoc
3640 5108 3804 5167 valeo

300 5201 427 5263 tiri:
476 5200 575 5256 sed
627 5198 767 5273 quia
794 5200 967 5259 homo
998 5217 1077 5268 es,
1109 5209 1271 5275 potes
1300 5199 1502 5257 saltem
1533 5213 1629 5272 per
1657 5194 2010 5256 benevolen-
2097 5192 2529 5265 quantumlibet
2555 5192 2859 5263 assentire,
2882 5192 3021 5252 dum
3056 5210 3156 5267 pro
3186 5195 3395 5267 quovis
3415 5195 3596 5254 otioso
3625 5196 3805 5254 verbo

297 5289 438 5347 tiam
467 5285 611 5345 falli.
643 5286 791 5356 Quia
823 5306 958 5348 vero
992 5290 1223 5349 mentiri
1255 5295 1341 5348 est
1370 5296 1569 5347 contra
1617 5293 1871 5345 mentem
1924 5285 2010 5343 Io-
2096 5285 2243 5344 ratio
2268 5283 2530 5341 redditur
2560 5302 2573 5339 :
2603 5282 2745 5341 dum
2780 5284 2899 5342 sola
2930 5283 3072 5342 fatui
3104 5284 3467 5360 compellatio
3516 5286 3804 5360 gehenna

297 5375 418 5450 qui,
454 5376 736 5451 contingit
785 5368 1095 5452 aliquando
1142 5383 1210 5436 ut
1253 5377 1407 5435 idem
1444 5378 1517 5435 sit
1557 5380 1611 5434 et
1649 5393 1723 5434 ex
1769 5374 2012 5434 dicentis
2096 5375 2451 5449 supplicium
2474 5373 2884 5443 comminatur,
2916 5375 3057 5434 dum
3080 5375 3459 5448 divinalegis
3485 5391 3597 5433 non
3631 5393 3801 5450 apex,

297 5464 574 5537 opinione
597 5482 825 5537 verum,
849 5476 987 5526 etex
1010 5466 1194 5541 ipsius
1218 5465 1296 5524 rei
1321 5465 1595 5538 qualitate
1619 5465 2006 5523 mendacium.
2096 5465 2338 5525 noniota
2358 5468 2677 5538 pratereat,
2703 5464 2843 5523 dum
2865 5463 2982 5523 sola
3005 5465 3491 5539 concupiscentia
3505 5466 3651 5524 visio
3668 5482 3806 5525 ma-

298 5552 589 5613 Coniiteor
619 5555 676 5613 in
706 5556 942 5616 domino
969 5570 1098 5614 meo
1124 5555 1277 5630 quod
1314 5569 1468 5628 sape
1498 5561 1759 5613 versatur
1785 5554 1845 5612 in
1880 5555 2009 5613 ani-
2094 5555 2243 5615 chia
2276 5554 2496 5613 crimen
2527 5554 2766 5613 incurrit
2789 5552 2817 5612 ?
2840 5553 2982 5612 Hae
3000 5555 3428 5630 ethujusmodi,
3454 5555 3803 5615 venerabilis

296 5658 392 5702 mo
424 5657 573 5715 meo,
603 5644 883 5720 quoniam
933 5643 1200 5720 quisquis
1231 5660 1325 5704 me
1346 5644 1417 5703 in
1447 5658 1511 5703 os
1539 5658 1735 5703 meum
1788 5643 2007 5718 laudat,
2092 5651 2274 5720 pater,
2302 5644 2569 5719 quisquis
2594 5643 2770 5718 digna
2790 5643 3246 5705 consideratione
3264 5644 3585 5721 perpendit,
3611 5661 3689 5705 ex
3706 5643 3799 5707 di-
