4140 6484
203 385 318 446 313

1437 387 1661 448 LIBER
1700 388 2074 460 QUARTUS,
2115 388 2349 449 EPIST.
2394 389 2492 449 IX.

3618 399 3724 458 3H

203 512 601 598 vinaquidem
624 513 808 584 potest
828 511 1194 571 miseratione
1219 527 1591 587 przesumere,
1611 513 1710 572 sed
1731 513 2093 576 nescieris
2121 513 2212 572 vis
2248 514 2497 572 infertur
2535 514 2792 589 injuriae,
2824 518 2895 575 ad
2931 519 3240 576 indicenda
3271 522 3536 595 protinus
3569 524 3722 584 bella

201 611 408 663 utrum
438 601 627 661 valeat
653 601 712 659 in
745 601 1175 676 quantumlibet
1205 603 1656 662 exuberantium
1689 605 1925 662 merito-

200 709 342 752 rum
373 707 619 751 suorum
643 691 945 750 securitate
968 691 1236 759 dormire,
1259 693 1577 766 prazsertim
1599 709 1728 752 cum
1749 709 1926 752 mun-

198 782 315 841 dus
338 781 599 855 undique
621 781 846 850 fremat,
877 779 1142 854 undique
1160 781 1317 838 velut
1338 782 1662 841 maximum
1689 785 1925 858 pelagus

199 870 730 930 intumescentibus
763 868 1029 944 procellis
1061 885 1122 926 se
1154 870 1390 940 attollat,
1428 876 1727 946 tantasque
1755 873 1924 930 nobis

199 961 686 1036 quibuscumque
724 958 1052 1032 raptoribus
1090 959 1382 1020 molestias
1423 961 1668 1034 ingerat,
1710 967 1778 1020 ut
1811 967 1923 1020 ter-

204 1049 371 1108 renis
413 1048 610 1122 potius
653 1062 760 1106 nos
797 1048 1084 1106 inservire
1124 1050 1371 1122 negotiis
1415 1065 1592 1124 quam
1629 1050 1928 1123 obsequiis

202 1153 418 1198 vacare
456 1135 695 1207 divinis,
746 1136 837 1194 vel
873 1136 944 1194 ad
984 1136 1254 1209 puritatis
1295 1138 1548 1212 aspirare
1577 1138 1926 1198 munditiam

203 1229 560 1305 plerumque
578 1225 899 1300 compellat.
923 1226 1215 1300 Malignus
1241 1228 1410 1301 plane
1443 1229 1678 1302 spiritus
1711 1229 1925 1286 huma-

206 1333 358 1378 num
390 1333 575 1392 genus
596 1332 755 1375 nunc
784 1316 951 1375 solito
977 1317 1379 1377 vehementius
1399 1332 1502 1392 per
1526 1317 1724 1376 omnia
1759 1318 1928 1376 vitio-

205 1423 344 1467 rum
373 1407 620 1480 abrupta
646 1405 984 1479 praecipitat,
1009 1407 1395 1466 truculentius
1419 1413 1611 1466 tamen
1636 1407 1926 1480 odiorum,

204 1513 277 1556 ac
299 1495 666 1554 simultatum
689 1495 1087 1554 omneslivore
1105 1497 1420 1569 perturbat.
1440 1497 1549 1556 Tot
1565 1497 1723 1556 enim
1744 1498 1930 1572 quoti-

204 1585 304 1644 die
341 1583 491 1643 bella
517 1583 866 1651 desaeviunt,
897 1591 1134 1642 armata;
1167 1583 1318 1643 acies
1345 1591 1652 1660 proruunt,
1688 1586 1926 1645 hostiles

205 1676 464 1750 impetus
490 1675 898 1735 inhorrescunt
925 1681 990 1734 ut
1020 1675 1091 1734 de
1128 1675 1486 1738 militaribus
1514 1679 1755 1752 quidem
1782 1679 1924 1738 viris

202 1768 405 1842 plures
422 1767 652 1841 gladius
677 1767 942 1826 videatur
962 1767 1290 1836 absumere,
1317 1784 1498 1841 quam
1518 1770 1579 1828 in
1602 1770 1922 1844 grabatulis

203 1858 575 1932 quiescentes
629 1872 918 1931 corporeae
975 1857 1325 1917 conditionis
1395 1860 1682 1934 aegritudo
1727 1863 1981 1945 ﬁnire,B

2009 602 2340 677 prosiliunt,
2369 610 2728 664 armatorum
2758 623 2974 666 cuneos
3023 607 3347 682 instruunt,
3383 611 3584 687 sicque
3610 615 3719 674 ho-

2007 697 2122 749 stes
2158 707 2294 750 suos
2330 693 2524 751 acrius
2560 695 2722 766 forte,
2758 711 2935 771 quam
2974 696 3096 755 laesi
3132 699 3381 768 fuerant,
3417 702 3719 761 ulciscun-

2009 787 2121 839 tur.
2151 780 2316 850 Quod
2348 783 2493 840 mihi
2526 783 2695 856 plane
2722 785 2860 844 satis
2885 787 3113 846 videtur
3139 788 3484 859 absurdum,
3513 798 3577 850 ut
3606 793 3718 866 ipsi

2006 869 2239 928 Domini
2278 871 2594 930 sacerdotes
2632 878 2912 932 attentent
2944 876 3097 949 quod
3150 877 3338 936 turbis
3375 879 3720 952 vulgaribus

2007 959 2366 1032 prohibetur,
2392 969 2447 1021 et
2475 964 2628 1038 quod
2659 964 2851 1023 verbis
2871 966 3234 1039 impugnant,
3270 969 3542 1042 operibus
3561 987 3716 1031 asse-

2011 1054 2157 1107 rant.
2192 1050 2342 1120 Quid
2374 1053 2530 1110 enim
2571 1053 2755 1125 magis
2798 1053 3148 1113 Christianae
3185 1057 3298 1130 legi
3333 1058 3566 1118 videtur
3592 1077 3717 1121 esse

2009 1140 2360 1198 contrarium
2390 1157 2567 1214 quam
2609 1142 2916 1200 redhibitio
2943 1145 3248 1203 lmsionum
3275 1147 3302 1200 ?
3335 1146 3463 1218 Ubi,
3492 1165 3715 1222 quaaso,

2011 1235 2148 1285 sunt
2177 1233 2254 1286 tot
2285 1229 2576 1309 prmconia
2604 1229 3029 1304 Scripturarum
3056 1234 3081 1289 ἰ)
3107 1232 3217 1290 Ubi
3245 1234 3402 1306 quod
3432 1236 3719 1296 Dominus

2010 1316 2190 1374 dicit:
2233 1341 2254 1370 ι
2295 1317 2355 1377 Si
2387 1320 2522 1394 quis
2563 1319 2666 1378 tibi
2696 1320 2846 1395 quod
2899 1326 3066 1380 tuum
3095 1327 3179 1380 est
3220 1324 3415 1382 tulerit
3448 1342 3519 1384 ne
3554 1343 3718 1401 repe-

2012 1413 2096 1464 tas
2136 1409 2286 1476 (Luc.
2323 1412 2426 1477 v1).
2469 1431 2490 1460 ι
2541 1407 2600 1467 Si
2637 1410 2796 1467 enim
2834 1410 3002 1468 nobis
3031 1427 3150 1469 non
3179 1409 3312 1470 licet
3338 1415 3538 1472 eadem
3571 1416 3716 1489 ipsa,

2011 1511 2145 1570 quae
2187 1497 2353 1554 nobis
2401 1497 2591 1555 ablata
2628 1505 2786 1567 sunt,
2827 1506 3115 1571 repetere;
3163 1501 3454 1573 quomodo
3492 1518 3594 1575 pro
3625 1504 3718 1563 his

2007 1587 2141 1645 licet
2186 1586 2419 1645 ultoriaa
2468 1587 2867 1646 retributionis
2920 1588 3137 1648 vulnus
3191 1591 3410 1650 inferre
3444 1590 3472 1650 ?
3503 1593 3615 1651 Ubi
3661 1600 3718 1652 et

2005 1675 2153 1736 illud
2205 1695 2217 1735 :
2263 1696 2293 1731 at
2342 1677 2404 1738 Si
2435 1679 2784 1752 percusserit
2821 1677 2927 1737 tibi
2965 1678 3290 1752 maxillam,
3329 1682 3524 1754 praebe
3564 1683 3619 1742 ei
3666 1689 3723 1742 et

2003 1768 2244 1826 alteram
2279 1787 2289 1826 :
2321 1769 2371 1826 si
2399 1769 2787 1841 angariaverit
2831 1777 2884 1828 te
2931 1769 3095 1827 mille
3123 1786 3350 1844 passus,
3384 1772 3529 1832 vade
3579 1789 3716 1832 cum

2000 1872 2066 1914 eo
2094 1857 2212 1915 duo
2240 1856 2355 1915 alia
2395 1857 2579 1915 millia
2614 1881 2627 1915 :
2670 1857 2719 1916 si
2772 1858 2969 1916 tulerit
2997 1858 3102 1916 tibi
3143 1860 3424 1932 tunicam,
3461 1861 3534 1918 da
3572 1863 3623 1920 ei
3661 1871 3717 1920 et

208 1952 276 2007 ut
321 1946 739 2021 propemodum
790 1946 969 2005 maris
1015 1961 1180 2005 more
1217 1951 1449 2020 geratur
1492 1948 1589 2006 hic
1638 1949 1913 2009 mundus.
1937 1944 1954 1945 ἡ
1998 1944 2242 2018 pallium
2295 1947 2518 2018 (Matth.
2553 1947 2632 2016 v).
2673 1968 2695 1997 »
2738 1947 2814 2002 At
2850 1947 3086 2004 fortasse
3124 1947 3256 2020 quis
3293 1948 3490 2023 objicit
3529 1950 3717 2009 turbis

212 2037 381 2099 Sicut
433 2036 591 2095 enim
636 2052 772 2096 cum
811 2041 1119 2095 ventorum
1157 2041 1462 2110 tempestas
1497 2037 1776 2112 oboritur,
1806 2041 1918 2098 cri-

208 2131 419 2201 spante
465 2125 668 2184 mitius
713 2125 938 2200 pelago,
977 2127 1039 2184 in
1080 2126 1294 2184 vicinia
1333 2125 1544 2185 littoris
1593 2133 1770 2186 aestus
1802 2128 1918 2186 fer-

211 2215 440 2274 ventior
491 2215 816 2285 excitatur;
874 2213 1018 2268 114
1065 2215 1146 2272 ita
1213 2231 1372 2273 nunc
1421 2216 1483 2273 in
1545 2216 1662 2275 ﬁne
1717 2219 1922 2276 mundi

210 2305 376 2364 velut
399 2304 592 2364 vicino
623 2304 800 2363 maris
828 2305 1037 2376 littore,
1068 2305 1403 2365 furentibus
1443 2306 1670 2366 dissidii
1708 2308 1926 2368 discor-

213 2393 446 2467 diaaque
482 2392 774 2469 procellis,
806 2400 1015 2453 cuncta
1054 2395 1363 2456 hominum
1401 2396 1573 2455 corda
1613 2404 1923 2470 vexantur,

211 2491 267 2541 et
300 2488 580 2558 tanquam
621 2484 910 2556 spumosis
944 2484 1218 2543 ﬂuctibus
1246 2484 1580 2544 illiduntur.
1631 2486 1927 2546 Instabilis

211 2574 370 2632 enim
403 2573 696 2632 homicida
723 2574 920 2632 omnia
959 2580 1265 2643 scrutatur,
1295 2574 1492 2633 omnia
1529 2576 1735 2634 mundi
1767 2578 1926 2637 velut

211 2664 393 2723 unius
427 2663 554 2736 agri
600 2663 721 2722 loca
761 2663 1096 2738 perlustrat,
1148 2679 1224 2721 ne
1273 2664 1414 2739 quid
1460 2664 1846 2726 infecundum
1892 2683 1927 2725 a

210 2753 377 2813 lividi
420 2755 642 2813 fomitis
679 2755 900 2814 satione
939 2761 1259 2829 praetereat.
1294 2755 1449 2814 Hinc
1483 2761 1589 2827 est,
1643 2757 1798 2832 quod
1853 2758 1924 2816 ad

210 2845 578 2904 ecclesiastici
621 2849 802 2903 status
840 2845 1170 2904 universale
1208 2846 1536 2918 periculum
1563 2847 1637 2905 ab
1672 2847 1923 2906 invicem

213 2934 597 2994 sacerdotium
656 2933 1089 3008 imperiumque
1140 2934 1428 3004 resiliunt,
1481 2941 1654 3008 atque
1699 2936 1772 2994 ab
1822 2937 1926 2995 Dei

212 3022 627 3097 omnipotentis
660 3022 938 3097 injuriam
971 3039 1132 3082 nunc
1167 3038 1302 3082 cum
1340 3039 1498 3083 unus
1526 3039 1672 3099 papa
1700 3024 1761 3082 in
1785 3039 1923 3098 apo-

214 3111 414 3171 stolico
444 3112 518 3170 sit
553 3113 698 3172 solio
735 3113 1104 3185 constitutus,
1145 3112 1288 3171 alter
1317 3130 1351 3171 a
1387 3113 1606 3172 ﬁnibus
1632 3113 1926 3188 aquilonis

212 3202 536 3262 destinatur
565 3205 780 3264 electus
822 3204 945 3278 (88).
991 3205 1102 3265 Sed
1132 3203 1237 3264 ille
1273 3221 1437 3278 papae
1465 3205 1776 3266 abusivum
1818 3222 1921 3280 pa-

214 3308 343 3367 pam
385 3293 592 3365 procul
628 3293 806 3352 dubio
845 3293 1202 3368 superaddit,
1240 3293 1343 3368 qui
1380 3294 1608 3368 primus
1656 3294 1922 3368 omnipo-

214 3383 387 3442 tentis
435 3382 544 3441 Dei
593 3383 942 3443 vocabulum
989 3383 1203 3458 plurali
1260 3398 1507 3442 numero
1561 3381 1918 3442 declinavit:

215 3493 243 3526 ι
276 3471 476 3543 Eritis,
517 3470 815 3546 inquiens,
862 3471 1010 3532 sicut
1043 3471 1144 3542 dii,
1181 3471 1425 3531 scientes
1457 3471 1675 3532 bonum
1715 3477 1772 3530 et
1800 3488 1922 3531 ma-

2002 2033 2381 2092 smcularibus
2439 2033 2565 2091 htec
2612 2049 2736 2092 esse
2789 2034 3076 2108 mandata,
3137 2051 3252 2096 non
3302 2037 3716 2112 sacerdotibus,

2005 2125 2289 2184 nimirum
2346 2134 2411 2185 ut
2462 2125 2851 2184 Ecclesiarum
2904 2127 3184 2200 prwsules
3230 2129 3357 2187 haec
3401 2130 3719 2203 praedicare

2008 2216 2276 2288 debeant,
2328 2231 2444 2274 non
2487 2232 2737 2274 servare.
2791 2216 2904 2275 Sed
2947 2218 3081 2292 quis
3125 2219 3232 2276 hoc
3279 2220 3372 2276 vel
3427 2220 3718 2294 desipiens

2008 2310 2237 2379 sentiat,
2265 2323 2399 2366 cum
2431 2308 2719 2366 Dominus
2749 2307 2900 2366 dicat
2928 2328 2940 2366 :
2973 2332 2997 2359 α
3029 2309 3141 2378 Qui
3173 2309 3410 2368 solverit
3435 2327 3626 2370 unum
3649 2312 3720 2370 de

2008 2397 2302 2457 mandatis
2334 2397 2461 2455 istis
2510 2397 2795 2469 minimis,
2833 2395 2974 2453 115
3023 2405 3078 2457 et
3115 2398 3374 2457 docuerit
3411 2400 3493 2458 sic
3523 2401 3722 2458 homi-

2007 2505 2132 2556 nes,
2164 2487 2448 2545 minimus
2487 2487 2786 2546 vocabitur
2827 2487 2885 2544 in
2926 2503 3106 2560 regno
3135 2488 3434 2547 coelorum.
3469 2491 3578 2559 Qui
3608 2507 3716 2550 au-

2008 2586 2124 2637 tem
2163 2578 2378 2646 fecerit,
2407 2581 2463 2633 et
2497 2577 2772 2645 docuerit,
2809 2592 3058 2650 magnus
3098 2578 3400 2638 vocabitur
3437 2582 3653 2648 (Ibid.).
3685 2601 3714 2634 »

2011 2665 2285 2724 Sacerdos
2333 2666 2550 2739 itaque,
2601 2665 2703 2740 qui
2753 2667 2814 2724 in
2860 2683 3038 2740 regno
3093 2667 3373 2727 caelorum
3411 2669 3539 2727 vult
3590 2686 3715 2728 esse

2006 2773 2273 2831 magnus,
2320 2757 2393 2815 sit
2439 2757 2501 2814 in
2551 2756 2762 2830 populo
2808 2757 3084 2830 praevius,
3140 2764 3206 2815 ut
3253 2757 3409 2831 quod
3467 2773 3604 2817 voce
3654 2775 3715 2816 se

2009 2846 2391 2920 sequentibus
2437 2845 2633 2915 dictat,
2682 2844 2908 2917 primus
2945 2845 3068 2918 ipse
3107 2845 3261 2903 vivis
3301 2845 3577 2918 operibus
3612 2847 3719 2904 im-

2009 2934 2181 3007 pleat.
2220 2933 2406 3001 Unde,
2441 2939 2506 2990 ut
2541 2931 2734 2990 omnis
2769 2931 2930 3005 pravi
2979 2931 3307 2991 intellectus
3341 2933 3564 2992 occasio
3605 2934 3718 2991 tol-

2008 3024 2182 3096 latur,
2219 3022 2448 3096 primus
2467 3020 2567 3078 ille
2587 3021 2740 3079 inter
2771 3021 3044 3079 Ecclesiae
3079 3021 3546 3084 sacerdoteS-non
3585 3022 3665 3080 ait
3697 3041 3710 3080 :

2007 3112 2272 3181 Domine,
2310 3111 2536 3185 quoties
2571 3109 2890 3183 peccaverit
2927 3110 3102 3168 frater
3137 3111 3200 3168 in
3255 3110 3509 3182 fratrem,
3543 3117 3598 3168 et
3631 3109 3717 3168 di-

2009 3202 2200 3259 mittet
2223 3200 2276 3258 ei
2306 3198 2335 3258 ?
2362 3199 2458 3258 sed
2485 3199 2752 3258 omnium
2782 3198 2973 3272 potius
3003 3199 3360 3258 sacerdotum
3392 3216 3626 3260 causam
3656 3201 3717 3260 in

2009 3306 2127 3348 una
2157 3289 2250 3349 sui
2280 3304 2523 3361 persona
2547 3289 2924 3358 constituens,
2973 3308 3002 3340 «
3049 3287 3313 3359 Domine,
3341 3289 3555 3365 inquit,
3580 3306 3720 3365 quo-

2007 3381 2112 3439 ties
2163 3379 2481 3452 peccaverit
2526 3379 2585 3436 in
2626 3393 2718 3436 me
2757 3379 2932 3436 frater
2965 3389 3152 3448 meus,
3199 3384 3252 3436 et
3292 3380 3582 3439 dimittam
3618 3380 3722 3438 ei?

2008 3484 2193 3544 usque
2217 3467 2424 3541 septies
2452 3469 2478 3524 ?
2506 3469 2727 3535 (Matth.
2760 3469 2958 3535 XVIII.)
2995 3492 3019 3516 η
3053 3467 3313 3540 Cumque
3340 3467 3453 3525 sibi
3480 3483 3718 3542 respon-

212 3560 337 3620 lum
364 3562 520 3631 (Gen.
545 3565 646 3631 In).
673 3584 695 3613 ι
726 3561 912 3636 Super
936 3577 1052 3633 quo
1077 3561 1364 3620 nimirum
1391 3562 1583 3634 potius
1606 3561 1744 3620 ﬂere
1765 3578 1926 3620 com-
2007 3559 2239 3618 deretur
2306 3580 2328 3608 ι
2364 3571 2547 3630 usque
2603 3555 2928 3627 septuagies
2962 3555 3171 3627 septies
3223 3558 3404 3624 (Ibid)
3433 3577 3462 3611 ››
3520 3557 3720 3614 indul-

211 3649 510 3724 pellimur,
540 3665 718 3722 quam
757 3651 1049 3723 prolixius
1082 3651 1222 3724 quid
1262 3651 1512 3710 scribere
1549 3651 1919 3710 delectemur.
2005 3648 2282 3721 gendum,
2316 3643 2685 3714 nullumjam
2712 3643 2784 3701 de
2810 3644 3092 3702 servando
3116 3661 3149 3702 a
3171 3643 3564 3702 sacerdotibus
3585 3643 3722 3702 uni-

211 3737 395 3809 Unde,
453 3753 591 3797 cum
649 3745 783 3797 ante
830 3738 1054 3814 aliquot
1097 3738 1223 3798 dies
1271 3740 1522 3813 hymnos
1566 3739 1924 3814 rhythmicos
2005 3735 2216 3794 versati
2255 3733 2530 3792 mandato
2570 3732 2834 3790 relictum
2883 3732 3111 3790 videtur
3157 3731 3524 3804 ambiguum.
3568 3732 3726 3791 Luca

209 3824 405 3884 ﬂendo
435 3825 840 3900 depromerem
872 3851 885 3885 :

498 3916 660 3976 Heu!
695 3919 857 3977 sedes
876 3919 1208 3992 apostolica,

571 4005 740 4066 Orbis
763 4007 907 4067 olim
943 4007 1150 4084 gloria,

575 4096 766 4169 Nunc,
796 4099 942 4173 proh
973 4099 1173 4158 dolor!
1201 4099 1445 4159 eﬂiceris

576 4183 817 4246 Oﬂicina
849 4186 1134 4260 Simonis;

507 4273 730 4333 Terunt
761 4275 1035 4335 incudem
1067 4277 1285 4348 mallei,

577 4363 819 4422 Nummi
849 4373 985 4424 sunt
1018 4366 1244 4425 tartarei
1268 4385 1282 4437 ;

565 4453 733 4513 Justo
759 4454 864 4514 Dei
893 4454 1117 4530 judicio

577 4541 670 4601 Fit
699 4543 807 4603 ista
833 4545 1107 4616 conditio,

509 4630 582 4690 Ut
605 4632 873 4705 quisquis
896 4632 1266 4708 apostolicam

579 4723 788 4783 Sedem
815 4725 991 4784 semel
1023 4731 1338 4801 comparat,

574 4814 882 4876 Redimere
906 4832 1022 4876 non
1051 4817 1297 4891 desinat,

578 4908 771 4968 Donec
800 4910 951 4969 male
990 4915 1185 4984 pereat
1215 4935 1227 4968 :

221 4994 314 5054 his
349 4995 541 5065 dictis,
583 5011 706 5070 prae
733 4996 930 5057 dolore
959 4999 1231 5058 contabui
1265 5005 1322 5058 et
1362 4991 1571 5057 addere
1607 4997 1924 5072 supersedi.

295 5083 403 5143 Sed
436 5099 571 5144 cum
612 5085 765 5144 inter
799 5094 1006 5146 caetera
1035 5088 1206 5157 mala,
1237 5104 1373 5162 quas
1412 5088 1624 5147 nostris
1655 5086 1928 5159 tempori-

223 5173 330 5233 bus
369 5183 702 5250 emergunt,
732 5177 886 5252 ipsas
931 5193 1166 5254 quoque
1213 5177 1495 5237 Ecclesias
1549 5177 1790 5237 violenti
1828 5177 1930 5234 ho-

221 5265 412 5325 mines
485 5267 805 5326 insolenter
878 5268 1208 5342 opprimant
1283 5284 1349 5327 ac
1421 5267 1638 5341 praedia
1693 5268 1934 5341 (Consule

219 5353 445 5411 Scholia
473 5356 549 5410 ad
583 5357 781 5412 calcem
819 5356 1108 5426 opusculi),
1148 5353 1243 5412 vel
1286 5353 1565 5428 quaelibet
1608 5353 1758 5412 bona
1785 5353 1933 5412 sacri

213 5445 366 5519 juris
396 5445 698 5514 invadant,
728 5445 1044 5503 nonnullos
1072 5449 1286 5515 movet,
1319 5451 1517 5504 utrum
1550 5445 1933 5504 Ecclesiarum

220 5540 470 5592 rectores
505 5539 773 5607 expetere
801 5533 1118 5593 vindictam
1150 5532 1420 5605 debeant,
1447 5540 1515 5590 ut
1551 5533 1722 5590 malis
1759 5531 1931 5602 mala,

220 5637 380 5681 more
419 5619 812 5693 saecularium,
853 5621 1120 5681 reddant.
1159 5619 1307 5680 Nam
1359 5619 1622 5695 plerique
1665 5635 1827 5692 mox,
1868 5624 1935 5678 ut

280 5720 384 5784 (88)
417 5719 706 5774 Cadaloum
731 5720 1001 5785 intelligit.

2006 3826 2180 3885 etiam
2223 3824 2576 3896 evangelista
2635 3828 2875 3880 testante
2928 3824 3202 3880 docemur
3258 3822 3416 3897 quia,
3476 3821 3726 3882 Domino

2007 3915 2330 3976 Jerusalem
2390 3919 2751 3987 pr0perante,
2801 3911 3072 3985 discipuli
3109 3912 3496 3985 praecedentes
3541 3911 3722 3970 intra-

2009 4013 2220 4064 verunt
2256 4005 2461 4062 urbem
2499 4003 3015 4071 Samaritanorum,
3048 4008 3112 4059 ut
3146 4000 3235 4058 illi
3274 4006 3546 4074 pararent
3571 4005 3721 4069 (Luc.

2010 4098 2114 4167 rx).
2151 4096 2416 4170 Cumque
2441 4094 2574 4153 illos
2607 4093 2955 4154 Samaritani
2981 4091 3320 4153 nullatenus
3355 4091 3724 4167 recepissent,

2011 4183 2283 4245 commoti
2333 4183 2580 4244 Jacobus
2631 4188 2684 4242 et
2722 4182 2996 4253 Joannes,
3047 4181 3407 4240 humanitate
3451 4180 3724 4253 dictante,

2012 4276 2292 4333 dixerunt
2323 4297 2336 4330 :
2377 4298 2404 4322 ‹‹
2430 4272 2698 4340 Domine,
2729 4271 2818 4330 vis
2853 4269 3102 4328 dicimus
3130 4275 3196 4328 ut
3226 4269 3380 4342 ignis
3418 4269 3729 4328 descendat

2011 4363 2083 4422 de
2109 4361 2253 4421 coelo
2283 4369 2339 4420 et
2367 4366 2670 4420 consumat
2707 4359 2858 4431 illos,
2890 4359 3038 4417 sicut
3067 4358 3225 4416 Elias
3255 4357 3441 4416 fecit?
3476 4383 3503 4406 ››
3534 4359 3730 4428 (Ibid.)

2010 4453 2149 4512 Mox
2187 4465 2507 4511 conversus
2546 4449 2868 4524 increpavit
2919 4448 3072 4520 illos,
3122 4447 3321 4506 dicens
3357 4466 3370 4504 :
3432 4472 3459 4496 «
3482 4446 3727 4505 Nescitis

2009 4541 2176 4615 cujus
2203 4539 2440 4614 spiritus
2467 4539 2605 4598 estis
2635 4565 2647 4598 :
2671 4537 2856 4597 Filius
2886 4537 3139 4596 hominis
3167 4552 3285 4595 non
3313 4536 3472 4595 venit
3499 4536 3726 4593 animas

1945 4621 2270 4704 Dperdere,
2302 4629 2403 4686 sed
2425 4630 2667 4687 salvare.
2699 4652 2722 4678 ιο
2759 4629 2870 4687 Ubi
2903 4644 3040 4688 mox
3072 4626 3343 4686 subditur
3373 4648 3384 4682 :
3423 4647 3444 4675 ι
3479 4624 3550 4681 Et
3575 4623 3726 4681 abie-

2009 4724 2148 4779 runt
2190 4719 2254 4777 in
2294 4717 2450 4777 aliud
2493 4717 2792 4777 castellum
2837 4715 3045 4790 (Ibid);
3082 4735 3111 4768 »
3152 4731 3218 4773 ac
3257 4715 3305 4772 si
3346 4729 3458 4770 non
3501 4711 3722 4785 lingua,

2011 4809 2110 4866 sed
2155 4822 2324 4881 opere
2375 4806 2712 4880 loqueretur
2753 4830 2765 4864 :
2808 4805 2938 4864 date
2978 4806 3166 4863 locum
3212 4803 3334 4870 irae,
3391 4801 3484 4859 vel
3537 4799 3730 4875 potius

2010 4897 2163 4974 quod
2203 4897 2324 4970 ipse
2363 4895 2501 4955 dicit
2543 4916 2555 4954 :
2606 4919 2628 4948 ι
2664 4894 2724 4954 Si
2767 4909 2868 4953 vos
2913 4890 3194 4967 persecuti
3244 4889 3459 4948 fuerint
3500 4889 3561 4947 in
3607 4905 3724 4948 una

2009 4989 2257 5056 civitate,
2291 4987 2472 5062 fugite
2501 4988 2564 5046 in
2593 4989 2767 5046 aliam
2797 4987 3016 5064 (Matth.
3058 4985 3142 5048 Χ).
3183 5004 3204 5032 ι

2087 5077 2216 5136 Vita
2258 5077 2446 5150 plane,
2489 5093 2662 5148 quam
2709 5074 2969 5133 Salvator
3009 5077 3197 5129 noster
3231 5071 3408 5142 gessit
3435 5069 3495 5128 in
3527 5085 3720 5137 carne,

2014 5184 2133 5226 non
2163 5168 2362 5226 minus
2392 5182 2567 5240 quam
2603 5163 2931 5238 praedicatio
2969 5160 3322 5235 evangelica,
3357 5160 3522 5219 nobis
3560 5165 3645 5217 est
3671 5163 3728 5216 et

2015 5257 2302 5331 proposita
2358 5255 2620 5313 tenendae
2658 5253 2810 5310 linea
2841 5250 3183 5324 disciplinas.
3231 5249 3391 5310 Sicut
3429 5263 3566 5321 ergo
3603 5251 3725 5322 ipse

2015 5352 2222 5406 cuncta
2266 5344 2471 5403 mundi
2515 5343 2761 5402 furentis
2815 5341 3131 5410 obstacula,
3171 5355 3286 5398 non
3336 5355 3435 5411 per
3479 5338 3726 5398 districti

2015 5436 2306 5496 examinis
2341 5433 2642 5503 ultionem,
2685 5431 2782 5490 sed
2824 5447 2925 5503 per
2973 5430 3247 5488 invictam
3301 5429 3596 5502 superavit
3633 5429 3728 5487 in-

2015 5541 2312 5586 concussa;
2378 5522 2670 5597 patientiaa
2730 5520 3103 5592 majestatem,
3167 5519 3242 5575 ita
3299 5519 3461 5577 docet
3517 5518 3727 5578 mundi

2015 5613 2234 5674 rabiem
2284 5613 2479 5688 potius
2534 5609 2944 5688 aequanimiter
2992 5607 3141 5666 ferre
3194 5622 3369 5680 quam
3423 5606 3516 5666 vel
3569 5623 3731 5667 arma
