4140 6448
434 335 541 396 3ιὸ

953 332 1012 393 S.
1050 330 1275 392 PETRI
1314 330 1637 390 DAMIANI
1675 327 1833 388 OPP.
1877 325 2069 387 PARS
2113 326 2256 388 SEU
2296 326 2549 387 TOMUS
2586 327 2635 386 I.
2678 358 2743 370 -
2784 324 3022 387 EPIST.
3063 326 3212 386 LIB.
3254 324 3416 385 VIII.

3839 331 3951 391 316

430 458 734 533 corripere,
763 455 854 516 vel
878 456 1109 515 laedenti
1140 454 1478 515 laesionihus
1496 451 1870 528 respondere;
1893 457 2192 525 prmser-A
2214 455 2461 529 (Consule
2497 455 2760 528 Scholia.)
2801 452 2861 513 Si
2911 468 3047 526 ergo
3098 467 3201 526 pro
3251 451 3384 525 ﬁde,
3424 468 3543 541 qua
3589 453 3949 541 universalis

434 549 540 607 tim
558 565 690 607 cum
708 548 855 605 inter
878 560 1122 619 regnum
1133 552 1189 603 et
1207 544 1593 604 sacerdotium
1611 543 1845 618 propria
1863 542 2146 618 cujusque

434 636 865 709 distinguantur
886 634 1091 704 ofﬁcia,
1121 639 1185 692 ut
1204 638 1258 691 et
1286 650 1390 692 rex
1414 632 1592 691 armis
1622 637 1816 691 utatur
1843 630 2066 702 saeculi,
2092 637 2147 689 et

435 727 696 784 sacerdos
731 725 1067 799 accingatur
1106 724 1297 797 gladio
1336 723 1590 797 spiritus,
1619 721 1723 796 qui
1766 728 1851 781 est
1899 720 2146 780 verbum

437 814 537 872 Dei
588 817 809 886 (Ephes.
843 818 946 884 v1).
988 813 1071 871 De
1126 812 1328 871 saeculi
1368 827 1576 885 nempe
1622 811 1883 886 principe
1931 812 2146 871 Paulus

434 902 617 960 dicit:
677 926 697 955 α
729 903 854 961 Non
902 902 1028 960 sine
1061 918 1232 961 causa
1280 900 1541 974 gladium
1574 907 1776 974 portat.
1836 901 1939 959 Dei
1990 901 2147 959 enim

437 991 702 1049 minister
738 996 846 1062 est,
887 990 1102 1049 vindex
1162 990 1221 1048 in
1279 989 1421 1048 iram
1485 989 1538 1047 ei
1601 988 1705 1063 qui
1758 989 1977 1049 malum
2033 990 2151 1062 agit

434 1082 602 1155 (Rom.
645 1087 791 1153 xm).
826 1104 849 1130 η
901 1080 1136 1138 Azarias
1178 1095 1304 1151 rex,
1350 1079 1488 1154 quia
1523 1080 1871 1140 sacerdotale
1909 1086 2151 1153 usurpat

436 1171 711 1242 ofﬁcium,
755 1171 913 1246 lepra
957 1170 1323 1245 perfunditur
1363 1174 1438 1244 (Π
1469 1173 1719 1243 Paralip.
1758 1172 1955 1245 XXVI);
1994 1175 2051 1228 et
2099 1169 2147 1227 si

437 1262 698 1321 sacerdos
715 1278 875 1321 arma
895 1263 1148 1337 corripit,
1171 1263 1325 1337 quod
1357 1263 1558 1336 utique
1577 1260 1857 1320 laicorum
1880 1267 1983 1333 est,
2008 1261 2148 1336 quid

439 1360 691 1414 meretur
720 1353 747 1413 ?
777 1354 919 1412 Nam
967 1363 1020 1412 et
1067 1354 1251 1412 David
1308 1353 1519 1412 idcirco
1577 1359 1709 1411 ante
1759 1352 2148 1427 Evangelium

436 1445 768 1519 evangelica
793 1444 1009 1504 vixisse
1044 1446 1314 1515 creditur,
1347 1445 1484 1519 quia
1526 1459 1643 1504 non
1672 1444 1843 1503 modo
1874 1444 2063 1503 Semei
2094 1449 2151 1503 et

442 1534 601 1604 Saul,
632 1534 731 1592 sed
758 1540 813 1592 et
838 1534 1106 1608 plurimis
1132 1534 1448 1594 indulsisse
1468 1534 1590 1594 suis
1622 1534 1885 1594 hostibus
1916 1533 2147 1593 inveni-

441 1632 551 1685 tur.
582 1627 664 1684 De
692 1642 828 1700 quo,
863 1632 916 1684 et
943 1624 1165 1683 czeteris
1204 1617 1414 1684 sanctis
1450 1626 1715 1685 Patribus
1743 1625 2027 1684 nonnulla
2055 1625 2151 1683 hic

2229 542 2374 601 vivit
2416 543 2691 615 Ecclesia,
2731 557 3021 617 nusquam
3059 542 3247 601 ferrea
3287 540 3499 615 corripi
3545 557 3708 601 arma
3745 540 3955 603 conce-

2228 632 2405 703 ditur,
2435 633 2725 708 quomodo
2770 648 2872 708 pro
2908 632 3149 691 terrenis
3188 648 3254 691 ac
3290 632 3639 691 transitoriis
3670 632 3951 694 Ecclesiae

2230 722 2594 783 facultatibus
2632 723 2884 783 loricataa
2929 723 3080 781 acies
3117 724 3178 781 in
3208 722 3429 795 gladios
3459 722 3891 783 debacchantur
3923 723 3955 784 7

2233 812 2426 885 Porro,
2478 813 2659 871 sancti
2708 812 2819 870 viri
2847 828 2981 871 cum
3017 812 3357 886 praevalent,
3400 813 3704 871 haereticos
3755 812 3953 872 idolo-

2232 918 2482 977 rumque
2519 902 2766 961 cultores
2809 917 3179 977 nequaquam
3228 901 3565 976 perimunt;
3609 902 3708 962 sed
3750 904 3950 976 potius

2229 991 2302 1048 ab
2327 992 2409 1050 eis
2436 1007 2551 1064 pro
2568 993 2681 1051 ﬁde
2712 993 2990 1050 catholica
3030 991 3234 1065 perimi
3279 1006 3393 1049 non
3434 990 3748 1064 refugiunt.
3784 993 3945 1063 Quo-

2233 1081 2401 1139 modo
2430 1097 2565 1155 ergo
2591 1098 2690 1156 pro
2718 1097 2915 1140 rerum
2947 1081 3155 1140 vilium
3195 1080 3540 1140 detrimento
3580 1082 3767 1140 fidelis
3794 1083 3948 1141 ﬁde-

2233 1169 2346 1228 lem
2374 1169 2581 1241 gladiis
2620 1170 2875 1243 impetat,
2916 1186 3090 1244 quem
3117 1185 3310 1228 secum
3345 1169 3546 1244 utique
3579 1170 3948 1245 redemptum

2232 1259 2445 1320 Christi
2468 1260 2753 1333 sanguine
2782 1278 2899 1320 non
2930 1261 3153 1334 ignorat
3181 1263 3206 1318 ?

2302 1350 2370 1408 In
2410 1350 2730 1410 Galliarum
2770 1352 2988 1411 ﬁnibus
3030 1352 3229 1410 audivi
3275 1358 3499 1423 gestum
3555 1351 3735 1411 fuisse
3785 1353 3950 1428 quod

2231 1440 2459 1499 refero:
2504 1441 2661 1499 Inter
2694 1440 2959 1501 abbatem
3003 1450 3061 1500 et
3108 1441 3422 1517 quemdam
3460 1442 3656 1500 saeculi
3708 1458 3948 1516 praepo-

2231 1536 2447 1589 tentem
2484 1537 2607 1590 orta
2643 1538 2728 1590 est
2767 1548 2884 1591 non
2926 1532 3072 1591 levis
3118 1532 3190 1589 de
3228 1531 3587 1604 possessione
3623 1532 3948 1591 contentio.

2231 1622 2495 1698 Cumque
2517 1638 2552 1680 a
2580 1623 2758 1697 partis
2785 1623 3092 1699 utriusque
3123 1623 3448 1704 fautoribus
3482 1623 3656 1681 minis
3681 1624 3783 1682 diu
3814 1639 3951 1683 cer-

439 1717 708 1791 exempla
746 1717 1212 1791 perstringerem,
1249 1716 1360 1775 nisi
1417 1717 1583 1777 vobis
1620 1717 2150 1791 incomparabiliter
2233 1716 2447 1771 larem?
2507 1717 2562 1770 et
2606 1712 2837 1786 iurgiisa
2871 1712 3101 1770 tandem
3147 1719 3212 1771 ut
3247 1711 3428 1770 armis
3454 1718 3721 1785 agereml‘
3750 1714 3952 1772 Utriu—

440 1809 663 1868 notiora
690 1824 867 1883 quam
887 1809 1033 1866 mihi
1053 1809 1176 1866 haec
1200 1815 1253 1867 et
1274 1810 1369 1867 his
1386 1809 1600 1868 similia
1619 1815 1840 1867 certum
1864 1815 2142 1867 tenerem.
2161 1827 2208 1887 B
2231 1816 2344 1875 que
2399 1801 2729 1860 condictum
2776 1808 2878 1860 est.
2938 1801 3009 1859 Et
3063 1800 3364 1860 saecularis
3419 1801 3676 1875 quidem,
3725 1802 3950 1874 paratis

443 1898 622 1959 Plane
650 1897 787 1972 quis
819 1913 937 1956 non
977 1898 1167 1956 videat
1204 1913 1379 1974 quam
1413 1900 1486 1956 sit
1520 1899 1826 1957 inhonesta
1862 1900 2147 1973 confusio,
2234 1892 2490 1952 militum
2556 1894 2754 1967 copiis,
2809 1909 3081 1967 campum
3137 1891 3510 1967 prmliatums
3592 1892 3946 1966 ingreditur,

440 1994 505 2047 ut
529 1987 681 2060 quod
723 1987 1012 2060 agendum
1045 1986 1300 2047 Ecclesia
1332 1988 1597 2061 denegat,
1631 1988 1999 2063 impudenter
2028 1989 2151 2062 ipsa
2232 1985 2383 2043 acies
2417 1985 2604 2055 struit,
2645 2001 2861 2043 cuneos
2894 1984 3123 2043 ordinat
3159 1991 3333 2058 atque
3382 1985 3455 2043 ad
3502 1984 3722 2043 fortiter
3764 2000 3949 2058 agen-

440 2077 758 2136 committat
797 2082 1013 2135 etcum
1064 2078 1196 2136 aliis
1225 2077 1497 2153 praedicet
1524 2078 1884 2151 patientiam,
1912 2078 2153 2136 infmde»
2233 2073 2375 2133 dum
2411 2074 2678 2133 omnium
2732 2081 2952 2131 mentes
2986 2074 3303 2132 acerrimus
3345 2074 3671 2133 cohortator
3709 2074 3949 2132 inﬂam-

438 2165 682 2224 rabilem
713 2165 837 2238 ipsa
870 2174 1066 2225 contra
1103 2168 1437 2225 innocentes
1474 2166 1821 2225 accendatur
1859 2167 1923 2225 in
1952 2166 2153 2226 iram?
2234 2171 2373 2224 mat.
2420 2162 2747 2221 Silvescunt
2785 2163 2981 2220 omnia
3017 2162 3248 2235 gladiis,
3281 2163 3490 2222 rubent
3535 2163 3743 2239 clypei,
3784 2164 3947 2223 voci-

439 2254 692 2327 Contigit
738 2253 895 2313 enim
952 2255 1061 2312 hoc
1122 2252 1349 2312 facienti
1399 2255 1551 2327 quod
1604 2255 1912 2328 Apostolus
1960 2255 2146 2314 dicit:
2234 2251 2547 2311 ferentium
2625 2252 2839 2311 clamor
2901 2251 3207 2323 attollitur,
3264 2252 3521 2311 minaces
3586 2252 3947 2313 armatorum

444 2368 464 2393 σι
503 2345 587 2403 Ne
634 2360 767 2403 cum
794 2343 926 2403 aliis
960 2343 1418 2418 prmdicaverim,
1458 2344 1580 2417 ipse
1618 2344 1897 2417 reprobus
1938 2344 2154 2404 etﬁciar
2235 2340 2504 2400 fremitus
2553 2340 2981 2411 inhorrescunt,
3038 2340 3150 2399 tela
3199 2340 3587 2415 stringuntur,
3637 2341 3797 2401 solus
3839 2342 3947 2400 ad-

440 2435 490 2502 (1
509 2435 628 2491 Cor.
666 2437 753 2502 IX)
781 2456 793 2491 :
836 2457 862 2481 η
892 2433 985 2491 vel
1015 2433 1162 2492 illud
1194 2434 1385 2506 potius
1414 2435 1567 2509 quod
1600 2434 1673 2493 ad
1705 2435 1997 2494 Romanos
2025 2436 2106 2494 ait
2137 2455 2149 2494 :
2236 2446 2420 2490 versae
2452 2430 2628 2504 partis
2664 2430 2913 2504 impetus
2949 2430 3023 2487 ad
3052 2430 3491 2503 oongruendum
3518 2430 3774 2489 accensis
3816 2444 3946 2487 ma-

447 2544 467 2571 ι
500 2520 619 2597 Qui
638 2536 773 2593 ergo
802 2521 989 2580 alium
1020 2522 1205 2589 doces,
1239 2523 1486 2597 teipsum
1518 2539 1634 2582 non
1662 2522 1850 2597 doces,
1883 2524 1987 2599 qui
2002 2539 2151 2598 prae-
2237 2522 2415 2581 nibus
2456 2528 2837 2595 exspectatur.
2869 2520 3065 2580 Abbas
3102 2528 3297 2579 autem
3333 2536 3449 2579 non
3497 2521 3559 2579 in
3603 2520 3789 2579 armis
3832 2527 3952 2579 ter-

437 2610 597 2670 dicas
618 2627 732 2670 non
760 2610 1099 2682 furandum,
1132 2611 1377 2684 furaris;
1409 2613 1507 2688 qui
1539 2613 1686 2671 dicis
1720 2628 1836 2671 non
1868 2614 2156 2672 mmehan-
2236 2613 2393 2671 renis
2437 2626 2600 2686 spem
2646 2627 2835 2681 suam,
2887 2610 2985 2668 sed
3031 2610 3091 2667 in
3144 2609 3417 2668 humanm
3463 2608 3670 2667 salutis
3710 2616 3949 2668 auctore

440 2700 602 2772 dum,
643 2700 984 2770 moecbaris;
1033 2699 1135 2774 qui
1174 2700 1529 2761 abominaris
1572 2702 1746 2771 idola,
1785 2703 2150 2777 sacrilegium
2198 2701 2607 2773 ,oonstituens,
2648 2702 2891 2773 cunctis,
2928 2701 3033 2776 qui
3074 2716 3181 2772 pro
3215 2715 3277 2757 se
3328 2698 3605 2758 dimicare
3654 2714 3949 2758 convene-

439 2784 580 2848 facis
608 2793 779 2864 (Rom.
805 2793 884 2861 ii).
921 2817 946 2842 η
976 2790 1118 2850 116
1148 2794 1218 2852 Et
1243 2794 1535 2867 praecipue
1562 2793 1622 2851 id
1643 2794 1799 2867 quod
1821 2794 1914 2853 his
1941 2801 2150 2868 praesto
2233 2796 2381 2862 rant,
2432 2808 2610 2851 suum
2649 2792 2943 2865 prohibuit
2981 2791 3340 2862 comitatum,
3370 2791 3521 2849 solos
3568 2795 3763 2849 autem
3814 2806 3952 2849 mo-

439 2878 758 2952 subjungit,
822 2884 1098 2941 sacerdoti
1152 2897 1469 2955 congruere
1520 2881 1749 2941 videtur
1790 2901 1802 2939 :
1862 2882 2029 2952 «Qui
2085 2884 2148 2940 in
2234 2883 2449 2940 nachos
2495 2897 2632 2940 suos
2674 2882 2841 2956 equis
2879 2881 3173 2955 imposuit,
3213 2881 3398 2953 capita
3442 2880 3690 2940 cucullis
3731 2881 3949 2955 operiri

445 2968 567 3040 lege
598 2968 881 3041 gloriaris,
913 2987 1014 3044 per
1042 2970 1571 3044 praevaricationem
1600 2970 1744 3044 legis
1776 2971 1959 3029 Deum
1987 2973 2151 3031 inho-
2231 2970 2523 3044 prtecepit,
2556 2971 2754 3045 sicque
2783 2986 2919 3029 cum
2945 2969 3086 3041 illis,
3116 2968 3275 3027 velut
3302 2968 3560 3041 galeatis,
3590 2976 3649 3028 et
3692 2967 3949 3027 loricatis

448 3071 617 3114 noras
648 3059 851 3131 (Ibid).
888 3080 910 3110 ι
947 3060 1015 3117 In
1055 3060 1180 3133 lege
1206 3060 1425 3133 quippe
1461 3058 1564 3117 Dei
1593 3058 1856 3118 sacerdos
1888 3076 2003 3119 non
2033 3063 2150 3120 im-
2233 3058 2369 3118 fidei
2401 3061 2789 3125 munimento,
2819 3058 3122 3130 crucisque
3157 3058 3376 3117 vexillo
3410 3057 3483 3115 ad
3519 3058 3715 3117 locum
3753 3066 3942 3117 certa-

447 3146 651 3257 lmerito
673 3146 971 3219 gloriatur,
1003 3149 1107 3224 qui
1135 3149 1442 3207 ministerii
1473 3148 1670 3207 locum
1690 3150 1759 3207 ad
1783 3150 2149 3223 praedicanda
2168 3197 2212 3257 ρ
2232 3150 2412 3209 minis
2439 3151 2613 3210 venit.
2652 3150 2913 3224 Cumque
2940 3151 3032 3208 vir
3054 3150 3153 3208 ille
3181 3165 3300 3208 non
3328 3148 3533 3217 ferrea,
3566 3154 3631 3208 ut
3656 3149 3944 3222 sperabat,

444 3233 585 3306 legis
626 3236 891 3295 mandata
930 3237 1166 3297 sortitus
1203 3244 1305 3308 est,
1347 3237 1445 3296 sed
1487 3254 1585 3311 per
1621 3233 2394 3311 prmvaricationemuarma
2451 3242 2824 3317 conspiceret,
2896 3240 2995 3300 sed
3076 3248 3350 3316 tanquam
3423 3239 3563 3296 117
3629 3239 3946 3309 cmlestem,

446 3324 587 3395 legis
615 3324 800 3383 Deum
830 3326 1179 3386 inbonorare
1204 3326 1587 3395 convincitur,
1617 3343 1753 3386 cum
1782 3328 1923 3387 scita
1944 3329 2149 3404 legalis
2231 3338 2408 3409 atque
2462 3333 2783 3407 angelicam
2848 3334 3030 3392 aciem
3069 3334 3379 3392 adventare
3422 3334 3688 3392 cominus
3734 3332 3947 3389 adver-

443 3414 764 3488 traosgredi
822 3431 938 3475 non
1002 3423 1254 3476 veretur.
1314 3417 1586 3492 Dumque
1624 3417 1785 3478 aliud
1822 3419 1957 3493 agit,
1991 3420 2149 3479 aliud
2235 3422 2409 3491 tisset,
2447 3427 2638 3480 tantus
2675 3438 2813 3481 eum
2841 3438 2978 3481 cum
3023 3423 3149 3481 suis
3180 3423 3459 3482 omnibus
3497 3420 3684 3480 divini
3712 3420 3943 3479 timoris

437 3504 728 3578 praedicat,
759 3514 1044 3581 quantum
1074 3506 1135 3565 in
1167 3524 1227 3566 se
1252 3515 1356 3578 est,
1389 3523 1589 3566 omnes
1616 3508 1690 3566 ab
1716 3509 1978 3584 ejusdem
2012 3509 2149 3585 legis
2234 3511 2439 3569 horror
2472 3510 2685 3570 invasit
2715 3518 2781 3570 ut
2818 3511 3150 3570 desilientes
3177 3527 3251 3572 ex
3286 3512 3450 3586 equis
3482 3510 3750 3584 protinus
3776 3523 3945 3567 arma

441 3595 843 3656 observatione
895 3598 1211 3673 perturbat,
1258 3598 1406 3657 sicut
1468 3598 1687 3658 Scribis
1739 3607 1794 3657 et
1845 3600 2154 3659 Pharisaeis
2234 3599 2595 3673 projicerent,
2627 3607 2795 3659 terras
2834 3616 2895 3659 se
2924 3600 3226 3660 humiliter
3261 3605 3601 3670 sternerent,
3630 3597 3950 3671 indulgen-

438 3683 725 3745 Dominus
757 3686 940 3746 dicit:
991 3711 1011 3739 α
1046 3687 1150 3745 Vae
1197 3687 1381 3757 vobis,
1438 3689 1539 3762 qui
1585 3688 1903 3747 abstulistis
1962 3692 2153 3749 claves
2236 3689 2371 3746 tiam
2423 3689 2768 3762 ﬂagitarent.
2815 3689 2927 3761 Sic,
2986 3691 3067 3749 sic
3103 3691 3386 3749 nimirum
3434 3689 3639 3748 titulos
3683 3685 3947 3746 victoriae

439 3775 736 3849 sapientize
793 3783 850 3836 et
903 3777 1181 3849 scientize,
1238 3777 1336 3835 sed
1408 3776 1519 3851 ipsi
1587 3791 1706 3834 non
1769 3777 2069 3847 introistis,
2099 3784 2154 3836 et
2237 3778 2605 3853 triumphalis
2634 3778 2905 3849 obtinuit,
2932 3780 3035 3854 qui
3064 3794 3183 3838 non
3222 3780 3285 3837 in
3323 3778 3724 3852 frequentibus
3751 3774 3948 3849 equis,

442 3865 682 3939 insuper
737 3867 883 3925 alios
928 3867 1173 3926 introire
1215 3865 1473 3924 volentes
1517 3865 1898 3939 prohibuistis
1934 3868 2149 3940 (Matth.
2236 3885 2351 3928 non
2383 3870 2447 3928 in
2478 3870 2831 3929 micantibus
2845 3869 3053 3943 gladiis
3077 3885 3238 3943 spem
3265 3871 3478 3944 posuit,
3510 3867 3610 3927 sed
3627 3882 3699 3926 ex
3723 3865 3948 3924 divinae

443 3956 616 4025 XXII).
655 3977 676 4006 ι
707 3954 778 4013 Et
808 3970 1009 4013 revera
1045 3971 1159 4028 qua
1195 3955 1402 4021 fronte,
1436 3970 1552 4029 qua
1590 3953 1874 4013 libertatis
1913 3956 2155 4015 audacia
2238 3967 2461 4021 tantum
2491 3962 2765 4036 potentiae
2791 3962 3005 4020 virtute
3033 3962 3427 4036 praesumpsit.

442 4040 703 4099 sacerdos
780 4043 1028 4116 quilibet
1080 4043 1143 4101 in
1213 4044 1620 4103 dissidentium
1670 4043 2154 4104 confcederatione
2306 4051 2397 4109 Ad
2427 4052 2553 4110 haec
2589 4053 2636 4110 si
2672 4051 2804 4126 quis
2831 4049 3063 4126 objiciat
3097 4050 3325 4109 bellicis
3350 4049 3557 4109 usibus
3591 4049 3845 4107 Leonem
3883 4063 3948 4105 se

444 4132 722 4204 desudet;
764 4149 901 4192 cum
947 4134 1070 4207 ipse
1113 4134 1238 4193 suis
1284 4134 1588 4193 lzesoribus
1629 4149 1748 4193 non
1793 4134 2154 4193 remissionis
2236 4138 2569 4215 frequenter
2650 4141 3012 4216 implicuisse
3094 4142 3426 4215 pontiﬁcem
3458 4184 3474 4210 ,
3538 4145 3945 4197 verumtamen

444 4221 741 4295 indulgeat
799 4222 1053 4293 veniam,
1115 4223 1215 4280 sed
1266 4224 1536 4282 eﬂ‘eratur
1588 4222 2027 4297 implacabiliter
2082 4223 2155 4281 ad
2236 4238 2501 4289 sanctum
2544 4245 2687 4301 esse,
2740 4230 2867 4289 dico
2909 4230 3066 4304 quod
3117 4229 3322 4299 sentio,
3355 4228 3633 4303 quoniam
3686 4242 3792 4285 nec
3836 4225 3944 4284 Pe-

441 4311 978 4372 vindictamﬂnter
997 4328 1199 4373 omnes
1222 4330 1360 4372 sane
1390 4315 1675 4373 virtutum
1705 4329 1980 4387 gemmas,
2010 4329 2155 4387 quas
2238 4324 2359 4376 trus
2395 4318 2468 4376 ob
2518 4318 2626 4376 hoc
2672 4317 3053 4392 apostolicum
3100 4318 3321 4376 obtinet
3368 4315 3759 4391 principatum
3805 4313 3944 4386 quia

441 4401 701 4462 Salvator
746 4409 937 4461 noster
968 4403 1039 4461 de
1080 4404 1230 4462 crelo
1273 4403 1515 4462 veniens
1560 4401 1777 4473 attulit,
1814 4400 1960 4459 duas
2008 4400 2154 4459 insi-
2236 4408 2469 4480 negavit
2518 4411 2703 4478 (Marc.
2749 4416 2895 4480 XIV),
2952 4423 3059 4465 nec
3102 4407 3285 4466 David
3334 4404 3548 4464 idcirco
3592 4403 3944 4479 prophetiae

440 4491 616 4565 gilius
652 4500 825 4567 θιριιρ
864 4492 1201 4567 Ρνωεὶῢτὶυβ
1240 4492 1480 4551 rutilare
1515 4490 1878 4562 mODStPaVil,
1915 4506 2059 4565 quas
2101 4495 2194 4568 etg
2238 4502 2490 4556 meretur
2544 4496 2846 4557 oraculum
2908 4498 3048 4568 quia
3099 4503 3290 4557 torum
3345 4494 3518 4554 alieni
3564 4494 3677 4554 viri
3726 4493 3946 4552 invasit

442 4580 501 4639 in
547 4598 606 4640 se
660 4566 821 4656 prius
868 4566 1174 4655 expressit,
1209 4589 1265 4639 et
1322 4588 1389 4641 ut
1436 4581 1602 4639 nobis
1652 4566 2314 4658 imprimerentur,D(II
2345 4591 2485 4658 Reg.
2526 4595 2654 4659 XI);
2692 4604 2826 4647 cum
2870 4566 3045 4659 mala,
3074 4586 3169 4646 vel
3204 4588 3355 4646 bona
3395 4601 3511 4644 non
3566 4600 3668 4659 pro
3717 4581 3948 4641 meritis

440 4676 689 4746 edocuit,
748 4674 1087 4733 charitatem
1139 4674 1359 4734 scilicet
1412 4682 1466 4732 et
1532 4674 1890 4748 patientiam.
1947 4674 2017 4731 Et
2083 4673 2154 4731 de
2236 4678 2675 4737 considerentur
2719 4678 3081 4747 habentium,
3126 4679 3224 4737 sed
3276 4693 3353 4735 ex
3399 4675 3646 4750 propriis
3694 4673 3946 4732 debeant

435 4763 709 4822 charitate
732 4764 972 4838 quidem
1008 4763 1149 4822 dicit
1179 4762 1490 4837 Apostolus
1520 4781 1534 4820 :
1583 4785 1605 4815 α
1644 4762 1881 4835 Propter
1908 4762 2153 4820 nimiam
2235 4770 2890 4847 qualitatibusjudicari.
2918 4769 3201 4846 Nunquid
3226 4768 3335 4827 hoc
3361 4767 3592 4840 legitur,
3615 4764 3706 4823 vel
3735 4763 3945 4838 egisse,

437 4854 775 4912 charitatem
805 4870 997 4926 suam,
1027 4870 1143 4929 qua
1167 4854 1377 4912 dilexit
1403 4854 1557 4913 Deus
1588 4854 1901 4923 mundum,
1940 4852 2152 4912 Filium

438 4958 613 5002 suum
666 4942 825 5000 misit
876 4947 1100 5017 (Ephes.
1158 4949 1247 5012 ιι).
1286 4962 1314 4997 ι
1374 4943 1455 5001 De
1500 4942 1777 5017 patientia
1833 4957 1971 5000 vero
2023 4943 2148 5002 ait:

441 5060 467 5084 α
498 5034 875 5108 Quaecunque
925 5036 1135 5110 scripta
1185 5043 1338 5106 sunt,
1387 5033 1457 5093 ad
1515 5041 1769 5093 nostram
1827 5035 2150 5095 doctrinam

435 5125 647 5197 scripta
695 5129 856 5195 sunt,
912 5131 976 5182 ut
1025 5140 1127 5198 per
1182 5123 1538 5198 patientiam,
1586 5129 1643 5180 et
1697 5123 2149 5183 consolationem

439 5214 867 5288 Scripturarum
933 5230 1095 5289 spem
1161 5210 1488 5272 habeamus
1546 5218 1721 5283 (Rom.
1773 5219 1905 5283 XV).
1961 5237 1983 5266 ι
2045 5213 2153 5273 Per

433 5305 775 5363 charitatem
804 5320 1059 5379 namque
1085 5302 1189 5362 Dei
1220 5303 1407 5362 Filius
1432 5304 1503 5362 de
1522 5305 1666 5363 ccelo
1696 5304 2012 5373 descendit,
2047 5321 2152 5380 per

434 5392 772 5464 patientiam
806 5409 943 5452 vero
978 5391 1275 5451 diabolum
1302 5393 1615 5465 superavit.
1648 5393 1755 5450 His
1786 5394 2001 5452 muniti
2027 5395 2149 5453 vir-

437 5483 677 5553 tutibus,
737 5492 790 5542 et
851 5485 1186 5543 fundatores
1234 5482 1477 5556 apostoli
1526 5488 1781 5541 sanctam
1832 5485 2147 5545 Ecclesiam

434 5574 839 5646 condiderunt,
874 5583 929 5633 et
984 5581 1438 5649 propugnatores
1484 5572 1611 5647 ejus
1650 5576 1830 5634 sancti
1871 5584 2151 5653 martyres

435 5663 663 5724 diversa
698 5665 973 5723 mortium
1006 5663 1291 5738 supplicia
1318 5663 1743 5739 triumphaliter
1764 5668 2144 5744 pertulerunt.

2235 4859 2327 4917 vel
2393 4859 2597 4917 litteris
2641 4857 2905 4917 docuisse
2949 4856 3280 4931 Gregorius,
3326 4855 3430 4930 qui
3483 4860 3560 4912 tot
3610 4852 3842 4927 rapinas
3877 4867 3951 4912 ac

2234 4948 2539 5008 violentias
2570 4965 2603 5006 a
2644 4948 3159 5022 Longobardorum
3198 4953 3286 5004 est
3328 4945 3551 5003 feritate
3585 4956 3893 5019 perpessus
3921 4940 3952 5000 ἲ

2235 5037 2389 5098 Num
2427 5037 2773 5097 Ambrosius
2806 5037 3028 5096 bellum
3059 5035 3300 5094 Arianis
3337 5050 3398 5093 se
3434 5046 3722 5105 suamque
3748 5029 3951 5089 Eccle-

2234 5128 2381 5187 sium
2432 5128 2747 5186 crudeliter
2793 5125 3207 5185 infestantibus
3260 5122 3519 5181 intulit?
3565 5117 3843 5193 Nunquid
3887 5119 3954 5176 in

2232 5233 2390 5275 arma
2460 5224 2791 5276 sanctorum
2849 5215 3141 5292 quispiam
3224 5211 3467 5271 traditur
3552 5209 3955 5269 insurrexisse

2234 5305 2575 5380 pontiﬁcum
2605 5308 2631 5363 ?
2657 5304 2872 5364 Causas
2916 5304 3095 5377 igitur
3133 5300 3505 5361 ecclesiastici
3540 5297 3957 5370 cujuscunque

2238 5396 2451 5470 negotii
2501 5395 2651 5469 leges
2699 5395 2977 5454 dirimunt
3017 5394 3145 5463 fori,
3198 5393 3289 5451 vel
3338 5386 3705 5449 sacerdotalis
3765 5385 3953 5444 edicta

2234 5488 2460 5546 consilii
2502 5503 2573 5544 ne
2604 5487 2757 5561 quod
2788 5484 3109 5560 gerendum
3140 5490 3225 5541 est
3261 5482 3325 5540 in
3369 5478 3760 5540 tribunalibus
3782 5477 3948 5551 judi'

2232 5595 2386 5653 cum,
2428 5581 2519 5640 vel
2564 5596 2639 5639 ex
2686 5578 2972 5638 sententia
3011 5576 3180 5635 debet
3215 5574 3449 5650 prodire
3484 5572 3849 5647 pontificum,
3886 5570 3953 5630 in

2234 5676 2497 5732 nostrum
2522 5674 2780 5730 vertatur
2803 5665 3179 5743 opprobrium
3204 5661 3613 5738 congressione
3631 5657 3946 5721 bellorum.
