4140 6526
197 381 319 467 317

1440 381 1663 443 LIBER
1704 382 2076 457 QUARTUS,
2118 385 2358 447 EPIST.
2402 387 2501 447 IX.

3623 392 3728 457 318

201 504 324 564 Sed
353 521 503 576 ecce,
536 505 675 563 dum
703 504 976 564 aviditate
1006 504 1285 578 loquendi
1311 506 1607 566 vobiscum
1643 508 1988 576 sermonisA
2010 523 2149 576 cem,
2204 516 2265 567 nt
2316 515 2560 579 pontifex
2618 517 2721 575 est,
2773 513 3112 580 spiritualem
3162 518 3425 582 gladium,
3472 525 3528 573 et
3572 523 3731 577 aliter

198 593 523 653 articulum
574 593 807 667 longius
844 596 1135 668 protraho,
1169 602 1401 668 metam,
1449 602 1514 655 ut
1549 596 1737 669 video,
1771 613 1931 656 com-

200 686 409 764 pendii
441 686 765 759 epistolaris
798 678 1042 745 excedo.
1073 687 1431 746 Incolumem
1475 692 1548 758 te,
1581 688 1932 750 venerabilis

200 780 389 851 pater,
422 774 495 833 ad
526 774 849 848 regendum
896 774 1169 834 Ecclesiae
1222 792 1344 836 suae
1386 783 1600 835 statum
1646 780 1931 837 custodiat

201 866 578 940 omnipotens
606 865 779 935 Deus,
809 871 865 923 et
888 871 949 925 tu
977 881 1208 940 quoque
1236 867 1299 925 in
1329 867 1540 926 sanctis
1565 867 1924 929 orationibus

204 955 331 1016 tuis
363 955 481 1013 mei
515 970 737 1014 memor
763 971 888 1015 esse
911 955 1192 1031 digneris.
1412 956 1419 963 ’

883 1135 1225 1197 SCHOLIA.

278 1227 389 1278 Sed
420 1240 548 1278 cum
592 1225 740 1280 inter
780 1230 971 1279 caetera
1016 1225 1163 1277 mala
1206 1238 1325 1292 quae
1369 1222 1568 1281 nostris
1614 1231 1939 1296 temporibus

212 1299 517 1362 emergunt.
581 1298 705 1350 Haec
759 1311 884 1361 pars
940 1298 1101 1362 hujus
1156 1299 1399 1363 epistolae
1454 1304 1655 1354 attente
1703 1303 1939 1366 legenda

213 1375 338 1422 est:
378 1382 450 1422 ne
502 1369 624 1432 quis
666 1369 755 1421 vel
790 1370 1133 1421 occasionem
1182 1372 1402 1422 errandi
1447 1377 1642 1436 sumat,
1691 1372 1780 1425 vel
1833 1387 1934 1426 au-

214 1444 423 1492 ctorem
483 1441 541 1490 in
587 1440 830 1491 doctrina
884 1442 1175 1495 aberrasse
1232 1442 1523 1493 existimet.
1571 1443 1745 1495 Videri
1793 1445 1937 1498 enim

214 1514 396 1576 potest
427 1510 605 1574 ipsum
643 1511 888 1563 sensisse
923 1523 1032 1561 non
1070 1524 1235 1573 posse
1284 1513 1610 1575 pontiﬁcem,
1665 1518 1754 1566 aut
1805 1516 1938 1567 alios

216 1582 628 1637 ecclesiasticos
689 1584 965 1647 principes
1016 1596 1117 1647 per
1175 1583 1393 1645 bellum,
1451 1588 1498 1638 si
1557 1599 1788 1641 necesse
1848 1589 1937 1649 sit,

216 1668 311 1708 res
361 1655 765 1707 ecclesiasticas
807 1655 1121 1718 defendere,
1172 1656 1297 1720 quia
1340 1657 1577 1711 Ecclesia
1622 1672 1733 1712 non
1776 1660 1938 1713 habet

214 1726 461 1804 gladium
515 1727 888 1804 tempogalem,
942 1728 1435 1804 sedspiritualem
1501 1734 1734 1784 tantum.
1794 1733 1939 1785 Unde

215 1801 272 1850 in
314 1800 337 1861 ἒ
374 1796 527 1851 Sicut
564 1796 885 1864 ergo,'post
925 1799 1164 1851 medium
1207 1801 1466 1864 epistolae,
1522 1803 1595 1854 ita
1635 1805 1753 1856 vult
1801 1805 1940 1857 inter

218 1881 454 1933 regnum
510 1874 563 1921 et
610 1870 970 1923 sacerdotium
1018 1871 1195 1923 divisa
1238 1885 1363 1925 esse
1407 1873 1597 1935 oﬁicia,
1636 1877 1694 1927 ut
1744 1878 1797 1929 et
1842 1889 1939 1928 rex

223 1942 394 1994 armis
445 1944 626 1994 utatur
687 1943 890 2005 saeculi,
953 1946 1007 1995 et
1065 1945 1323 1997 sacerdos
1385 1946 1699 2009 accingatur
1759 1948 1940 2010 gladio

221 2013 509 2085 spirituali.
562 2014 621 2066 Et
666 2015 897 2085 inferius
929 2031 941 2065 :
979 2013 1043 2066 Si
1087 2029 1227 2081 ergo,
1281 2017 1472 2080 inquit,
1523 2030 1623 2080 pro
1665 2018 1788 2083 ﬁde,
1833 2032 1942 2085 qua

220 2084 552 2138 universalis
582 2086 719 2141 vivit
754 2084 1012 2150 Ecclesia,
1054 2101 1338 2154 nunquam
1373 2089 1558 2154 ferrea
1604 2090 1810 2155 corripi
1842 2084 1940 2143 ar-

219 2170 318 2209 ma
362 2159 692 2219 conceditur,
746 2161 1004 2223 quomodo
1059 2172 1157 2224 pro
1210 2161 1441 2213 terrenis
1497 2175 1562 2213 ac
1605 2163 1941 2215 transitoriis

219 2229 577 2295 factdtatibus
607 2230 844 2284 loricata
880 2231 1020 2284 acies
1042 2232 1102 2284 in
1131 2232 1327 2295 gladiis
1358 2232 1758 2287 debacchentur
1777 2238 1802 2287 ?
1836 2237 1938 2289 etc.

219 2304 356 2353 Ante
409 2314 543 2355 vero
601 2315 763 2367 quam
821 2302 935 2355 haec
994 2304 1233 2355 Damiani
1299 2305 1484 2366 verba,
1548 2310 1601 2359 et
1662 2307 1768 2358 alia
1822 2320 1942 2372 quae

221 2373 357 2426 satis
421 2378 719 2438 exaggerat
779 2379 833 2426 et
897 2375 1206 2428 indistincte
1263 2376 1489 2441 profert,
1541 2377 1606 2430 ad
1674 2378 1824 2442 pium
1889 2382 1942 2431 et

223 2457 416 2497 verum
463 2458 687 2498 sensum
747 2446 813 2498 ab
857 2447 992 2510 ipsis
1047 2449 1232 2499 verbis
1288 2462 1399 2501 non
1447 2450 1701 2510 alienum,
1757 2451 1942 2502 traha—

221 2530 361 2577 mus,
426 2530 616 2569 veram
676 2523 729 2570 et
776 2518 1097 2571 catholicam
1141 2518 1443 2572 doctrinam
1495 2521 1738 2573 breviter
1796 2534 1943 2586 prae-

220 2590 435 2641 mittere
485 2602 717 2642 necesse
766 2593 865 2642 est.
919 2590 1093 2642 Primo
1135 2603 1269 2655 ergo
1322 2595 1665 2644 statuendum
1721 2597 1802 2644 est
1856 2594 1943 2646 hic

222 2673 347 2713 esse
381 2673 691 2714 sermonem
734 2663 800 2714 de
835 2663 1081 2726 principe
1129 2663 1523 2725 ecclesiastico,
1563 2668 1621 2715 ut
1662 2664 1785 2716 talis
1841 2669 1939 2725 est,

225 2745 327 2785 seu
389 2732 458 2785 de
506 2733 779 2797 pontiﬁce,
826 2738 887 2786 ut
932 2735 1175 2798 pontifex
1225 2738 1339 2797 est;
1387 2748 1511 2786 nam
1544 2736 1589 2788 si
1624 2736 1943 2788 considere-

222 2806 312 2856 tur
355 2806 413 2856 ut
458 2804 710 2856 dominus
752 2806 1083 2870 temporalis,
1126 2818 1225 2872 per
1271 2808 1552 2871 pr0prium
1586 2812 1638 2860 et
1675 2808 1943 2859 directum

224 2877 520 2930 dominium
573 2882 627 2931 et
675 2879 1111 2945 jurisdictionem
1161 2875 1301 2934 118
1355 2880 1729 2944 temporalem,
1780 2892 1942 2943 quam

224 2948 384 3001 habet
438 2951 493 3002 in
555 2953 673 3004 suis
732 2952 910 3013 terris,
972 2965 1080 3003 non
1138 2955 1221 3003 est
1272 2951 1493 3003 dubium
1561 2952 1690 3014 quin
1753 2950 1946 3004 habeat

227 3021 370 3073 idem
431 3023 525 3087 jus
584 3022 716 3075 belli
771 3024 915 3086 quod
960 3024 1161 3076 habent
1221 3022 1310 3075 alii
1365 3024 1606 3086 supremi
1668 3036 1831 3086 reges
1894 3025 1948 3076 et

2017 585 2414 649 temporalem;
2477 600 2604 640 nam
2661 588 3000 651 spiritualem
3058 587 3221 643 habet
3277 603 3376 655 per
3432 604 3493 645 se
3547 596 3601 648 et
3654 596 3733 647 di-

2017 659 2202 728 recte;
2267 659 2626 725 temporalem
2689 664 2867 713 autem
2928 660 3108 713 solum
3166 661 3445 727 indirecte,
3507 665 3562 717 id
3624 670 3727 728 est,

2013 726 2224 779 ratione
2273 729 2584 792 spiritualis,
2640 731 2693 783 et
2750 732 3007 793 quantum
3058 731 3125 783 ad
3182 731 3325 785 illius
3366 726 3530 786 ﬁnem
3589 726 3726 789 con-l

2013 797 2238 850 veniens
2297 804 2395 851 est.
2449 801 2506 851 Et
2552 801 2675 853 ideo
2726 801 2879 853 solus
2929 803 3047 865 ipse
3091 802 3250 855 habet
3301 818 3332 856 a
3383 805 3490 857 Deo
3535 807 3728 859 imme-

2011 865 2153 920 diate
2200 870 2536 934 spiritualem
2586 870 2849 935 gladium,
2892 877 2947 926 et
2986 885 3084 935 per
3129 875 3308 939 ipsum
3356 878 3424 929 ad
3464 878 3733 931 ecclesia-

2010 940 2174 1012 sticas
2228 954 2491 1005 personas
2530 943 2828 1012 derivatur,
2885 956 3007 1009 quae
3065 944 3215 998 illum
3271 948 3615 1012 participant.
3671 949 3728 1001 in

2008 1011 2163 1084 laicis
2206 1025 2338 1066 vero
2390 1012 2538 1067 nullo
2582 1015 2739 1067 modo
2792 1016 3086 1069 invenitur.
3143 1017 3204 1068 At
3249 1018 3564 1083 temporalis
3604 1020 3726 1084 gla—

2011 1081 2142 1156 dius
2183 1096 2282 1148 per
2325 1096 2383 1137 se
2425 1088 2478 1137 et
2519 1086 2726 1138 directe
2768 1088 2824 1137 in
2874 1088 3200 1152 imperatore
3239 1092 3292 1142 et
3333 1081 3727 1156 temporalibus

2009 1154 2249 1218 regibus,
2292 1169 2391 1209 seu
2444 1157 2788 1222 principibus
2842 1159 3143 1221 invenitur,
3188 1173 3300 1212 non
3342 1154 3731 1226 per—dimana-

2022 1227 2223 1280 tionem
2256 1240 2288 1279 a
2317 1229 2586 1292 pontiﬁce,
2624 1230 2724 1282 sed
2778 1242 2877 1293 per
2928 1230 3066 1284 alios
3113 1231 3300 1284 titulos
3348 1237 3403 1286 et
3446 1234 3578 1294 vias,
3629 1247 3729 1296 per
3793 1276 3807 1293 .

2021 1309 2155 1361 quas
2207 1299 2300 1351 illa
2346 1303 2586 1363 potestas
2635 1302 2780 1363 juste
2845 1303 3168 1367 comparari,
3232 1304 3323 1356 vel
3383 1306 3727 1357 haereditario

2016 1372 2140 1434 jure
2195 1370 2425 1423 obtineri
2479 1374 2778 1424 consuevit.
2830 1373 2958 1425 Nam
3012 1376 3258 1439 potestas
3305 1375 3397 1427 illa
3453 1389 3727 1441 suprema,

2020 1453 2183 1506 quam
2236 1443 2502 1495 indirecte
2552 1443 2711 1495 habet
2761 1446 3006 1509 pontifex
3057 1445 3114 1496 in
3163 1446 3571 1509 temporalibus,
3617 1461 3728 1500 non

2019 1514 2198 1565 aufert
2263 1517 2485 1579 propria
2548 1517 2673 1580 jura
2735 1516 2967 1569 aliorum
3020 1517 3342 1582 principum,
3399 1531 3579 1585 neque
3635 1531 3732 1572 eos

2019 1590 2135 1637 suis
2179 1585 2399 1639 directis
2444 1586 2697 1639 dominiis
2744 1590 2799 1641 et
2853 1590 3119 1652 potestate
3173 1589 3365 1651 privat.
3414 1591 3581 1653 Atque
3629 1589 3731 1643 hac

2020 1657 2230 1710 ratione
2320 1656 2500 1710 solent
2564 1659 2689 1722 jura
2764 1659 2966 1723 dicere,
3039 1660 3350 1724 pontiﬁcem
3417 1662 3734 1725 (formaliter

2021 1741 2242 1795 semper
2315 1727 2596 1794 loquimur
2666 1731 2878 1783 ratione
2939 1730 3306 1795 pontiﬁcatus)
3370 1744 3480 1785 non
3532 1733 3735 1788 habere

2017 1800 2453 1866 jurlsdictionem
2487 1801 2544 1853 in
2579 1801 2987 1867 temporalibus,
3019 1805 3078 1854 ut
3111 1804 3341 1856 sumitur
3380 1817 3450 1856 ex
3494 1816 3610 1869 cap.
3668 1805 3735 1859 Si

1963 1871 2226 1943 Bduobus
2263 1873 2288 1937 ἢ
2318 1872 2582 1938 Denique,
2611 1874 2686 1926 De
2719 1873 3170 1939 appellationibus
3201 1889 3327 1928 cum
3352 1877 3730 1930 concordanti-

2021 1942 2155 2017 busL
2169 1957 2289 2010 quae
2324 1945 2397 1996 ibi
2431 1945 2619 1998 Glossa
2650 1946 2838 1999 ultima
2872 1947 3061 2011 refert,
3096 1950 3153 2000 et
3179 1949 3381 2012 passim
3408 1949 3733 2017 jurisperitl,

2026 2013 2166 2072 119
2188 2018 2491 2082 praesertim
2516 2019 2572 2069 in
2593 2021 2751 2083 capit.
2778 2021 2819 2069 Δ
2856 2019 3022 2079 nobis,
3058 2019 3134 2073 De
3156 2018 3411 2086 judiciis,
3444 2028 3499 2074 et
3526 2013 3583 2074 in
3612 2013 3729 2086 cap.

2021 2086 2167 2140 Licet
2193 2103 2259 2141 ea:
2281 2095 2539 2155 suscepto,
2564 2090 2639 2143 De
2660 2094 2776 2157 foro
2799 2094 3144 2157 competenti.

2084 2160 2241 2213 Juxta
2296 2175 2430 2226 ergo
2485 2163 2768 2216 veritatem
2830 2164 3181 2229 intelligenda
3232 2166 3363 2217 sunt
3417 2163 3509 2217 illa
3566 2164 3737 2218 verba

2025 2231 2263 2284 Damiani
2306 2255 2319 2283 :
2372 2253 2392 2279 ι
2449 2234 2596 2286 lnter
2656 2247 2888 2299 regnum
2959 2239 3014 2287 et
3092 2236 3455 2290 sacerdotium
3513 2237 3738 2301 propria

2025 2304 2431 2369 distinguuntur
2480 2306 2673 2366 oﬁicia,
2716 2326 2735 2352 ι
2775 2308 2880 2359 etc.
2944 2309 3198 2374 Loquitur
3245 2310 3391 2361 enim
3442 2307 3511 2359 de
3546 2307 3738 2360 otﬁciis

2024 2388 2123 2438 per
2183 2389 2264 2434 se.
2333 2378 2387 2429 et
2445 2377 2652 2430 directe
2714 2379 2903 2442 utique
2959 2379 3207 2444 dignitati
3259 2379 3734 2433 convenientibus.

2024 2447 2205 2510 Neque
2246 2451 2329 2501 est
2365 2448 2453 2501 hic
2486 2448 2743 2514 loquendi
2797 2450 2994 2503 modus
3039 2450 3249 2504 alienus
3286 2450 3353 2504 ab
3389 2452 3522 2516 ipsis
3556 2452 3738 2516 ponti-

2025 2518 2233 2571 ﬁcibus.
2298 2520 2424 2572 Nam
2491 2520 2741 2575 Nlcolaus
2789 2534 2935 2586 papa
2990 2523 3047 2575 in
3117 2522 3323 2575 celebri
3391 2523 3620 2587 epistola
3670 2523 3739 2577 ad

2025 2592 2336 2644 Michaelem
2408 2594 2811 2657 imperatorem,
2886 2606 3059 2659 prope
3139 2595 3304 2647 ﬁnem
3370 2596 3449 2648 sic
3505 2594 3732 2648 scribit:

2029 2683 2049 2711 ι
2088 2664 2213 2716 Cum
2271 2665 2338 2717 ad
2390 2678 2580 2718 verum
2635 2671 2854 2718 ventum
2908 2669 2993 2718 est
3039 2667 3291 2719 eumdem
3341 2679 3529 2731 regem
3576 2668 3737 2730 atque

2029 2735 2352 2799 l’ontiﬁcem,
2408 2737 2463 2788 id
2509 2740 2612 2799 est,
2670 2742 2916 2803 tempore
2971 2738 3112 2803 legis
3173 2740 3378 2802 gratiae,
3440 2736 3583 2791 ultra
3634 2739 3738 2791 sibi

2024 2818 2203 2871 neque
2258 2808 2554 2872 imperator
2605 2809 2731 2873 jura
2777 2808 3119 2874 pontiﬁcatus
3172 2810 3420 2874 arripuit,
3464 2822 3570 2862 nec
3606 2823 3734 2874 pon-

2027 2877 2161 2930 tifex
2210 2891 2410 2933 nomen
2452 2880 2838 2944 imperatorum
2889 2880 3209 2945 usurpavit;
3273 2881 3527 2945 quoniam
3593 2881 3737 2935 idem

2027 2950 2294 3002 mediator
2341 2950 2433 3002 Dei
2485 2956 2540 3003 et
2588 2951 2884 3014 hominum,
2938 2950 3104 3004 homo
3151 2951 3395 3004 Christus
3440 2953 3601 3005 Iesus
3656 2952 3737 3005 sic

2029 3019 2239 3073 actibus
2317 3023 2555 3086 propriis
2641 3025 2697 3074 et
2773 3022 3124 3085 dignitatibus
3208 3022 3477 3076 distinctis
3560 3023 3737 3076 oﬁicia

226 3093 557 3155 temporales
622 3094 844 3157 domini,
928 3100 1183 3158 quantum
1257 3096 1326 3146 ad
1398 3094 1663 3147 rationem
1730 3096 1949 3158 justitiae
2029 3092 2313 3157 utriusque
2366 3095 2651 3157 potestatis
2712 3093 2983 3154 discrevit,
3053 3096 3113 3146 ut
3172 3097 3226 3147 et
3284 3094 3562 3147 Christiani
3626 3097 3735 3147 im-

228 3169 453 3227 spectat.
522 3164 770 3223 Quamvis
840 3168 898 3218 in
974 3168 1135 3219 modo
1207 3166 1476 3219 tractandi
1558 3180 1648 3218 res
1725 3165 1949 3220 bellicas
2028 3167 2313 3229 peratores
2384 3178 2485 3230 pro
2549 3170 2754 3217 aeterna
2828 3166 2936 3218 vita
3003 3165 3349 3230 pontiﬁcibus
3408 3166 3741 3231 indigerent,

227 3247 449 3287 servare
502 3238 697 3289 debeat
755 3237 1076 3301 religionem
1120 3241 1174 3290 et
1225 3238 1527 3290 decentiam
1577 3238 1809 3291 debitam
1856 3239 2002 3308 (ιι-ο
2029 3239 2083 3288 et
2145 3238 2429 3301 pontiﬁces
2501 3250 2602 3301 pro
2666 3248 2830 3290 cursu
2907 3236 3287 3301 temporalium
3367 3238 3738 3292 tantummodo

228 3308 417 3371 gnitati
467 3308 783 3372 pontiﬁcali,
839 3323 961 3375 quis
1009 3311 1064 3361 in
1118 3322 1184 3363 eo
1229 3313 1314 3362 est
1365 3311 1653 3375 praecipua,
1711 3322 1943 3375 eumque
2028 3321 2213 3360 rerum
2259 3308 2630 3372 imperialibus
2684 3308 2898 3374 legibus
2955 3311 3256 3371 uterentur,
3312 3313 3580 3375 quatenus
3636 3309 3740 3374 spl-

227 3379 430 3443 obligat
472 3382 530 3431 ut
584 3381 641 3431 in
690 3394 793 3432 usu
845 3382 1010 3446 gladii
1066 3380 1381 3445 temporalis
1421 3384 1643 3434 modum
1692 3381 1945 3435 observet

230 3450 475 3514 dignitati
513 3452 811 3516 pontiﬁcali
856 3453 1292 3506 convenientem.
1336 3454 1443 3505 Nec
1488 3468 1555 3507 ex
1602 3454 1706 3505 hoc
1747 3456 1946 3516 puncto

226 3522 384 3587 plura
418 3524 605 3576 dicere
639 3536 869 3577 necesse
918 3528 1020 3587 est,
1062 3526 1189 3591 quia
1216 3527 1411 3578 beatus
1441 3525 1629 3577 Petrus
1662 3525 1948 3578 Damianus

229 3592 295 3645 de
316 3592 407 3646 illo
435 3607 546 3646 non
574 3597 783 3655 tractat,
814 3610 916 3649 nec
946 3596 1176 3649 verbum
1209 3595 1428 3660 aliquod
1458 3597 1670 3661 attingit
1701 3597 1846 3661 quod
1876 3610 1946 3650 ex

227 3662 333 3717 hoc
360 3667 535 3730 capite
571 3668 750 3732 aliqua
785 3669 1235 3733 interpretatione
1270 3668 1523 3729 indigeat.

291 3738 539 3791 Secundo
589 3743 933 3792 statuendum
984 3744 1068 3794 est
1115 3740 1429 3804 pontiﬁcem
1484 3752 1553 3791 ex
1608 3738 1663 3789 vi
1729 3739 1946 3803 pontiﬁ-

228 3808 361 3861 calis
406 3810 687 3874 dignitatis
738 3811 939 3865 habere
992 3825 1103 3865 non
1160 3814 1337 3865 solum
1392 3813 1634 3876 gladium
1674 3813 1948 3876 Qpiritua-

229 3881 357 3943 lem,
400 3884 501 3935 sed
555 3885 719 3935 etiam
769 3884 949 3949 aliquo
1010 3885 1171 3939 modo
1224 3885 1594 3948 temporalem,
1639 3890 1695 3935 ut
1746 3885 1946 3936 diserte

232 3953 391 4006 docet
454 3955 763 4008 Bonifacius
812 3968 969 4021 papa,
1024 3958 1079 4009 in
1139 3957 1423 4019 Extravag.
1485 3958 1526 4018 1,
1586 3956 1661 4009 De
1713 3954 1943 4021 majori-

234 4030 344 4079 tate
395 4030 445 4079 et
493 4026 638 4079 obed.
691 4028 744 4079 lit
800 4028 1109 4093 Gregorius,
1157 4028 1249 4081 lib.
1302 4042 1405 4092 xli,
1456 4030 1612 4093 epist.
1656 4029 1708 4079 2i
1765 4035 1816 4081 et
1866 4029 1945 4091 2‘2,

235 4104 427 4163 estque
495 4101 766 4154 sententia
836 4101 952 4153 haec
1018 4101 1289 4155 communi
1356 4101 1741 4154 catholicorum
1813 4113 1948 4151 con-

234 4182 401 4222 sensu
452 4171 693 4235 probata,
735 4184 894 4236 quam
947 4173 1238 4237 Gregorius
1289 4173 1357 4226 1X
1417 4173 1472 4224 in
1513 4173 1669 4238 epist.
1710 4172 1775 4223 ad
1817 4173 1950 4225 Ger-

233 4255 454 4296 manum
501 4245 861 4309 patriarcham
922 4246 1386 4310 Constantinopol.
1443 4246 1534 4307 ait,
1592 4246 1948 4308 signiﬁcatam

230 4315 404 4368 fuisse
459 4317 511 4366 in
564 4315 876 4381 Evangelia,
921 4329 1048 4371 cum
1094 4318 1349 4382 discipuli
1401 4315 1607 4369 Christo
1655 4318 1948 4370 dixerunt:

242 4412 260 4433 .
296 4389 434 4440 Ecce
480 4388 585 4440 duo
631 4388 798 4453 gladii
831 4389 951 4451 hic;
990 4410 1009 4434 ι
1058 4392 1176 4455 ipse
1227 4393 1406 4442 autem
1435 4389 1715 4453 respondit
1747 4410 1758 4440 :
1799 4392 1948 4443 Satis

234 4463 307 4512 est
375 4456 515 4517 (Luc.
590 4464 791 4524 XXII);
858 4467 910 4514 et
968 4469 1158 4527 postea
1218 4463 1353 4514 dixit
1392 4462 1570 4514 'Petro
1623 4483 1634 4512 :
1696 4464 1949 4517 Converte

233 4531 477 4596 gladium
495 4535 669 4585 .tuum
700 4533 761 4583 in
801 4534 1061 4599 saginam
1095 4533 1308 4599 (.llatth.
1339 4546 1519 4595 xxvr;
1556 4537 1713 4587 Joan.
1758 4539 1946 4602 xvm).

237 4604 475 4657 Ecclesia
524 4605 686 4657 etiam
727 4606 806 4657 sic
854 4608 919 4658 de
973 4608 1121 4659 l'etro
1168 4606 1450 4672 loquitur:
1491 4627 1512 4653 ι
1549 4607 1623 4658 Tu
1659 4620 1720 4660 es
1762 4612 1943 4671 pastor

237 4673 479 4727 omnium
541 4678 801 4741 princeps
866 4679 1262 4741 apostolorum,
1343 4679 1440 4731 tibi
1515 4678 1731 4731 tradidit
1801 4679 1944 4733 Deus

237 4746 419 4799 omnia
470 4758 640 4811 regna
683 4748 885 4800 mundi.
933 4771 950 4792 -
1003 4749 1148 4801 Ratio
1198 4762 1332 4801 vero
1380 4756 1481 4813 est,
1535 4752 1659 4813 quia
1711 4756 1950 4814 potestas

237 4817 535 4881 spiritualis
582 4819 687 4870 nisi
752 4820 972 4874 haberet
1026 4820 1207 4886 aliquo
1255 4821 1416 4874 modo
1458 4824 1803 4887 coniunctam
1850 4836 1949 4889 po-

236 4892 488 4943 testatem
535 4891 911 4956 temporalem,
967 4898 1118 4946 esset
1174 4892 1421 4946 inefﬁcax
1473 4897 1525 4946 et
1577 4894 1791 4947 inﬁrma
1842 4910 1855 4947 :
1899 4904 1953 4953 et

238 4961 363 5014 ideo
408 4973 533 5014 cum
576 4975 745 5027 opera
800 4962 891 5015 Dei
935 4964 1043 5017 sint
1092 4965 1350 5029 perfecta,
1394 4969 1450 5018 et
1502 4968 1649 5018 recte
1691 4966 1950 5029 instituta,

239 5043 365 5085 cum
424 5032 577 5086 Petro
627 5036 775 5088 dedit
834 5047 1143 5099 supremam
1207 5035 1549 5099 spiritualem
1612 5041 1953 5101 potestatem.

239 5115 341 5156 seu
401 5104 740 5168 spiritualem
804 5106 1061 5170 gladium,
1129 5106 1276 5159 dedit
1356 5108 1514 5160 etiam
1577 5108 1952 5171 temporalem,

240 5187 341 5229 seu
380 5176 738 5241 materialem,
785 5184 1042 5242 quantum
1083 5179 1151 5231 ad
1198 5180 1362 5232 ﬁnem
1403 5179 1623 5232 alterius
1672 5182 1952 5244 potestatis

240 5249 578 5301 conveniens
628 5250 713 5299 sit.
783 5250 932 5304 Unde
991 5250 1178 5303 Glossa
1239 5251 1293 5303 in
1354 5263 1474 5314 cap.
1540 5253 1949 5316 Auctoritatem,

237 5317 411 5372 verbo
456 5320 754 5383 Materiali,
799 5324 874 5381 15,
925 5335 978 5388 q.
1038 5323 1086 5386 6,
1139 5324 1284 5374 notat
1329 5323 1759 5376 ecclesiasticum
1811 5325 1951 5389 judi-

237 5403 358 5444 cem
404 5404 569 5456 posse
607 5394 847 5446 indicere
884 5395 1103 5453 bellum,
1155 5406 1224 5445 ex
1266 5391 1479 5447 Nicolao
1526 5408 1661 5459 papa
1703 5397 1757 5447 in
1803 5400 1951 5449 textu

239 5462 314 5513 ibi
365 5464 582 5517 dicente
634 5463 704 5516 ad
760 5464 1226 5530 archiepiscopum
1288 5464 1698 5529 Treverensem,
1752 5473 1804 5518 et
1850 5470 1951 5519 de-

238 5534 488 5587 fensores
557 5536 828 5598 Ecclesiae,
894 5542 951 5589 ut
1003 5535 1268 5599 spirituall
1329 5539 1383 5589 et
1447 5538 1710 5590 materiali
1769 5538 1950 5602 gladio

236 5609 479 5670 utantur,
503 5607 680 5660 donec
705 5608 1075 5660 ecclesiastica
1107 5608 1249 5660 bona
1277 5613 1622 5672 recuperent.
1899 5610 1907 5615 '

301 5679 438 5732 Hinc
492 5679 654 5733 tertio
704 5681 1050 5734 statuendum
1106 5684 1193 5733 est
1253 5679 1413 5733 aliter
1474 5679 1676 5733 habere
1744 5682 1955 5745 pontiﬁ-

301 5771 406 5835 (89)
443 5770 567 5825 Vide
595 5784 721 5836 cap.
745 5770 865 5827 uno
893 5776 1045 5836 sunt,
1068 5773 1131 5825 96
1161 5771 1282 5826 dist.
1312 5782 1441 5825 cum
1469 5769 1597 5825 aliis
1613 5769 1831 5824 ibidem.

2028 3381 2237 3432 ritualis
2290 3381 2430 3433 actio
2492 3380 2800 3433 carnalibus
2856 3380 3088 3433 distaret
3136 3381 3461 3443 incursibus,
3513 3383 3568 3434 et
3613 3381 3781 3434 ideox

2031 3452 2265 3504 militans
2325 3452 2433 3504 Deo
2494 3454 2719 3505 minime
2760 3465 2823 3505 se
2869 3451 3101 3516 negotiis
3157 3452 3509 3504 saecularibus
3567 3451 3739 3519 impli-

2028 3526 2196 3585 caret,
2256 3542 2275 3567 ι
2340 3527 2445 3575 etc.
2512 3523 2676 3582 Quem
2736 3525 2913 3577 locum
2976 3525 3215 3574 tractans
3268 3521 3451 3575 Glossa
3509 3523 3563 3574 in
3617 3536 3735 3589 cap.

2032 3596 2165 3646 Cum
2209 3594 2282 3646 ad
2341 3607 2549 3654 verum,
2595 3596 2718 3647 dist.
2781 3595 2862 3658 96,
2910 3594 2967 3647 tn
3018 3593 3188 3646 verbo
3244 3592 3550 3659 Usurpaoit,
3608 3596 3738 3648 inde

2028 3666 2239 3731 colligit
2286 3669 2581 3731 potestates
2623 3666 2723 3718 has
2765 3678 2888 3719 esse
2937 3666 3157 3727 divisas,
3201 3666 3586 3729 imperatorem
3628 3679 3737 3719 non

2028 3737 2232 3791 habere
2298 3738 2542 3803 gladium
2610 3738 2965 3802 temporalem
3023 3749 3056 3789 a
3106 3748 3246 3801 papa
3305 3736 3427 3801 (89).
3479 3736 3541 3790 Et
3593 3736 3739 3790 idem

2026 3810 2189 3862 habet
2249 3811 2304 3861 in
2364 3822 2412 3863 c.
2478 3808 2745 3874 Quoniam
2801 3810 2929 3862 dist.
3001 3809 3075 3871 10,
3146 3806 3237 3859 ubi
3317 3809 3480 3860 etiam
3542 3808 3739 3861 addit:

2036 3902 2055 3928 ι
2109 3881 2257 3941 Quod
2295 3894 2437 3947 papa
2494 3895 2602 3933 non
2656 3879 2823 3933 habet
2861 3883 3152 3946 utrumque
3198 3878 3454 3943 gladium,
3518 3898 3539 3923 ι
3593 3883 3739 3947 quod

2029 3954 2441 4017 intelligendum
2485 3956 2567 4007 est
2606 3953 2831 4015 directe,
2866 3955 2919 4006 et
2958 3964 3059 4017 per
3098 3962 3175 4014 se,
3212 3962 3283 4003 ne
3322 3952 3394 4005 sit
3425 3963 3737 4016 erroneum,

2029 4028 2085 4079 et
2137 4026 2263 4089 quia
2321 4025 2537 4088 gladius
2601 4023 2915 4091 temporalis
2966 4025 3132 4090 prout
3202 4025 3288 4076 est
3352 4024 3410 4076 in
3465 4024 3739 4090 pontiﬁce,

2028 4110 2170 4150 unus
2225 4097 2620 4162 quodammodo
2673 4100 2757 4150 est
2809 4109 2934 4151 cum
2987 4094 3273 4161 spirituali,
3335 4096 3461 4161 quia
3513 4095 3605 4148 ubi
3656 4100 3740 4149 est

2029 4182 2199 4223 unum
2257 4172 2480 4234 propter
2539 4168 2704 4229 aliud,
2776 4169 2852 4222 ibi
2929 4170 3012 4222 est
3079 4177 3251 4221 unum
3309 4169 3550 4229 tantum;
3613 4180 3742 4221 nam

2029 4243 2250 4309 alioqui,
2314 4247 2375 4295 ut
2434 4242 2689 4305 diximus,
2764 4245 2970 4295 certum
3036 4245 3117 4295 est
3174 4240 3489 4304 pontiﬁcem
3538 4239 3743 4294 habere

2028 4318 2321 4380 utrumque
2372 4314 2631 4379 gladium,
2686 4315 3023 4380 spiritualem
3078 4316 3131 4366 et
3186 4314 3560 4379 temporalem,
3595 4315 3743 4381 quod

2030 4388 2115 4440 his
2169 4387 2333 4439 etiam
2380 4387 2568 4440 verbis
2620 4388 2817 4441 asserit
2869 4387 3074 4451 Glossa,
3142 4398 3212 4439 ex
3287 4389 3419 4440 text.
3487 4385 3617 4438 ibid.
3682 4388 3741 4439 in

2031 4472 2147 4524 cap.
2180 4461 2227 4523 1,
2257 4460 2381 4511 dist.
2414 4459 2494 4509 22.

2094 4529 2279 4583 Ultimo
2335 4528 2680 4582 statuendum
2736 4532 2838 4591 est,
2909 4528 3160 4595 quamvis
3227 4527 3474 4593 pontifex
3543 4538 3614 4579 ex
3687 4527 3753 4579 vi.

1964 4615 2141 4677 Dsuae
2219 4605 2500 4677 potestatis
2572 4600 2814 4677 gladium
2877 4599 3083 4677 habeat
3147 4599 3498 4677 Amaterialem
3542 4599 3742 4677 _modo

2028 4676 2140 4740 jam
2174 4672 2466 4738 explicato,
2500 4685 2611 4724 non
2650 4675 2833 4725 tamen
2864 4672 3066 4725 debere
3100 4673 3179 4725 uti
3215 4671 3309 4724 illo
3340 4683 3443 4736 per
3476 4669 3742 4740 seipsum,

2031 4758 2135 4799 nec
2175 4757 2273 4810 per
2325 4745 2726 4798 ecclesiasticas
2783 4757 3050 4809 personas
3113 4746 3270 4796 extra
3312 4741 3590 4808 propriam
3646 4739 3740 4794 de-

2033 4819 2336 4872 fensionem
2392 4818 2451 4868 in
2509 4828 2641 4869 casu
2713 4819 2970 4870 extremae
3030 4815 3388 4872 necessitatis,
3471 4812 3571 4865 sed
3640 4825 3743 4878 per

2033 4890 2310 4955 principes
2359 4887 2669 4951 saeculares,
2714 4889 2910 4953 quibus
2954 4888 3250 4952 praecipere
3298 4887 3490 4945 potest,
3540 4886 3601 4936 ut
3649 4884 3742 4937 illo

2037 4965 2091 5014 in
2141 4974 2293 5014 suam
2339 4959 2730 5021 defensionem,
2783 4963 2874 5013 aut
2915 4962 3114 5026 justam
3164 4957 3453 5009 vindictam
3501 4959 3740 5019 utantur,

2037 5036 2252 5100 quando
2303 5045 2533 5087 necesse
2593 5033 2772 5085 fuerit.
2839 5033 2949 5085 Hoc
3010 5041 3272 5095 expresse
3332 5029 3466 5081 dixit
3526 5027 3743 5081 Bonita-

2039 5110 2174 5165 cius,
2212 5105 2334 5158 loco
2385 5118 2550 5170 supra
2593 5105 2780 5157 citato:
2836 5116 2963 5156 nam
3010 5115 3135 5154 cum
3186 5102 3414 5155 dixisset
3453 5103 3742 5164 utrumque

2037 5177 2276 5242 gladium
2324 5189 2446 5229 esse
2510 5178 2566 5228 in
2617 5179 2881 5239 potestate
2947 5173 3218 5236 Ecclesiae,
3290 5171 3625 5237 spiritualem
3672 5172 3744 5242 et

2033 5240 2409 5315 temporalem,
2454 5248 2639 5300 addit:
2674 5248 2778 5299 Sed
2831 5248 2877 5297 is
2928 5247 3146 5311 quidem
3199 5257 3297 5310 pro
3349 5244 3602 5315 Ecclesia,
3647 5240 3743 5315 ille

2036 5314 2167 5375 vero
2240 5319 2307 5373 ab
2376 5318 2610 5372 Elclesia
2680 5319 3068 5379 exercendus;
3146 5318 3236 5370 ille
3304 5314 3621 5377 sacerdotis,
3696 5314 3743 5365 is

2033 5406 2197 5445 manu
2247 5404 2438 5456 regum
2483 5396 2536 5444 et
2577 5390 2825 5447 militum.
2873 5390 2969 5443 sed
3008 5391 3075 5443 ad
3107 5393 3295 5442 nutum
3335 5390 3391 5439 et
3432 5384 3741 5450 patientiam

2033 5465 2349 5519 sacerdotis.
2398 5463 2455 5514 Et
2503 5463 2691 5516 eadem
2738 5462 2856 5516 fere
2908 5462 3076 5514 verba
3126 5461 3286 5513 habet
3330 5457 3619 5522 Gregorius
3672 5457 3740 5509 lx

2034 5538 2089 5589 in
2164 5536 2306 5589 dicta
2376 5535 2601 5599 epistola
2662 5536 2731 5587 ad
2783 5536 3121 5589 Germanum.
3178 5535 3345 5595 Atque
3407 5528 3511 5583 hoc
3581 5529 3742 5582 modo

2034 5607 2385 5660 consuevisse
2436 5607 2720 5672 pontiﬁces
2779 5606 3017 5658 excitare
3063 5601 3392 5666 temporales
3449 5600 3738 5665 principes,

2034 5683 2088 5732 et
2132 5692 2230 5743 per
2279 5690 2375 5731 eos
2418 5677 2564 5731 bella
2618 5678 2874 5737 indicere,
2938 5687 3009 5729 ex
3068 5673 3314 5728 historiis
3355 5671 3740 5727 ecclesiasticis
