4140 6446
386 351 489 412 319

909 349 967 408 S.
1010 347 1233 408 PETRI
1272 345 1594 408 DAMIANI
1633 343 1791 404 OPP.
1834 337 2028 399 PARS
2072 337 2213 399 SEU
2254 336 2503 399 TOMUS
2545 338 2592 397 Ι.
2635 369 2702 381 -
2742 334 2982 396 EPIST.
3026 332 3173 392 LIB.
3216 328 3374 390 VIII.

3791 327 3902 389 320

384 480 518 531 satis
561 478 781 531 constat.
829 479 883 530 et
932 490 1001 530 ex
1042 475 1197 541 epist.
1247 474 1489 539 Gregorii
1544 473 1633 524 lib.
1689 484 1761 532 Iv,
1800 471 1960 535 epist.
2010 471 2088 530 31,
2103 468 2457 541 Ainsinuare
2511 465 2807 541 videntur,
2839 458 3903 541 non#oportet_‘gngtila_“inllanio

387 555 443 605 et
499 551 587 602 lib.
645 563 740 611 vn,
795 549 1086 601 indictione
1144 550 1188 608 t,
1246 549 1401 613 epist.
1456 547 1535 605 20,
1591 548 1645 595 et
1694 542 1992 595 indictione
2044 541 2091 603 2,

386 625 546 685 epist.
588 623 618 673 2
662 626 714 673 et
759 622 827 681 3;
880 624 934 672 et
975 620 1070 671 lib.
1111 631 1191 681 χι,
1243 621 1400 683 epist.
1454 620 1529 675 43,
1573 620 1629 669 et
1661 616 1754 667 lib.
1794 627 1898 675 xu,
1939 616 2097 678 epist.

387 694 442 745 2t
494 698 547 747 et
590 694 669 752 22,
720 697 775 746 et
817 704 886 744 ex
935 691 1120 744 multis
1162 691 1299 748 aliis,
1346 703 1462 755 quae
1505 689 1750 751 congerit
1796 686 2096 747 Gratianus,

388 766 467 824 23,
516 778 569 827 q.
619 768 667 827 5,
714 776 832 829 cap.
877 764 1179 827 Principes,
1220 766 1273 815 et
1301 774 1419 825 cap.
1461 758 1737 821 Omnium,
1784 770 1908 810 cum
1942 756 2093 820 aliis;

389 839 442 886 et
512 837 592 897 23,
657 849 710 901 q.
781 837 828 900 8,
892 850 1012 900 cap.
1072 835 1266 898 Igitur,
1331 845 1454 885 cum
1503 831 1676 882 tribus
1725 831 2095 895 sequentibus.

394 908 498 959 [mo
556 909 611 959 in
668 908 751 959 his
807 907 1058 961 omnibus
1111 907 1247 959 locis
1310 904 1661 958 considerare
1721 902 1847 955 licet
1910 903 2097 965 ponti-

389 979 523 1030 fices
578 991 797 1041 semper
848 980 964 1032 fere
1010 990 1175 1041 agere
1233 977 1300 1029 de
1342 975 1486 1028 bello
1532 972 1838 1035 defensive,
1884 975 2101 1040 quando

388 1049 524 1101 illud
585 1051 845 1113 indicunt,
904 1050 987 1102 vel
1040 1050 1108 1101 ad
1156 1049 1291 1100 illud
1340 1046 1710 1103 exhortantur,
1778 1046 1905 1109 quia
1966 1045 2101 1098 illud

388 1129 469 1173 eSt
513 1133 620 1173 non
673 1122 848 1173 solum
887 1124 1115 1187 justum,
1159 1121 1257 1174 sed
1316 1120 1478 1173 etiam
1522 1120 1755 1171 maxime
1807 1115 1947 1173 120
1999 1132 2098 1170 ue-

389 1194 705 1263 cessarium.
756 1195 901 1246 Unde
954 1194 1168 1261 quando
1215 1196 1514 1258 provocant
1570 1192 1733 1242 etiam
1787 1190 1855 1241 ad
1892 1190 2101 1263 bellum

389 1262 798 1343 aggressivum,_
849 1266 965 1343 fere
1013 1278 1231 1343 semper
1283 1265 1443 1343 habet
1492 1264 1760 1343 rationem
1813 1262 2094 1315 defensio—

392 1335 496 1393 nis,
559 1337 687 1399 quia
745 1338 1001 1389 nimirum
1057 1338 1256 1400 injuria
1306 1335 1555 1388 Ecclesiae
1606 1335 1859 1387 continue
1906 1343 2097 1398 perse—

394 1410 564 1463 verat,
621 1407 747 1459 dum
789 1409 877 1459 vel
926 1409 1073 1460 illius
1123 1411 1264 1461 bona
1307 1408 1505 1471 injuste
1553 1408 1881 1467 detinentur,
1926 1406 2014 1459 vel
2053 1408 2103 1459 ei

393 1475 702 1557 obedi‘entia
759 1478 1342 1557 debitadpnegatur,“
1369 1478 1458 1531 vel
1519 1478 1664 1557 aliud
1716 1478 2097 1557 detrimentum

394 1546 703 1627 Ghristianae
731 1550 978 1614 religioni
1014 1552 1089 1603 fit.
1132 1552 1203 1603 Ad
1236 1551 1653 1627 bellumrautem
1685 1561 1832 1627 p_ure_
1855 1548 2097 1627 vindica-

394 1621 566 1670 tivum
590 1633 730 1683 raro,
754 1627 845 1674 aut
864 1636 1144 1687 nunquam
1166 1626 1480 1687 provocant,
1504 1635 1613 1675 non
1639 1622 1763 1686 quia
1786 1622 1852 1673 ab
1874 1621 2105 1673 habente

395 1699 942 1773 supremapotestate
970 1700 1273 1773 nonpossn
1300 1694 1484 1773 indici,
1516 1696 1615 1747 sed
1643 1695 1768 1773 quia
1797 1706 1905 1746 non
1930 1699 2012 1745 est
2036 1694 2106 1745 ita

394 1765 784 1823 necessarium,
816 1778 995 1830 neque
1026 1769 1159 1819 adeo
1194 1769 1616 1818 consentaneum
1648 1765 1834 1828 pietatl
1870 1770 1922 1817 et
1948 1778 2105 1817 man-

394 1832 665 1900 suetudini
698 1827 1100 1897 ecclesiasticae,
1135 1840 1187 1888 et
1221 1836 1348 1900 quia
1384 1838 1461 1887 tot
1495 1827 1662 1887 habet
1686 1836 2024 1886 incommoda
2054 1827 2179 1888 etB

395 1899 591 1981 damna
637 1906 797 1981 etiam
844 1908 1161 1981 spiritualia,
1193 1899 1252 1958 ut
1284 1906 1557 1981 ordinarie
1586 1906 2111 1981 melius__judicetur

397 1969 593 2023 delicta
625 1975 808 2039 aliqua
839 1969 1065 2029 manere
1093 1980 1359 2042 impunita
1382 1989 1544 2041 quam
1577 1977 1705 2029 talia
1734 1969 1873 2029 bella
1902 1990 2107 2040 procu-

397 2052 544 2125 rare:
557 2045 715 2125 pnde
727 2050 892 2125 etiam
916 2049 971 2099 in
994 2050 1199 2125 eisdem
1221 2049 1460 2101 historiis
1483 2048 1764 2125 observari
1785 2050 1961 2125 potest
1985 2061 2107 2100 raro

397 2115 683 2185 pontifices
724 2119 965 2172 indicere
1013 2122 1233 2184 bellum,
1271 2122 1570 2185 praesertim
1604 2122 1746 2172 inter
1778 2120 2109 2172 Christianos

400 2187 454 2237 et
479 2183 671 2241 ﬁdeles
703 2194 926 2254 prepter
954 2192 1127 2244 solum
1157 2183 1508 2256 temporalem
1542 2191 1724 2254 fidem,
1759 2192 1856 2244 sed
1890 2194 2110 2256 propter

399 2259 753 2342 spiritualem.
786 2263 913 2314 Nam
943 2263 1086 2342 licet_
1101 2265 1370 2342 interdum
1405 2265 1639 2327 proximi
1660 2263 1945 2342 intendant
1966 2267 2109 2342 _te_m-

399 2332 667 2414 [toralium
721 2333 1308 2414 bonorumAEcclesim
1369 2337 1852 2400 recuperationem,
1910 2333 2109 2387 nihilo-

401 2406 585 2486 minus
628 2417 739 2486 non
783 2406 838 2456 in
883 2418 948 2457 eo
981 2409 1104 2486 _tlne
1155 2410 1367 2486 sistunt,
1416 2408 1514 2460 sed
1563 2420 1782 2472 semper
1836 2410 2113 2459 intuentur

402 2477 683 2540 spirituale
748 2479 1109 2539 commodum,
1174 2478 1262 2529 vel
1324 2479 1729 2530 incommodum
1785 2478 1931 2543 quod
1984 2479 2111 2531 inde

405 2547 689 2628 redundat,
727 2548 798 2600 ita
826 2552 890 2628 _ut
930 2550 1379 2628 nun_quam_.bel_la
1420 2550 1828 2628 indica_nt,_ni_si,
1869 2550 2110 2609 pensatis

405 2620 674 2679 omnibus,
733 2621 910 2682 majus
969 2623 1246 2684 spirituale
1312 2622 1510 2674 bonum
1577 2620 1826 2674 Ecclesiae
1887 2635 1955 2674 ex
2021 2622 2110 2675 illo

403 2696 655 2755 speretur
680 2703 842 2753 quam
867 2693 936 2745 sit
964 2692 1091 2743 belli
1119 2694 1518 2745 detrimentum.

471 2762 754 2844 Damianus
795 2774 1251 2844 _ergo_nunqua_rn
1297 2766 1364 2844 de
1393 2768 1554 2844 jure
1587 2765 1835 2844 Ecclesiae
1885 2767 1952 2817 ad
1978 2766 2113 2844 _bcl-

407 2834 521 2911 lum
563 2834 907 2911 indicendum
947 2835 1033 2887 his
1079 2838 1251 2911 modis
1295 2839 1457 2911 iustis
1499 2840 1559 2911 get
1613 2838 1856 2911 honestis
1902 2838 2111 2890 dubita-

408 2904 500 2983 vit,
544 2916 648 2983 nec
692 2905 759 2983 de
798 2904 906 2983 hac
941 2919 1002 2983 re
1053 2909 1345 2983 quidquam
1395 2910 1447 2959 in
1498 2908 1613 2983 hac,
1647 2909 1873 2972 epistola
1918 2913 2110 2963 tracta-

406 2975 500 3056 vit,
538 2975 637 3027 sed
654 2975 843 3056 solum
878 2977 945 3029 de
973 2977 1119 3056 facto
1154 2981 1308 3056 etde
1341 2984 1514 3056 abusu
1549 2982 1728 3056 aliquo
1749 2985 1825 3056 et
1860 2993 2110 3045 excessu,

406 3049 500 3111 qui
545 3049 1012 3126 eo‘_tempore_ab_
1042 3051 1310 3126 aliquibus
1338 3053 1597 3126 praelatis
1649 3054 1704 3104 in
1746 3054 1848 3105 hoc
1893 3055 2112 3118 negotio

413 3118 861 3189 committebatur.
904 3119 1051 3174 Unde
1086 3124 1131 3174 si
1166 3124 1440 3185 quidpiam
1484 3125 1599 3189 ipse
1653 3130 1873 3177 sanctus
1927 3126 2115 3178 ductor

2178 519 2385 596 rigore
2412 519 2629 582 sumere
2671 532 2723 580 et
2768 519 3215 596 applicare,’sed
3258 519 3449 596 solumj
3471 522 3629 596 juxta
3679 521 3901 596 institu-

2176 583 2289 645 tum
2339 595 2390 645 et
2437 599 2676 646 mentem
2722 583 3060 652 scribentng
3083 587 3175 652 qui
3217 583 3698 652 non__sch01astico
3731 595 3902 652 more

2179 655 2399 728 singula
2441 656 2750 728 verbum,
2781 645 3419 728 ’θειίειιριὲἓέᾎὲξρὲρέἓὲι
3455 645 3592 728 es.
3625 646 3907 728 metiris?

2179 730 2383 833 εὲῗηὲῖἒι
2398 717 2837 844 sitatam
2863 710 3437 842 ἷξᾎέῗῗὲἓῗὲἒὲιῗῶ,
3452 707 3905 836 σξιῗὲαιῖἓίῗὲἂῖί

2182 844 2437 897 conferre
2463 847 2711 908 possunt.
2782 898 3150 960 EPISTOLA
3198 897 3250 955 Χ

2741 995 2819 1042 AD
2875 995 2907 1039 Β
2918 1027 2930 1038 .
2978 990 3298 1038 EPISCOPUM
3309 1023 3321 1035 .

2184 1076 2628 1134 ARGIIMENTUM.
2691 1101 2753 1112 —
2811 1070 2973 1128 Hanc
3024 1066 3449 1141 epistolamad
3508 1067 3890 1141 Eugubinum

2253 1148 2587 1220 episcopum
2638 1143 2907 1220 scriptam
2933 1138 3082 1220 esse
3125 1138 3399 1220 credibile
3435 1146 3538 1220 est.
3573 1138 3642 1197 In
3672 1155 3791 1220 qua
3828 1156 3893 1197 se

2256 1211 2512 1287 excusat,
2539 1216 2697 1290 quod
2743 1211 3043 1290 ecclesiam
3090 1226 3255 1269 suam
3292 1211 3364 1268 ab
3398 1211 3662 1290 episcopo
3692 1211 3902 1290 Ἐρίθο-

2257 1282 2682 1362 semprouiensi
2719 1283 3042 1362 consecrari
3080 1298 3282 1362 passus
3310 1282 3479 1351 esset,
3504 1282 3640 1340 cum
3659 1282 3741 1362 _a_d
3771 1283 3902 1362 Eq-

2256 1353 2541 1443 gubinum
2584 1365 2835 1443 spectare
2876 1353 3168 1443 videretur
3183 1354 3290 1443 jus
3327 1353 3725 1443 consecrandi,
3759 1353 3905 1443 quia

2258 1425 2319 1490 in
2372 1432 2534 1490 illius
2564 1425 2685 1489 erat
2719 1428 2956 1487 dioecesi
2992 1425 3318 1485 constituta.
3363 1425 3431 1482 ld
3469 1441 3529 1481 se
3569 1425 3791 1483 fecisse
3819 1425 3907 1483 ait

2257 1504 2514 1577 primum
2547 1548 2560 1572 ,
2613 1503 2886 1577 quoniam
2959 1498 3230 1557 eumdem
3276 1497 3621 1577 episcopum
3673 1497 3907 1577 habere

2260 1567 2425 1649 quasi
2474 1567 2914 1649 possessionem
2943 1567 3342 1628 consecrandi'
3375 1567 3540 1649 illids
3571 1567 3685 1649 loci
3728 1567 3913 1626 eccle-

2262 1638 2377 1705 sias
2421 1638 2692 1706 audisset.
2732 1642 2973 1713 Deinde,
3010 1657 3082 1716 ne
3119 1656 3294 1716 quem
3331 1646 3498 1716 antea
3522 1638 3649 1716 sibi
3690 1654 3908 1716 parum

2261 1734 2496 1794 mquum
2537 1722 2810 1794 expertus
2847 1710 3013 1794 esset,
3045 1710 3414 1793 infestiorem
3444 1710 3727 1794 redderet;
3764 1710 3910 1769 Pro-

2266 1780 2404 1849 inde
2448 1797 2590 1857 orat,
2617 1780 2684 1847 iit
2712 1780 3046 1859 ademptum
3085 1783 3399 1841 missarum
3427 1780 3912 1859 celebrandarum

2260 1864 2358 1936 jus
2384 1862 2443 1919 in
2467 1855 2716 1942 “ecclesia
2744 1855 3027 1942 restituat,
3056 1864 3112 1914 et
3138 1869 3380 1913 suorum
3424 1855 3910 1912 monasteriorum

2264 1937 2652 2008 patrocinium
2685 1937 2985 2004 suscipiat.

2270 2041 2488 2101 Domno
2517 2041 2585 2099 Β.
2616 2039 2883 2112 episcopo
2917 2035 3156 2095 domino
3193 2050 3319 2106 suo,
3351 2033 3582 2092 PETRUS
3619 2032 3914 2108 quidquid

2195 2149 2417 2203 servus,
2452 2140 2507 2190 et
2539 2132 2717 2190 filius.

2265 2221 2616 2280 Charissime
2660 2225 2821 2293 pater
2853 2262 2868 2289 ,
2930 2215 3084 2291 quod
3149 2213 3449 2273 ecclesiam
3508 2212 3579 2270 ab
3637 2209 3915 2286 episcopo

2197 2310 2627 2384 Sempronieusi
2662 2306 2989 2367 consecrari
3022 2320 3223 2378 passus
3260 2318 3413 2369 sum,
3458 2300 3617 2359 testis
3644 2307 3731 2359 est
3760 2299 3916 2357 mihi

2194 2401 2562 2470 conscientia,
2592 2413 2707 2457 non
2758 2411 2931 2455 causa
2964 2400 3167 2453 vestrm
3220 2388 3604 2463 derogationis
3641 2388 3771 2458 feci,
3813 2387 3919 2445 sed

2193 2492 2331 2566 quia
2377 2488 2859 2550 consuetudinem
2889 2484 3021 2542 licet
3062 2496 3268 2538 novam
3306 2478 3378 2537 ab
3416 2477 3627 2535 incolis
3672 2476 3762 2535 sui
3808 2475 3915 2534 de-

2193 2565 2436 2637 cessoris
2473 2576 2693 2636 audivi.
2738 2572 3090 2630 Fatebantur
3126 2568 3303 2635 enim,
3335 2565 3474 2641 quia
3506 2581 3579 2622 ex
3608 2579 3722 2638 quo
3760 2580 3917 2623 inas-

2196 2683 2319 2726 sam
2374 2664 2650 2724 Sorbituli
2694 2661 3004 2736 praedictus
3048 2657 3345 2730 episcoyus
3392 2652 3674 2723 introivit,
3720 2652 3923 2711 habita

2194 2755 2611 2815 consuetudine
2667 2751 2789 2824 ipse
2837 2747 3079 2807 ecclesia
3124 2743 3495 2811 consecravit,
3540 2748 3596 2800 et
3643 2756 3747 2814 ego
3783 2742 3922 2817 quis

2195 2862 2374 2910 eram,
2414 2843 2516 2918 qui
2575 2856 2747 2914 super
2804 2852 2992 2898 unum
3046 2848 3453 2908 possessorem,
3496 2830 3620 2888 sive
3663 2831 3919 2905 justum,

2195 2935 2320 2993 sive
2368 2934 2675 3005 injustum,
2710 2927 2891 2984 alium
2942 2920 3475 2997 superinducerem.
3507 2927 3563 2975 et
3593 2918 3923 2977 monachus

2194 3024 2347 3081 inter
2373 3021 2520 3077 duos
2551 3016 2849 3090 episcopos
2868 3011 3130 3084 jurgium
3156 3007 3506 3066 seminarem
3531 3004 3558 3064 ?
3588 3005 3764 3064 Porro
3794 3021 3915 3063 non

2195 3108 2530 3168 dubitabam
2583 3103 2720 3181 quia
2764 3116 2995 3159 necesse
3039 3104 3159 3156 erat
3207 3104 3268 3154 ut
3314 3095 3580 3153 venirent
3626 3093 3922 3162 scandala,

410 3187 468 3265 in
522 3187 814 3265 98998118
871 3194 1111 3265 excessit
1154 3181 1325 3259 (Ψιυά
1364 3207 1476 3248 non
1505 3181 1764 3261 'deﬂuio).
1816 3197 1915 3248 fuit
1965 3192 2173 3253 (ει-τοτο
2204 3199 2301 3257 sed
2362 3196 2633 3255 timebam
2693 3190 2847 3265 quod
2895 3187 3197 3262 sequitur:
3234 3206 3263 3238 «
3306 3183 3409 3242 Vae
3449 3181 3559 3253 illi,
3602 3197 3699 3256 per
3738 3198 3921 3256 quem

414 3260 702 3344 injecto,
759 3273 892 3344 non“
929 3264 987 3344 in
1050 3267 1310 3344 doctrina,
1369 3268 1530 3344 idque
1588 3260 1736 3320 satis
1778 3273 1991 3321 constat
2053 3281 2122 3321 ex

412 3331 595 3415 verbis
655 3332 1032 3415 eju_s.uPrimo
1103 3340 1245 3415 enim
1305 3331 1655 3415 reprehendit
1722 3340 2122 3393 ecclesiasticas

414 3404 677 3483 personas
745 3404 945 3483 bellum
1004 3413 1260 3483 gerentes
1320 3412 1389 3463 ad
1447 3412 1803 3463 vindicandas
1870 3413 2122 3476 preprias

414 3482 662 3536 llljlll'las,
714 3482 772 3528 ut
820 3483 964 3540 patet
1002 3492 1072 3532 ex
1111 3482 1221 3533 illis
1259 3484 1478 3535 verbis:
1524 3504 1541 3528 ι
1569 3484 1866 3535 Nonnullos
1921 3489 2123 3546 movet,

413 3551 595 3618 utrum
692 3547 1048 3603 Ecclesiarum
1145 3559 1386 3607 rectores
1487 3558 1745 3618 expetere
1840 3557 2125 3608 vindictam

416 3615 665 3702 debeant,
726 3625 785 3702 ut
844 3624 1003 3674 malis
1067 3624 1209 3677 mala
1270 3615 1818 3702 more_smcularium
1882 3627 2124 3679 reddant.

415 3687 542 3767 liam
605 3691 855 3767 plerique
903 3706 1051 3758 mox,
1114 3702 1175 3748 ut
1236 3698 1317 3749 eis
1369 3696 1598 3750 infertur
1660 3699 1742 3748 vis
1786 3698 2012 3761 injuriis,
2061 3699 2128 3750 ad

417 3759 791 3844 indicendum-
840 3769 1118 3844 protinus
1155 3767 1355 3844 bellum
1418 3770 1722 3833 prosiliunt,
1800 3759 2128 3823 armaturam

421 3842 653 3917 cuneos,
686 3840 963 3917 instruunt
1016 3862 1027 3890 :
1078 3843 1264 3917 sicque
1322 3842 1509 3893 hostes
1559 3853 1690 3917 suos
1751 3842 1930 3892 acrius
1988 3843 2130 3895 forte

422 3903 754 3979 quamdaasi
815 3908 1047 3973 fuerant,
1099 3903 1467 3972 ulciscuntur;
1533 3913 1677 3979 quod
1737 3912 1864 3963 mihi
1919 3914 2133 3966 videtur

423 3973 786 4039 absurdum,»
814 3984 917 4033 etc.
966 3984 1099 4035 Ecce
1144 3996 1253 4037 non
1299 3990 1410 4049 agit
1452 3986 1519 4038 de
1549 3973 1696 4047 iure,
1741 3985 1838 4036 sed
1883 3984 1949 4037 de
1992 3984 2133 4039 facto

431 4048 886 4132 etreprehendit
942 4057 1119 4132 potius
1176 4048 1601 4132 circumstantias
1661 4069 1819 4132 quam
1887 4054 2129 4109 substan-

432 4119 597 4199 tiam”
630 4119 774 4199 facti,
835 4125 1085 4176 nimirum
1149 4128 1292 4191 quod
1362 4129 1453 4181 ﬂat
1510 4131 1567 4181 in
1626 4119 1909 4190 ultionem,
1973 4131 2136 4182 nimia

436 4188 712 4271 facilitate,
769 4200 822 4247 et
895 4208 1015 4271 cum
1081 4188 1279 4263 rigore,
1338 4203 1426 4253 vel
1497 4202 1717 4259 saevitia,
1771 4213 1836 4253 ac
1899 4188 2135 4266 denique

432 4260 588 4340 quod
626 4263 677 4312 in
728 4270 947 4340 propria
992 4260 1224 4331 persona
1266 4260 1764 4326 ecclesiasticarum
1811 4274 1918 4325 ﬁat.
1987 4260 2137 4326 Unde

431 4330 658 4410 inferius
699 4336 766 4410 ab
810 4330 1004 4392 mna
1042 4356 1173 4406 rege
1218 4356 1250 4396 a
1295 4346 1567 4398 contrario
1612 4350 1993 4409 argumentum
2039 4359 2135 4396 su-

430 4404 589 4492 ξξιξῑμξ
653 4427 671 4492 ς·
723 4409 850 4492 ΜΨ]
915 4413 1041 4492 quia
1104 4404 1457 4492 :sacerdotale
1522 4404 1806 4481 usurpavit
1882 4417 2132 4475 officium,

427 4473 600 4555 lepra,
651 4481 840 4545 inquit,
891 4473 1250 4551 perfunditur,
1303 4493 1357 4541 et
1414 4490 1460 4540 si
1515 4473 1773 4542 sacerdos
1823 4502 1971 4541 arma
2018 4473 2133 4541 cor-

430 4552 571 4612 ripit,
626 4556 768 4613 quod
820 4559 1006 4622 uthue
1048 4560 1308 4613 laieornm
1353 4566 1449 4620 est,
1488 4562 1617 4627 quid
1651 4564 1928 4614 meretur?
1969 4583 1985 4603 -
2026 4562 2137 4612 Hoc

430 4629 563 4696 οῖμρ
603 4629 700 4687 est,
742 4629 885 4691 quod
924 4632 979 4681 in
1015 4635 1292 4696 episcopis
1344 4633 1524 4686 Galliae
1571 4638 1660 4686 aut
1711 4634 2004 4687 Germaniae
2050 4644 2143 4683 re-

429 4691 736 4760 prehendit,
770 4702 899 4764 quia
931 4716 1029 4755 sua
1050 4691 1233 4757 'manu
1281 4707 1547 4757 materiall
1598 4706 1777 4768 gladio
1829 4704 2122 4756 utebantur

427 4768 571 4841 quod
632 4771 748 4824 ﬂeri
786 4761 915 4827 ’τιοη
970 4777 1144 4828 debet.
1214 4778 1324 4828 Imo
1395 4780 1445 4828 in
1511 4761 1626 4830 fine
1674 4776 1918 4841 epistolae
1980 4761 2141 4837 audei

427 4840 771 4924 Leonemth
823 4848 890 4899 de
943 4848 1059 4924 hoc
1098 4850 1522 4924 reprehendere,
1591 4840 1733 4924 quod
1794 4848 1846 4898 in
1901 4860 2139 4912 persona

426 4917 497 4965 sit
544 4917 828 4969 comitatus
880 4923 1179 4974 exercitum
1238 4927 1429 4974 contra
1480 4923 1889 4979 Northmannos,
1947 4932 2134 4982 quam-

427 4986 507 5037 vis
550 4991 811 5040 actualem
860 4989 988 5043 belli
1041 5005 1401 5058 congressum
1458 5007 1566 5046 non
1622 4993 1922 5043 intraverit.
1991 4991 2139 5050 Quod

426 5064 626 5142 quanto
663 5061 808 5142 jure-
844 5062 1126 5142 Damianns
1179 5066 1484 5142 scripserit,
1539 5064 1778 5142 prudens
1834 5062 2140 5142 lector__di-

425 5133 633 5215 ξρίᾳὶἀς.
697 5133 847 5215 Certe
927 5134 1228 5215 Hermanus
1304 5138 1631 5197 Contractus,
1691 5134 1934 5215 referens
1993 5133 2137 5187 illam

430 5203 730 5287 historiam,
771 5206 885 5256 ait:
934 5229 960 5287 «ἡ
992 5209 1219 5287 Leonem
1288 5211 1486 5261 dictum
1545 5209 1716 5261 fuisse
1759 5205 1994 5287 _occu_lto
2048 5206 2137 5260 Dei

424 5275 648 5357 judicio,
699 5292 815 5330 srve
873 5281 998 5357 quia
1058 5284 1266 5357 tantum
1308 5284 1644 5357 sacerdotem
1687 5278 2000 5357 spiritualis,
2033 5291 2139 5357 po-

430 5349 537 5429 tius
575 5361 867 5429 quam_pro
902 5354 1117 5429 caducis
1144 5352 1331 5429 _rebns
1389 5354 1626 5404 carnalis
1664 5362 1864 5429 pugna.
1894 5348 2139 5411 decebat,

431 5421 545 5470 sive
617 5422 760 5482 quod
832 5424 1072 5477 nefarios
1144 5424 1395 5475 homines
1457 5435 1642 5475 secum
1714 5421 1955 5479 ducebat,
2034 5429 2135 5475 etc.

429 5488 629 5555 (ΗΕΒΜ.
705 5494 1006 5549 οομτιιειοτ.
1090 5494 1281 5547 Chron.
1359 5496 1478 5547 sub.
1572 5507 1659 5547 an.
1749 5492 1906 5558 1053).
1994 5491 2130 5549 121

436 5562 585 5613 Hanc
646 5579 778 5632 ergo
856 5570 1105 5622 existimo
1180 5568 1355 5621 fuisse
1417 5580 1606 5620 sanam
1660 5567 1835 5621 sancti
1904 5567 2139 5620 doctoris

433 5639 686 5720 mentem.
752 5641 904 5720 Quod
970 5641 1017 5693 si
1069 5639 1358 5720 interdum
1411 5641 1623 5694 videtur
1672 5637 1943 5720 adducere
1991 5639 2139 5720 testi-

433 5710 631 5775 monia,
690 5711 941 5779 exempla
992 5715 1083 5766 aut
1148 5715 1405 5775 rationes,
1469 5726 1587 5781 qua
1647 5709 1847 5778 aliquid
1904 5709 2137 5777 amplius

2207 3286 2545 3348 scandalum
2618 3281 2775 3341 venit
2837 3280 3057 3350 (Matth.
3116 3279 3314 3345 XVIII).
3374 3293 3402 3325 »
3468 3272 3538 3329 Et
3602 3279 3754 3331 certe
3810 3272 3927 3329 hoc

2207 3374 2548 3436 scandalum
2599 3371 2926 3440 cuicunque
2979 3365 3237 3423 videatur
3278 3364 3612 3432 adversum,
3644 3360 3705 3418 in
3736 3376 3930 3435 quan-

2209 3472 2330 3524 tum
2362 3479 2496 3523 cum
2525 3461 2641 3520 Deo
2674 3465 2730 3517 et
2765 3472 2900 3515 cum
2922 3453 3146 3530 justitia
3177 3453 3354 3511 fuerit
3378 3457 3738 3521 exsecutum,
3774 3449 3931 3508 mihi

2211 3556 2398 3614 fuerat
2440 3568 2557 3611 non
2611 3547 2971 3608 mediocriter
3015 3541 3424 3603 necessarium.
3468 3541 3555 3598 Ex
3609 3555 3723 3613 quo
3760 3540 3927 3598 enim

2210 3661 2313 3703 vos
2365 3645 2427 3702 iu
2486 3643 2641 3700 hunc
2689 3638 3102 3712 episcopatum,
3158 3633 3275 3691 Deo
3331 3639 3584 3700 auctore,
3633 3630 3924 3700 venistis;

2210 3735 2554 3805 interrogate
2609 3729 2657 3787 si
2715 3741 2922 3785 verum
2971 3731 3089 3795 est;
3138 3738 3244 3795 ego
3302 3736 3438 3780 cum
3488 3718 3930 3792 Sempronieusi

2212 3824 2476 3896 episcopo
2521 3817 2855 3876 charitatem
2896 3812 3109 3870 habere
3163 3825 3276 3868 non
3328 3807 3532 3882 potui:
3568 3814 3625 3864 et
3649 3806 3751 3881 qui
3781 3805 3931 3864 mihi

2212 3893 2453 3969 eatenus
2499 3909 2684 3966 fuerat
2731 3901 3164 3971 devotissimus,
3197 3899 3319 3973 jam
3358 3913 3474 3955 non
3513 3896 3799 3967 occultus,
3830 3893 3934 3951 sed

2212 3996 2720 4060 manifestissimus
2753 3996 2936 4052 factus
2964 3997 3048 4049 est
3088 3988 3383 4047 inimicus.
3416 3985 3667 4044 Felicem
3701 3999 3791 4042 me
3831 3983 3935 4041 tali

2214 4087 2536 4147 infortunio
2568 4089 2578 4143 l
2622 4083 2786 4143 Unde
2820 4081 2979 4140 enim
3005 4079 3314 4137 adversum
3346 4090 3439 4134 me
3475 4081 3660 4133 vester
3689 4072 3937 4130 animus

2215 4186 2631 4249 commovetur,
2662 4174 2796 4233 inde
2829 4172 2973 4230 mihi
3012 4170 3115 4243 qui
3143 4169 3453 4227 inimicum
3492 4165 3693 4239 fugere
3731 4164 3936 4237 gestio,

2218 4273 2439 4329 fructus
2467 4264 2732 4327 utilitatis
2761 4263 3098 4339 acquiritur.
3132 4261 3232 4319 Est
3258 4274 3512 4334 namque
3552 4256 3714 4326 Saul,
3757 4254 3938 4314 David

2219 4360 2530 4428 nesciente,
2574 4360 2905 4429 peremptus
2943 4355 2993 4422 (Ι
3034 4355 3167 4420 Reg.
3203 4361 3392 4418 XXXI;
3432 4351 3461 4404 Ι
3483 4348 3674 4405 Parcit.
3705 4350 3801 4415 X);
3854 4353 3944 4402 est

2219 4452 2391 4510 etiam
2414 4454 2670 4522 peccator
2692 4444 3011 4503 monachus
3033 4439 3199 4500 nullo
3220 4438 3452 4513 proprio
3473 4436 3797 4509 studio,sed
3819 4434 3944 4493 solo

2162 4542 2323 4601 DDei
2349 4548 2521 4608 nutu,
2540 4537 2611 4595 de
2635 4533 3095 4609 Sempronieusis
3125 4529 3377 4605 episcopi
3403 4528 3610 4600 laqueo
3639 4527 3938 4585 liberatus.

2299 4627 2539 4689 Noveris
2584 4623 2783 4700 procul
2822 4622 3021 4692 dubio,
3054 4618 3428 4678 dilectissime
3457 4623 3634 4689 pater,
3661 4613 3800 4700 quia
3823 4612 3940 4700 _Ec-

2225 4722 2461 4781 clesiam
2508 4698 2758 4777 vestram
2801 4712 2997 4785 diligo,
3036 4720 3092 4771 et
3128 4712 3374 4770 salutem
3403 4716 3675 4767 vestram.
3716 4698 3857 4757 122
3885 4707 3942 4757 et

2228 4811 2506 4870 honorem
2559 4806 2879 4866 secundum
2916 4802 3105 4861 Deum
3161 4800 3405 4858 fideliter
3441 4794 3806 4868 concupisco,
3839 4805 3942 4847 ve-

2226 4907 2361 4958 stra).
2411 4898 2587 4955 etiam
2636 4894 2758 4951 sedi
2811 4890 3201 4950 obedientiam
3247 4888 3522 4945 exhibere
3573 4892 3943 4957 nequaquam

2225 4985 2449 5059 refugio
2479 5030 2494 5053 ,
2558 4981 2656 5041 sed
2709 4977 2898 5053 potius
2956 4976 3219 5036 alacriter
3281 4989 3469 5032 curro.
3528 4971 3942 5036 Obsecramus,

2225 5052 2406 5150 igitur
2438 5117 2451 5143 ,
2508 5052 2922 5135 dilectissime,
2984 5064 3353 5124 interdictum
3420 5065 3630 5118 nostras
3683 5052 3945 5114 ecclesias
4026 5078 4031 5081 η

2224 5147 2480 5224 ofﬁcium
2514 5160 2766 5231 reddite;
2799 5166 2851 5215 et
2885 5173 2999 5215 non
3055 5154 3247 5213 solum
3297 5153 3461 5210 illam
3490 5147 3948 5223 possessiuncu-

2224 5256 2362 5321 lam,
2394 5269 2527 5329 quae
2580 5259 2785 5310 vestras
2825 5247 3021 5322 procul
3056 5246 3236 5305 dubio
3273 5242 3539 5302 diiecesis
3564 5246 3694 5308 .est,
3734 5235 3834 5295 sed
3887 5240 3947 5290 et

2226 5326 2511 5418 quidquid
2550 5341 2857 5409 habemus,
2891 5342 3075 5396 vestra
3109 5335 3445 5394 auctoritate
3484 5326 3800 5418 defendite,
3841 5337 3948 5415 ve:

2227 5408 2412 5492 strurn
2463 5444 2565 5505 per
2615 5427 2812 5487 omnia
2848 5408 3157 5500 rdeputate;
3214 5426 3504 5496 quatenus
3564 5417 3786 5505 fratres,
3838 5408 3950 5483 qui

2228 5502 2538 5579 nobiscum
2594 5517 2710 5575 Deo
2748 5512 3106 5581 deserviunt,
3147 5517 3370 5584 patrem
3420 5521 3539 5575 vos,
3589 5509 3644 5561 et
3684 5502 3953 5560 defenso-

2226 5625 2351 5669 rem
2408 5623 2469 5667 se
2513 5605 2728 5666 habere
2779 5599 3199 5675 congaudeant,
3230 5602 3289 5656 et
3335 5593 3599 5654 divinam
3637 5607 3742 5666 pro
3784 5586 3952 5648 vobis

2230 5696 2685 5761 misericordiam
2716 5692 3029 5768 implorare
3060 5705 3178 5750 non
3208 5688 3500 5749 desinant.
