4140 6504
178 355 279 415 321

804 481 1171 544 EPISTULA
1205 483 1304 543 XI.

179 588 257 636 an
295 583 675 633 THEODOSIUM
731 585 1274 645 SENOGALLIENSEM,
1308 587 1378 633 ET
1418 568 1776 637 RODULPHUM
1804 590 1902 636 su-

721 657 995 705 GUBINUM
1046 657 1367 706 EPISCOPOS.

176 746 633 804 ABGUMENTUM.
665 774 732 785 -
766 743 1160 802 Theodosium
1192 744 1683 808 Senegalliensem
1712 756 1767 806 et
1794 749 1903 808 Ro-

247 816 550 901 dulphum‘
581 815 964 897 Eugubinum
1003 816 1308 901 antistites,
1335 815 1899 901 librorumsuorum

240 888 471 972 judices
503 892 559 945 et
581 888 756 972 quasi
784 902 1051 972 censores
1080 888 1393 972 constitpit,
1419 891 1791 972 pracipitque
1814 899 1899 972 ut,

246 958 662 1044 iisdiligenter
688 958 978 1044 perlectis,
1010 959 1301 1044 quidquid
1338 958 1535 1021 visum
1574 958 1903 1044 fuerit,.aut

244 1038 396 1112 ante,
449 1035 551 1112 aut
600 1037 727 1112 post
779 1045 951 1112 suam,
996 1039 1240 1090 mortem
1279 1048 1629 1107 quacunque
1680 1035 1901 1093 ratione

244 1102 535 1176 corrigant
560 1109 617 1159 et
643 1116 771 1159 eme
782 1102 978 1160 rident.

250 1209 781 1270 Reverendissimis
809 1210 1112 1291 episcopis,
1143 1210 1477 1272 THEODOSIO
1501 1212 1900 1288 Senogallien-

180 1300 249 1368 si,
277 1306 331 1358 et
350 1298 676 1360 RODULPHO
698 1299 1029 1372 Eugubino,
1052 1297 1286 1359 PETBUS
1304 1308 1561 1376 peccator
1580 1304 1900 1363 monachus

176 1389 533 1449 servitutem.

252 1478 487 1537 Noverit
529 1478 801 1538 sanctitas
857 1485 1066 1550 vestra,
1113 1478 1474 1539 dilectissimi
1516 1480 1663 1538 mihi
1711 1489 1897 1554 patres

178 1574 232 1625 et
283 1567 532 1639 domini,
571 1569 713 1643 quia
749 1570 1094 1643 prasumpsi
1133 1560 1404 1643 quaedam
1437 1568 1716 1642 opuscula
1754 1570 1895 1627 scri-

178 1656 332 1725 bere,
375 1672 494 1715 non
531 1663 647 1715 tam
685 1657 953 1716 videlicet
988 1665 1051 1716 ut
1084 1657 1292 1731 legivis
1330 1658 1585 1733 (legibus)
1624 1658 1896 1716 ecclesia-

176 1748 355 1819 sticis,
419 1749 572 1822 quod
630 1752 1003 1809 temerarium
1065 1752 1267 1824 fuerat,
1324 1751 1549 1826 aliquid
1600 1751 1892 1822 adderem,

1390 353 1613 415 LIBER
1653 354 2025 431 QUARTUS,
2066 359 2303 422 EPIST.
2344 362 2475 424 XII.

3587 380 3703 442 322

1917 488 1971 547 Α
2059 509 2280 570 Domno
2305 510 2373 569 V.
2405 514 2888 574 reverendissimo
2914 518 3199 592 episcopo,
3232 520 3462 582 PETRUS
3487 540 3686 598 pecca-

1984 604 2090 669 tor,
2125 599 2391 660 salutem.

2053 688 2198 748 Nolo
2238 698 2290 749 te
2333 692 2521 763 lateat,
2563 695 2913 757 venerabilis
2953 701 3144 772 frater,
3181 702 3318 775 quia
3352 702 3423 761 de
3459 704 3691 778 pradiis

1982 779 2237 839 ecclesia
2282 790 2427 856 tua,
2472 800 2604 857 qua
2652 785 2968 846 distrahere
3010 790 3251 862 diceris,
3304 808 3423 851 non
3476 810 3690 867 parvus

1980 883 2181 927 rumor
2211 870 2474 940 increvit,
2504 889 2641 931 nam
2671 882 2727 932 et
2763 891 2860 934 cor
2887 884 3150 937 nostrum
3175 895 3289 938 non
3323 881 3438 939 levi
3476 898 3691 942 mcero-

1981 956 2067 1047 ris
2110 958 2312 1019 aculeo
2367 977 2552 1035 nuper
2599 964 2797 1022 eadem
2845 966 3001 1025 fama
3048 969 3357 1029 transﬁxit.
3413 971 3694 1047 Nunquid

1980 1046 2195 1104 oblitus
2225 1064 2285 1106 es
2317 1051 2471 1125 quod
2499 1058 2639 1125 ante.
2662 1053 2779 1111 fere
2810 1055 3287 1129 quinquennium
3321 1058 3514 1118 Victor
3551 1046 3691 1135 apo-

1981 1137 2199 1195 stolica
2247 1138 2411 1198 Sedis
2450 1142 2755 1216 episcopus
2794 1149 2963 1214 (Vict.
2994 1150 3065 1214 H,
3116 1150 3289 1220 papa)
3327 1149 3386 1207 in
3432 1150 3693 1224 plenario

1979 1225 2222 1285 concilio
2261 1227 2573 1288 Florentia
2600 1230 2901 1303 celebrato,
2932 1236 3026 1293 cui
3055 1237 3228 1295 simul
3262 1246 3317 1295 et
3349 1238 3490 1313 imp.
3531 1239 3693 1298 Hen-

1977 1313 2133 1373 ricus
2168 1316 2459 1395 interfuit,
2501 1321 2610 1379 hoc
2647 1321 2755 1380 sub
2793 1325 3410 1384 excommunicationis
3448 1343 3695 1388 censura

1976 1402 2273 1475 prohibuit
2302 1404 2329 1462 ?
2362 1407 2451 1465 An
2490 1410 2723 1479 ignoras
2757 1412 2897 1484 quia
2928 1413 3001 1470 ad
3039 1413 3149 1471 hoc
3178 1414 3437 1472 ecclesiis
3476 1418 3693 1489 pradia

1976 1495 2357 1554 conferuntur
2387 1544 2402 1568 ,
2453 1508 2517 1557 ut
2578 1515 2655 1557 ex
2725 1501 2818 1559 his
2892 1517 3169 1576 pauperes
3248 1512 3649 1566 sustententur
3677 1552 3692 1578 ,

1975 1580 2302 1670 indigentes
2373 1588 2648 1660 alantur,
2709 1596 2775 1647 ut
2824 1606 2899 1648 ex
2956 1592 3048 1649 his
3115 1592 3311 1651 viduis
3364 1601 3537 1668 atque
3583 1612 3693 1670 pu-

1974 1667 2130 1740 pillis
2181 1672 2508 1732 subsidium
2559 1678 2955 1749 procuretur?
3001 1678 3275 1737 Ecclesia
3324 1667 3538 1755 quippe
3590 1667 3694 1740 na-

1975 1761 2187 1817 scentis
2237 1760 2405 1819 initio
2447 1762 2542 1819 hic
2577 1778 2702 1822 mos
2736 1764 2996 1836 inolevit,
3028 1773 3094 1825 ut
3120 1768 3365 1841 quilibet
3393 1772 3693 1831 venientes

175 1853 356 1912 quam
397 1838 471 1897 ob
512 1839 621 1896 hoc
656 1839 949 1914 praecipue
986 1840 1126 1914 quia
1160 1841 1285 1899 sine
1323 1841 1586 1916 quolibet
1619 1840 1895 1930 exercitio
1917 1849 2051 1910 Bad
2122 1848 2335 1920 ﬁdem,
2393 1852 2821 1923 possessionum
2898 1838 3152 1913 suarumi
3209 1858 3344 1930 jura
3406 1857 3693 1918 distrahe-

175 1924 382 1982 inertis
419 1925 521 1983 otii
558 1932 613 1983 et
655 1927 983 1985 remotioris
1036 1927 1268 1986 cellula
1313 1928 1479 1986 tadia
1511 1944 1628 1986 non
1672 1928 1891 2000 perfer-

180 2030 332 2086 rem,
362 2021 427 2074 ut
458 2016 561 2090 qui
597 2016 870 2090 Operibus
906 2032 1193 2075 manuum
1225 2016 1448 2077 utiliter
1476 2016 1749 2074 insudare
1776 2032 1895 2074 non

107 2172 111 2176 ,
177 2113 466 2179 poteram,
501 2121 597 2164 cor
639 2123 850 2181 vagum
888 2114 1060 2182 atque
1097 2108 1382 2167 lascivum
1422 2107 1671 2182 quodam
1711 2107 1895 2166 medi-

182 2196 415 2254 tationis
456 2196 580 2255 loro
629 2198 1062 2271 restringerem,
1112 2198 1307 2272 sicque
1346 2198 1759 2272 cogitationum
1800 2198 1894 2255 in-

178 2285 518 2359 gruentium
562 2287 885 2362 strepitum,
934 2296 1110 2363 atque
1161 2287 1375 2347 acedia
1435 2287 1764 2361 obrepentis
1803 2287 1896 2344 in-

178 2375 452 2434 stantiam
508 2375 736 2435 facilius
789 2377 1204 2452 propulsarem.
1272 2376 1387 2436 Sed
1439 2377 1717 2451 quoniam
1774 2376 1896 2450 jam

179 2466 343 2525 illius
396 2467 687 2526 examinis
720 2469 1115 2528 tribunalibus
1160 2470 1583 2545 appropinquo,
1626 2469 1726 2528 ubi
1782 2484 1898 2527 non
1940 2468 1943 2470 ’

179 2555 350 2615 modo
387 2556 459 2614 de
490 2557 687 2616 verbis
724 2566 779 2616 et
822 2560 1069 2642 scriptis,
1102 2558 1256 2619 ultro
1300 2559 1472 2617 etiam
1513 2560 1585 2616 de
1623 2557 1895 2616 minutis-

182 2646 351 2705 simis
398 2648 845 2720 cogitationibus
882 2648 1301 2709 discussionem
1338 2648 1739 2707 ventilandum
1774 2663 1898 2706 esse

182 2751 300 2794 non
362 2736 627 2810 ambigo,
681 2738 996 2797 sanctitatis
1060 2746 1265 2798 vestra
1333 2737 1731 2812 prudentiam,
1784 2753 1897 2811 qua

182 2824 371 2897 valeo,
404 2826 823 2900 supplicatione
854 2829 1119 2902 deposco,
1155 2836 1239 2899 ut,
1272 2834 1371 2887 aut
1410 2844 1503 2886 me
1529 2828 1896 2900 adveniente,

184 2915 234 2972 si
293 2923 467 2983 vacat,
513 2924 613 2974 aut
656 2925 962 2992 postquam
1009 2934 1103 2976 me
1148 2918 1310 2977 obire
1354 2917 1673 2991 contigerit,
1724 2916 1898 2990 quid-

183 3010 322 3083 quid
352 3010 767 3084 Opusculorum
798 3028 1065 3071 meorum
1103 3013 1367 3072 invenire
1407 3015 1658 3085 potestis,
1685 3020 1900 3072 attenta

1984 1943 2133 2007 rent,
2166 1943 2341 2011 atque
2375 1937 2446 1995 ad
2482 1940 2654 2012 pedes
2697 1941 3088 2015 apostolorum
3132 1945 3383 2017 pretium
3424 1948 3577 2018 quod
3615 1960 3692 2005 ex

1984 2026 2077 2083 his
2105 2026 2461 2097 sumebatur,
2495 2027 2782 2086 oﬂ‘errent.
2821 2029 2984 2087 Unde
3019 2037 3073 2087 et
3105 2031 3167 2089 in
3206 2048 3408 2092 eorum
3446 2036 3690 2095 Actibus

1984 2111 2198 2185 legitur
2239 2133 2252 2170 :
2308 2135 2335 2167 ‹‹
2376 2113 2689 2189 Quotquot,
2734 2118 2944 2191 inquit,
3000 2135 3353 2192 possessores
3396 2137 3688 2196 agrorum,

1982 2211 2082 2262 aut
2141 2204 2452 2263 domorum
2505 2213 2703 2278 erant,
2763 2199 3078 2268 vendentes
3128 2210 3443 2270 aﬁ‘erebant
3508 2214 3689 2286 pretia

1983 2308 2184 2352 eorum
2214 2310 2348 2367 qua
2374 2296 2719 2368 vendebant,
2747 2303 2803 2355 et
2840 2299 3130 2370 ponebant
3167 2308 3301 2358 ante
3338 2301 3510 2374 pedes
3548 2319 3687 2377 apor-

1984 2382 2260 2441 stolorum
2331 2385 2479 2452 (Act.
2535 2392 2644 2452 IV).
2697 2407 2724 2439 »
2785 2386 3149 2446 Pracedente
3218 2406 3353 2449 vero
3435 2396 3690 2465 tempore

1985 2472 2196 2531 sanctis
2255 2472 2639 2533 Ecclesiarum
2688 2477 3003 2536 rectoribus
3041 2479 3238 2536 visum
3287 2485 3395 2549 est,
3455 2488 3521 2539 ut
3568 2481 3693 2555 ipsa
3750 2486 3755 2492 '

1986 2561 2175 2634 potius
2227 2562 2484 2620 ecclesiis
2530 2562 2750 2636 pradia
2810 2566 3188 2625 traderentur.
3247 2566 3410 2625 Unde
3472 2568 3692 2628 scilicet

1986 2667 2101 2709 non
2133 2650 2303 2709 modo
2337 2651 2574 2711 clericos
2608 2652 2784 2711 sacris
2820 2655 3176 2713 excubantes
3203 2655 3407 2714 ofﬁciis
3434 2657 3692 2717 ecclesia

1984 2746 2256 2814 pasceret,
2296 2740 2394 2798 sed
2433 2747 2488 2799 et
2520 2741 2805 2816 refrigerii
2844 2743 3053 2817 stipem
3089 2743 3336 2803 diversis
3371 2745 3690 2820 indigenti-

1983 2832 2113 2902 bus,
2169 2838 2225 2889 et
2271 2831 2470 2906 inopia
2516 2832 2910 2893 laborantibus
2972 2834 3346 2895 ministraret.
3396 2837 3691 2912 Perpende

1983 2921 2194 2996 igitur,
2237 2921 2585 2980 venerabilis
2616 2924 2810 2993 frater,
2846 2931 3198 2997 quantorum
3238 2926 3688 2989 homicidiorum

1985 3011 2048 3068 in
2086 3010 2180 3069 die
2213 3009 2423 3084 judicii
2469 3026 2604 3069 reus
2635 3010 2761 3083 erit,
2797 3011 2900 3084 qui
2947 3012 3118 3071 modo
3160 3020 3240 3072 tot
3285 3015 3563 3089 orphanis
3599 3016 3691 3075 di-

184 3098 487 3174 diligentia
514 3096 846 3174 'perlegatis.
876 3100 946 3158 Et
984 3100 1034 3159 si
1068 3101 1214 3176 quid
1250 3102 1312 3160 in
1352 3101 1445 3160 bis
1483 3102 1781 3160 catholica
1815 3119 1900 3160 re-
1987 3103 2287 3178 versisque
2321 3101 2689 3175 pauperibus,
2726 3101 2883 3160 unde
2928 3103 3126 3161 vivere
3165 3103 3430 3178 debeant,
3462 3107 3693 3166 subtra-

181 3190 334 3262 gula
391 3189 691 3248 dissonum
719 3234 734 3259 ,
790 3190 840 3248 si
905 3190 1049 3265 quid
1115 3207 1407 3250 sacrarum
1468 3190 2089 3273 Scripturarumchit.
2137 3191 2227 3250 Ad
2279 3190 2535 3250 tribunal
2602 3189 2764 3249 illius
2812 3191 2915 3264 qui
2982 3207 3262 3266 pauperes
3324 3196 3695 3267 singulariter

180 3281 508 3340 auctoritati
545 3283 830 3355 reperitur
866 3282 1199 3355 adversum,
1237 3291 1408 3358 prout
1467 3283 1662 3342 visum
1704 3284 1897 3356 fuerit,
1984 3280 2193 3352 diligit,
2235 3280 2338 3354 qui
2377 3296 2437 3338 se
2472 3279 2537 3337 in
2573 3294 2823 3353 paupere
2853 3279 3047 3350 reﬁci,
3095 3282 3155 3338 in
3186 3298 3436 3357 paupere
3465 3301 3526 3343 se
3565 3302 3692 3359 per-

184 3369 275 3428 vel
322 3385 563 3444 prorsus
613 3369 970 3444 abscindere,
1033 3371 1123 3430 vel
1165 3372 1236 3429 ad
1286 3386 1494 3431 sanum
1538 3371 1900 3430 intellectum
1982 3370 2143 3427 hibet
2198 3369 2419 3428 esurire
2479 3369 2695 3441 (Matth.
2752 3368 2931 3440 xxv);
2981 3368 3054 3426 ad
3109 3370 3383 3444 tribunal,
3424 3373 3690 3448 inquam,

183 3464 494 3517 correctam
535 3460 878 3517 sententiam
911 3475 1201 3532 revocare,
1240 3466 1527 3533 quatenus
1562 3461 1716 3535 quod
1755 3477 1902 3521 mea
1982 3457 2145 3516 illius
2175 3473 2292 3531 qua
2327 3457 2678 3515 conscientia
2715 3457 2893 3527 venit,
2925 3457 3028 3529 qui
3069 3457 3345 3518 alimenta
3375 3476 3436 3519 se
3464 3464 3692 3522 subtra-

184 3547 510 3609 stoliditatis
547 3549 871 3622 ignorantia
919 3550 1299 3623 depravatur,
1339 3551 1412 3609 ad
1451 3555 1621 3608 recta
1656 3551 1792 3610 fidei
1826 3550 1901 3627 lj-
1985 3546 2142 3604 xisse
2172 3544 2527 3619 pauperibus
2563 3543 2970 3617 recognoscit?
3000 3543 3063 3604 Si
3095 3545 3406 3607 damnatur
3443 3551 3562 3619 ille,
3591 3557 3695 3627 qui

185 3654 356 3696 neam
408 3645 615 3696 vestra
673 3637 989 3696 sanctitatis
1046 3638 1347 3712 diligentia
1408 3640 1754 3698 reformetur
1778 3686 1793 3711 ,
1847 3644 1903 3697 et
1987 3634 2078 3692 vel
2115 3649 2307 3693 unum
2347 3633 2649 3691 hominem
2686 3632 2929 3706 peremit
2954 3634 3126 3704 ferro,
3153 3650 3268 3708 qua
3295 3641 3576 3719 sententia
3603 3642 3694 3700 di-

184 3726 309 3787 boc'
330 3744 435 3801 per
484 3742 586 3786 vos
629 3725 895 3786 emendet
943 3728 1213 3797 charitas,
1267 3744 1401 3803 qua
1442 3729 1708 3802 adificat,
1748 3729 1901 3820 quod
1985 3720 2898 3820 gulus‘er'it,“qui-bonabcclesite
2920 3722 3699 3820 proﬂigando,q_uamplures

182 3832 288 3891 per
341 3832 433 3875 me
489 3816 733 3891 deliquit
791 3816 1030 3875 scientia
1066 3861 1080 3889 ,
1135 3833 1268 3892 qua
1330 3818 1587 3877 fortassis
1642 3818 1899 3878 inﬂabat.
1986 3810 2262 3869 interficit
2303 3810 2475 3869 famis
2509 3816 2564 3867 et
2602 3810 2815 3884 inopia
2844 3810 3036 3883 gladio
3067 3809 3094 3868 ?
3125 3811 3209 3869 De
3243 3813 3460 3885 quibus
3495 3816 3692 3876 divina

183 3905 337 3975 Quid
395 3904 555 3963 enim
611 3904 870 3975 mirum,
908 3905 958 3964 si
1014 3921 1119 3979 ego
1173 3906 1478 3981 imperitus
1526 3915 1583 3965 et
1633 3907 1903 3966 animalis
1988 3917 2125 3962 voce
2172 3901 2325 3959 malo
2374 3900 2618 3958 cuilibet
2664 3899 2943 3958 venditori
2989 3897 3111 3972 jam
3163 3900 3424 3961 dicitur:
3473 3926 3500 3959 α
3550 3906 3696 3966 Ecce

184 3996 361 4055 homo
416 3995 852 4055 dictatiunculis
912 3997 1056 4055 meis
1111 4006 1336 4056 sanctos
1386 3999 1544 4056 viros
1595 3997 1902 4056 adhibeam
1987 4008 2104 4050 vox
2147 3990 2449 4065 sanguinis
2504 3990 2694 4049 fratris
2748 3992 2831 4050 tui
2882 3992 3092 4052 clamat
3141 3994 3214 4052 ad
3270 4011 3364 4053 me
3423 3992 3566 4051 124
3622 3996 3697 4056 de

179 4083 428 4159 judices,
478 4085 945 4158 quandoquidem
1002 4087 1187 4144 Lucas
1224 4091 1280 4145 et
1329 4086 1556 4145 Marcus
1602 4088 1663 4144 in
1706 4085 1902 4145 Evan-
1988 4086 2137 4139 terra
2166 4082 2319 4152 (Gen.
2357 4083 2458 4153 1v).
2493 4102 2514 4130 ι
2554 4079 2627 4137 Et
2654 4079 2754 4139 ille
2780 4081 3020 4154 quidem
3061 4084 3296 4142 fratrem
3331 4085 3574 4159 peremit
3600 4084 3698 4143 in-

184 4172 377 4245 geliis,
430 4187 562 4247 qua
621 4172 837 4247 Spiritu
889 4180 1083 4233 sancto
1136 4175 1384 4234 dictante
1439 4174 1901 4249 descripserant,
1986 4169 2163 4239 vidia,
2196 4170 2336 4243 quia
2364 4168 2716 4227 sacriﬁcium
2747 4170 2872 4245 ejus
2906 4186 3025 4230 non
3050 4178 3158 4241 est,
3190 4173 3309 4233 Deo
3335 4174 3699 4249 reprobante,

186 4261 425 4321 Petrum
452 4270 509 4320 et
538 4263 788 4322 Paulum
812 4264 1098 4339 apostolos
1130 4265 1389 4324 habuere
1415 4264 1731 4324 censores?
1762 4262 1902 4320 123
1988 4266 2341 4331 susceptum.
2382 4258 2485 4316 Isti
2522 4259 2868 4333 plerumque
2908 4260 3019 4319 tale
3066 4260 3208 4335 quid
3244 4264 3467 4321 faciunt
3502 4280 3700 4325 amore

188 4350 367 4411 Porro
405 4360 598 4411 autem
637 4353 914 4428 quoniam
952 4370 1027 4413 ex
1067 4356 1158 4413 bis
1193 4357 1296 4430 qui
1335 4356 1631 4415 exercitati
1668 4361 1804 4415 sunt
1840 4356 1903 4414 in
1987 4349 2271 4423 pecunia,
2305 4371 2327 4399 ι
2362 4347 2521 4421 quod
2559 4354 2644 4407 est
2672 4347 2923 4408 servitus
2945 4347 3239 4409 idolorum
3270 4354 3492 4424 (Ephes.
3528 4360 3635 4424 n1).
3677 4378 3700 4408 ι

188 4440 662 4501 meditationibus
725 4442 1155 4517 Scripturarum
1183 4491 1198 4515 ,
1253 4445 1505 4520 purioris
1588 4446 1739 4504 circa
1808 4462 1904 4504 me
1991 4437 2102 4498 Sed
2138 4439 2280 4512 quia
2318 4437 2565 4498 conveni
2594 4445 2668 4510 te,
2705 4453 2771 4496 ac
2799 4454 2973 4513 super
3007 4439 3100 4497 his
3130 4455 3249 4514 qua
3277 4441 3485 4500 licebat
3511 4450 3703 4502 auste-

188 4529 349 4603 ﬁdei,
391 4538 446 4588 et
493 4530 933 4591 abundantioris
973 4533 1268 4592 charitatis
1313 4535 1569 4609 aliquem
1614 4551 1737 4594 esse
1784 4550 1904 4593 non
1927 4528 2155 4609 hritate
2218 4528 2494 4602 corripui,
2542 4528 2887 4603 respondisti
2929 4545 3134 4603 parum
3184 4531 3326 4605 quid
3372 4548 3495 4591 esse
3542 4533 3700 4608 quod

189 4621 457 4691 arbitror,
487 4620 699 4680 idcirco
739 4621 906 4680 vobis
938 4622 1306 4696 potissimum
1349 4624 1528 4698 hujus
1565 4625 1775 4683 fascem
1816 4624 1905 4682 la-
1928 4618 2193 4677 “datum
2220 4625 2325 4691 est,
2352 4633 2458 4675 nec
2499 4618 2581 4676 rei
2612 4620 2851 4678 modum
2879 4620 3132 4679 tenuisse
3165 4620 3319 4694 quod
3351 4620 3517 4693 mihi,
3546 4622 3702 4681 fama

190 4708 347 4767 boris
384 4708 650 4783 injungo.
687 4707 781 4768 Sic
817 4709 1015 4783 igitur,
1051 4711 1435 4784 dilectissimi,
1471 4712 1533 4771 in
1575 4713 1683 4772 hoc
1719 4713 1903 4786 pieta-
1992 4703 2286 4779 vulgante,
2345 4706 2630 4779 perlatum
2684 4715 2786 4766 est.
2847 4708 2938 4767 Ad
2991 4709 3142 4783 quod
3199 4725 3334 4781 ego,
3386 4708 3703 4782 aliquando

191 4797 230 4854 ti
252 4812 462 4870 sopere
486 4796 658 4854 etiam
689 4812 783 4854 me
809 4797 1083 4857 defuncto
1117 4799 1316 4858 ﬁdeles
1345 4807 1542 4873 estote,
1578 4802 1660 4860 sic
1697 4802 1906 4862 ultima
1991 4795 2260 4869 guttatim
2292 4795 2482 4868 liquor
2514 4804 2763 4869 emanat,
2790 4797 2894 4872 qui
2933 4805 3126 4855 tamen
3157 4813 3258 4856 vas
3295 4812 3536 4870 prorsus
3562 4814 3697 4856 eva-

185 4885 401 4943 veteris
436 4884 709 4942 amicitia
742 4886 875 4958 jura
902 4888 1208 4960 persolvite
1239 4894 1302 4947 ut
1346 4895 1402 4947 et
1438 4904 1551 4961 me,
1583 4891 1781 4963 siqua
1812 4906 1903 4948 re-
1990 4891 2123 4943 cuat
2147 4902 2163 4955 ;
2224 4883 2371 4942 uber
2421 4884 2592 4942 etiam
2648 4887 3110 4959 proniptuarium
3137 4929 3152 4955 ,
3205 4884 3361 4942 unde
3408 4885 3704 4945 modicum

182 4974 429 5046 peritur,
458 4975 672 5033 erroris
722 4978 837 5036 mei
889 4994 1042 5036 noxa
1093 4993 1208 5035 non
1264 4985 1482 5050 teneat,
1518 4986 1574 5037 et
1616 4978 1780 5038 vobis
1828 4996 1903 5037 ex
1992 4975 2137 5049 quid
2191 4974 2452 5049 quotidie
2499 4975 2747 5047 tollitur,
2806 4973 3038 5033 tandem
3087 4973 3401 5049 aliquando
3453 4990 3704 5035 vacuum

182 5064 450 5139 impenso
522 5064 816 5126 charitatis
880 5067 1069 5126 ofﬁcio
1143 5068 1521 5140 pramiorum
1584 5067 1906 5128 caelestium
1995 5065 2299 5139 reperitur.
2361 5064 2624 5138 Idipsum
2685 5072 2874 5123 tamen
2912 5065 3066 5138 quod
3112 5081 3322 5140 parum
3372 5074 3427 5125 et
3470 5067 3702 5142 perexi-

186 5167 410 5212 merces
446 5163 749 5214 accrescat.
1498 5176 1503 5181 η
1991 5171 2174 5231 gnum
2204 5155 2382 5225 dicis,
2411 5154 2727 5229 judicantis
2765 5154 2963 5212 omnia
3000 5156 3304 5215 scientiam
3333 5173 3451 5217 non
3489 5157 3700 5216 evadit.

1061 5283 1105 5342 L
1130 5286 1180 5343 Α
1233 5284 1418 5344 XII.
1993 5244 2161 5344 audi.
2204 5243 2345 5344 quid
2394 5243 2676 5344 Jeremias
2720 5242 2870 5344 dicat
2910 5268 2923 5303 :
2966 5267 2988 5297 ι
3014 5245 3400 5344 _Factu_m‘e'st
3458 5246 3701 5344 verbum

1993 5282 2152 5303 ηυυι
2248 5282 2345 5302 μω
2394 5282 2676 5302 meum
2721 5282 2870 5302 me...
2910 5290 2923 5303 .
2966 5282 2988 5297 -
3023 5282 3266 5305 metu.“
3316 5282 3400 5306 es.
3467 5282 3700 5305 νῠιυυω

682 5282 727 5341 Ε
751 5282 972 5431 PALSVT
987 5283 1333 5434 silici},ng
1359 5284 1418 5344 Ι·
1996 5282 2240 5393 Dominil
2278 5332 2349 5390 ad
2387 5347 2480 5390 me
2530 5332 2730 5390 dicens
2765 5356 2778 5390 :
2813 5332 2957 5392 Eae
2996 5334 3298 5393 Ananebel
3341 5332 3700 5409 [Anamehel]

927 5424 942 5491 _'
989 5424 1326 5497 έέῖέζῖ·
1350 5480 1366 5497 ,
1440 5481 1450 5491 ,
1566 5482 1576 5497 ,
1810 5484 1845 5497 ν
1997 5424 2162 5483 ﬁlius
2190 5424 2346 5485 Sella
2376 5424 2655 5497 patruelis
2692 5424 2777 5483 tui
2811 5426 3005 5485 veniet
3038 5427 3111 5485 ad
3164 5435 3216 5485 te
3238 5474 3252 5497 ,
3287 5425 3484 5486 dicens
3516 5443 3528 5483 :
3565 5427 3706 5487 Eme

189 5478 1507 5591 Anfﬂfﬁwlggrgmﬁwscgl’uﬂ
1772 5484 1916 5591 ἓξὲξ
1997 5515 2103 5574 tibi
2132 5531 2344 5589 agrum
2382 5530 2601 5584 meum,
2624 5516 2727 5591 qui
2773 5522 2859 5575 est
2904 5517 2969 5575 in
3025 5517 3319 5577 Anatbotb
3354 5536 3367 5586 ;
3399 5516 3504 5576 tibi
3545 5519 3705 5578 enim

266 5558 507 5634 nantem
559 5553 949 5634 reprehendit,
1002 5553 1056 5610 et
1106 5553 1505 5634 magnitudine
1538 5554 1742 5634 .rulpa
1783 5563 1917 5616 ante

273 5606 722 5708 oguiag'pas'aa;
733 5606 1506 5699 "tio—ridihr'nequid's'iniiié
1532 5606 1898 5699 ἠὴᾞὸὲῖρῖὖᾶ

1995 5607 2265 5693 competit
2291 5622 2366 5665 ex
2387 5606 2836 5681 propinquitate,
2860 5614 2926 5666 ut
2946 5621 3104 5665 emas
3122 5622 3260 5666 eum
3279 5611 3410 5678 (Jer.
3442 5614 3704 5681 XXXII).I

255 5693 543 5753 admittat.
697 5693 702 5696 ⁷
1162 5693 1179 5699 ’
1621 5693 1641 5699 ’
1999 5696 2072 5755 Et
2115 5697 2288 5772 paulo
2339 5702 2467 5772 post
2498 5695 2693 5756 subdit
2724 5720 2736 5755 :
2773 5720 2794 5748 ι
2828 5695 3099 5756 Intellexi
3142 5704 3339 5759 autem
3378 5699 3534 5775 quod
3574 5716 3708 5763 ver-
