4140 6470
400 346 506 407 323

924 351 982 409 S.
1027 350 1247 410 PETRI
1289 348 1610 408 DAMIANI
1650 346 1806 408 OPP.
1850 342 2043 406 PARS
2086 345 2109 405 Ε

2267 340 2520 405 TOMUS
2558 344 2605 403 Ι.
2648 378 2717 388 -
2759 345 2995 406 EPIST.
3042 345 3181 406 LIB.
3227 347 3382 407 VIII.

3808 353 3913 413 324

398 474 544 535 bum
580 476 814 537 Domini
846 482 1015 547 esset,
1047 485 1104 535 et
1131 477 1249 535 emi
1285 491 1492 549 agrum
1528 475 1600 533 ab
1638 474 1939 533 Ananehel
1981 472 2165 533 ﬁlioA
2184 472 2382 547 plebes
2426 474 2802 534 sacularibus
2845 474 3116 547 tradunt;
3174 475 3215 532 ii
3254 475 3536 535 nimirum
3588 485 3745 537 tanto
3779 496 3912 555 gra-

398 565 673 638 patruelis
718 566 853 636 mei,
899 565 1001 640 qui
1045 571 1130 623 est
1172 566 1234 623 in
1287 564 1603 632 Anathoth,
1664 570 1719 621 et
1770 562 2015 636 appendi
2055 561 2109 620 ei

398 660 807 728 argumentum
859 660 1077 727 septem
1127 659 1361 712 stateres
1410 660 1465 710 et
1533 652 1731 710 decem
1811 657 2108 723 argenteos

399 747 609 816 (Jerem.
641 745 852 816 XXXII).
890 765 914 795 υ
944 744 1086 803 Ecce
1112 761 1286 818 quam
1313 742 1505 810 exilis,
1527 757 1701 815 quam
1732 757 1947 815 parvus
1973 758 2109 813 ager

396 835 493 893 ille
528 836 708 894 fuisse
738 836 1129 909 perpenditur,
1161 842 1225 894 ut
1258 835 1454 893 decem
1493 833 1777 891 duntaXat
1822 832 2107 907 argenteis

399 932 455 983 et
497 930 715 999 septem
752 926 1058 984 stateribus
1094 931 1399 995 emeretur,
1438 931 1493 981 et
1528 931 1717 981 tamen
1762 939 1936 997 super
1973 938 2109 981 eum

399 1012 645 1071 verbum
674 1012 907 1071 Domini
931 1013 1001 1071 ad
1025 1028 1084 1070 se
1125 1012 1336 1070 factum
1371 1012 1638 1095 propheta
1673 1018 1929 1070 testatur.
1961 1012 2107 1069 Nam

397 1108 452 1160 et
482 1103 671 1161 eidem
707 1102 975 1161 Jeremia
1010 1102 1151 1160 tanti
1192 1102 1302 1160 fuit
1329 1101 1574 1175 agellus,
1603 1109 1668 1159 ut
1703 1102 1773 1158 de
1806 1118 1873 1160 eo
1911 1101 2061 1159 dicat
2091 1117 2103 1155 :

401 1214 421 1242 α
453 1193 523 1250 Et
570 1191 771 1265 scripsi
822 1191 881 1248 in
927 1192 1093 1263 libro,
1141 1199 1197 1250 et
1241 1192 1492 1266 signavi,
1533 1199 1589 1250 et
1627 1191 1873 1250 adhibui
1917 1200 2106 1261 testes,

395 1288 451 1339 et
499 1281 748 1356 appendi
796 1288 1099 1354 argentum
1148 1281 1210 1339 in
1264 1286 1489 1353 statera,
1530 1289 1584 1338 et
1639 1282 1831 1355 accepi
1893 1281 2108 1339 librum

396 1370 772 1445 possessionis
799 1370 1112 1444 signatum,
1148 1370 1571 1443 stipulationes,
1602 1378 1657 1428 et
1694 1378 1814 1428 rata
1853 1378 1909 1429 et
1943 1371 2107 1443 signa

395 1462 717 1521 forinsecus
753 1464 939 1534 (Ibid)
972 1486 984 1519 :
1033 1487 1058 1510 ι»
1095 1468 1151 1519 et
1187 1461 1301 1519 alia
1337 1462 1505 1534 plura
1539 1478 1673 1535 qua
1709 1462 1804 1519 hic
1836 1464 2110 1521 adnotare

398 1551 817 1627 postponimus,
869 1567 942 1609 ne
997 1549 1292 1609 fastidium
1344 1549 1671 1624 legentibus
1752 1550 2107 1625 ingeramus.

396 1640 551 1699 Dum
584 1655 722 1714 ergo
766 1645 882 1698 tam
924 1655 1103 1713 parva
1137 1639 1419 1713 possessio
1461 1656 1494 1697 a
1540 1640 1815 1712 propheta
1850 1646 1967 1697 tam
2016 1656 2108 1698 so-

399 1728 667 1787 lemniter
700 1729 935 1799 emitur,
964 1735 1027 1786 ut
1065 1728 1239 1787 etiam
1275 1727 1496 1785 divina
1529 1728 1684 1786 vocis
1714 1728 1943 1786 oraculo
1967 1745 2109 1802 pra-

2188 563 2324 620 vius
2366 563 2718 637 delinquunt
2770 570 2985 639 quanto
3041 569 3096 621 et
3139 564 3507 637 sacrilegium
3554 568 3915 627 committere

2187 652 2635 723 convincuntur,
2668 654 2805 727 quia
2858 661 2912 711 et
2951 660 3145 711 sancta
3178 653 3505 726 profanant,
3540 662 3595 712 et
3630 655 3740 727 his,
3776 659 3912 730 qui-

2188 745 2297 801 bus
2349 744 2515 818 quasi
2561 745 2913 803 beneficium
2956 752 3332 820 prarogatur,
3362 762 3655 805 venenum
3700 748 3916 809 lethale

2188 832 2513 906 propinant.
2550 832 2699 901 Quid
2747 842 2832 892 est
2871 835 3031 892 enim
3081 834 3333 893 decimas
3382 835 3443 893 in
3495 852 3670 895 usum
3719 855 3915 899 sacu-

2189 924 2402 982 larium
2430 931 2670 994 vertere,
2702 924 2817 983 nisi
2866 925 3229 985 mortiferum
3277 927 3360 984 eis
3400 927 3582 998 virus,
3617 945 3735 1002 quo
3777 947 3911 1004 per—

2189 1021 2320 1072 eant
2352 1060 2365 1083 ,
2417 1013 2761 1072 exhibere?
2809 1014 2938 1073 Huc
2991 1015 3208 1073 accedit
3263 1016 3417 1090 quod
3471 1026 3526 1075 et
3584 1018 3914 1092 plebesanis

2184 1105 2339 1178 justa
2364 1102 2532 1161 datur
2559 1103 2799 1175 occasio,
2832 1110 2896 1161 ut
2947 1104 3283 1162 matricibus
3329 1105 3450 1163 suis
3487 1106 3741 1166 ecclesiis
3770 1110 3915 1169 obe-

2189 1192 2466 1249 dientiam
2507 1193 2872 1263 subtrahant,
2903 1198 2968 1251 ut
2998 1208 3115 1251 non
3142 1193 3225 1251 eis
3253 1193 3511 1267 legitima
3551 1196 3913 1257 decimarum

2192 1281 2403 1339 tributa
2428 1282 2797 1353 persolvant;
2835 1288 2889 1339 et
2922 1283 3047 1340 hac
3080 1297 3279 1341 revera
3315 1291 3451 1342 sunt
3489 1286 3718 1359 egregia
3756 1287 3915 1345 dona

2189 1369 2496 1442 pontificis,
2549 1372 2765 1443 quibus
2803 1370 3088 1428 nimirum
3126 1372 3312 1429 honor
3347 1372 3606 1431 ecclesiis
3647 1373 3911 1445 tollitur;

2189 1459 2469 1532 accipient
2508 1458 2665 1534 quod
2704 1460 2873 1517 datur
2910 1459 2972 1516 in
3001 1460 3320 1533 perniciem
3360 1461 3623 1533 vertitur,
3657 1464 3916 1537 populus

2189 1565 2223 1606 a
2273 1549 2583 1607 Christiani
2616 1549 2764 1607 ritus
2800 1548 3130 1607 ohedientia
3170 1558 3492 1609 revocatur.
3536 1552 3626 1610 Ab
3660 1553 3754 1611 his
3799 1554 3915 1612 ita-

2190 1657 2303 1716 que
2352 1639 2644 1713 sacrilegis
2698 1640 2911 1710 donis,
2966 1641 3339 1700 dilectissime
3400 1643 3607 1715 frater,
3665 1662 3913 1705 manum

2191 1730 2455 1800 retrahe,
2508 1730 2582 1787 ab
2627 1729 2719 1787 his
2779 1729 3036 1801 nefariis,
3092 1731 3465 1806 profanisque
3521 1737 3914 1796 contractibus

401 1819 641 1890 dicatur,
672 1818 947 1894 qualibet
975 1819 1339 1877 ecclesiastici
1367 1817 1517 1892 juris
1555 1818 1860 1876 hareditas
1896 1827 2169 1891 quantoB
2193 1824 2363 1877 cauta
2405 1835 2629 1892 semper
2670 1835 2735 1876 ac
2782 1819 3225 1893 diligentissima
3280 1828 3334 1879 te
3381 1823 3710 1895 provisione
3756 1841 3915 1884 com-

401 1909 473 1967 ad
514 1907 884 1967 vendendum
926 1907 1095 1965 debet
1149 1923 1273 1965 esse
1319 1907 1540 1977 terrori,
1570 1923 1644 1964 ex
1683 1922 1802 1979 qua
1846 1907 2115 1966 videlicet

402 2005 664 2064 Christus
698 2004 762 2062 in
797 2001 919 2061 suis
955 2002 1121 2060 debet
1160 2001 1561 2075 indigentibus
1598 2000 1906 2058 sustentari
1936 2003 1963 2054 ?
2002 2000 2112 2059 Sed

400 2094 541 2168 quid
591 2095 661 2152 de
705 2093 1039 2152 venditione
1076 2089 1426 2165 loquimur?
1471 2107 1605 2150 cum
1653 2106 1768 2149 non
1816 2090 1985 2148 modo
2025 2106 2110 2161 ea,

402 2200 540 2258 qua
592 2185 1032 2258 emphyteuseos
1084 2188 1222 2240 sunt
1268 2181 1452 2240 locata
1501 2187 1816 2251 contractu,
1848 2180 1941 2238 vel
1980 2181 2113 2254 jure

399 2273 770 2347 proveniunt,
800 2272 923 2330 sive
952 2272 1124 2330 etiam
1155 2287 1290 2345 qua
1322 2268 1605 2327 libellario
1642 2269 1877 2328 nomine
1914 2269 2111 2342 pensi-

402 2365 617 2434 tahtur,
650 2362 747 2421 sed
774 2361 875 2420 illa
909 2378 1158 2437 quoque,
1198 2376 1332 2435 qua
1363 2361 1473 2419 sub
1501 2360 1658 2418 nudo
1703 2359 1966 2417 beneﬁcii
2006 2375 2111 2418 vo-

404 2453 610 2512 cabulo
664 2452 970 2511 saculares
1027 2452 1365 2526 accipiunt,
1415 2448 1672 2507 revocari
1727 2449 1799 2506 de
1852 2455 2059 2507 catero
2096 2492 2111 2519 ,

405 2548 578 2616 atque
649 2542 874 2601 restitui
931 2541 1185 2600 ecclesiis
1239 2539 1404 2598 nullo
1456 2538 1626 2596 modo
1681 2537 1976 2612 possunt?
2028 2538 2115 2597 Ita

404 2633 618 2707 quippe
645 2647 856 2690 manus
882 2630 1281 2704 diripientium
1315 2628 1616 2687 diabolica
1664 2628 1902 2685 tenacia
1931 2627 2115 2700 gluti—

406 2721 500 2778 nis
531 2720 910 2793 inviscantur,
956 2724 1021 2779 ut
1052 2719 1311 2794 quolibet
1344 2718 1517 2776 modo
1555 2717 1728 2777 semel
1767 2717 2112 2790 acceperint,

402 2809 658 2869 ecclesiis
695 2809 934 2868 reddere
975 2823 1081 2867 sua
1123 2808 1274 2866 bona
1320 2807 1657 2865 nullatenus
1700 2806 2111 2881 acquiescant;

404 2907 459 2958 et
500 2915 617 2958 non
659 2900 831 2958 modo
871 2899 1001 2972 ipsi,
1054 2898 1196 2956 dum
1243 2897 1471 2967 vivunt,
1530 2896 1906 2969 proprietario
1944 2897 2116 2969 quasi

398 2988 531 3062 jure
557 2988 903 3061 possideant,
937 2987 1035 3045 sed
1066 2987 1127 3043 in
1158 2991 1410 3059 posteros
1447 2984 1539 3042 sui
1577 2985 1856 3056 germinis
1888 2986 2117 3044 eminus

402 3076 747 3150 possidenda
824 3075 1250 3133 transmittant.
1332 3073 1540 3131 Petunt
1620 3073 1725 3132 tibi
1810 3074 2116 3133 saculares

403 3165 785 3255 ecclesiastica
830 3165 1068 3240 praedia,
1118 3165 1589 3255 importunosse
1634 3164 1926 3255 ingerunt,
1979 3182 2181 3255 sup-G

402 3255 679 3328 plicantes
728 3254 1048 3325 insistunt,
1102 3260 1157 3311 et
1233 3268 1350 3310 non
1430 3253 1539 3311 sub
1608 3251 2116 3325 astipulationibus

402 3344 765 3416 monimenti,
794 3345 895 3404 sed
934 3349 1159 3403 tantum
1194 3343 1335 3402 forte
1374 3342 1609 3401 nomine
1640 3342 1928 3415 beneficii,
1958 3346 2112 3419 quod

398 3437 600 3509 utique
625 3435 983 3495 tantumdem
1010 3443 1114 3508 est,
1145 3451 1211 3493 ac
1240 3435 1288 3493 si
1316 3434 1685 3492 adamantina
1724 3434 1873 3509 stylo
1902 3435 2112 3493 tabulis

401 3525 565 3584 areis
617 3526 1024 3585 scriberentur.
1081 3525 1339 3584 Veniunt
1377 3525 1572 3597 itaque
1618 3523 1690 3581 ad
1733 3530 1804 3595 te,
1858 3523 2111 3583 dicentes

400 3629 535 3673 cum
562 3615 764 3674 Achab
796 3630 929 3688 rege
970 3614 1251 3674 Samaria
1279 3637 1291 3671 :
1329 3637 1351 3666 ι
1390 3615 1466 3672 Da
1494 3613 1641 3671 mihi
1669 3613 1898 3672 vineam
1928 3622 2107 3685 tuam,

399 3708 465 3761 ut
489 3702 699 3763 faciam
738 3703 887 3762 mihi
936 3705 1171 3762 hortum
1220 3702 1470 3773 olerum,
1498 3703 1637 3776 quia
1681 3702 1874 3761 vicina
1922 3711 2026 3775 est,
2056 3711 2111 3762 et

397 3807 570 3866 prope
624 3793 863 3852 domum
917 3808 1106 3852 meam
1163 3796 1259 3866 (HI
1310 3797 1442 3862 Reg.
1497 3794 1650 3864 XXI).
1707 3814 1733 3841 ›»
1817 3792 1905 3852 Tu
1976 3808 2110 3851 cum

402 3880 626 3940 Naboth
673 3882 969 3941 Jezraelite
1018 3890 1226 3956 prasto
1267 3883 1590 3955 responde:
1628 3906 1654 3932 »
1703 3884 1992 3957 Propitius
2038 3884 2111 3941 sit

401 3967 545 4026 mihi
575 3970 879 4042 Dominus,
908 3986 982 4029 ne
1007 3972 1139 4030 dem
1164 3971 1560 4031 hareditatem
1589 3979 1818 4048 patrum
1844 3988 2107 4033 meorum

393 4057 500 4115 tibi
530 4060 741 4131 (me).
771 4085 799 4111 ,ι

468 4150 751 4211 Praeterea
814 4170 930 4212 non
973 4154 1204 4229 ignoras
1250 4155 1405 4230 quia,
1433 4172 1567 4217 cum
1618 4176 1651 4218 a
1698 4159 2110 4234 panitentihus

394 4246 573 4299 terras
611 4241 945 4315 accipimus,
983 4245 1151 4318 juxta
1213 4261 1545 4306 mensuram
1585 4250 1848 4313 muneris
1902 4250 1985 4306 eis
2039 4248 2109 4306 de

396 4331 713 4404 quantitate
732 4332 1089 4411 poenitentia
1116 4336 1465 4409 relaxamus,
1495 4335 1635 4394 125
1657 4338 1805 4396 sicut
1830 4338 2108 4411 scriptum

398 4424 483 4479 est
534 4444 546 4478 :
600 4424 822 4479 Divitias
872 4426 1132 4491 hominis,
1187 4422 1485 4499 redemptio
1539 4429 1656 4498 ejus
1713 4430 1894 4495 (Prov.
1953 4430 2103 4496 X111).

404 4508 701 4585 Perpende
733 4511 933 4586 igitur,
970 4522 1024 4573 et
1065 4531 1319 4590 congrua
1358 4519 1578 4576 ratione
1616 4516 1910 4576 considera
1949 4518 2106 4590 quia,

396 4599 545 4659 sicut
571 4601 622 4660 is
652 4602 750 4678 qui
791 4603 1008 4677 pradia
1033 4606 1249 4678 prabet
1291 4607 1566 4677 ecclesiis,
1600 4606 1958 4681 panitentia
1988 4621 2111 4664 sua

397 4690 646 4763 pondere
704 4690 908 4751 merito
964 4694 1285 4767 levigatur,
1350 4695 1433 4753 sic
1490 4694 1592 4752 ille
1643 4695 1745 4767 qui
1795 4694 2101 4765 subtrahit,

392 4781 712 4840 subeunda
751 4784 1108 4857 pauitantia
1146 4786 1321 4857 digna
1366 4786 1519 4844 mole
1561 4784 1922 4859 deprimitur.
1960 4786 2103 4843 Nam

394 4871 443 4928 si
498 4872 661 4931 dator
719 4875 1058 4949 absolvitur,
1112 4892 1473 4951 consequens
1530 4883 1615 4933 est
1675 4884 1741 4934 ut
1793 4884 2109 4951 prareptor

397 4960 652 5021 vinculis
705 4964 1063 5039 innodetur,
1119 4973 1391 5040 tantoque
1448 4967 1544 5024 hic
1597 4966 1789 5026 debito
1844 4976 2110 5028 teneatur

396 5051 690 5113 obnoxius
730 5061 977 5127 quanto
1048 5056 1149 5113 ille
1218 5070 1332 5113 non
1400 5055 1713 5128 ambigitur
1788 5057 2106 5117 absolutus.

405 5143 682 5220 Quisquis
729 5145 921 5217 igitur.
954 5146 1320 5205 ecclesiastici
1374 5146 1641 5205 territorii
1690 5148 1964 5222 prodigus
2004 5154 2108 5220 est,

404 5240 485 5293 tot
531 5235 591 5292 in
642 5251 831 5294 unum
880 5244 1051 5311 caput
1094 5236 1245 5292 mala
1298 5244 1671 5296 concurrunt.
1712 5238 1779 5295 In
1815 5238 2112 5297 tremendo

409 5338 665 5398 namque
712 5325 816 5385 Dei
858 5327 1083 5399 judicio
1125 5326 1331 5398 sancti,
1364 5342 1611 5401 quorum
1657 5331 1841 5388 honor
1882 5329 2114 5388 clerico-

408 5428 541 5472 rum
568 5422 815 5488 egestate
849 5417 1157 5489 minuitur,
1188 5417 1531 5491 irascuntur,
1564 5436 1860 5493 pauperes,
1893 5420 2109 5494 vidua,

400 5502 627 5576 pupilli,
679 5506 924 5579 quilibet
973 5505 1221 5581 hospites
1271 5508 1440 5567 famis
1480 5524 1539 5568 se
1579 5510 1768 5581 gladio
1815 5509 2113 5570 clamitant

405 5589 800 5668 interemptos.
844 5596 943 5654 Sic
978 5596 1319 5673 muitiplicis
1357 5598 1656 5658 homicidii
1688 5615 1824 5658 reus
1853 5599 1962 5658 erit
2008 5601 2113 5676 qui

415 5682 762 5757 sanguinem
815 5685 961 5742 forte
1006 5699 1309 5760 nunquam
1368 5686 1536 5747 fudit.
1594 5687 1747 5748 Sunt
1797 5688 1969 5747 etiam
2010 5688 2112 5764 qui

2128 4566 2178 4625 D

2193 1925 2377 1983 pesce.
2432 1907 2599 1966 Prius
2647 1908 2890 1977 animas,
2955 1909 3058 1968 tibi
3098 1909 3450 1982 commissas,
3483 1911 3693 1972 deinde
3733 1915 3907 1973 etiam

2196 1997 2491 2057 facultates
2541 1997 2801 2056 ecclesia
2860 2003 2976 2057 tam
3019 1999 3288 2074 pervigili
3325 2016 3549 2075 semper
3588 2006 3912 2063 attentione

2193 2088 2451 2163 guberna
2490 2096 2553 2146 ut
2594 2089 2775 2147 stadio
2821 2088 2906 2148 tui
2947 2088 3239 2148 villicatus
3292 2106 3546 2163 emenso,
3585 2108 3725 2164 non,
3754 2095 3912 2167 quod

2191 2177 2357 2247 absit,
2408 2177 2665 2236 ecclesia
2714 2177 3038 2252 dissipator,
3098 2179 3196 2236 sed
3242 2179 3485 2237 celebris
3538 2181 3712 2239 fama
3751 2184 3912 2241 testi-

2192 2265 2389 2323 monio
2429 2272 2623 2324 custos
2666 2266 2875 2324 dicaris
2924 2272 2979 2325 et
3025 2275 3232 2340 pastor.
3283 2267 3550 2341 Obsecro,
3600 2269 3795 2341 frater,
3838 2288 3915 2329 ne

2191 2354 2429 2426 gravius
2455 2355 2557 2413 tibi
2587 2354 2856 2414 videatur
2883 2356 2991 2413 ista
3029 2357 3330 2429 correptio.
3365 2358 3510 2416 Nam
3549 2360 3685 2432 quia
3715 2369 3914 2420 nostro

2192 2444 2382 2503 studio
2455 2452 2507 2502 te
2580 2452 2914 2517 provectum
2970 2446 3041 2503 ad
3093 2447 3457 2520 episc0patus
3509 2448 3733 2521 apicem
3791 2466 3913 2508 non

2191 2535 2441 2607 ignoras,
2476 2534 2720 2608 dignum
2751 2542 2855 2605 est,
2888 2541 2951 2593 ut
2981 2535 3130 2594 sicut
3160 2538 3590 2610 provehentem,
3629 2539 3709 2597 ita
3749 2539 3912 2597 nihi-

2197 2622 2449 2681 lominus
2519 2630 2574 2680 et
2625 2623 3065 2697 redarguentem
3131 2625 3444 2699 aliquando
3503 2627 3915 2700 aequanimiter

2194 2713 2362 2770 feras.
2401 2712 2546 2769 Nam
2578 2718 2633 2770 et
2661 2712 2784 2785 ipse
2812 2712 3094 2771 Dominus
3126 2714 3362 2773 Petrum
3394 2716 3714 2775 universali
3744 2719 3913 2791 prius

2197 2802 2469 2861 Ecclesia
2515 2802 2787 2875 praetulit,
2847 2803 3055 2861 deinde
3103 2806 3266 2877 gravi
3304 2807 3771 2881 reprehensionis
3814 2807 3914 2863 in-

2195 2892 2457 2951 vectione
2501 2891 2773 2966 pulsavit.
2826 2893 2973 2951 Nam
3014 2909 3148 2952 cum
3191 2895 3402 2953 diceret
3448 2916 3461 2954 :
3512 2919 3541 2950 (ι
3582 2894 3713 2953 Tibi
3759 2895 3911 2953 dabo

2197 2985 2386 3041 claves
2456 2983 2621 3055 regni
2699 2982 2998 3057 calorum,
3064 2990 3119 3042 et
3169 2985 3565 3060 quodcunque
3616 2984 3911 3058 ligaveris,

2197 3072 2320 3129 sive
2362 3071 2602 3130 solveris
2649 3087 2823 3145 super
2867 3079 3097 3144 terram,
3126 3072 3401 3146 ligabitur
3439 3081 3494 3132 et
3537 3074 3796 3133 solvetur
3846 3074 3912 3131 in

2202 3160 2364 3219 calis
2386 3162 2601 3233 (Matth.
2631 3162 2757 3235 XVI)
2786 3179 2802 3232 ;
2838 3185 2859 3214 ι
2893 3163 3067 3235 paulo
3090 3171 3215 3236 post
3242 3179 3380 3221 eum
3412 3170 3527 3221 tam
3544 3172 3771 3223 austere
3795 3180 3916 3223 cor-

2202 3251 2399 3324 ripuit,
2442 3256 2505 3309 ut
2547 3250 2756 3309 diceret
2801 3275 2814 3309 :
2861 3276 2883 3302 οι
2924 3251 3080 3309 Vade
3118 3259 3244 3326 post
3291 3268 3403 3324 me,
3460 3253 3686 3325 Satana,
3740 3271 3911 3313 scau-

2198 3344 2397 3403 dalum
2425 3360 2486 3402 es
2517 3343 2682 3413 mihi,
2717 3343 2855 3417 quia
2883 3359 2999 3402 non
3031 3344 3185 3418 sapis
3217 3361 3282 3404 ea
3312 3360 3446 3419 qua
3485 3344 3587 3403 Dei
3617 3350 3774 3416 sunt,
3811 3347 3913 3404 sed

2197 3454 2263 3496 ea
2297 3453 2432 3511 quae
2475 3437 2802 3496 hominum.
2842 3458 2864 3489 ιι
2912 3439 3104 3509 (Ibid)
3142 3437 3210 3495 In
3255 3454 3370 3513 quo
3423 3438 3704 3497 nimirum
3744 3439 3915 3498 nobis

2197 3527 2354 3587 dedit
2382 3527 2715 3602 exemplum
2742 3575 2755 3597 ,
2791 3533 2856 3586 ut
2883 3543 3027 3601 quos
3056 3529 3127 3585 ad
3159 3528 3396 3587 honoris
3424 3529 3657 3588 culmen
3691 3530 3910 3588 attolli-

2196 3632 2348 3689 mus,
2384 3618 2492 3675 sub
2535 3616 2859 3690 disciplina
2908 3632 3131 3690 semper
3163 3617 3492 3691 magisterio
3527 3618 3912 3691 refrenemus,

2196 3712 2347 3764 etne
2378 3706 2486 3779 ipsi
2523 3720 2590 3762 se
2628 3705 2992 3763 lenocinante
3018 3706 3246 3780 fastigio
3276 3705 3339 3763 in
3388 3705 3671 3780 superbia
3711 3713 3911 3781 tyran-

2195 3794 2390 3852 nidem
2428 3793 2669 3869 erigant,
2711 3795 2972 3868 magistri
3021 3812 3118 3855 eos
3167 3796 3444 3855 custodia
3483 3813 3608 3856 sua
3654 3797 3913 3858 calcibus

2196 3888 2477 3958 premant.

2770 3954 3137 4015 EPISTOLA
3186 3958 3343 4016 XIII.

2576 4058 2653 4104 AD
2680 4055 2741 4103 V.
2772 4057 3095 4105 EPISCOPUM
3137 4059 3525 4108 SARSINATEM.

2196 4140 2645 4220 AaGUMENTUM.
2675 4172 2741 4183 —
2763 4141 3344 4220 _Sarsinati_episcopo
3370 4145 3583 4220 gratias
3608 4145 3725 4218 agit
3752 4145 3911 4219 quod

2260 4214 2543 4284 juvenem
2568 4214 2880 4285 quemdam
2910 4214 3206 4286 praclara
3234 4214 3464 4285 indolis,
3490 4216 3590 4275 sed
3609 4214 3745 4275 casu
3770 4214 3915 4290 pau-

2266 4294 2607 4421 perrimum,
2665 4290 2804 4348 126
2852 4310 3025 4368 quem
3076 4296 3198 4369 ipse
3244 4296 3329 4353 illi
3387 4297 3910 4367 commendaverat,

2294 4364 2514 4421 ibenter
2539 4364 2846 4421 amplexus
2872 4375 3014 4421 esset
3051 4376 3106 4421 et
3136 4369 3293 4421 omni
3336 4368 3697 4421 liberalitatis
3721 4367 3910 4421 officio

2294 4364 2514 4422 ihenter
2539 4364 2846 4438 amplexus
2872 4364 3014 4424 esset
3051 4364 3119 4424 ef
3136 4369 3295 4427 omni
3335 4368 3697 4427 liberalitatis
3721 4364 3912 4427 oﬂicio

2269 4437 2463 4515 fovere
2514 4437 2650 4515 non
2684 4444 2947 4515 cessaret.
3004 4438 3289 4515 Hortatur
3330 4447 3392 4498 ut
3439 4448 3636 4515 pergat
3668 4441 3913 4515 _de__eo,

2270 4508 2389 4565 imo
2428 4508 2498 4565 de
2534 4508 2671 4579 Deo,
2706 4510 2933 4582 pietatis
2970 4512 3242 4584 operibus
3278 4508 3701 4570 bene'mEreri.
3736 4508 3914 4570 Obteé

2272 4585 2714 4657 staturquoque
2754 4588 2815 4638 ut
2850 4597 3018 4657 suam
3065 4584 3319 4657 salutem,
3343 4599 3457 4657 non
3502 4584 3777 4657 negligat,
3798 4598 3915 4657 nec

2269 4652 2427 4709 velut
2447 4651 2712 4732 lethargo
2742 4651 2962 4725 sopitus
2995 4654 3196 4727 jaceat,
3232 4656 3327 4732 sed
3360 4656 3547 4732 ﬂuxas
3578 4651 3916 4714 mortalium

2269 4739 2417 4802 spes,
2446 4723 2874 4802 brevissimum,
2901 4734 2954 4782 et
2985 4723 3194 4799 anceps
3226 4727 3359 4785 vita
3384 4729 3838 4802 proximumque
3857 4734 3917 4783 et

2269 4796 2655 4877 certissimum
2677 4796 2876 4877 mortis
2903 4796 3276 4871 tempus—ante
3298 4796 3493 4877 oculos
3516 4808 3686 4877 ponat
3706 4796 3912 4877 {coale-

2268 4874 2497 4942 stesque
2525 4873 2580 4923 et
2616 4871 2993 4939 sempiternas
3034 4886 3135 4942 pro
3180 4871 3420 4927 terrenis
3446 4871 3761 4927 CtCthIUCIS
3801 4871 3915 4941 piis

2270 4938 2329 4996 in
2360 4937 2504 4996 coelo
2529 4937 2754 5010 paratas
2781 4953 2915 5012 opes
2945 4937 3175 5000 assidua
3207 4942 3549 5015 cogitatione
3577 4937 3912 5000 meditetur.

2267 5053 2769 5115 Reverendissimo
2845 5057 3117 5117 Ecclesia
3174 5059 3479 5118 Sarsinatis
3537 5058 3779 5117 antistiti
3843 5057 3911 5115 V.

2201 5144 2433 5203 PETRUS
2475 5153 2753 5219 peccator,
2786 5147 3038 5206 debitam
3071 5151 3408 5209 servitutem
3448 5150 3507 5207 in
3555 5148 3801 5207 Christo.

2267 5234 2485 5306 Diguas
2524 5236 2647 5306 tibi,
2679 5244 2837 5310 pater
2886 5239 3243 5309 charissima,
3274 5240 3485 5313 gratias
3526 5238 3729 5306 refero,
3775 5237 3912 5310 quia

2202 5324 2621 5398 pauperculum
2651 5327 2827 5397 hunc,
2862 5343 3037 5401 quem
3068 5329 3139 5387 ad
3178 5336 3231 5386 te
3269 5330 3559 5397 miseram,
3585 5342 3689 5401 pro
3716 5342 3914 5383 amore

2201 5416 2412 5475 Christi
2461 5423 2517 5475 et
2560 5433 2689 5477 mea
2736 5418 3009 5479 cbaritate
3052 5421 3317 5480 alacriter
3362 5419 3699 5494 suscepisti;
3741 5425 3817 5488 et,
3848 5425 3915 5476 ut

2199 5523 2401 5567 revera
2454 5508 2809 5581 gubernator
2855 5527 3176 5586 pauperum
3225 5522 3280 5571 et
3326 5512 3680 5587 pupillorum
3725 5518 3908 5585 pater,

2199 5612 2371 5656 omne
2424 5597 2535 5656 sibi
2600 5598 2978 5659 humanitatis
3027 5608 3084 5659 et
3126 5602 3361 5675 pietatis
3394 5601 3648 5661 ofﬁcium
3701 5613 3914 5674 praro-

2192 5688 2366 5763 gasti.
2400 5687 2571 5748 Nunc
2613 5688 2828 5764 itaque,
2876 5689 3264 5765 dilectissime,
3318 5691 3702 5751 reverentiam
3750 5695 3912 5750 tuam
