4140 6468
140 333 254 392 325

1364 328 1591 389 LIBER
1631 297 2004 403 QUAarus,
2050 327 2283 391 EPIST.
2326 330 2450 392 xv.

3562 336 3665 397 326

140 456 490 531 suppliciter
537 453 791 522 obsecro,
826 454 1032 526 perﬁce
1083 469 1217 529 quas
1268 455 1508 528 ccepisti,
1543 455 1735 528 planta
1793 454 2059 515 inAbus
2098 457 2374 531 cingitur,
2420 457 2770 518 habitamus.
2814 458 2920 518 His
2968 476 3102 534 ergo
3144 462 3325 534 portis
3363 476 3518 521 seras
3560 476 3666 536 ap-

143 547 318 604 horto
392 542 664 602 Ecclesiae
742 546 862 600 tute
932 542 1284 616 surculum,
1320 558 1509 617 quem
1569 544 1644 602 ab
1707 544 1868 603 omni

142 634 401 695 humani
427 631 702 706 adjutorii
732 631 924 690 radice
952 632 1287 705 przecisum,
1316 633 1427 691 sub
1458 633 1662 692 umbra
1692 634 1868 692 mise-

148 724 416 783 ricordiae
467 727 582 782 tuae
625 722 1051 793 absconditum,
1084 722 1233 780 mori
1290 738 1477 797 usque
1528 725 1698 783 modo
1750 740 1870 784 non

151 812 490 889 permisisti,
546 827 622 870 ne
661 826 837 885 quem
889 817 1007 870 tuas
1058 809 1284 883 pietatis
1334 812 1549 870 humor
1598 813 1670 871 ad
1723 819 1869 871 tem-

150 922 266 981 pus
295 910 505 975 servat,
526 911 702 963 aestus
734 903 1101 976 postmodum
1133 902 1374 962 veniens
1396 903 1597 962 nimias
1624 920 1868 978 pauper-

158 994 291 1054 tatis
328 999 478 1053 urat.
523 991 630 1052 Sed
673 1008 777 1052 cur
804 1007 910 1066 ego
954 992 1290 1066 magistrum
1329 992 1547 1052 doceo?
1595 993 1676 1052 sic
1722 995 1872 1053 circa

154 1087 329 1146 illum
357 1091 568 1159 satage,
595 1083 991 1154 dilectissime,
1029 1099 1149 1142 non
1181 1090 1243 1143 ut
1270 1099 1400 1143 mea
1432 1083 1679 1143 balbutit
1705 1085 1869 1158 igna-

155 1178 254 1238 via
286 1184 495 1252 petere,
528 1176 626 1235 sed
656 1175 809 1233 sicut
837 1174 1175 1235 acutissima
1205 1180 1299 1234 tua
1325 1174 1630 1249 prudentia
1656 1177 1872 1234 animae

159 1283 287 1327 suta
306 1265 570 1341 providet
597 1265 891 1340 expedire.

232 1356 315 1416 De
370 1363 597 1427 caetero,
629 1355 1021 1426 dilectissime,
1051 1355 1185 1414 vide
1214 1355 1356 1428 quid
1387 1371 1542 1429 agas,
1575 1356 1874 1415 considera

157 1446 236 1504 ad
263 1461 443 1521 quem
478 1445 657 1504 finem
690 1445 815 1505 hac
844 1450 942 1505 tua
970 1443 1360 1519 tranquillitas
1381 1444 1591 1504 tendat.
1621 1446 1665 1504 Θ
1698 1461 1874 1521 quam

160 1532 448 1593 miserum
496 1539 582 1593 est
625 1533 689 1591 in
738 1533 920 1606 hujus
972 1532 1172 1593 saeculi
1225 1532 1596 1608 prosperitate
1652 1534 1876 1594 modico

162 1630 422 1700 tempore
462 1626 678 1697 vivere,
715 1631 772 1683 et
812 1624 884 1683 ad
931 1626 1134 1684 aeterni
1165 1624 1321 1699 ignis
1352 1624 1689 1685 incendium
1727 1642 1874 1699 quo-

161 1714 306 1774 tidie
334 1714 547 1774 clausis
597 1714 782 1774 oculis
828 1713 991 1774 velut
1041 1714 1101 1773 in
1152 1714 1349 1773 lectica
1382 1717 1635 1790 positum
1669 1731 1872 1791 prope-

1955 547 2242 620 ponimus,
2289 548 2377 605 his
2425 546 2730 623 repagula,
2774 554 2959 607 vectes
3010 564 3077 606 ac
3118 549 3379 624 pessulos
3427 548 3666 609 adhibe-

1954 653 2106 709 mus,
2133 653 2270 695 cum
2300 653 2576 696 sensuum
2612 645 2943 698 nostrorum
2972 638 3164 698 aditus
3188 656 3221 697 a
3251 639 3409 698 vitiis
3438 642 3669 699 irruen-

1956 728 2108 787 tibus
2132 743 2196 785 ac
2221 727 2428 786 mundi
2454 727 2809 787 vanitatibus
2834 728 3077 786 sollicite
3098 730 3475 789 custodimus.
3504 730 3670 789 Tunc

1955 819 2112 877 enim
2160 824 2351 877 nostra
2395 818 2720 892 Pentapolis
2774 818 3088 877 incolumis
3135 818 3355 891 integra
3398 835 3668 893 perseve-

1954 915 2059 979 rat,
2089 923 2220 967 cum
2256 907 2379 967 suis
2419 913 2684 966 contenta
2730 907 3037 981 limitibus,
3068 924 3172 967 nec
3209 908 3281 967 ad
3312 910 3501 968 hostes
3540 907 3666 981 ipsa

1954 998 2268 1057 insolenter
2316 999 2627 1073 egreditur,
2661 1014 2764 1057 nec
2806 998 2889 1056 eis
2936 999 3262 1071 irrumpere
3292 996 3671 1057 molientibus

1954 1090 2229 1164 aperitur,
2266 1096 2333 1148 ut
2384 1089 2650 1147 videlicet
2698 1104 2863 1147 mens
2913 1096 3104 1148 nostra
3148 1088 3211 1146 in
3262 1088 3473 1147 montis
3524 1086 3667 1146 Sion

1954 1196 2082 1239 arce
2121 1181 2458 1250 consistens,
2488 1195 2624 1254 quas
2675 1195 2907 1238 sursum
2959 1186 3098 1238 sunt
3143 1186 3384 1253 quierat,
3431 1194 3547 1236 non
3594 1175 3667 1234 ad

1954 1270 2203 1330 carnalis
2242 1270 2528 1328 illecebrae
2566 1269 2728 1328 ﬂuxa
2763 1269 3087 1328 descendat.
3130 1270 3222 1327 Ad
3255 1268 3418 1328 illam
3458 1267 3668 1325 Hieru-

1954 1361 2155 1432 salem,
2187 1376 2318 1435 quas
2361 1374 2595 1418 sursum
2642 1364 2729 1417 est
2778 1358 2977 1430 libera,
3015 1365 3069 1417 et
3116 1363 3201 1416 est
3250 1363 3433 1415 mater
3479 1358 3672 1414 nostra

1956 1449 2226 1523 suspiret,
2261 1449 2425 1507 illam
2465 1463 2600 1507 vero
2648 1463 2781 1521 quae
2831 1448 3027 1518 servit,
3060 1461 3196 1505 cum
3234 1445 3372 1503 ﬁliis
3411 1444 3534 1503 suis
3570 1443 3671 1500 de-

1957 1538 2206 1614 spiciens
2253 1538 2450 1597 calcet.
2492 1537 2771 1610 Alioquin
2830 1537 2878 1595 si
2926 1536 2990 1595 in
3054 1534 3267 1594 vallem
3324 1532 3670 1606 silvestrem,

1958 1644 2090 1702 quae
2140 1643 2299 1687 nunc
2334 1633 2421 1686 est
2471 1643 2629 1686 mare
2657 1626 2834 1699 salis,
2873 1625 2946 1685 ad
2994 1623 3510 1684 Gomorrhzeorum
3536 1635 3672 1696 pro-

1956 1719 2252 1793 grediatur
2291 1719 2653 1794 exemplum,
2688 1719 2796 1778 hoc
2818 1727 2921 1790 est,
2956 1719 3005 1777 si
3043 1718 3421 1777 infructuosae
3453 1714 3588 1774 vita:
3614 1726 3675 1771 se

164 1808 333 1862 rare!
394 1802 536 1873 Quis
590 1803 716 1875 scit,
772 1819 949 1878 quam
1000 1803 1326 1877 propinqua
1376 1811 1461 1862 est
1520 1820 1692 1876 mors,
1743 1808 2023 1877 quaaBin
2074 1808 2194 1865 ima
2247 1807 2493 1881 dejiciat,
2550 1807 2599 1866 si
2658 1813 2901 1866 terrena:
2962 1806 3261 1881 sapientiae
3318 1800 3674 1877 salsuginem

167 1908 325 1952 nunc
349 1893 665 1967 improvisa
695 1891 857 1951 velut
887 1892 951 1950 in
979 1890 1208 1950 insidiis
1239 1893 1437 1963 latitat,
1467 1907 1644 1966 quam
1681 1892 1878 1966 brevis

162 1978 317 2050 vita,
376 1995 509 2053 quas
557 1980 951 2039 fraudulenter
994 1979 1300 2039 blandiens
1352 1996 1618 2055 prospera
1676 1989 1880 2041 cuncta

169 2071 480 2130 ministrat.
511 2069 624 2130 Sed
660 2072 799 2146 quia
839 2070 994 2146 apud
1032 2070 1439 2145 sapientiorem
1466 2072 1597 2145 plus
1640 2071 1879 2129 forsitan

164 2161 332 2220 valeo
384 2162 668 2234 precando
722 2176 898 2235 quam
939 2160 1331 2235 praedicando,
1386 2161 1619 2219 obsecro
1676 2168 1747 2230 te,
1787 2161 1877 2218 di-

164 2252 479 2313 lectissime
540 2258 699 2326 pater
745 2258 799 2311 et
852 2250 1086 2311 domine
1116 2295 1130 2324 ,
1189 2267 1289 2327 per
1346 2253 1548 2312 Jesum
1601 2251 1878 2320 excitare,

166 2344 586 2419 expergiscere,
638 2343 871 2417 evigila,
918 2342 1079 2416 aperi
1130 2341 1348 2411 oculos,
1400 2342 1616 2416 respice
1642 2342 1875 2413 ctelum,

167 2442 223 2494 et
260 2450 363 2509 per
413 2441 800 2493 momentanaa
853 2434 1147 2493 illusionis
1197 2432 1492 2492 somnium
1530 2449 1647 2493 non
1678 2434 1881 2508 perdas

170 2523 591 2598 sempiternum
672 2539 825 2583 verae
893 2522 1274 2597 beatitudinis
1337 2524 1662 2597 praemium.
1721 2524 1880 2598 Rogo

175 2613 349 2672 etiam
375 2613 447 2672 de
473 2612 812 2671 charissimo
848 2617 904 2671 et
940 2611 1278 2671 dulcissimo
1314 2612 1489 2671 fratre
1527 2611 1777 2671 Henrico
1814 2618 1881 2671 ut

179 2718 313 2762 eum
362 2703 518 2777 apud
567 2709 620 2762 te
681 2702 842 2762 velut
884 2702 1291 2761 charissimam
1348 2701 1540 2760 lilium
1581 2708 1793 2773 teneas,
1824 2705 1881 2760 et

182 2807 437 2851 amorem
469 2792 580 2851 sibi
618 2797 869 2866 paternae
908 2791 1201 2850 charitatis
1238 2791 1559 2865 impendas,
1594 2797 1880 2867 quatenus

183 2897 503 2956 numquam
522 2882 691 2940 illum
721 2882 997 2958 praeconii
1014 2881 1322 2956 laudisque
1342 2881 1630 2954 pmniteat,
1656 2897 1788 2956 quae
1809 2881 1880 2939 de

181 2978 247 3040 te,
281 2986 630 3046 quocunque
658 2970 811 3041 ierit,
840 2971 1055 3030 referre
1093 2984 1210 3030 non
1249 2977 1447 3029 cessat.
1480 2969 1638 3029 Bene
1666 2970 1879 3042 valeas,

184 3068 237 3120 et
275 3062 339 3119 in
388 3062 566 3121 sacris
608 3060 965 3120 orationibus
1006 3060 1121 3121 tuis
1154 3059 1271 3119 mei
1309 3061 1620 3134 peccatoris
1656 3076 1879 3120 memo-

182 3158 326 3216 riam
356 3157 630 3231 deprecor
659 3163 721 3215 ut
745 3156 978 3215 habeas.

633 3250 1128 3314 EPISTOLA
1228 3251 1416 3311 XIV.

750 3339 827 3386 AD
878 3337 938 3384 ν.
975 3337 1315 3384 EPISCOPUM.

462 3401 725 3473 (Habetur
776 3405 903 3456 tom.
932 3400 1033 3463 ΠΙ,
1063 3402 1249 3468 estque
1284 3414 1469 3469 opusc.
1494 3395 1608 3470 26.)

680 3504 821 3563 127
852 3508 1220 3569 EPISTOLA
1244 3508 1368 3567 XV.

742 3595 821 3640 AD
862 3594 924 3641 ν.
960 3593 1301 3640 EPISCOPUM.

190 3674 631 3744 ABGUMENIUM.
664 3701 732 3714 ——
763 3669 1034 3744 Quinque
1087 3668 1341 3744 corporis
1390 3683 1623 3744 sensus,
1671 3667 1886 3744 quibus

250 3743 529 3818 neglectis
556 3744 618 3801 in
651 3740 980 3818 turpissima
1017 3740 1234 3818 scelera
1265 3740 1545 3818 homines
1568 3740 1883 3818 prolabun-

249 3811 377 3886 tur";
415 3823 478 3873 ut
504 3811 1046 3889 quama'rctissimae
1083 3811 1403 3889 disciplinae
1439 3811 1696 3871 custbdia
1725 3827 1884 3889 coer-

242 3884 503 3957 ceantur,
521 3884 539 3889 ⁷
552 3886 876 3960 prudenter
917 3885 1207 3960 admonet,
1228 3884 1701 3960 ‘episcopumque
1747 3884 1886 3960 hor-

248 3966 421 4036 ta_t_ur,
460 3955 697 4036 ut_'non
749 3958 921 4016 modo
981 3957 1103 4030 ipse
1140 3957 1251 4036 hoc
1281 3955 1545 4036 praestet,
1575 3955 1673 4013 sed
1706 3955 1887 4036 etiam

251 4027 418 4101 alios,
446 4029 550 4101 qui
591 4046 713 4089 suae
756 4044 917 4101 curae
963 4027 1256 4101 commissi
1284 4027 1455 4101 sunt,
1491 4027 1645 4085 idem
1699 4028 1888 4085 facere

249 4099 574 4176 compellat,
607 4107 660 4161 et
701 4100 989 4176 praecipue
1026 4107 1091 4159 ut
1125 4099 1187 4157 in
1228 4099 1589 4176 presbyteros
1615 4104 1884 4176 et__sac_er-

251 4168 411 4246 dotes
438 4173 497 4231 in
520 4168 625 4231 hac
646 4168 721 4246 rei
732 4168 1093 4246 potissimum
1119 4168 1434 4246 peccantes,
1460 4168 1624 4246 nulla
1646 4169 1887 4246 dignita-

251 4244 341 4324 tis,
365 4252 465 4303 aut
483 4247 686 4324 aetatis,
713 4241 905 4324 habita
926 4241 1166 4324 ratione,
1188 4243 1306 4324 imo
1335 4241 1674 4324 utquisque
1690 4241 1889 4324 digna-

250 4319 404 4375 tione
430 4315 687 4374 maxime
710 4316 907 4388 anteit,
938 4315 1300 4373 severissime
1323 4315 1758 4372 animadvertat.

251 4404 476 4463 Domno
535 4403 605 4461 V.
660 4403 1140 4463 reverendissimo
1207 4401 1513 4476 episcopo,
1567 4388 1634 4459 et.
1678 4400 1888 4460 sanctis

1965 1903 2204 1972 quaerat,
2239 1912 2378 1956 mox
2408 1897 2570 1955 hoste
2602 1897 2899 1956 victoriam
2938 1896 3235 1954 obtinente
3271 1891 3671 1967 prosternitur,

1963 1984 2238 2060 quoniam
2267 1986 2545 2045 obseratis
2585 1986 2748 2046 urbis
2786 1985 3033 2061 propriae
3068 1982 3358 2043 menibus
3392 1996 3507 2039 non
3540 1995 3672 2038 mu-

1962 2076 2142 2135 nitur.
2173 2079 2259 2134 An
2306 2083 2496 2151 portas
2543 2077 2720 2153 hujus
2766 2086 2978 2138 nostrae
3021 2076 3271 2136 civitatis
3302 2089 3419 2133 non
3448 2074 3677 2132 obserat

1960 2167 2258 2239 propheta,
2300 2181 2437 2225 cum
2482 2165 2622 2224 dicit
2655 2185 2667 2225 :
2713 2189 2742 2221 ‹‹
2773 2166 2886 2237 Qui
2924 2166 3153 2225 obturat
3190 2179 3362 2224 aures
3408 2177 3565 2234 suas,
3596 2175 3673 2220 ne

1961 2255 2158 2313 audiat
2207 2254 2574 2328 sanguinem,
2604 2263 2660 2314 et
2696 2255 2913 2314 claudit
2958 2254 3174 2325 oculos,
3214 2270 3289 2313 ne
3327 2251 3519 2310 videat
3546 2264 3674 2308 ma-

1962 2345 2111 2417 lum,
2152 2346 2260 2405 iste
2300 2346 2360 2404 in
2410 2346 2656 2404 excelsis
2700 2346 3082 2405 habitabit?»
3119 2348 3274 2415 (Isai.
3307 2343 3532 2410 XXXV.)
3582 2341 3676 2397 An

1961 2450 2079 2493 non
2132 2440 2184 2493 et
2233 2435 2517 2495 Dominus
2560 2442 2765 2510 gustus
2817 2435 2998 2494 nostri
3037 2434 3230 2493 munit
3262 2432 3511 2503 aditum,
3540 2445 3677 2490 cum

1961 2523 2100 2581 dicit
2132 2548 2144 2581 :
2183 2549 2210 2573 ‹‹
2239 2525 2447 2584 Cavete
2478 2541 2551 2583 ne
2577 2531 2892 2598 graventur
2929 2525 3099 2583 corda
3128 2528 3316 2582 vestra
3346 2520 3583 2596 crapula
3620 2527 3677 2580 et

1961 2612 2284 2672 ebrietate?
2314 2617 2465 2683 (Luc.
2516 2620 2672 2684 XXI.)
2708 2640 2726 2666 η
2765 2613 2846 2673 De
2883 2613 3124 2673 odoratu
3170 2627 3305 2672 vero
3343 2610 3484 2671 dicit
3508 2612 3677 2684 [Apo-

1962 2702 2142 2762 stolus
2173 2727 2185 2761 :
2232 2730 2258 2753 ‹‹
2291 2705 2428 2779 quia
2464 2706 2675 2764 Christi
2714 2705 2901 2764 bonus
2933 2704 3072 2763 odor
3105 2718 3307 2762 sumus
3330 2700 3447 2759 Deo
3484 2698 3547 2756 in
3583 2698 3676 2757 his

1960 2790 2063 2865 qui
2113 2790 2261 2849 salvi
2317 2793 2470 2850 fiunt
2522 2797 2602 2863 (Π
2653 2795 2770 2851 Cor.
2827 2797 2911 2865 Il).
2957 2814 2979 2845 ι
3043 2793 3118 2850 At
3164 2794 3360 2850 contra
3401 2787 3672 2846 odoratus

1961 2882 2055 2940 sui
2121 2882 2274 2939 male
2335 2881 2686 2955 spiramenta
2739 2882 3119 2951 laxaverant,
3181 2879 3283 2955 qui
3336 2876 3603 2935 dicebant
3658 2894 3672 2936 :

1965 2997 1991 3021 «
2024 2971 2348 3045 Unguentis
2392 2986 2498 3030 nos
2544 2972 2890 3045 impleamus
2936 2977 2992 3030 et
3035 2986 3155 3030 non
3197 2975 3498 3044 praetereat
3538 2963 3680 3024 128

1962 3076 2068 3120 nos
2120 3061 2227 3120 ﬂos
2268 3060 2575 3136 temporis;
2621 3076 2966 3121 coronemus
3006 3075 3115 3119 nos
3174 3059 3318 3118 rosis
3365 3064 3681 3131 antequam

1898 3154 2506 3240 Cmarcescan_t_(Sap.
2534 3156 2616 3221 II).
2661 3149 2949 3240 uA'Tactus
2998 3164 3135 3240 vero
3186 3152 3378 3240 noster
3404 3146 3681 3240 _idipsum

1965 3238 2133 3297 debet
2180 3238 2505 3297 desiderare
2553 3238 2708 3313 quod
2756 3245 2978 3312 gustus.
3009 3238 3155 3296 Nam
3203 3235 3356 3310 quod
3404 3234 3686 3308 Propheta

1966 3325 2143 3384 dicit:
2181 3351 2209 3376 ‹‹
2247 3327 2484 3386 Gustate
2535 3334 2592 3386 et
2638 3326 2829 3385 videte
2878 3342 3057 3400 quam
3099 3324 3296 3385 suavis
3345 3328 3431 3381 est
3480 3323 3681 3381 Domi-

1968 3431 2080 3474 nus
2124 3418 2295 3487 (Psal.
2321 3420 2583 3486 XXXIII);
2632 3436 2653 3466 ι
2698 3414 2853 3473 idem
2901 3420 2958 3471 et
2995 3414 3247 3473 Joannes
3281 3412 3360 3470 ait
3398 3430 3410 3469 :
3460 3434 3481 3460 ε
3517 3409 3682 3481 Quod

1967 3520 2176 3564 manus
2247 3511 2462 3565 nostrai
2543 3507 3043 3563 contrectaverunt
3116 3502 3187 3560 de
3275 3500 3466 3559 Verbo
3544 3500 3683 3559 vita)

1969 3598 2145 3665 (Joan.
2201 3599 2285 3665 ως
2324 3616 2345 3645 ι
2408 3592 2530 3651 Hoc
2586 3608 2758 3667 porro
2809 3596 3129 3664 certamen,
3185 3589 3345 3664 quod
3400 3588 3684 3648 adversus

1968 3683 2233 3758 quinque
2276 3682 2529 3756 corporis
2572 3696 2776 3741 sensus
2824 3680 3064 3754 geritur,
3104 3694 3205 3752 per
3246 3678 3512 3752 quinque
3558 3676 3684 3736 Ma-

1969 3772 2320 3832 dianitarum
2366 3787 2528 3845 reges
2576 3769 2820 3846 mystice
2871 3769 3154 3843 figuratur
3188 3784 3201 3824 :
3236 3786 3263 3819 «
3296 3767 3550 3836 Armate,
3586 3764 3682 3822 in-

1969 3862 2097 3937 quit
2132 3861 2378 3936 Moyses,
2409 3876 2485 3919 ex
2516 3858 2679 3919 vobis
2718 3857 2874 3917 viros
2910 3857 2981 3915 ad
3012 3869 3287 3931 pugnam,
3324 3853 3426 3927 qui
3463 3852 3687 3927 possint

1970 3954 2253 4013 ultionem
2317 3952 2550 4011 Domini
2622 3957 2891 4025 expetere
2961 3948 3034 4005 de
3091 3944 3420 4005 Madianitis
3490 3948 3681 4015 (Num.

1968 4050 2170 4117 XXXI).
2208 4066 2230 4097 ι
2272 4044 2536 4119 Cumque
2576 4045 2931 4118 pugnassent
2976 4044 3176 4099 contra
3227 4036 3589 4108 Madianitas,
3620 4039 3688 4094 ut

1970 4149 2130 4192 sacra
2166 4140 2361 4192 narrat
2399 4132 2658 4204 historia,
2699 4137 2870 4206 atque
2923 4129 3215 4199 vicissent,
3248 4140 3449 4186 omnes
3497 4136 3686 4184 mares

1969 4223 2306 4283 occiderunt
2342 4230 2399 4282 et
2440 4239 2602 4297 reges
2647 4237 2872 4295 eorum,
2904 4221 3034 4293 Evi,
3080 4227 3136 4279 et
3177 4219 3410 4290 Recem,
3452 4220 3509 4275 et
3548 4214 3683 4289 Sur,

1970 4319 2024 4371 et
2052 4312 2192 4383 Bur,
2226 4318 2283 4370 et
2319 4311 2497 4380 Rebe,
2529 4312 2792 4388 quinque
2822 4310 3110 4385 principes
3139 4307 3347 4383 gentis.
3382 4305 3491 4363 Evi
3517 4305 3688 4380 plane

1973 4404 2241 4459 belluinus
2267 4447 2287 4469 ,
2335 4401 2461 4461 sive
2512 4405 2725 4473 fm‘nus
2777 4402 3205 4475 interpretatur.
3267 4396 3441 4454 Hunc
3491 4394 3687 4469 itaque

191 4495 444 4553 ecclesia:
479 4509 602 4553 sua)
640 4494 951 4565 canonicis,
996 4491 1225 4551 PETBUS
1279 4496 1536 4566 peccator
1566 4491 2167 4593 monachusDregem
2216 4492 2278 4548 in
2338 4490 2507 4549 nobis
2571 4490 2858 4564 spirituali
2912 4501 3191 4549 mucrone
3247 4482 3685 4559 transﬁgimus,

182 4584 538 4643 servitutem.

252 4674 319 4733 In
387 4676 683 4750 procinctu
758 4674 1024 4734 militaris
1101 4673 1389 4734 exercitus
1444 4670 1657 4730 idcirco
1710 4669 1883 4741 tubae,

182 4765 328 4835 litui,
378 4766 642 4826 buccinae
693 4772 748 4824 et
793 4765 1027 4824 classica
1081 4767 1528 4838 comportantur,
1568 4766 1635 4819 ut
1690 4773 1892 4818 eorum

181 4855 547 4929 clangoribus
598 4862 915 4914 castrenses
960 4854 1288 4913 excitentur
1344 4850 1609 4911 excubiae
1654 4864 1892 4924 seseque

187 4945 414 5005 valeant
472 4946 688 5005 milites
735 4962 769 5004 a
811 4952 1087 5004 nocturna
1129 4943 1355 5003 hostilis
1396 4943 1650 5016 impetus
1693 4940 1892 4998 incur-

186 5036 350 5095 sione
380 5037 631 5095 munire.
688 5034 803 5095 Nos
855 5033 1051 5106 etiam,
1094 5033 1198 5108 qui
1259 5033 1319 5090 in
1367 5031 1616 5090 cmlestis
1668 5028 1894 5088 militiai

181 5141 386 5186 sumus
424 5130 780 5184 sacramenta
813 5124 1010 5200 jurati,
1053 5130 1108 5182 et
1136 5129 1334 5182 contra
1373 5120 1578 5181 mundi
1609 5118 1894 5194 principes

174 5231 244 5273 ac
300 5214 631 5288 spirituales
687 5212 977 5289 nequitias
1030 5212 1091 5271 in
1139 5212 1290 5271 bella
1336 5209 1644 5284 congressi,
1675 5207 1897 5267 mutuis

174 5321 284 5366 nos
316 5307 595 5366 debemus
640 5307 892 5365 excitare
943 5305 1293 5364 clamoribus
1346 5309 1409 5363 ut
1462 5318 1577 5361 non
1624 5300 1895 5376 degeneri

177 5412 385 5473 sapore
434 5397 736 5473 depressos
791 5404 1107 5456 nocturnus
1140 5393 1444 5454 insidiator
1485 5393 1764 5465 inveniat,
1796 5389 1895 5449 sed

176 5494 403 5562 paratos
430 5502 663 5561 semper
697 5501 763 5545 ac
792 5491 1088 5560 promptos
1124 5486 1187 5544 in
1224 5483 1344 5543 acie
1384 5483 1673 5557 reperiens
1717 5479 1894 5556 perti-

190 5589 425 5642 mescat.
459 5580 610 5640 Nam
658 5578 821 5641 velut
885 5579 945 5637 in
1009 5578 1274 5654 quinque
1321 5582 1620 5653 portarum
1667 5572 1897 5634 civitate

184 5670 582 5744 consistimus,
617 5669 759 5730 dum
800 5667 864 5728 in
918 5676 1173 5742 corpore,
1213 5665 1367 5743 quod
1403 5662 1670 5741 quinque
1710 5661 1896 5722 sensi-

1979 4595 2113 4639 cum
2160 4580 2375 4639 ferinos
2422 4596 2455 4637 a
2491 4580 2659 4638 nobis
2707 4596 2895 4639 mores
2944 4575 3358 4645 abscindimus,
3406 4587 3541 4631 cum
3595 4572 3690 4630 be-

1980 4671 2163 4729 stialis
2216 4669 2535 4730 iracundiae
2582 4669 2801 4728 rabiem
2828 4687 2862 4728 a
2896 4676 3089 4729 nostro
3122 4671 3344 4744 pectore
3372 4663 3688 4721 detrunca-

1980 4776 2133 4819 mus.
2170 4761 2315 4819 Nam
2354 4776 2488 4819 cum
2518 4758 2804 4818 Dominus
2841 4759 3029 4816 dicat:
3066 4776 3094 4811 ‹‹
3125 4756 3276 4816 Beati
3316 4754 3505 4825 mites,
3535 4765 3687 4825 quo-

1979 4851 2136 4910 niam
2163 4851 2273 4927 ipsi
2302 4849 2676 4924 possidebunt
2703 4854 2911 4907 terram
2945 4851 3165 4917 (Matth.
3199 4852 3261 4916 V)
3294 4863 3309 4917 ;
3340 4864 3369 4898 »
3397 4840 3690 4918 quomodo

1980 4939 2190 5015 poteris
2244 4944 2680 4999 mansuetorum
2740 4936 2999 4996 obtinere
3055 4933 3511 5002 beatitudinem,
3573 4927 3688 4988 nisi

1978 5032 2227 5092 belluini
2282 5032 2519 5106 spiritus
2572 5031 2634 5088 in
2690 5037 2742 5087 te
2790 5025 3056 5086 cohibeas
3114 5019 3439 5082 feritatem?
3479 5020 3690 5080 Recem

1981 5137 2135 5192 vero,
2170 5120 2293 5180 sive
2326 5122 2477 5181 sicut
2504 5119 2568 5178 in
2598 5118 2778 5178 veteri
2818 5113 3187 5174 translatione
3220 5112 3434 5170 dicitur
3469 5109 3688 5181 Bacon,

1981 5212 2395 5287 interpretatur
2438 5214 2709 5268 inanitas.
2746 5207 2813 5265 Et
2852 5205 2992 5280 quid
3049 5208 3134 5261 est
3190 5201 3349 5260 aliud
3401 5194 3689 5287 quidquid

1981 5302 2040 5360 in
2106 5286 2327 5361 mundo
2378 5317 2480 5376 pro
2533 5297 2743 5357 mundi
2800 5290 3264 5368 concupiscentia
3307 5288 3545 5363 geritur,
3575 5286 3693 5345 nisi

1984 5391 2142 5466 quod
2174 5390 2472 5466 Scriptura
2530 5387 2833 5462 loquitur:
2887 5405 2909 5437 α
2970 5380 3204 5441 Vanitas
3259 5376 3605 5466 vanitatum,
3637 5379 3696 5466 et

1984 5460 2181 5539 omnia
2227 5460 2497 5538 vanitas?
2533 5503 2559 5528 »
2594 5460 2793 5549 ('Eccle.
2825 5475 2893 5547 I.)
2921 5473 3157 5533 Vanitas
3196 5465 3488 5543 siquidem
3510 5460 3691 5523 =eﬂicit

1990 5571 2336 5642 vanitantes,
2368 5575 2424 5629 et
2452 5568 2564 5644 ipsi
2589 5567 2918 5647 vanitantes
2942 5562 3164 5622 faciunt
3190 5556 3522 5643 vanitatem,
3549 5553 3693 5647 dum

1981 5666 2036 5719 et
2094 5660 2371 5731 mundus,
2555 5646 2923 5715 tranSitoriue
2957 5642 3385 5725 est,uhomines,
3412 5658 3564 5720 quos
3591 5642 3696 5704 de-
