4170 6512
446 322 550 382 327

968 323 1026 384 S.
1070 323 1297 384 PETRI
1338 319 1664 382 DAMIANI
1703 320 1858 381 OPP.
1903 316 2096 379 PARS
2137 314 2278 378 SEU
2319 318 2575 378 TOMUS
2615 314 2660 377 Ι.
2707 351 2772 361 --
2814 316 3052 377 EPIST.
3094 314 3241 380 LIB.
3281 314 3439 377 VIII.

3859 317 3967 381 328

441 448 603 522 cipit,
642 463 823 508 vanos
862 446 1073 508 efﬁciat
1109 455 1165 507 et
1203 448 1472 507 homines
1510 448 1816 517 mundum,
1848 460 2021 519 quem
2059 442 2565 515 in-A(Joan.1n).
2602 464 2624 495 ι
2673 444 2750 502 At
2796 450 2993 502 contra
3032 444 3103 502 de
3142 458 3233 515 eo,
3271 441 3374 520 qui
3408 443 3654 503 verbum
3708 444 3967 505 Salvato-

439 552 579 596 sane
623 538 894 612 diligunt,
930 537 989 595 in
1028 538 1340 597 vanitatem
1387 544 1631 596 vertant.
1672 536 1847 595 Hunc
1886 550 2022 609 ergo
2065 549 2158 591 re-

439 640 571 697 gem
620 625 721 683 Dei
775 624 943 683 miles
990 626 1244 699 perimit,
1276 642 1452 685 verus
1491 625 1748 684 Israelita
1806 624 2078 694 concidit,
2110 622 2158 681 si

441 712 592 771 nihil
619 714 932 787 superﬂue,
964 715 1113 774 nihil
1152 715 1426 785 inaniter,
1459 714 1551 773 vel
1581 714 1735 788 quod
1768 713 1839 772 ad
1884 728 2007 771 rem
2039 726 2157 770 non

438 799 704 873 pertinet,
737 809 915 875 gerat,
954 803 1053 861 sed
1104 804 1377 877 graviter,
1425 810 1480 860 et
1534 801 1952 861 rationabiliter
2005 800 2157 858 divi-

438 903 532 945 nas
580 887 723 963 legis
750 890 995 964 implere
1036 891 1300 950 mandata
1330 891 1655 950 contendat.
1691 889 1923 949 Tertius
1962 898 2158 948 autem

439 974 893 1036 Madianitarum
943 994 1068 1048 rex,
1119 977 1233 1037 Sur
1276 976 1508 1048 dicitur,
1540 977 1693 1050 quod
1740 978 1992 1051 profecto
2034 994 2157 1033 mu-

438 1082 555 1131 rus,
590 1065 712 1125 sive
755 1070 1028 1133 robustus,
1063 1068 1156 1124 vel
1198 1067 1372 1124 etiam
1422 1071 1681 1136 angustia
1727 1067 2156 1140 interpretatur.

441 1151 591 1222 Quid
636 1171 772 1214 vero
821 1172 921 1229 per
959 1172 1215 1227 murum,
1269 1156 1391 1214 sive
1440 1156 1766 1227 robustum,
1827 1156 1939 1215 nisi
1995 1156 2160 1214 dura:

439 1245 651 1303 mentis
701 1247 1045 1319 obstinatio,
1111 1247 1205 1306 vel
1261 1246 1582 1321 pervicacia
1636 1247 1803 1305 debet
1854 1245 2159 1319 intelligi?

435 1334 590 1409 quod
647 1351 781 1394 vero
835 1343 890 1394 et
944 1336 1213 1411 angustia
1258 1336 1627 1410 interpretari
1680 1336 1915 1408 dicitur,
1971 1353 2159 1410 neque

436 1429 548 1485 hoc
602 1428 837 1504 longius
890 1446 923 1487 a
975 1432 1117 1488 vitio
1174 1430 1412 1488 duritia;
1476 1436 1807 1502 separatur,
1876 1428 2157 1503 quniam

441 1517 711 1593 quisquis
766 1519 840 1577 ad
887 1519 1230 1578 dimittenda
1292 1518 1556 1592 proximo
1611 1518 1802 1576 debita
1862 1518 2047 1576 durus
2101 1527 2160 1577 et

440 1607 764 1666 obstinatus
811 1613 914 1679 est,
948 1608 1213 1682 angustia
1265 1607 1680 1681 constringitur
1732 1606 1959 1678 mentis,
2016 1606 2159 1665 dum

2248 532 2330 591 ris
2353 532 2533 605 audit,
2574 531 2786 591 dicitur
2819 557 2832 590 :
2868 554 2890 584 ι
2920 531 3067 602 Quia
3091 532 3155 590 in
3176 531 3466 607 judicium
3498 549 3617 592 non
3648 536 3834 606 venit,
3865 535 3967 594 sed

2249 624 2453 682 transit
2483 623 2554 682 de
2579 629 2762 682 morte
2798 623 2862 682 in
2902 623 3083 681 vitam
3115 625 3166 691 (Ι
3195 626 3354 682 Joan.
3396 628 3476 695 V).
3512 648 3539 673 κ
3574 624 3729 684 Illud
3772 628 3969 700 potius

2247 715 2564 790 unicuique
2604 715 2957 775 studendum
2996 721 3107 786 est,
3136 720 3201 771 ut
3229 728 3290 771 se
3336 713 3401 771 in
3438 714 3714 788 operibus
3748 715 3969 775 sanctis

2244 811 2528 877 exerceat,
2567 812 2632 864 ut
2675 821 2798 865 sese
2836 805 2898 863 in
2938 803 3212 863 omnibus
3246 803 3555 877 puriﬁcare
3597 820 3667 862 ac
3717 805 3970 864 sanctiﬁ-

2245 909 2375 953 care
2404 895 2727 955 contendat.
2764 894 2887 953 Hoc
2916 895 3320 953 tantummodo
3350 894 3726 969 semetipsum
3754 894 3967 970 insug—

2246 984 2467 1057 gillare,
2498 995 2553 1044 et
2601 983 2921 1061 dijudicare
2972 1000 3092 1043 non
3137 983 3382 1043 desinat.
3418 985 3567 1044 Nam
3607 986 3712 1061 qui
3761 993 3969 1046 semet-

2244 1073 2440 1147 ipsum
2486 1076 2734 1148 perfecte
2784 1073 3084 1147 dijudicat,
3122 1073 3417 1147 judicium
3472 1090 3592 1134 non
3645 1082 3959 1150 exspectat.

2247 1162 2501 1222 Perfecte
2535 1171 2732 1223 autem
2772 1164 3153 1239 semetipsum
3189 1163 3511 1237 dijudicare
3540 1169 3645 1235 est,
3680 1171 3737 1223 et
3765 1181 3961 1240 repre-

2246 1252 2554 1312 hendenda
2599 1270 2717 1312 non
2746 1270 2933 1328 agere,
2960 1260 3017 1312 et
3047 1269 3180 1327 quae
3218 1254 3807 1326 irreprehensibiliter
3833 1262 3964 1315 acta

2245 1348 2382 1401 sunt
2430 1343 2628 1401 timide
2681 1349 3005 1402 retractare.
3046 1342 3222 1401 Porro
3270 1349 3464 1401 autem
3521 1344 3791 1419 quisquis
3850 1345 3963 1403 hoc

2244 1432 2381 1505 agit,
2408 1431 2664 1491 ille-vere
2684 1431 3134 1491 Madianitarum
3162 1447 3323 1506 reges
3346 1431 3579 1505 perimit
3607 1456 3620 1490 :
3653 1433 3755 1491 ille
3778 1432 3960 1492 Ama-

2245 1517 2549 1578 lecitarum
2596 1519 2886 1593 principes
2931 1520 3157 1591 sternit,
3188 1526 3243 1578 et
3289 1536 3492 1579 omnes
3524 1537 3558 1579 a
3591 1537 3654 1579 se
3679 1520 3961 1582 vitiorum

2246 1616 2431 1683 pestes
2459 1609 2735 1668 excludit.
2772 1609 2924 1668 Hinc
2953 1616 3039 1669 est
3075 1608 3229 1684 quod
3262 1609 3463 1668 eadem
3509 1624 3670 1667 sacra
3720 1618 3963 1669 testatur

440 1696 604 1756 nulla
656 1696 925 1757 dilatetur
966 1697 1349 1771 amplitudine
1398 1696 1664 1754 Charitas.
1708 1695 1789 1754 De
1831 1712 1945 1770 qua
1981 1696 2158 1754 nimi-
2245 1696 2539 1756 Historia:
2581 1720 2608 1751 α
2639 1697 2923 1768 Quoniam
2961 1699 3175 1773 egressi
3216 1697 3325 1757 ﬁlii
3360 1697 3539 1757 Israel
3571 1706 3862 1758 venerunt
3886 1700 3960 1758 ad

439 1803 572 1845 rum
627 1787 904 1845 charitate
963 1803 1063 1860 per
1125 1787 1465 1860 Prophetam
1519 1784 1734 1844 dicitur
1788 1804 1801 1843 :
1861 1810 1882 1838 α
1946 1786 2465 1872 Latumeontem
2509 1788 2740 1862 judicii,
2777 1811 2798 1841 ι
2848 1789 2944 1847 hic
2989 1796 3071 1847 est
3116 1788 3317 1861 Gades,
3366 1814 3389 1841 ι
3440 1794 3499 1847 et
3545 1789 3964 1848 interimeruut

439 1874 784 1933 mandatum
836 1880 1001 1933 tuum
1048 1874 1224 1932 nimis
1275 1875 1442 1947 (Psal.
1474 1875 1701 1945 CXVIII).
1730 1898 1756 1922 »
1802 1872 1938 1933 Sive
1982 1875 2158 1932 etiam
2246 1891 2450 1935 omnes
2488 1877 2777 1952 principes
2816 1877 3115 1949 Amalech,
3145 1885 3202 1936 et
3234 1878 3627 1950 Amorrhaaos,
3655 1878 3760 1952 qui
3786 1878 3959 1937 habi-

438 1963 547 2021 hoc
602 1963 748 2021 valet
797 1961 1066 2037 intelligi,
1112 1963 1249 2036 quia
1300 1963 1576 2021 duritiam
1634 1964 1843 2022 mentis
1897 1964 2161 2049 sequitur
2248 1970 2445 2027 tabant
2493 1969 2557 2028 in
2605 1969 2962 2029 Tharansem
3009 1970 3498 2039 [Asasonthamar]
3540 1972 3695 2041 (Gen.
3738 1972 3890 2039 XIV).
3928 1993 3954 2018 ιο

438 2053 704 2126 angustia
732 2052 1140 2112 damnationis.
1172 2052 1341 2110 Unde
1364 2069 1466 2127 per
1498 2050 1868 2112 Salomonem
1898 2052 2110 2112 dicitur
2143 2074 2156 2112 :
2247 2058 2426 2117 Gades
2457 2065 2653 2117 autem
2681 2063 3042 2132 sanctiﬁcatio
3094 2058 3523 2133 interpretatur.
3554 2059 3625 2118 In
3650 2058 3831 2118 Gades
3865 2075 3961 2117 er-

445 2163 469 2195 ι
504 2142 714 2203 Beatus
760 2143 870 2213 vir,
913 2143 1014 2218 qui
1057 2159 1282 2216 semper
1330 2149 1415 2201 est
1452 2143 1699 2217 pavidus
1750 2164 1761 2202 :
1803 2144 1908 2218 qui
1963 2150 2160 2203 autem
2246 2163 2339 2221 go,
2369 2149 2473 2222 qui
2499 2149 2630 2207 fons
2678 2155 2763 2207 est
2804 2149 3035 2220 judicii,
3065 2148 3431 2220 Amalecitas,
3464 2147 3643 2207 simul
3671 2157 3726 2206 et
3749 2149 3962 2206 Amor-

441 2236 657 2294 mentis
684 2241 771 2294 est
807 2235 990 2305 duras,
1021 2240 1247 2293 corruet
1284 2233 1345 2293 in
1394 2234 1613 2293 malum
1645 2238 1821 2307 (Prov.
1856 2236 2094 2307 XXVIII).
2133 2261 2152 2287 ι
2246 2236 2438 2293 Γῠωοε
2490 2236 2866 2311 spiritualiter
2910 2238 3317 2311 interﬁcimus,
3348 2254 3484 2297 cum
3530 2245 3585 2296 et
3632 2238 3811 2297 vitam
3862 2254 3962 2298 no-

438 2323 687 2394 Quartus
757 2331 1031 2399 praeterea
1103 2323 1550 2382 Madianitarum
1605 2341 1711 2383 rex
1758 2324 1879 2384 Bur
1927 2325 2156 2396 dicitur,
2246 2334 2426 2384 stram
2451 2326 2564 2400 piis
2591 2326 2863 2402 operibus
2894 2329 3255 2387 sanctiﬁcare
3292 2328 3615 2403 satagimus
3639 2347 3654 2399 ;
3684 2337 3739 2387 et
3763 2335 3961 2389 tamen

439 2415 594 2488 quod
649 2418 892 2471 irritatio
937 2415 1365 2488 interpretatur.
1422 2413 1594 2473 Vides
1659 2431 1814 2489 ergo,
1861 2415 1998 2495 quia
2054 2431 2158 2474 no-
2246 2415 2361 2490 ipsi
2392 2432 2498 2476 nos
2530 2422 2805 2491 tanquam
2843 2423 3137 2490 nocentes,
3169 2434 3236 2477 ac
3274 2418 3764 2494 reprehensibiles
3793 2420 3962 2492 judi-

442 2503 604 2560 mina
632 2518 836 2577 regum
880 2502 1102 2561 umbras
1141 2509 1275 2561 sunt
1311 2509 1366 2562 et
1399 2503 1682 2577 imagines
1710 2503 2008 2563 vitiorum.
2044 2503 2159 2575 Qui
2245 2518 2465 2564 camus.
2497 2505 2644 2565 Cum
2683 2506 3057 2585 elaboramus
3094 2521 3322 2581 semper
3376 2507 3965 2580 irreprehensibiliter

442 2591 601 2650 enim
651 2607 828 2651 onera
871 2592 1071 2667 gravia
1127 2608 1226 2664 per
1275 2598 1465 2666 portas
1517 2607 1651 2651 suas
1700 2591 1980 2665 inferunt,
2022 2610 2157 2668 pro-
2245 2592 2464 2666 vivere,
2501 2609 2600 2667 per
2648 2593 3099 2654 sollicitudinem
3140 2602 3331 2654 tamen
3377 2595 3621 2654 districti
3668 2596 3965 2655 examinis

438 2683 583 2741 fecto
630 2683 949 2742 forinsecus
1001 2682 1385 2755 obstrepentia
1436 2698 1536 2756 per
1585 2697 1867 2740 sensuum
1916 2698 2160 2742 suorum
2244 2699 2418 2758 opera
2460 2691 2656 2742 nostra
2701 2698 2820 2741 non
2854 2683 3189 2744 desistimus
3215 2672 3502 2743 accusare.
3536 2683 3609 2743 Et
3635 2684 3961 2743 notandum

438 2773 631 2831 aditus
692 2773 754 2830 in
806 2779 1106 2847 pectorum
1163 2786 1407 2830 suorum
1458 2787 1668 2830 arcana
1722 2773 2156 2845 transfundunt,
2246 2772 2526 2847 quoniam
2572 2779 2630 2831 et
2678 2772 2811 2831 fons
2845 2771 3072 2846 judicii,
3105 2780 3163 2832 et
3204 2772 3404 2845 Gades,
3430 2772 3535 2847 qui
3582 2772 3961 2831 sanctiﬁcatio

443 2862 629 2922 Deum
681 2864 1077 2923 indubitanter
1132 2863 1379 2933 irritant,
1422 2878 1597 2936 quem
1652 2861 1914 2920 videlicet
1950 2862 2043 2920 his
2086 2862 2157 2920 ad
2244 2861 2477 2934 dicitur,
2523 2877 2677 2922 unus
2716 2862 2988 2936 idemque
3026 2862 3184 2922 locus
3209 2869 3296 2921 est
3326 2881 3339 2921 :
3372 2862 3511 2938 quia
3548 2861 3833 2920 nimirum
3857 2861 3958 2935 ju-

442 2952 807 3011 interendam
871 2952 1112 3010 ultionis
1184 2950 1528 3009 sententiam
1602 2958 1934 3024 provocant.
1996 2950 2159 3011 Unde
2246 2957 2370 3011 stus
2405 2952 2652 3026 quisque
2680 2951 3076 3024 semetipsum,
3105 2952 3247 3010 dum
3277 2958 3469 3011 sancte
3506 2950 3673 3021 vivit,
3704 2957 3958 3023 accusat,

442 3042 722 3116 scriptum
772 3045 857 3100 est
903 3061 916 3098 :
978 3065 1004 3089 ‹‹
1064 3038 1466 3110 Simulatores,
1503 3044 1559 3098 et
1609 3040 1802 3098 callidi
1844 3048 2160 3114 provocant
2246 3050 2304 3100 et
2349 3059 2410 3101 se
2446 3042 2840 3117 dijudicando,
2872 3041 2964 3101 vel
3016 3041 3361 3113 accusando,
3418 3041 3603 3115 magis
3653 3039 3962 3114 magisque

438 3131 599 3226 iram
642 3130 747 3188 Dei
797 3131 937 3201 (Job.
971 3132 1211 3197 xXXVI).
1245 3152 1265 3180 ι
1314 3128 1502 3226 Ptde
1551 3129 1768 3226 quibus
1811 3145 1963 3203 saepe
2001 3132 2221 3226 apudcl
2245 3130 2579 3226 sanctiﬁcat.
2617 3129 2969 3226 fico-itaque
3019 3131 3217 3226 modo.
3246 3129 3375 3226 vita
3416 3135 3747 3187 sanctorum
3782 3134 3838 3185 et
3893 3128 3962 3226 in

438 3220 797 3279 Ezechielem
869 3221 1082 3280 dicitur
1132 3238 1145 3278 :
1223 3241 1246 3271 ι
1307 3218 1455 3288 Quia
1532 3219 1741 3278 domus
1811 3216 2492 3294 exasperans'propriis
2539 3217 2984 3291 cogitationibus
3037 3216 3496 3293 reprehenditur,
3534 3224 3591 3275 et
3646 3223 3836 3274 tamen
3895 3216 3961 3275 in

438 3317 525 3371 est
573 3311 786 3383 (Ezech.
816 3310 898 3383 II).
945 3333 965 3359 ι
1034 3309 1107 3368 Et
1162 3308 1469 3368 Psalmista
1513 3333 1525 3367 :
1580 3334 1605 3359 α
1658 3308 1732 3367 Ut
1777 3309 1939 3382 quid,
1981 3310 2157 3383 Deus,
2241 3308 2515 3382 operibus
2543 3306 3156 3383 irreprehensibilibus
3187 3306 3505 3367 invenitur.
3548 3305 3708 3365 Unde
3730 3314 3788 3364 et
3814 3320 3962 3379 pra)-

438 3398 851 3472 improperavit
907 3397 1185 3457 inimicus
1208 3441 1222 3470 ,
1287 3397 1474 3455 irritat
1526 3397 1893 3457 adversarius
1948 3414 2161 3458 nomen
2243 3397 2414 3472 cipua
2444 3398 2582 3458 urbs
2619 3397 2723 3456 illa
2760 3396 2925 3472 regni
2966 3397 3118 3457 Seon
3154 3404 3392 3456 vocatur
3417 3397 3666 3468 Esebon,
3700 3412 3835 3473 quae
3866 3395 3961 3454 ni—

440 3497 615 3550 tuum
653 3490 714 3549 in
756 3488 985 3549 ﬁnem?
1013 3515 1038 3539 ››
1074 3492 1240 3564 (Psal.
1283 3489 1524 3561 XXXIII).
1557 3487 1714 3546 Rebe
1743 3503 1898 3557 vero,
1935 3489 2037 3563 qui
2058 3507 2156 3546 -ον-
2242 3486 2461 3544 mirum
2508 3489 2863 3556 cogitationes
2929 3484 3358 3559 interpretatur.
3418 3485 3527 3544 Per
3581 3485 3735 3560 quod
3785 3484 3963 3545 datur

439 3582 665 3638 dinatus
725 3578 868 3637 129
908 3582 1149 3654 dicitur,
1195 3597 1312 3639 non
1362 3580 1529 3639 aliter
1592 3578 1685 3637 hic
1738 3578 2009 3654 procedit,
2044 3579 2159 3637 uisi
2240 3574 2510 3650 intelligi,
2555 3576 2693 3651 quia
2742 3574 3001 3633 maxima
3043 3590 3174 3649 pars
3217 3574 3521 3634 diabolicae
3569 3575 3855 3649 potestatis
3892 3573 3961 3633 in

442 3677 507 3728 ut
530 3686 634 3745 per
670 3669 940 3743 ironiam,
975 3669 1067 3729 vel
1102 3669 1484 3743 antiphrasim
1514 3667 1737 3726 dictum
1760 3668 2152 3742 intelligatur;
2241 3665 2691 3740 cogitationibus
2753 3672 2972 3740 regnat.
3033 3663 3145 3723 Per
3195 3663 3347 3725 Seon
3412 3665 3627 3740 quippe
3684 3663 3962 3739 nequitiae

434 3767 721 3833 quatenus
765 3759 1216 3835 quiordinatus
1268 3758 1504 3827 dicitur,
1543 3774 1575 3816 e
1611 3757 1899 3816 contrario
1930 3758 2152 3817 inordi-
2241 3756 2478 3829 spiritus
2530 3756 2817 3829 ﬁguratur
2850 3783 2862 3816 :
2892 3754 2991 3815 sed
3042 3755 3269 3814 Esebon
3318 3771 3409 3832 ex.
3437 3754 3657 3813 ditione
3693 3752 3864 3825 Seon,
3892 3746 3987 3812 in'

431 3853 603 3907 natus
641 3849 718 3907 sit
756 3855 812 3906 et
870 3850 1167 3908 confusus.
1219 3846 1474 3907 Vitiosus
1528 3846 1685 3904 enim
1737 3846 2016 3921 quisque,
2050 3848 2157 3905 etsi
2240 3844 2639 3905 Israelitarum
2669 3843 2810 3923 130
2858 3847 2989 3919 jura
3044 3846 3392 3904 transfertur
3422 3893 3435 3914 ,
3495 3860 3631 3904 cum
3691 3844 3961 3918 cogitatio

432 3937 735 4011 superﬁcie
766 3942 935 3996 tenus
968 3937 1138 4012 quasi
1176 3944 1325 3996 recte
1365 3935 1601 3995 vivendi
1637 3937 1956 4010 przstendat
1997 3935 2154 3995 ordi-
2242 3940 2459 4007 nostra,
2491 3950 2625 4008 quas
2672 3934 2961 4009 superbiae
3006 3941 3164 4009 peste
3209 3940 3502 3995 tumuerat
3536 3934 3610 3992 ad
3642 3933 3958 4008 reprehen-

432 4043 590 4097 nem,
617 4026 874 4085 contusas
920 4031 1113 4084 tamen
1145 4031 1200 4084 et
1236 4025 1584 4084 inordinatus
1616 4025 1980 4100 cogitationis
2022 4041 2157 4085 ver-
2241 4023 2424 4082 sionis
2470 4038 2593 4083 suae
2635 4022 2944 4097 judicium,
2986 4040 3087 4098 per
3112 4023 3358 4097 gratiam
3387 4038 3448 4083 se
3476 4038 3629 4082 verae
3656 4021 3959 4081 humilita-

434 4120 521 4172 sat
555 4115 618 4172 in
647 4113 815 4172 corde
846 4113 1174 4187 caliginem.
1210 4113 1316 4172 Per
1355 4113 1617 4189 quinque
1658 4129 1796 4188 ergo
1832 4130 1992 4188 reges
2033 4112 2154 4172 Ma—
2241 4114 2314 4172 tis
2342 4114 2607 4186 inclinat,
2638 4121 2701 4172 ut
2732 4129 2867 4187 quas
2915 4129 2976 4172 se
3013 4115 3237 4174 dudum
3279 4121 3616 4188 arroganter
3642 4111 3958 4184 extulerat,

438 4203 814 4275 dianitarum,
870 4203 1131 4277 quinque
1191 4203 1501 4277 signantur
1569 4203 1824 4278 corporis
1886 4219 2094 4263 sensus
2137 4229 2147 4260 :
2235 4205 2358 4278 jam
2389 4220 2494 4261 sua
2534 4205 2682 4262 facta
2723 4203 3075 4277 dijudicans,
3101 4218 3167 4261 ac
3215 4202 3528 4276 diligenter
3582 4200 3957 4270 examinans,

439 4291 580 4367 quia
613 4306 788 4351 omne
833 4292 1063 4363 vitium,
1095 4292 1248 4365 quod
1305 4297 1504 4367 regnat
1540 4292 1603 4349 in
1639 4307 1893 4367 corpore,
1928 4291 2000 4351 ab
2029 4291 2154 4351 istis
2240 4293 2546 4352 humiliter
2579 4293 2968 4366 reprehendit.

438 4381 700 4456 quinque
743 4381 1013 4441 sensibus
1063 4382 1289 4455 pendet.
1341 4382 1388 4440 Ii
1421 4397 1555 4456 ergo
1602 4386 1742 4440 tunc
1777 4396 1811 4439 a
1845 4380 2011 4438 nobis
2048 4398 2151 4439 ex-
2310 4380 2379 4439 In
2409 4381 2589 4439 Gades
2630 4396 2786 4454 ergo,
2818 4381 2921 4456 qui
2955 4386 3039 4440 est
3076 4382 3208 4440 fons
3250 4381 3478 4456 judicii,
3508 4379 3856 4439 Amalecitas
3898 4385 3957 4438 et

435 4474 769 4548 stinguendi
811 4478 968 4546 sunt,
997 4480 1053 4533 et
1102 4474 1310 4549 gladiis
1330 4472 1733 4545 obtruncandi,
1763 4486 1901 4531 cum
1945 4471 2147 4531 adver-

436 4533 705 4625 sumunos
735 4565 801 4623 in
837 4563 990 4623 bello
1026 4533 1406 4639 consurgunt,
1435 4579 1571 4622 cum
1616 4579 1721 4622 nos
1767 4533 2215 4621 scandalizareD

440 4670 556 4713 non
605 4654 899 4714 desinunt.
934 4655 1027 4713 An
1066 4670 1179 4713 non
1225 4654 1366 4712 istos
1411 4669 1574 4727 reges
1601 4651 1918 4726 exstingui,
1951 4659 2007 4710 et
2034 4652 2155 4726 spi—

438 4745 588 4805 ritus
636 4761 915 4805 mucrone
946 4746 1129 4804 occidi
1176 4744 1440 4819 praecipit
1466 4744 1770 4815 Dominus,
1802 4759 1937 4803 cum
1986 4756 2154 4801 scan-

441 4830 785 4893 dalizantem
809 4835 1048 4905 oculum
1077 4834 1225 4906 erui,
1247 4850 1379 4894 cum
1411 4849 1675 4905 manum,
1704 4833 1795 4893 vel
1828 4833 2033 4908 pedem
2056 4832 2151 4904 ju-

440 4921 537 4982 bet
585 4922 892 4982 abscindi?
927 4950 952 4973 α
989 4923 1197 4983 Melius
1242 4929 1348 4995 est,
1380 4924 1593 4998 inquit,
1626 4938 1761 4982 cum
1809 4938 1926 4982 uno
1962 4922 2153 4994 oculo,

445 5012 532 5072 vel
579 5012 829 5073 debilem
875 5014 944 5072 ad
993 5014 1171 5073 vitam
1224 5013 1473 5087 ingredi,
1513 5027 1691 5088 quam
1738 5011 1884 5071 duos
1934 5010 2152 5081 oculos,

438 5104 613 5178 pedes
644 5147 659 5177 ,
693 5121 757 5162 ac
809 5119 1021 5164 manus
1072 5104 1379 5163 habentem
1412 5146 1427 5176 ,
1486 5102 1548 5161 in
1603 5101 1831 5160 inferna
1895 5100 2155 5175 demergi

442 5196 665 5265 (Matth.
698 5198 781 5265 v).
818 5218 840 5246 ι
864 5194 912 5252 Ii
943 5194 1115 5269 plane
1144 5200 1282 5253 sunt
1316 5208 1478 5266 reges
1508 5190 1956 5251 Madianitarum
1985 5210 1998 5249 :
2033 5189 2154 5249 Ma-

440 5284 577 5343 dian
654 5289 850 5344 autem
910 5284 1320 5357 interpretatur
1371 5284 1438 5339 de
1479 5283 1696 5353 judicio
1748 5300 1760 5339 :
1818 5280 2156 5356 quicunque

444 5374 601 5433 enim
627 5390 789 5450 reges
817 5374 1023 5450 spiritu
1053 5389 1171 5433 non
1201 5379 1502 5447 reguntur,
1532 5371 1631 5431 sed
1662 5370 1931 5431 sensibus
1959 5370 2153 5429 carnis

2242 4469 2616 4531 Amorrhaeos
2644 4469 2835 4544 gladio
2866 4477 3103 4530 vorante
3131 4469 3475 4545 dejicimus;
3505 4470 3645 4543 quia
3689 4476 3830 4530 tunc
3871 4469 3957 4529 vi-

2245 4557 2458 4618 tiorum
2507 4559 2773 4639 omnium
2820 4558 3146 4618 barbariem
3185 4559 3518 4630 sternimus,
3545 4566 3685 4617 tunc
3716 4564 3955 4631 potesta-

2245 4654 2328 4708 tes
2364 4664 2561 4708 aereas
2596 4649 2982 4708 invictissime
3026 4649 3405 4720 debellamus,
3432 4649 3480 4707 si
3520 4654 3576 4707 et
3616 4648 3956 4707 innocenter

2247 4740 2521 4809 vivimus,
2573 4744 2629 4799 et
2668 4744 2860 4799 tamen
2893 4756 3019 4800 reos
3080 4755 3206 4814 nos,
3263 4756 3329 4798 ac
3373 4739 3620 4815 peccatis
3668 4737 3957 4807 obnoxios

2236 4828 2588 4903 judicamus,
2618 4829 2872 4889 dicentes
2921 4847 3056 4889 cum
3091 4829 3366 4904 Apostolo
3394 4853 3406 4887 :
3452 4852 3473 4881 ι
3509 4828 3572 4888 Si
3603 4828 3955 4900 dixerimus,

2241 4917 2382 4993 quia
2397 4925 2696 4993 peccatum
2717 4934 2833 4976 non
2858 4918 3160 4991 habemus,
3191 4918 3573 4991 nosmetipsos
3594 4916 3955 4989 seducimus,

2240 5013 2297 5067 et
2345 5009 2562 5068 veritas
2613 5009 2674 5066 in
2722 5008 2891 5068 nobis
2941 5024 3059 5067 non
3105 5014 3190 5067 est
3235 5012 3284 5079 (Ι
3317 5012 3477 5065 Joan.
3510 5012 3576 5077 Ι).
3615 5028 3643 5060 ››
3691 5005 3761 5065 Et
3819 5013 3960 5065 tunc

2241 5100 2487 5172 Esebon,
2522 5113 2698 5174 quam
2759 5102 3112 5170 cogitationes
3162 5096 3521 5172 interpretari
3572 5095 3856 5167 diximus,
3891 5095 3954 5154 in

2241 5186 2637 5245 Israelitarum
2678 5185 2905 5261 cogitur
2947 5187 3195 5245 transire
3233 5184 3589 5255 dominium;
3628 5198 3763 5242 cum
3792 5198 3959 5241 mens

2240 5281 2436 5334 nostra
2461 5276 2532 5335 de
2565 5275 2862 5350 superbia,
2897 5275 2986 5336 vel
3032 5277 3188 5334 omni
3233 5283 3457 5335 terrena
3492 5274 3959 5348 concupiscentia

2240 5368 2581 5428 transfertur
2610 5367 2674 5426 in
2702 5383 2958 5428 amorem
2996 5367 3160 5442 regni
3191 5367 3492 5427 rcelorum.
3528 5365 3957 5440 Gogitationum

438 5463 736 5538 obedinnt,
783 5482 901 5526 non
953 5463 1026 5524 ad
1080 5462 1535 5533 misericordiam
1593 5460 1691 5520 sed
1744 5460 1816 5519 ad
1861 5458 2153 5533 judicium
2236 5459 2449 5533 quippe
2484 5464 2774 5518 certamen
2804 5473 3127 5534 numquam
3165 5454 3377 5516 Christi
3406 5462 3592 5531 potest
3617 5454 3816 5514 deesse
3840 5455 3958 5514 mi-

439 5568 504 5610 se
554 5553 838 5626 pertinere
888 5562 1188 5621 testantur.
1222 5551 1384 5613 Sicut
1428 5551 1500 5610 de
1543 5552 1801 5627 quolibet
1852 5550 2150 5609 incredulo
2238 5548 2476 5621 litibus,
2531 5548 2810 5623 quoniam
2869 5545 3059 5620 operis
3113 5545 3294 5605 nostri
3347 5561 3454 5605 nos
3503 5544 3786 5604 rectitudo
3832 5559 3954 5603 non

444 5640 697 5704 dicitur:
733 5670 760 5696 «
788 5643 901 5717 Qui
947 5651 1141 5707 autem
1186 5659 1306 5705 non
1352 5640 1549 5714 credit,
1587 5641 1711 5716 jam
1739 5639 2031 5716 judicatus
2067 5643 2152 5697 est

2242 5636 2466 5710 liberat,
2518 5637 2569 5697 si
2617 5637 2812 5713 pravis
2862 5634 2984 5696 suis
3027 5633 3471 5711 cogitationibus
3515 5649 3682 5694 meus
3730 5638 3958 5694 armata
