4170 6488
420 332 530 390 39.9

1524 320 1724 379 LIBER
1763 317 2125 388 QUARTUS,
2168 316 2389 377 EPIST.
2429 318 2545 375 XV.

3583 316 3692 369 530

417 439 712 499 Virtutibus
758 449 864 491 non
906 432 1164 503 :resultat.
1218 431 1528 490 Sulﬁciebat
1582 432 1799 503 quidem
1860 430 1997 500 legis
2029 437 2076 496 Α
2104 431 2171 486 de
2198 445 2293 487 eos
2332 432 2386 486 in
2423 431 2680 502 patibulis
2709 439 2897 488 contra
2927 430 3118 497 solem,
3149 439 3210 486 ut
3235 438 3514 487 avertatur
3541 430 3696 489 furor

421 531 661 600 antiquae
706 525 1032 591 cultoribus,
1077 534 1138 580 ut
1186 533 1335 580 recta
1379 525 1641 579 duntaxat
1669 522 2008 578 extrinsecus

418 630 678 695 agerent;
698 617 854 672 nobis
873 625 1055 672 autem
1070 616 1362 687 Evangelio
1383 614 1698 669 terribiliter
1728 613 2009 669 intonante

416 709 750 784 praecipitur,
782 716 843 763 ut
869 708 995 761 dum
1020 706 1273 776 operibus
1313 706 1494 777 pravis
1519 706 1799 770 exuimur,
1840 706 2006 759 etiam

421 800 845 874 cogitationibus
902 798 1187 870 pervigiles
1228 796 1566 853 obluctemur
1599 814 1613 851 :
1652 817 1669 849 ι
1744 796 2007 863 Audistis,

421 894 616 964 inquit,
648 891 776 961 quia
808 891 1013 946 dictum
1041 898 1127 945 est
1159 890 1399 960 antiquis
1433 908 1445 943 :
1478 888 1594 944 Non
1624 888 2007 945 mtechaberis.

423 986 536 1057 Ego
581 992 761 1038 autent
809 982 931 1037 dico
972 981 1148 1045 vobis,
1177 981 1302 1051 quia
1337 981 1650 1052 quicunque
1678 980 1871 1034 viderit
1896 995 2007 1034 mu-

422 1077 609 1131 lierem
636 1075 704 1130 ad
732 1074 1220 1144 concupiscendum
1244 1088 1393 1137 eam,
1436 1073 1549 1143 jam
1591 1072 1895 1128 mtechatus
1926 1079 2007 1127 est

423 1184 540 1224 eam
573 1169 624 1223 in
652 1167 818 1222 corde
844 1182 943 1222 suo
969 1164 1186 1238 (Matth.
1217 1164 1294 1236 v).
1341 1184 1360 1217 ›
1399 1165 1538 1220 Hinc
1560 1174 1646 1221 est
1667 1164 1810 1234 quod
1837 1162 2006 1218 Joan-

427 1276 527 1315 nes
555 1258 816 1330 Baptista,
843 1273 944 1327 per
971 1272 1130 1327 quem
1160 1256 1242 1311 lex
1268 1264 1423 1311 vetus
1449 1255 1789 1325 exprimitur,
1812 1269 2006 1310 zonam

425 1349 701 1419 pelliceam
734 1349 787 1402 in
812 1346 1009 1403 lumbis
1039 1345 1298 1401 habuisse
1318 1345 1631 1416 perhibetur
1657 1343 1871 1413 (Matth.
1904 1343 2007 1414 ιιι).

427 1439 676 1494 Salvator
700 1446 906 1499 noster,
938 1435 1031 1507 qui
1062 1444 1253 1489 auctor
1279 1442 1362 1489 est
1409 1433 1704 1504 Evangelii,
1759 1432 1903 1487 inter
1926 1447 2011 1487 se-

424 1542 568 1602 ptem
611 1529 938 1587 candelabra
985 1543 1153 1583 aurea
1192 1528 1337 1582 visus
1362 1536 1447 1583 est
1480 1542 1510 1581 a
1541 1526 1749 1582 Joanne
1781 1525 2011 1580 vestitus

426 1622 649 1693 pedere,
699 1628 754 1675 et
803 1617 1130 1689 praecinctus
1178 1617 1245 1670 ad
1295 1615 1592 1671 mamillam
1640 1629 1775 1670 zona
1820 1629 2007 1669 aurea.

424 1710 563 1778 Quid
592 1719 676 1766 est
713 1724 844 1779 ergo
865 1723 1000 1763 zona
1034 1707 1257 1778 pellicea
1292 1707 1440 1763 circa
1469 1707 1701 1770 lumbos,
1729 1705 1832 1760 nisi
1866 1705 2008 1775 quod

2112 535 2266 575 meus
2292 522 2361 577 ab
2382 520 2547 577 Israel
2576 520 2768 593 (Num.
2802 522 2950 589 xxv).
2972 541 2992 576 ›
3014 521 3152 589 Quid
3180 531 3265 577 est
3289 523 3433 593 quod
3465 522 3695 594 populus

2109 610 2425 665 in'luxurize
2459 613 2772 679 voraginem
2802 613 3022 677 labitur,
3043 622 3100 669 et
3141 614 3193 668 in
3215 629 3404 669 eorum
3434 617 3694 689 praeposi-

2110 710 2193 756 tos
2234 702 2579 757 vindicatur?
2615 702 2828 758 Subditi
2878 704 3219 774 delinquunt,
3261 715 3318 761 et
3344 708 3694 778 principesin

2108 790 2365 859 patibulis
2390 793 2829 861 suspenduntur?
2876 794 3099 851 Scilicet
3128 796 3265 851 alius
3297 805 3407 864 est,
3436 798 3526 868 qui
3566 814 3694 869 pec-

2109 890 2231 946 cat;
2262 882 2401 937 alius
2422 884 2532 949 ille,
2565 885 2657 954 qui
2689 886 2929 955 vapulat.
2960 886 3072 943 Cur
3096 889 3219 954 hoc,
3250 890 3352 945 nisi
3381 892 3507 961 quia
3540 892 3693 962 culpa

2108 971 2447 1029 subditorum
2478 974 2530 1028 in
2560 977 2970 1045 praepositorum
3009 979 3647 1051 redundatopprobrium
3675 1002 3692 1037 :

2106 1070 2162 1115 et
2206 1062 2352 1131 quod
2403 1063 2471 1117 ab
2512 1064 2705 1121 ovibus
2752 1076 3007 1135 erratur,
3067 1070 3411 1142 negligentiae
3459 1076 3695 1144 pastoris

2110 1152 2441 1207 ascribitur?
2468 1153 2534 1208 Et
2560 1154 2708 1221 vide,
2743 1171 2908 1226 quam
2958 1157 3308 1215 formidolosa
3335 1162 3409 1217 sit
3457 1164 3696 1220 conditio

2110 1243 2538 1311 praesidentium,
2590 1253 2645 1299 ut
2697 1262 2803 1301 non
2851 1248 3013 1303 modo
3059 1265 3158 1319 pro
3217 1252 3349 1317 suis,
3396 1254 3489 1308 sed
3513 1262 3570 1309 et
3596 1270 3697 1326 pro
3796 1246 3799 1249 ’

2109 1333 2446 1387 subditorum
2497 1335 2794 1404 puniantur
2840 1336 3081 1394 offensis.
3121 1341 3317 1411 Arguit
3340 1357 3435 1398 eos
3461 1343 3693 1417 Moyses,

2108 1435 2235 1489 quia
2264 1420 2344 1476 lex
2399 1422 2491 1479 Dei
2539 1424 2881 1495 negligentiae
2923 1427 3043 1483 illos
3091 1444 3156 1486 ac
3184 1433 3415 1501 torporis
3451 1445 3694 1491 accusat.

2111 1511 2213 1578 Qui
2244 1514 2523 1582 suspendit
2552 1528 2647 1579 eos
2682 1517 2969 1584 ad‘solem,
3000 1520 3256 1589 quoniam
3285 1523 3355 1577 ad
3378 1526 3699 1581 examinan-

2109 1600 2239 1654 dum
2290 1603 2685 1672 producuntur,
2742 1614 2799 1660 et
2850 1619 3155 1679 arguuntur
3205 1626 3235 1664 a
3265 1611 3405 1668 luce.
3437 1632 3457 1665 ί
3504 1614 3698 1672 Omnis

2109 1690 2308 1757 enim,»
2336 1699 2396 1746 ut
2424 1691 2686 1749 Dominus
2714 1694 2812 1760 ait,
2843 1712 2864 1750 ι
2887 1697 2980 1768 qui
3002 1697 3140 1753 mala
3174 1700 3307 1771 agit,
3340 1702 3456 1757 odit
3492 1702 3693 1771 lucem,

424 1800 664 1870 antiquis
709 1799 914 1855 dictum
942 1805 1068 1852 est:
1103 1813 1121 1847 t
1163 1794 1281 1850 Non
1310 1794 1703 1851 mmehaberis‘l
1734 1814 1754 1847 ι
1788 1793 1857 1849 Et
1880 1792 2008 1863 quid
2039 1800 2086 1859 Β
2111 1792 2165 1837 ei
2184 1798 2291 1838 “0n
2320 1784 2471 1839 venit
2491 1785 2560 1839 ad
2581 1784 2779 1852 lucem.
2807 1795 2870 1842 ιιι
2888 1802 2998 1849 non
3016 1800 3316 1861 arguantur
3340 1807 3503 1863 opera
3529 1793 3693 1864 eius:

423 1903 506 1947 est
536 1906 672 1946 zona
718 1904 889 1943 aurea
931 1889 999 1944 ad
1046 1885 1364 1951 mamillam,
1389 1885 1491 1940 nisi
1522 1885 1665 1955 quod
1687 1883 2009 1939 Christianae

425 1970 547 2038 lidei
580 1979 879 2036 cultoribus
913 1977 1112 2034 dicitur
1147 1991 1162 2031 :
1197 1994 1216 2028 t
1252 1975 1352 2043 Qui
1389 1975 1587 2031 viderit
1624 1972 1907 2031 mulierem
1940 1971 2007 2026 ad

424 2069 916 2141 concupiscendum
962 2082 1107 2133 eam,
1163 2064 1279 2135 jam
1327 2066 1631 2121 moechatus
1660 2074 1744 2119 est
1782 2078 1903 2118 eam
1953 2062 2007 2117 iu

425 2165 588 2218 corde
609 2161 751 2217 suo?
783 2179 802 2213 ι
839 2159 976 2215 llinc
998 2158 1163 2213 etiam
1190 2170 1285 2228 per
1311 2156 1628 2227 prophetam
1653 2154 1834 2209 divina
1879 2166 2009 2209 voce

429 2250 787 2320 praecipitur:
824 2266 843 2300 t
874 2246 1040 2312 Lava,
1067 2243 1389 2309 Jerusalem,
1420 2258 1451 2298 a
1482 2242 1686 2298 malitia
1714 2257 1809 2298 cor
1831 2251 2007 2308 tuum;

376 2392 385 2401 .
426 2355 706 2413 usquequo
737 2343 1095 2394 morabuntur
1117 2337 1170 2391 in
1200 2345 1251 2390 te
1273 2334 1632 2406 cogitationes
1664 2332 1845 2389 noxia:
1871 2331 2003 2404 (Jer.

428 2432 525 2503 tv).
558 2451 576 2484 ι
611 2431 679 2486 Ει
719 2431 844 2487 alibi
899 2448 914 2461 ·
960 2449 979 2482 ‹
1033 2427 1277 2493 Attendi,
1324 2424 1521 2499 inquit,
1572 2434 1628 2481 et
1678 2423 2007 2490 auscultavi;

425 2538 606 2587 nemo,
639 2521 780 2592 quod
812 2523 1009 2576 bonum
1057 2527 1160 2583 est,
1197 2519 1379 2572 hiatur
1419 2515 1719 2588 (Jenvlu).
1758 2534 1777 2569 ι
1814 2515 1882 2571 Ει
1907 2514 2008 2571 Sa-

429 2614 610 2667 lomon
666 2614 787 2666 ait:
823 2630 841 2664 (
888 2611 1126 2682 Spiritus
1175 2617 1400 2665 sanctus
1454 2606 1752 2679 disciplina:
1789 2605 2012 2678 eﬂ'ugiet

427 2702 633 2766 ﬁctum,
664 2711 719 2758 et
745 2701 957 2758 auferet
983 2714 1042 2757 se
1069 2716 1101 2755 a
1132 2699 1574 2771 cogitationibus,
1597 2714 1719 2770 quae
1737 2708 1865 2755 sunt
1891 2699 2012 2757 sine

427 2793 697 2849 intellectu
725 2792 876 2865 (Sep.
906 2792 968 2864 ι).
1003 2809 1023 2844 ι
1054 2791 1398 2861 Arripiatnus
1434 2805 1565 2861 ergo
1591 2788 1828 2860 gladium
1855 2787 2014 2859 spiri-

428 2894 531 2948 tus,
563 2894 617 2939 et
647 2893 834 2939 contra
866 2883 1252 2953 cogitationum
1283 2895 1383 2936 nos
1414 2879 1787 2935 infestantium
1809 2891 2012 2935 cuneos

428 2973 872 3029 infmderabiliter
915 2971 1256 3035 dimicemus.
1309 2969 1565 3041 Legimus
1617 2966 1806 3041 (Num.
1856 2965 2011 3039 lxv),

428 3064 551 3131 quia
582 3062 815 3117 Phinees
847 3061 1126 3127 sacerdos,
1152 3076 1277 3117 cum
1312 3059 1538 3115 vidisset
1564 3058 1865 3118 lsraelitem
1889 3074 2014 3117 cum

2112 1876 2203 1946 qui
2245 1884 2429 1931 autem
2487 1875 2620 1933 facit
2667 1879 2972 1947 veritatem,
3015 1883 3163 1943 venit
3204 1884 3272 1938 ad
3300 1883 3477 1939 lucem
3506 1885 3694 1958 (loqu.

2109 1967 2215 2036 Ill).
2251 1984 2270 2019 ι
2304 1968 2389 2023 Ad
2436 1967 2613 2024 lucem
2657 1970 2854 2041 quippe
2910 1971 3088 2038 venit,
3117 1974 3208 2042 qui
3232 1974 3445 2029 occulta
3467 1991 3564 2031 sua
3598 1991 3698 2047 per

2110 2073 2259 2129 purae
2283 2058 2641 2117 confessionis
2665 2062 2867 2117 aditum
2896 2062 3103 2132 pandit.
3128 2063 3438 2121 Curandum
3460 2074 3547 2122 est
3567 2081 3696 2138 ergo

2111 2149 2415 2205 rectoribus
2443 2150 2834 2223 Eeclesiarum,
2861 2161 2922 2207 ut
2947 2152 3091 2210 filios
3116 2168 3376 2226 generent
3400 2157 3456 2213 in
3480 2157 3647 2214 Israel
3672 2176 3694 2213 :

2110 2247 2166 2294 et
2210 2255 2318 2295 non
2367 2242 2833 2313 qualemcunque,
2876 2245 2973 2301 sed
3016 2246 3190 2303 virilis
3237 2263 3402 2304 sexus
3451 2250 3696 2307 sobolem

2112 2332 2381 2401 nutriant,
2413 2349 2533 2405 qua:
2563 2335 2813 2393 videlicet
2834 2338 2904 2393 ad
2931 2338 3287 2408 praeliandum
3312 2342 3452 2397 bella
3484 2343 3695 2400 Domitii

2111 2424 2329 2483 fortiter
2366 2429 2731 2485 convalescat.
2796 2430 3052 2502 Quisquis
3100 2433 3247 2488 enim
3294 2450 3392 2505 per
3443 2435 3698 2505 iniunctae

2110 2518 2514 2586 praedicationis
2554 2519 2789 2575 officium
2819 2519 2886 2575 ad
2934 2522 3281 2591 pugnandum
3321 2523 3457 2580 alios
3485 2525 3698 2591 incitat,

2112 2609 2208 2661 sed
2259 2606 2374 2677 ipse
2407 2623 2516 2662 non
2559 2617 2784 2680 pugnat,
2836 2609 2913 2665 illi
2961 2609 3155 2665 similis
3181 2619 3284 2675 est,
3322 2612 3412 2682 qui
3453 2612 3701 2669 buccinat

2112 2695 2455 2766 clangoribus
2506 2698 2792 2769 obstrepit,
2840 2697 2938 2754 sed
2983 2700 3243 2771 congredi
3291 2704 3541 2759 cominus
3585 2718 3696 2760 non

2112 2786 2412 2856 praesumit.
2455 2786 2555 2842 Hic
2597 2789 2782 2857 itaque
2820 2804 2931 2845 non
2965 2790 3176 2846 virilem
3212 2803 3435 2862 generat
3469 2809 3695 2864 sexum,

2115 2876 2242 2931 dum
2272 2877 2347 2933 sit
2371 2887 2527 2948 pater
2552 2879 2798 2950 ignavus.
2828 2879 2999 2947 Quem
3021 2882 3269 2951 profecto
3304 2883 3575 2956 Salphaad
3605 2888 3699 2944 ille

2115 2968 2370 3041 signavit,
2398 2971 2490 3042 qui
2520 2986 2624 3026 non
2654 2971 2849 3037 filium,
2888 2974 2981 3028 sed
3017 2974 3260 3045 quinque
3289 2977 3431 3033 ﬁlias
3453 2981 3695 3037 mosiens

2116 3061 2403 3133 dereliquit
2419 3062 2609 3135 (Num.
2626 3064 2820 3135 xxvu).
2839 3064 3108 3136 Salphaad
3130 3068 3398 3139 siquidem
3426 3071 3698 3143 interpre-

429 3151 774 3206 Madianitide
800 3158 1084 3206 coeuntem
1104 3189 1118 3214 ,
1161 3149 1448 3221 pugionem
1480 3156 1699 3219 repente
1727 3148 2010 3221 corripuit.
2036 3150 2089 3216 Ε
2114 3161 2263 3209 tatur
2286 3155 2470 3209 umbra
2507 3156 2561 3208 in
2590 3172 2678 3209 ore
2699 3155 2834 3225 ejus.
2873 3155 3131 3226 Quisquis
3153 3160 3296 3214 enim
3320 3158 3479 3215 fortia
3501 3163 3700 3231 praedi-

426 3253 482 3297 et
519 3243 838 3311 sacrilegam
878 3241 1265 3295 fornicantium
1308 3240 1486 3312 bigam
1524 3239 1715 3311 copula
1744 3240 1887 3295 inter
1915 3255 2018 3310 pu-

432 3335 604 3388 denda
635 3332 938 3387 transfodit.
989 3331 1102 3387 Hoc
1135 3330 1338 3387 factum
1377 3331 1615 3402 priorem
1667 3330 2018 3391 aedificaverit

432 3426 708 3496 populum.
752 3426 831 3480 'l‘u
880 3435 1087 3490 autem,
1134 3425 1227 3494 qui
1258 3423 1484 3479 alterius
1530 3423 1653 3478 belli
1703 3422 2015 3493 magisterio

429 3519 729 3573 instructus
770 3532 851 3581 es,
898 3526 955 3571 et
994 3515 1292 3586 spiritualis
1325 3515 1433 3569 dux
1455 3515 1657 3585 gregis,
1688 3528 1796 3569 non
1822 3527 2016 3583 corpo-

429 3609 561 3664 ralis
610 3609 829 3675 allatus,
882 3608 926 3664 si
982 3623 1143 3678 quem
1188 3607 1537 3675 conspexeris
1578 3606 1646 3661 de
1690 3605 1889 3675 populo
1922 3616 2015 3661 tuo

431 3708 552 3767 post
591 3713 809 3753 sensum
854 3697 908 3751 in
956 3695 1375 3751 Madianitarum
1406 3708 1645 3749 amorem
1674 3702 1918 3759 euntem,
1961 3701 2017 3749 et

431 3790 763 3845 illecebrosis
797 3803 857 3844 se
897 3788 1319 3859 cogitationibus
1350 3784 1706 3849 volutantem,
1737 3784 1862 3840 nolo
1890 3799 2019 3855 par-

431 3894 545 3944 cas,
578 3879 701 3933 uolo
728 3878 1050 3943 dissimules,
1074 3877 1170 3932 sed
1188 3877 1333 3932 illico
1360 3884 1605 3946 percute,
1627 3875 1744 3930 sine
1759 3874 2015 3931 dilatione

434 3968 706 4039 transﬁge.
739 3968 912 4039 Ipsam
949 3981 1166 4037 quoque
1191 3966 1403 4022 vulvam
1421 4005 1437 4032 ,
1474 3966 1527 4021 id
1551 3973 1659 4030 est,
1688 3973 1899 4020 secreta
1920 3979 2015 4019 na-

433 4070 568 4115 tura:
589 4059 902 4121 discutiens,
930 4069 1090 4127 atque
1117 4057 1306 4112 intime
1327 4065 1639 4126 penetrans,
1668 4054 1817 4111 illum
1836 4055 2014 4125 ipsum

435 4150 690 4220 peccandi
715 4150 955 4204 fomitem
983 4148 1225 4219 perfode,
1252 4163 1320 4204 ne
1344 4146 1520 4203 valeat
1542 4147 1683 4201 ultra
1707 4146 2010 4217 concipere,

436 4241 520 4296 vel
546 4241 864 4297 virulentam
895 4240 1046 4311 131
1085 4232 1348 4306 sobolem,
1373 4254 1493 4310 quas
1519 4237 1812 4294 Israelitica
1836 4246 2014 4294 castra

435 4332 797 4396 contaminet,
841 4345 1121 4402 generare.
1169 4329 1430 4397 Gladius,
1482 4329 1704 4398 inquam
1731 4368 1746 4393 ,
1793 4328 2014 4398 spiritus

438 4427 611 4493 ipsum
638 4423 892 4493 peccandi
918 4421 1362 4493 conceptaculum
1383 4419 1561 4487 feriat,
1595 4420 1687 4490 qui
1717 4419 2012 4490 petulantia

2115 3253 2228 3311 cat,
2261 3254 2317 3301 et
2343 3247 2621 3301 enerviter
2646 3247 2796 3311 vivit,
2824 3262 2892 3302 ne
2922 3249 3095 3319 turpis
3120 3260 3396 3321 appareat,
3421 3255 3577 3322 quasi
3598 3256 3702 3312 sub

2114 3334 2260 3391 foliis
2285 3350 2345 3392 se
2389 3336 2603 3392 honesti
2654 3339 2923 3395 sermonis
2968 3339 3247 3396 occultat:
3276 3343 3376 3399 sub
3417 3346 3608 3401 umbra
3639 3360 3702 3402 se

2113 3425 2317 3496 proprii
2352 3425 2467 3481 oris
2495 3426 2801 3492 abscondit,
2829 3430 2954 3482 dum
2987 3430 3041 3483 in
3080 3444 3332 3500 campum
3380 3434 3700 3491 certaminis

2113 3529 2213 3585 per
2262 3517 2344 3572 sui
2377 3517 2612 3587 torporis
2662 3517 2931 3589 ignaviam
2972 3534 3077 3575 non
3106 3522 3368 3590 procedit.
3398 3522 3497 3579 Hic
3520 3526 3702 3595 itaque

2114 3617 2375 3676 quantum
2405 3608 2471 3661 ad
2499 3621 2558 3663 se
2577 3622 2686 3664 non
2710 3607 2941 3673 virilem,
2966 3610 3060 3664 sed
3092 3610 3407 3667 muliebrem
3434 3614 3698 3680 sobolem,

2114 3705 2173 3753 et
2225 3698 2368 3754 hanc
2401 3699 2503 3755 sub
2526 3700 2776 3770 quinario
2820 3715 3048 3757 numero
3077 3711 3319 3771 generat,
3347 3704 3474 3757 dum
3505 3719 3702 3773 sequa-

2114 3800 2207 3843 ces
2256 3801 2384 3842 suos
2432 3803 2541 3842 non
2590 3788 2657 3841 ad
2710 3787 2877 3842 robur
2898 3788 3193 3857 spiritualis
3215 3790 3476 3856 audacias,
3513 3794 3696 3848 sedati

2112 3877 2283 3931 otium
2339 3876 2538 3931 educat
2582 3876 2830 3947 ignobilis
2860 3877 3004 3931 vitae.
3042 3876 3189 3944 Quos
3222 3865 3416 3949 utique
3432 3881 3558 3935 dum
3589 3898 3696 3939 non

2113 3975 2271 4021 curat
2323 3966 2588 4021 industria
2645 3981 2841 4037 pugnae
2893 3968 3192 4036 spiritualis
3246 3969 3508 4036 imbuere,
3554 3974 3701 4045 cogit

2115 4060 2475 4116 exterioribus
2507 4060 2769 4129 negotiis,
2800 4060 2952 4130 quasi
2989 4060 3228 4131 quinque
3269 4064 3546 4133 corporeis
3576 4080 3700 4121 sen-

2116 4153 2269 4208 sibus
2296 4153 2595 4208 deservire.

2186 4244 2295 4301 Has
2328 4247 2510 4315 itaque
2536 4246 2894 4316 corporalium
2932 4262 3186 4303 sensuum
3216 4261 3421 4318 portas,
3456 4250 3699 4307 dilectis-

2116 4336 2274 4401 simi,
2308 4347 2363 4392 et
2394 4338 2650 4392 vitiorum
2695 4338 3017 4393 irruentium
3061 4340 3355 4408 phalanges
3397 4343 3697 4409 obstruite,

2116 4434 2172 4479 et
2211 4426 2471 4480 virtutum
2522 4426 2879 4495 spiritualium
2926 4428 3229 4496 agminibus
3281 4431 3509 4498 aperite.
3552 4431 3701 4485 Mens
3780 4486 3783 4491 ,

439 4517 767 4572 lascivientis
819 4515 1214 4570 oblectamenta
1259 4512 1440 4567 carnis
1489 4512 1817 4582 exstinguat.
1860 4510 2014 4577 Quod
2045 4503 2317 4585 unippe
2387 4515 2574 4569 militis
2630 4514 2876 4581 Christi,
2942 4518 3096 4587 quasi
3159 4519 3315 4589 132
3379 4520 3697 4575 retiaculum

439 4625 561 4663 cum
609 4608 858 4663 omnibus
908 4621 1007 4677 pro
1049 4619 1149 4661 suo
1198 4604 1392 4673 cuique
1441 4603 1658 4658 modulo
1686 4616 1910 4657 necesse
1946 4602 2019 4656 sit

440 4716 620 4771 agere,
685 4700 791 4754 illis
853 4706 1031 4751 tamen
1080 4698 1184 4751 hoc
1232 4694 1554 4765 propensius
1600 4692 1880 4758 imminet,
1922 4693 2015 4763 qui

442 4793 618 4848 locum
662 4788 941 4861 regiminis
1005 4795 1218 4850 tenent,
1268 4786 1358 4856 qui
1407 4784 1710 4841 commissis
1758 4782 2017 4839 fratribus

442 4882 749 4954 praesident.
796 4879 942 4947 Quos
989 4878 1244 4961 nimirum
1286 4889 1509 4930 necesse
1555 4884 1658 4940 est,
1718 4881 1775 4927 ut
1826 4881 2015 4928 contra

443 4973 571 5028 vitia
618 4971 953 5027 subditorum
983 4964 1335 5022 sacerdotalis
1384 4964 1482 5018 zeli
1516 4963 1698 5019 fervor
1736 4963 2014 5025 accendat,

443 5073 498 5121 et
530 5079 652 5120 cum
700 5062 935 5118 Pbinees
980 5058 1170 5116 aeterni
1219 5054 1649 5124 sacerdotiijura
1675 5053 2016 5126 possideant;

444 5155 586 5227 quod
619 5155 662 5209 si
695 5152 916 5208 desidiae
941 5150 1089 5205 circa
1115 5148 1506 5218 delinquentes,
1547 5154 1764 5215 torpore
1801 5144 2021 5215 langue—

443 5254 621 5309 scunt,
646 5243 829 5299 nudati
853 5240 1181 5305 sacerdotio,
1212 5254 1334 5293 cum
1366 5236 1483 5291 Heli
1508 5234 1696 5292 fractis
1732 5236 1783 5289 in
1818 5245 2018 5290 terram

444 5336 745 5392 cervicibus
790 5330 841 5403 (Ι
910 5330 1035 5402 Reg.
1086 5328 1161 5398 IV)
1210 5328 1502 5384 eliduntur.
1560 5326 1695 5381 Hinc
1724 5337 1825 5397 est,
1878 5326 2019 5396 quod

443 5443 564 5482 cum
595 5423 927 5480 lsraeliticus
962 5421 1049 5476 ille
1074 5418 1302 5490 pepulus
1334 5417 1576 5471 initiatus
1600 5424 1746 5470 esset
1762 5415 2023 5484 Deelpbe—

442 5535 542 5589 ger
571 5520 623 5572 in
655 5517 895 5579 deserto,
921 5522 977 5567 et
1016 5513 1069 5565 in
1100 5519 1279 5565 scorta
1326 5508 1481 5563 Moab
1511 5507 1740 5576 turpiter
1780 5506 2022 5562 corruis-

444 5616 548 5672 set,
574 5607 748 5660 iratus
787 5602 970 5659 furore
1015 5601 1276 5657 Dominus
1298 5600 1558 5655 adversus
1581 5599 1763 5666 Israel,
1796 5601 1930 5655 dixit
1955 5602 2022 5655 ad

444 5700 663 5773 lloysen
685 5716 698 5753 :
723 5717 741 5751 ι
771 5696 920 5753 Tolle
940 5703 1162 5750 cunctos
1188 5693 1458 5764 principes
1488 5691 1686 5761 populi,
1717 5678 1771 5748 et
1794 5706 2021 5760 suspen-

734 5811 1005 5869 Parant.
1046 5790 1316 5870 chv.

2123 4606 2282 4661 debet
2345 4606 2575 4674 expandi
2607 4646 2623 4671 ,
2686 4622 2806 4676 quae
2867 4608 3075 4663 scilicet
3127 4618 3186 4663 et
3250 4610 3488 4664 inanium
3554 4611 3702 4681 cogi-

2127 4695 2390 4749 tationum
2449 4693 2669 4749 fluenta.
2711 4705 3067 4764 transponat,
3119 4704 3175 4751 et
3229 4699 3404 4752 sancti
3463 4698 3701 4767 Spiritus

2124 4785 2474 4840 incitamenta
2536 4787 2892 4855 concipiens,
2964 4787 3119 4858 quasi
3186 4788 3367 4856 pisces
3436 4788 3697 4845 includat.

2123 4873 2394 4930 Robustos
2438 4890 2536 4929 vos
2581 4884 2744 4944 atque
2776 4876 3065 4947 pervigiles
3096 4883 3391 4931 nocturnus
3422 4877 3707 4934 insidiator

2125 4963 2387 5029 inveniat,
2440 4974 2502 5018 ut
2546 4974 2875 5026 castrorum,
2903 4979 3002 5033 pro
3038 4964 3236 5034 quibus
3261 4965 3436 5028 statis,
3470 4966 3572 5021 hoc
3595 4977 3704 5031 est,

2123 5053 2369 5107 cordium
2406 5061 2710 5108 vestrorum
2738 5052 2935 5116 aditus,
2977 5068 3084 5108 non
3130 5052 3416 5125 irrumpat.
3449 5054 3703 5111 Erectum

2123 5145 2408 5200 adversum
2448 5160 2508 5201 se
2539 5159 2753 5213 semper
2789 5144 3018 5213 aspiciat
3052 5146 3232 5200 crucis
3262 5146 3587 5215 triumphale
3614 5161 3708 5201 ve-

2122 5236 2335 5301 xillum,
2359 5244 2418 5289 ut
2442 5250 2548 5289 non
2577 5251 2607 5289 a
2640 5235 2811 5299 vobis,
2841 5237 2985 5303 quod
3020 5235 3187 5299 absit,
3222 5236 3398 5291 victor
3420 5236 3705 5290 manubias

2123 5325 2347 5393 referat,
2396 5325 2490 5380 sed
2534 5332 2731 5395 prasto
2787 5322 3074 5393 dilfugiens
3122 5334 3431 5383 evanescat.
3472 5324 3706 5381 lnsistite

2122 5435 2359 5491 semper,
2390 5432 2513 5488 qua:
2556 5426 2613 5471 et
2646 5426 2796 5472 recta
2840 5426 2967 5472 sunt
3018 5418 3198 5488 agite:
3233 5424 3288 5472 et
3314 5424 3494 5469 tamen
3515 5414 3704 5471 eadem

2126 5514 2227 5568 sub
2258 5511 2503 5567 districta
2557 5508 2739 5565 cordis
2783 5508 3180 5563 examinatione
3221 5516 3481 5576 pensate;
3512 5514 3573 5560 ut
3609 5506 3704 5577 qui

2124 5601 2323 5657 vestris
2376 5591 2735 5655 tribunalibus
2790 5597 2887 5666 ipsi
2938 5611 3079 5651 nunc
3109 5604 3401 5651 trementes
3429 5596 3703 5662 assistitis,

2126 5693 2255 5747 illud
2294 5692 2498 5746 ultimae
2533 5689 2873 5745 necessitatis
2893 5703 3121 5744 examen
3161 5688 3392 5742 videatis
3428 5688 3705 5757 intrepidi,

3186 5798 3251 5858 11
