4170 6452
449 289 544 341 531

981 284 1037 341 S.
1076 286 1278 341 PETRI
1320 284 1602 340 DAMIANI
1643 285 1796 340 OPP.
1837 286 2017 341 PAIIS
2059 287 2189 344 SEU
2228 286 2463 343 TORIUS
2501 287 2540 342 ι.
2582 316 2650 329 -
2689 287 2906 344 EPIST.
2948 286 3073 343 LIB.
3115 287 3243 342 VIII.

3619 269 3727 346 552'

448 418 554 455 non
628 400 803 454 denuo
870 396 1143 465 judicandi
1174 437 1187 459 ,
1254 397 1348 451 sed
1411 396 1635 467 gloriam
1700 397 2022 468 percepturi.
2056 415 2103 473 Α
2132 399 2367 454 tionibus
2414 400 2627 455 assidue
2659 411 2989 470 perseverat.
3036 403 3101 457 Et
3128 403 3255 473 quia
3287 418 3446 459 mane
3476 407 3611 461 lueis
3638 426 3706 463 no

977 509 1313 564 EPISTOLA
1361 508 1407 563 Χ
1420 508 1501 563 VI.

997 617 1065 655 λι)
1091 617 1141 655 v.
1166 596 1495 656 srtscoezm.~

451 697 844 752 Ascuusurua.
885 718 958 732 ——-
995 691 1250 746 Octavam
1300 691 1471 745 sancti
1505 688 1730 745 Joannis
1781 689 2036 761 Baptistae

522 765 822 840 nativitatis
838 764 1035 840 eadem
1082 761 1453 822 veneratione,
1495 761 1804 840 quanipsarn
1844 762 2037 840 nativi-

526 846 689 891 tatem
720 834 1097 888 celebrandam
1128 847 1248 886 esse
1278 830 1573 885 contendit.
1602 830 1803 884 Deinde
1825 832 1891 885 de
1914 840 2038 885 octo

524 905 736 961 Veteris
765 901 1099 957 Testamenti
1141 900 1522 955 festivitatibus
1553 901 1808 969 disputat,
1837 916 2039 969 easque

525 977 594 1030 ad
636 974 960 1044 evangelica:
998 971 1119 1025 ﬁdei
1174 985 1419 1044 normam
1455 970 1741 1041 allegorica
1770 971 2033 1041 interpre-

526 1047 729 1099 tatione
755 1042 1013 1097 transfert
1032 1051 1086 1095 et
1106 1043 1500 1095 accommodat.

530 1134 734 1187 Doumo
763 1132 826 1186 γ.
862 1130 1185 1185 veneranda:
1213 1128 1520 1183 sanctitatis
1558 1129 1833 1199 episcopo,
1868 1144 1931 1185 ac
1956 1144 2041 1185 re-

456 1225 663 1295 ligiosis
701 1222 958 1277 Ecclesia:
1011 1235 1122 1274 sua:
1164 1218 1476 1287 canoriicis,
1530 1218 1747 1275 Penus
1790 1230 2043 1290 peccator

457 1316 755 1369 monachus
774 1312 1111 1367 servitutem.

531 1404 701 1461 Div-ini
738 1403 913 1458 cultus
936 1401 1255 1472 obaequium
1284 1410 1412 1455 tunc
1431 1410 1512 1456 est
1536 1401 1718 1471 procul
1742 1402 1902 1457 dubio
1927 1401 2041 1455 lan-

458 1496 527 1551 de
555 1496 798 1565 dignum,
829 1508 953 1548 cum
997 1492 1158 1546 fuerit
1208 1490 1552 1545 laudabiliter
1585 1500 2038 1545 consummatum.

459 1588 727 1642 Caeterum
751 1584 880 1654 quid
909 1582 1151 1654 prodest,
1197 1583 1243 1638 si
1274 1593 1422 1638 recte
1452 1584 1575 1653 quis
1597 1583 1869 1651 quodlibet
1906 1599 2041 1653 opus

462 1676 704 1746 incipiat,
758 1674 861 1728 nisi
905 1682 1051 1728 recto
1091 1672 1215 1726 illud
1256 1673 1360 1727 ﬁne
1401 1673 1689 1728 concludat
1729 1673 2039 1727 ?Novimus

2136 500 2265 545 stne
2303 491 2385 546 lex
2437 501 2520 547 est
2580 502 2634 547 et
2673 494 2967 563 prepheuc,
3020 508 3303 565 vesperum
3359 505 3538 552 autem
3591 499 3726 556 lucis

2136 578 2313 648 lmjus,
2345 590 2607 650 quantum
2638 583 2703 637 ad
2738 584 2985 638 ordinem
3019 593 3341 655 temporum,
3372 586 3723 659 Evangelium

2135 681 2237 735 est,
2272 673 2409 727 sicut
2439 674 2566 728 dicit
2593 674 2901 744 Apostolus,
2934 676 3000 729 ad
3044 691 3164 742 nos,
3216 675 3269 731 in
3298 693 3435 748 quos
3462 680 3595 737 lines
3626 699 3726 738 ste-

2137 750 2380 817 culorum
2400 764 2731 819 devenerunt
2750 764 2799 837 (1
2815 765 2933 819 Cor.
2956 765 3030 837 x).
3050 767 3110 820 Et
3138 768 3251 838 ipse
3278 768 3476 825 David:
3506 774 3735 833 «Elevar

2138 856 2215 909 tio
2247 870 2501 909 manuum
2528 872 2770 910 mearum
2801 857 3126 913 sacrificium
3152 862 3520 932 vespertinum
3549 865 3722 935 (Psal.

2137 949 2282 1017 cu).
2323 966 2342 999 ι
2404 946 2723 1003 Matutinum
2782 964 2994 1019 semper
3041 960 3095 1005 et
3143 954 3513 1022 vespertinum
3568 957 3726 1012 offert

2140 1037 2367 1092 Domino
2377 1038 2726 1104 sacriﬁcium,
2742 1041 2831 1109 qui
2858 1043 3206 1112 semetipsum
3222 1060 3251 1098 a
3270 1047 3619 1104 saecularibus
3635 1069 3725 1104 ne.

2139 1131 2300 1201 gotiis
2330 1140 2598 1196 mactans,
2625 1142 2874 1186 versatur
2897 1135 3112 1189 assidue
3143 1136 3197 1190 in
3250 1154 3513 1194 novarum
3543 1158 3606 1197 ac
3637 1159 3727 1197 ve-

2141 1230 2317 1275 terum
2377 1220 2817 1275 meditationibus
2864 1220 3271 1292 Scripturarum
3304 1242 3318 1279 :
3348 1227 3461 1283 sive
3510 1233 3710 1285 matuti-

2139 1324 2268 1363 num
2294 1323 2359 1362 ac
2383 1308 2749 1378 vespertinum
2786 1310 3012 1365 Domino
3040 1312 3366 1370 sacriﬁcium
3395 1315 3600 1389 jugiter
3626 1322 3728 1376 ini-

2140 1397 2429 1461 molamus,
2458 1413 2580 1451 cum
2636 1408 2691 1452 et
2718 1399 2906 1469 dignas
2947 1401 2993 1455 ei
3024 1403 3321 1471 gratiarum
3368 1408 3612 1466 actiones
3660 1413 3727 1467 de

2141 1496 2326 1542 nostra
2352 1487 2723 1556 redemptione
2756 1488 3057 1557 referimus,
3076 1489 3299 1563 ejusque
3321 1496 3727 1575 terribile..judi-

2141 1593 2283 1631 ctum
2311 1576 2686 1636 formidantes.
2706 1576 2815 1646 jam
2849 1580 3003 1649 quasi
3034 1580 3393 1641 tribunalibus
3417 1590 3723 1657 prtesidcnti

2143 1674 2434 1733 trementes
2462 1674 2719 1721 astamus.

458 1766 666 1834 itaque,
699 1762 1057 1825 dilectissimi,
1099 1762 1225 1832 quia
1264 1763 1609 1817 festivitatem
1647 1764 1785 1818 beati
1816 1762 2038 1817 Joannis
2071 1760 2117 1821 Β
2213 1754 2337 1810 Post
2366 1755 2495 1825 iuge
2546 1771 2676 1810 vero
2721 1757 3045 1813 sacriﬁcium
3101 1760 3397 1820 Sabbatum
3450 1770 3669 1839 ponitur
3706 1811 3723 1838 ,

458 1855 735 1924 Baptisttn,
785 1860 949 1922 prout
1001 1852 1221 1921 dignum
1256 1864 1360 1915 est,
1407 1853 1620 1921 quidem
1666 1852 2044 1907 venerabiliter

459 1946 659 2008 colitis,
699 1946 794 1998 sed
840 1944 1047 1998 octavis
1096 1942 1213 2012 ejus
1251 1945 1413 1998 trium
1450 1944 1740 1999 lectionum
1782 1945 2044 1998 brevitate

456 2034 719 2096 contenti,
746 2049 851 2087 non
890 2048 1031 2093 eam,
1055 2048 1162 2102 qua
1184 2033 1359 2104 dignae
1382 2042 1529 2098 sunt,
1560 2036 1918 2089 reverentiam
1951 2050 2048 2089 ex-

459 2125 679 2181 hibetis.
707 2124 841 2179 Nam
864 2126 908 2180 si
940 2125 1188 2181 lectionis
1207 2126 1533 2197 evangelicae
1576 2135 1733 2182 tenor
1760 2128 2045 2198 diligenter

462 2216 784 2280 attenditur,
815 2215 1014 2271 nullius
1044 2217 1216 2271 sancti
1263 2217 1529 2273 festivitas
1552 2218 1604 2272 in
1647 2218 1893 2273 Ecclesia
1914 2221 2044 2274 coli-

461 2319 569 2373 tur,
622 2308 779 2377 cujus
821 2309 1027 2361 octavis
1078 2316 1226 2361 tanta
1275 2308 1577 2363 reverentia
1631 2310 1907 2363 debeatur.
1956 2312 2043 2365 Ait

457 2401 600 2454 enim
641 2398 867 2469 angelus
892 2398 1172 2452 Zacharite
1204 2416 1217 2451 :
1253 2415 1270 2448 ε
1298 2398 1414 2453 Erit
1440 2398 1534 2453 tibi
1558 2398 1834 2469 gaudium,
1866 2410 1919 2452 et
1944 2416 2041 2452 ev-

458 2490 715 2555 sultatio,
771 2496 828 2541 et
886 2487 1038 2542 multi
1095 2488 1147 2541 in
1200 2487 1482 2544 nativitate
1550 2490 1668 2559 ejus
1732 2491 2045 2560 gaudebunt.

456 2582 608 2647 (Luc.
652 2579 714 2649 ι).
755 2597 773 2629 ι
818 2576 970 2643 Quod
1010 2576 1193 2645 procul
1233 2576 1396 2631 dubio
1450 2594 1553 2632 non
1582 2558 1698 2648 ipso
1739 2558 2044 2632 nativitatis

454 2668 567 2732 die,
607 2666 700 2721 sed
735 2677 929 2720 octavo
954 2667 1135 2735 potius
1169 2680 1273 2719 non
1310 2666 1603 2737 ambigitur
1623 2666 1789 2722 fuisse
1815 2667 2044 2736 comple-

458 2765 594 2821 tum.
625 2756 830 2811 Octavo
872 2755 1073 2825 quippe
1109 2756 1216 2820 die,
1255 2770 1363 2825 quo
1402 2757 1756 2811 circumcisus
1789 2766 1896 2823 est,
1934 2774 2040 2813 non

457 2855 543 2900 est
573 2846 692 2900 sine
738 2844 1030 2899 multorum
1069 2846 1263 2915 gaudio
1302 2846 1580 2901 Zachariae
1608 2847 1875 2918 angelitus
1908 2864 2045 2902 nun-

459 2939 676 3000 tiatum,
712 2946 768 2990 et
796 2936 1072 2991 Elisabeth
1103 2937 1361 2990 divinitus
1389 2937 1728 3006 inspiratum,
1759 2953 1926 3007 puero
1948 2955 2044 2993 no-

460 3043 585 3082 men
608 3027 924 3096 imponitur,
963 3041 1025 3079 os
1062 3028 1231 3095 patris
1264 3028 1405 3095 quod
1444 3028 1532 3080 diu
1572 3027 1817 3081 clausum
1843 3026 2040 3093 fuerat,

2146 1845 2394 1900 videlicet
2415 1855 2474 1899 ut
2500 1847 2567 1900 ab
2592 1848 2739 1902 omni
2755 1850 2935 1917 operis
2957 1851 3171 1906 servilis
3190 1857 3537 1914 exsecutione
3566 1877 3725 1917 vace-

2147 1950 2254 1993 tur.
2275 1938 2588 1996 Christiano
2608 1957 2737 1998 vero
2764 1945 3043 2014 spirituale
3057 1946 3348 2006 Sabbatum
3377 1969 3558 2025 agere,
3586 1968 3661 2011 est
3695 1977 3723 2014 a

2144 2029 2409 2085 laboriosa
2443 2047 2624 2086 rerum
2669 2036 3046 2105 temporalium
3097 2040 3391 2110 cupiditate
3422 2046 3725 2114 quiescere.

2144 2119 2275 2175 solis
2300 2121 2606 2176 orationum
2636 2138 2701 2179 ac
2724 2123 3015 2181 lectionum
3037 2130 3231 2187 studiis
3258 2131 3529 2198 insudare,
3553 2152 3726 2192 sa‘cu-

2146 2208 2337 2264 larium
2375 2211 2711 2280 negotiorum
2754 2216 2964 2283 pondus
2993 2217 3061 2273 de
3088 2220 3287 2276 mentis
3317 2224 3529 2279 cervice
3556 2225 3725 2296 proji-

2147 2313 2291 2363 cere,
2334 2299 2400 2353 ad
2433 2302 2842 2372 contemplanda
2885 2305 3124 2362 caelestia
3178 2318 3287 2364 tota
3316 2313 3494 2369 cordis
3556 2315 3731 2372 inten-

2146 2391 2292 2446 tione
2330 2406 2551 2457 vaeare;
2598 2393 2781 2449 carnis
2826 2396 3220 2455 oblectamenta
3272 2412 3634 2474 contemnere,
3662 2407 3729 2463 de

2144 2481 2255 2535 sola
2302 2496 2397 2551 spe
2444 2482 2747 2538 caelestium
2805 2486 3072 2556 spirituali
3097 2489 3433 2559 jucunditate
3477 2496 3726 2565 gaudere.

2144 2574 2219 2627 De
2248 2575 2350 2629 hoc
2376 2575 2520 2630 enim
2569 2576 2697 2631 dicit
2723 2577 3048 2647 Apostolus:
3080 2581 3435 2654 Relinquetur
3455 2603 3583 2658 ergo
3609 2590 3730 2644 sab-

2144 2663 2405 2718 batismus
2425 2664 2623 2733 populo
2651 2665 2744 2719 Dei
2778 2665 2965 2736 (Hebr.
2995 2670 3091 2739 tv).
3127 2672 3217 2727 llle
3246 2688 3406 2741 porro
3436 2674 3728 2733 Sabbatum

2144 2751 2371 2808 Domino
2397 2754 2666 2810 veraciter
2685 2756 2942 2825 celebrat,
2968 2762 3058 2830 qui
3090 2762 3169 2817 sic
3194 2762 3260 2816 ab
3296 2764 3401 2829 his,
3430 2782 3549 2836 quae
3581 2784 3732 2821 mun-

2144 2840 2195 2894 di
2225 2850 2353 2897 sunt
2383 2842 2659 2913 operibus,
2714 2858 2889 2914 vacat,
2934 2858 2992 2903 ut
3046 2866 3076 2905 a
3127 2853 3496 2922 spiritualibus
3550 2866 3729 2912 tamen

2143 2930 2358 2986 actibus
2388 2946 2493 2986 non
2522 2933 2785 3001 quiescat.
2817 2932 2971 2991 Unde
3001 2935 3211 2991 Veritas
3240 2938 3314 2992 ait
3351 2954 3367 2994 :
3405 2958 3423 2990 ι
3463 2942 3563 2993 Αιιι
3610 2960 3716 2996 non

2146 3014 2374 3091 legistis,
2399 3024 2522 3093 quia
2543 3027 2852 3081 sacerdotes
2873 3027 2923 3081 in
2944 3030 3146 3097 templo
3166 3028 3459 3085 Sabbatum
3486 3033 3711 3100 violant,

458 3117 724 3186 aperitur.
764 3116 830 3168 Et
853 3115 942 3184 qui
967 3124 1193 3169 eatenus
1240 3116 1547 3169 communia
1579 3116 1769 3170 saltem
1796 3116 2042 3186 proferre
2067 3101 2118 3165 (Ἰ
2146 3123 2200 3170 et
2222 3114 2338 3170 sine
2361 3116 2588 3170 crimine
2615 3119 2778 3173 sunt?
2807 3118 3074 3190 ›Ι(Μαιι1ι.
3100 3123 3219 3191 xu.)
3238 3122 3339 3189 Qui
3360 3110 3496 3192 ergo
3526 3126 3594 3181 ab
3623 3143 3719 3180 ac-

457 3207 624 3261 verba
671 3222 775 3261 non
807 3215 1039 3277 poterat,
1072 3208 1297 3278 mystica
1337 3205 1450 3275 jam
1481 3208 1810 3277 prophetalis
1833 3209 2042 3264 oraculi

458 3308 799 3355 sacramenta
854 3297 1131 3353 fundebat.
1184 3298 1379 3351 Totum
1424 3312 1554 3368 ergo
1594 3299 1870 3368 gaudium,
1898 3300 2043 3369 quod

458 3391 699 3463 angelica
724 3390 898 3446 fuerat
926 3391 1333 3446 denuntiatione
1353 3393 1701 3461 promissum,
1725 3403 1917 3448 octavo
1946 3410 2047 3449 na-

461 3484 691 3539 tivitatis
724 3484 813 3539 die
833 3484 1093 3553 probatur
1119 3483 1441 3537 exhibitum.
1474 3482 1738 3539 Nativitas
1774 3485 1954 3554 itaque
1978 3484 2040 3539 Β.

454 3574 685 3630 Joannis
706 3589 812 3629 non
843 3584 951 3628 tam
982 3574 1153 3644 gratia
1192 3574 1424 3643 propria:
1452 3574 1730 3643 dignitatis
1753 3575 2040 3643 attollitur,

458 3685 619 3738 quam
668 3668 846 3722 octavi
902 3667 985 3723 sui
1034 3666 1315 3737 privilegio
1363 3667 1672 3720 decoratur.
1703 3666 2046 3737 Quapropter

460 3758 735 3827 wquitatis
757 3758 898 3812 ratio
924 3757 1112 3819 dictat,
1138 3764 1198 3809 ut
1220 3758 1358 3810 sicut
1392 3756 1505 3824 ipsa
1536 3755 1810 3820 nativitas,
1850 3766 1904 3811 et
1927 3754 2044 3825 ejus

418 3868 421 3871 ·
458 3858 648 3902 octava
672 3846 1023 3900 nihilominus
1066 3846 1381 3908 bonoretur,
1414 3859 1479 3898 ex
1521 3858 1625 3913 qua
1653 3844 1905 3900 videlicet
1928 3847 2042 3916 ipsa

460 3937 721 3991 nativitas
756 3936 1077 4001 illustratur,
1104 3944 1161 3990 et
1186 3936 1255 3990 ab
1274 3950 1341 3987 ea
1360 3934 1609 4004 percipit,
1646 3935 1787 3989 unde
1815 3936 2045 3992 celebris

459 4036 513 4080 ct
558 4025 788 4094 insignis
831 4025 1081 4079 habetur.
1128 4023 1285 4094 133
1312 4024 1393 4078 Ab
1422 4034 1610 4078 octava
1652 4024 1921 4094 siquidem
1946 4037 2042 4081 sua

461 4115 788 4171 venerabilis
842 4115 958 4169 btec
1010 4116 1264 4169 nativitas
1293 4115 1513 4183 accipit.
1546 4115 1688 4170 unde
1731 4125 2042 4171 sanctorum

460 4205 704 4259 omnium
733 4205 1104 4259 nativitatibus
1131 4204 1421 4259 antecellit.
1443 4204 1620 4273 Atque
1641 4206 1762 4261 ideo
1784 4222 1889 4261 non
1913 4222 2041 4277 sup-

460 4311 649 4369 parcm
676 4297 746 4350 ab
766 4311 829 4351 ea
860 4304 1101 4351 meretur
1121 4296 1401 4356 honorem,
1432 4296 1517 4349 cui
1542 4297 1746 4365 praebet
1772 4310 1840 4350 ex
1866 4311 1925 4351 se
1945 4297 2041 4352 ho-

463 4389 615 4445 noris
641 4403 707 4442 ac
730 4386 961 4444 celebris
986 4388 1303 4442 reverentia:
1327 4386 1667 4457 dignitatem.
1700 4387 1813 4443 Nec
1842 4389 2040 4443 mirum

2148 3207 2354 3267 tlonum
2387 3210 2667 3263 saeculariu
2696 3232 2722 3261 ἰ
2760 3211 3038 3267 laboribus
3064 3224 3263 3277 cessat,
3296 3226 3348 3268 et
3376 3217 3568 3271 divinze
3601 3234 3722 3273 ser-

2148 3297 2332 3351 vitutis
2357 3299 2608 3366 operibus
2624 3310 2800 3364 vacat,
2834 3302 2921 3354 ille
2952 3301 3269 3359 Christianae
3287 3306 3570 3375 religionis
3585 3306 3724 3359 Sabo

2151 3391 2334 3443 batum
2365 3389 2621 3447 celebrat.
2650 3390 2755 3445 Iste
2799 3408 2904 3444 non
2944 3395 3140 3448 servile
3162 3411 3297 3463 opus
3320 3395 3470 3462 facit,
3502 3397 3628 3466 quia
3667 3407 3725 3451 et

2152 3495 2181 3533 a
2216 3481 2422 3550 peccati
2444 3485 2841 3551 perpeti-alioue
2863 3486 3114 3541 custodit.
3148 3486 3248 3552 Qui
3273 3489 3415 3541 enim
3440 3487 3569 3543 facit
3596 3503 3721 3558 pec-

2151 3581 2332 3626 catum
2354 3587 2543 3627 servus
2557 3582 2638 3627 est
2662 3577 2866 3645 peccati
2894 3574 3220 3646 (Joan.vm).
3236 3577 3344 3633 Iste
3366 3595 3472 3633 non
3492 3580 3543 3633 in
3564 3581 3726 3635 domo

2144 3672 2240 3711 sua
2272 3657 2452 3727 ignem
2501 3660 2771 3726 accendit,
2803 3661 2928 3730 quia
2976 3677 3167 3718 omnes
3193 3665 3448 3720 vitiorum
3494 3667 3732 3735 fomites,

2144 3758 2199 3801 et
2224 3748 2338 3814 irae,
2364 3757 2419 3803 et
2442 3749 2734 3805 simultatis
2763 3751 3026 3822 igniculos
3050 3769 3117 3808 ex
3144 3755 3416 3811 domicilio
3451 3773 3562 3812 suae
3584 3775 3735 3813 meu-

2147 3838 2212 3891 tis
2236 3837 2553 3908 exstinguit,
2583 3840 2651 3893 ab
2678 3839 2770 3895 illo
2795 3855 2993 3897 cavens
3039 3842 3185 3914 igne,
3219 3846 3286 3900 de
3338 3861 3446 3916 quo
3473 3849 3733 3917 scriptum

2145 3937 2230 3983 cst
2258 3946 2271 3982 :
2303 3948 2320 3980 ι
2344 3928 2424 3983 lte
2451 3928 2505 3983 in
2539 3929 2740 3985 lumine
2766 3930 2906 4000 ignis
2927 3934 3110 3998 vestri,
3141 3942 3196 3989 et
3224 3935 3277 3990 in
3308 3934 3542 4001 ﬂamma,
3570 3952 3734 4007 quam

2145 4019 2471 4075 accendistis
2518 4019 2656 4090 (Iw.
2689 4036 2720 4075 ι
2745 4020 2789 4091 ).
2822 4039 2839 4072 ι
2900 4020 3000 4077 llic
3050 4024 3282 4093 denique
3323 4024 3530 4095 pondus
3563 4026 3617 4080 in
3647 4026 3733 4080 via

2145 4126 2252 4164 non
2294 4120 2497 4180 portat,
2539 4113 2793 4181 quoniam
2855 4113 3254 4175 incurvantium
3284 4130 3343 4170 se
3390 4116 3733 4185 iniquitatum

2144 4201 2449 4267 ruderibus,
2484 4216 2579 4257 cor
2607 4217 2705 4272 per
2754 4204 3128 4274 pmnitentiam
3186 4205 3404 4276 levigat.
3434 4206 3510 4261 De
3538 4207 3736 4278 quibus

2144 4305 2241 4360 per
2263 4290 2586 4361 Prophetam
2608 4293 2804 4349 dicitur
2822 4313 2835 4348 :
2856 4314 2874 4347 ι
2894 4294 3157 4361 Quoniam
3176 4296 3487 4367 iniquitates
3503 4314 3631 4353 mete
3651 4314 3736 4352 su-

2144 4397 2441 4453 perng
2456 4392 2581 4437 sunt
2600 4392 2762 4453 caput
2789 4385 2948 4458 135
2970 4402 3169 4452 meum,
3185 4398 3236 4442 et
3260 4388 3400 4443 sicut
3415 4403 3551 4443 onus
3572 4404 3736 4460 grave

462 4483 506 4537 si
533 4480 734 4535 clarior
753 4487 807 4534 et
828 4478 1053 4549 insignis
1072 4492 1299 4548 quatque
1324 4479 1589 4533 festivitas
1617 4488 1810 4533 octavo
1834 4480 2042 4535 dierum
2075 4458 2123 4518 Ῑ)
2149 4483 2384 4544 gravatae
2429 4483 2556 4529 sunt
2602 4490 2764 4545 super
2809 4492 2893 4532 me
2935 4476 3107 4545 (Psal.
3131 4479 3364 4549 xxxvn).
3403 4498 3422 4531 ι
3471 4480 3538 4534 Et
3576 4458 3734 4549 paulo

462 4572 667 4629 circulo
688 4586 831 4625 nunc
859 4570 913 4625 in
945 4569 1186 4625 Ecclesia
1218 4570 1530 4639 proteletur,
1559 4585 1679 4625 cum
1703 4581 1826 4626 octo
1849 4572 2041 4641 przeci-

463 4680 594 4735 puas
622 4662 994 4719 solemnitates
1024 4673 1119 4730 per
1154 4674 1594 4729 unumquemque
1621 4662 1745 4715 anni
1776 4660 2041 4717 circulum

465 4757 527 4813 in.
548 4756 662 4825 lege
689 4753 857 4808 veteri
886 4751 1143 4807 Dominus
1174 4750 1472 4805 instituisse
1496 4750 1725 4818 legatur.
1754 4750 1884 4817 Quae
1914 4768 2040 4821 pro-

465 4848 607 4902 fecto
639 4846 956 4901 festivitates
988 4853 1043 4899 et
1074 4845 1231 4899 nobis
1277 4852 1423 4907 sunt,
1463 4852 1517 4897 et
1554 4843 1659 4898 illis
1707 4860 1806 4914 pro
1838 4853 2048 4914 tempo-

467 4953 586 4995 rum
635 4936 949 4992 diversitate
1011 4948 1352 4989 communes.
1408 4933 1624 4987 lllorum
1677 4934 1875 5002 quippe
1922 4944 2049 4988 sunt

467 5046 564 5101 per
590 5026 827 5083 carnalis
853 5026 1215 5082 observantia:
1234 5026 1422 5090 ritum,
1452 5032 1654 5078 nostra:
1674 5038 1889 5093 quoque
1913 5025 2049 5077 nihi-

467 5124 702 5178 lominus
751 5128 881 5176 sunt
932 5134 1094 5191 super
1118 5118 1416 5190 spirituali:
1458 5117 1831 5187 intelligentiae
1860 5133 2044 5173 sacra-

464 5224 729 5269 meatum.

534 5305 714 5358 Prima
752 5303 1018 5373 siquidem
1045 5315 1229 5356 eorum
1281 5299 1546 5354 festivitas
1573 5308 1651 5352 est
1678 5298 1808 5370 juge
1837 5298 2046 5352 sacriﬁ-

464 5394 631 5456 cium,
666 5397 808 5463 quod
844 5394 1029 5461 utique
1070 5406 1165 5461 per
1195 5388 1484 5444 continuos
1522 5387 1639 5443 dies
1668 5389 1944 5444 matutinis
1971 5404 2035 5444 ac

468 5487 790 5554 vespertinis
815 5486 1205 5551 borisjubetur
1226 5482 1410 5536 offerri
1448 5482 1642 5551 (Exod.
1673 5499 1794 5535 ut:
1822 5498 1837 5545 ;
1868 5480 2033 5539 Num.

472 5572 685 5640 sum).
742 5573 834 5627 llle
892 5575 1147 5628 nimirum
1198 5571 1339 5643 jugis
1404 5570 1655 5626 sacriﬁcii
1723 5570 2037 5625 solemnita-

408 5628 569 5720 alii”!
603 5628 826 5721 Domino
856 5662 1113 5724 celebrat,
1134 5628 1224 5730 qui
1258 5628 1308 5713 ign
1334 5658 1568 5714 caelestis
1594 5658 1790 5729 eloquii
1824 5660 2046 5715 medita-

2146 4573 2267 4634 post
2300 4581 2314 4617 :
2349 4584 2367 4617 ι
2408 4564 2723 4621 lucurvatus
2750 4582 2890 4634 sum,
2942 4576 2996 4622 et
3025 4567 3340 4624 humiliatus
3364 4582 3484 4625 sum
3533 4584 3731 4640 usque-

2146 4670 2360 4726 quaque
2383 4656 2594 4727 (lbid.).
2626 4676 2644 4709 ι
2678 4657 2783 4713 Istc
2811 4668 3073 4729 przcterea
3102 4661 3155 4716 in
3186 4661 3308 4717 loco
3343 4676 3443 4716 suo
3469 4662 3729 4726 residens,

2146 4750 2358 4820 longius
2380 4765 2485 4802 non
2527 4751 2786 4818 procedit,
2815 4752 2941 4820 quia
2972 4752 3249 4810 Christum
3276 4753 3378 4810 sibi
3410 4752 3731 4809 fundamen-

2147 4851 2260 4897 tum
2286 4841 2457 4912 ponit,
2498 4842 2552 4896 in
2589 4857 2698 4912 quo
2731 4843 2939 4898 scilicet
2989 4843 3363 4900 ﬁrmissimum
3391 4860 3503 4901 sua:
3536 4847 3735 4916 quietis

2153 4932 2515 4987 habitaculum
2547 4933 2837 4987 construit.
2877 4933 2995 5004 Ipse
3023 4936 3222 5006 quippe
3248 4935 3396 4992 locus
3424 4944 3509 4992 est
3542 4938 3607 4991 de
3627 4952 3734 5006 quo

2148 5024 2409 5093 s~riptum
2443 5033 2566 5080 est:
2605 5042 2623 5075 ε
2680 5023 2800 5079 Filii
2840 5040 3118 5081 servorum
3150 5036 3365 5082 tuorum
3410 5028 3732 5082 habitabant

2149 5114 2220 5168 ibi
2248 5112 2420 5183 (Psal.
2450 5114 2578 5181 αι).›
2612 5112 2731 5184 Ipse
2782 5115 3192 5171 fundamentum
3224 5118 3291 5173 de
3329 5132 3438 5187 quo
3490 5118 3728 5173 dicitur:

2153 5223 2171 5255 ι
2203 5205 2337 5272 Quia
2362 5204 2773 5260 fundamentum
2795 5205 2937 5259 aliud
2964 5222 3122 5261 nemo
3147 5216 3324 5276 potest
3348 5222 3566 5277 ponere,
3595 5223 3733 5277 prte-

2150 5303 2232 5348 ter
2255 5294 2306 5347 id
2326 5294 2469 5364 quod
2492 5296 2721 5363 positum
2738 5304 2842 5361 est,
2857 5283 3131 5352 Christum
3145 5294 3327 5349 Jesum
3348 5294 3402 5367 (I
3423 5295 3544 5349 Cor.
3571 5296 3673 5364 ιιι).
3706 5315 3724 5347 ι

2132 5456 2139 5461 ί
2221 5383 2400 5438 Tertia
2426 5400 2556 5439 vero
2593 5383 2857 5441 festivitas
2893 5394 2975 5441 est
3004 5384 3332 5451 Neomenite,
3366 5387 3417 5441 id
3445 5396 3549 5451 est,
3578 5399 3731 5441 none

2152 5473 2311 5528 lunte.
2355 5475 2505 5530 Tunc
2532 5485 2713 5531 autem
2745 5476 2987 5531 innovari
3034 5476 3160 5530 luna
3211 5476 3428 5540 dicitur,
3466 5492 3587 5532 cum
3628 5476 3728 5531 soli

2153 5561 2514 5634 coniungitur,
2545 5573 2602 5620 et
2638 5566 2707 5620 ab
2757 5581 2823 5621 eo
2850 5566 2917 5619 ad
2945 5566 3359 5635 concipiendum
3389 5564 3729 5637 splendorem

2155 5655 2299 5710 velut
2327 5657 2511 5712 amissi
2541 5658 2757 5713 luminis
2788 5666 3088 5728 reparatur.
3111 5658 3207 5713 Sol
3227 5656 3455 5726 justitia‘.
3480 5655 3731 5716 Christus
