4170 6466
473 364 579 421 355

1670 363 1867 419 LIBER
1906 360 2520 431 QUARTUS,,EPIST.
2564 361 2697 417 XVI.

3644 368 3750 423 334

472 481 728 551 (Malach.
772 482 869 549 tv),
908 480 1034 537 luna
1085 491 1275 537 autem.
1302 483 1475 552 primo
1510 490 1695 538 sancta
1733 477 2055 535 universalis
2083 484 2124 538 Α
2158 484 2342 546 postea
2382 475 2617 531 aedifices
2644 477 2862 531 domum
2891 483 3037 532 tuam
3074 465 3323 550 (1ὑίἀ.)ἰ
3361 479 3469 537 Sed
3502 482 3749 555 quisquis

470 573 735 639 Ecclesia,
765 573 962 628 deinde
987 588 1215 643 quaeque
1244 573 1414 629 fidelis
1462 583 1545 629 est
1571 574 1752 628 anima
1783 571 1923 640 ejus,
1955 570 2047 640 qui

470 664 726 736 splendor
773 674 856 719 est
881 663 1085 734 gloriae,
1114 673 1171 719 et
1223 667 1391 735 figura
1424 664 1739 720 substantire
1769 662 1957 734 (Hebr.
1988 660 2049 731 t),

468 753 537 808 de
564 752 731 809 radiis
757 752 1048 808 illustrata.
1071 752 1204 808 Cum
1233 768 1362 824 ergo
1381 765 1564 809 sancta
1591 752 1844 824 qualibet
1871 754 2050 808 anima

469 842 817 912 Redemptori
842 857 941 898 suo
974 844 1240 899 veraciter
1258 844 1509 898 inamore
1531 845 1899 915 conjungitur,
1929 859 2049 899 cum

467 934 515 987 ei
545 933 777 1003 denique
809 932 955 987 velut
976 932 1029 986 in
1057 934 1293 1002 sponsali
1325 934 1563 989 thalamo
1590 950 1686 1004 per
1720 935 2047 991 oblectatio-

468 1025 554 1079 nis
596 1025 801 1079 intimae
838 1023 1105 1095 glutinum
1159 1025 1475 1096 capulatur;
1523 1035 1649 1079 tunc.
1672 1024 1859 1096 procul
1888 1024 2051 1080 dubio

468 1114 867 1170 solemnitatem
902 1112 1209 1170 Neomenize
1242 1115 1505 1179 celebrat,
1544 1116 1670 1171 dum
1700 1115 2049 1172 reformatam

468 1220 527 1260 se
554 1221 584 1260 a
613 1220 849 1275 superno
877 1205 1081 1262 lumine
1107 1205 1334 1262 fratrum
1360 1222 1581 1262 suorum
1630 1207 1936 1276 aspectibus
1966 1223 2052 1261 re-

467 1306 777 1368 praesentat,
804 1297 947 1351 sicut
967 1296 1099 1351 dicit
1134 1296 1422 1366 Apostolus
1450 1314 1463 1350 :
1503 1315 1522 1349 ι
1553 1296 1653 1363 Qui
1681 1296 1922 1351 adhaeret
1945 1296 2049 1350 Do-

467 1388 634 1452 mino,
661 1403 799 1442 unus
836 1386 1060 1457 spiritus
1093 1394 1178 1442 est
1205 1385 1257 1458 (1
1282 1386 1404 1442 Cor.
1435 1384 1533 1457 vt).
1569 1406 1587 1438 ι
1632 1384 1767 1440 Nam
1794 1385 1840 1440 si
1884 1385 1938 1440 in
1966 1385 2051 1441 his

468 1478 718 1533 omnibus
744 1478 916 1532 solum
955 1477 1197 1533 exterior
1221 1476 1311 1531 ille
1356 1475 1759 1530 solemnitatum
1792 1475 1928 1529 ritus
1960 1488 2051 1529 ac-

465 1570 681 1639 cipitur,
712 1584 815 1623 non
835 1567 949 1637 jam
976 1583 1040 1622 ex
1074 1567 1160 1623 his
1187 1566 1437 1622 utilitatis
1488 1564 1689 1636 aliquid
1720 1564 1877 1621 nobis
1896 1564 2045 1620 vide-

470 1672 558 1715 tur
601 1675 761 1731 posse
804 1659 1063 1724 conferri,
1096 1659 1191 1713 sed
1242 1658 1618 1728 superstitiosa
1648 1656 1830 1726 potius
1878 1655 2045 1726 exigi,

467 1769 532 1809 ac
565 1751 759 1806 frivola
806 1749 1061 1818 judicari.
1095 1750 1231 1806 Hinc
1257 1761 1343 1806 est
1391 1749 1537 1820 quod
1587 1748 1879 1820 Apostolus
1925 1748 2043 1804 ait:

2155 564 2469 619 interiorem
2494 564 2766 621 hominem
2792 580 2950 621 suum
2974 567 3039 623 de
3067 568 3154 624 die
3187 568 3241 639 in
3269 568 3413 627 diem
3450 573 3747 629 secundum

2152 655 2395 725 Apostoli
2417 655 2741 711 sententiam
2771 654 2856 725 (II
2874 656 2996 711 Cor.
3023 658 3098 727 tv)
3116 668 3362 725 renovat,
3387 660 3634 732 quisquis
3653 678 3751 722 cor

2155 760 2311 801 suum
2344 747 2511 801 divini
2537 747 2761 803 terroris
2784 748 3054 819 ligonibus
3077 748 3285 817 sulcat;
3319 751 3421 807 iste
3445 767 3552 808 non
3583 768 3750 826 super

2153 837 2357 909 spinas,
2381 839 2475 893 sed
2506 853 2668 909 super
2689 840 2900 895 novalia
2932 840 3186 910 seminat,
3211 849 3271 895 ut
3309 844 3591 899 ceutesimi
3615 860 3743 915 pro-

2152 935 2347 982 ventus
2374 938 2613 997 segetem
2646 937 2834 984 metat.
2865 928 3018 986 Unde
3040 930 3173 986 dicit
3195 931 3484 1002 Apostolus
3513 950 3529 988 :
3562 953 3579 987 ι
3609 935 3745 1002 Quia

2151 1019 2245 1088 qui
2272 1018 2506 1072 seminat
2533 1020 2586 1073 in
2614 1020 2831 1089 spiritu,
2864 1021 2931 1076 de
2956 1022 3150 1091 spiritu
3181 1030 3348 1079 metet
3386 1024 3557 1079 vitam
3585 1035 3747 1082 azter-

2142 1125 2277 1187 Anam
2307 1108 2451 1181 (Cal.
2487 1110 2583 1181 vi).
2626 1129 2644 1162 ι
2676 1111 2778 1179 Qui
2804 1127 2935 1167 vero
2963 1113 3169 1170 fructus
3197 1125 3252 1171 et
3302 1116 3353 1170 in
3399 1116 3502 1172 hac
3531 1118 3641 1173 vita
3678 1119 3746 1174 de

2152 1198 2346 1267 spiritu
2372 1198 2721 1269 colligantur,
2752 1201 2893 1255 idem
2923 1202 3049 1259 alibi
3106 1204 3393 1275 diligenter
3430 1219 3741 1273 enumerat,

2153 1287 2343 1343 dicens
2370 1305 2385 1342 :
2423 1306 2442 1341 ι
2477 1287 2710 1345 Fructus
2732 1300 2911 1346 autem
2935 1292 3159 1362 spiritus
3188 1303 3291 1360 est,
3322 1296 3589 1364 cbaritas,
3612 1314 3742 1368 gau-

2152 1378 2323 1445 dium,
2377 1394 2505 1449 pax,
2544 1379 2827 1450 patientia,
2864 1380 3268 1453 longanimitas,
3300 1386 3537 1454 bonitas,
3582 1388 3739 1444 beni-

2150 1474 2348 1543 gnitas,
2402 1477 2782 1544 mansuetudo,
2836 1478 2988 1545 fides,
3046 1479 3342 1545 modestia,
3386 1482 3739 1551 continentia,

2150 1564 2376 1619 castitas
2415 1563 2561 1635 (Gal.
2591 1566 2668 1635 v).
2700 1585 2720 1619 ι
2751 1566 3010 1636 Quisquis
3033 1568 3196 1640 igitur
3216 1569 3315 1625 hos
3343 1568 3555 1627 fructus
3596 1572 3739 1629 intra

2150 1666 2261 1706 suae
2288 1654 2486 1708 mentis
2512 1654 2767 1710 horreum
2795 1655 3016 1727 colligit,
3045 1657 3134 1711 hic
3153 1658 3523 1728 proculdubio
3542 1659 3742 1717 solem-

2150 1743 2379 1799 nitatem
2413 1742 2683 1800 Novorum
2711 1745 3003 1802 salubriter
3026 1746 3177 1806 colit.

473 1862 492 1895 ι
524 1842 691 1897 Nemo
714 1840 972 1911 dijudicet
993 1856 1090 1896 vos
1116 1841 1169 1895 in
1199 1841 1355 1919 cibo,
1373 1849 1468 1895 aut
1509 1848 1657 1911 potu,
1695 1840 1869 1895 autin
1894 1852 2049 1910 parte
2079 1835 2125 1893 Β
2223 1831 2427 1889 Deinde
2477 1834 2726 1905 sequitur
2767 1835 3036 1892 festivitas
3076 1837 3279 1894 mensis
3318 1838 3559 1910 septimi,
3618 1856 3741 1911 qua:

468 1935 571 1990 diei
598 1933 742 1996 festi,
777 1942 871 1988 aut
891 1933 1197 1998 neomenia,
1228 1942 1318 1987 aut
1351 1931 1611 1997 Sabbato,
1633 1946 1753 2001 qua}
1782 1941 1907 1987 sunt
1935 1948 2049 1985 utn-

468 2026 566 2080 bra
595 2025 902 2078 futurorum
925 2022 1155 2092 (Coloss.
1187 2022 1273 2094 ιι).
1306 2040 1325 2074 ι
1360 2020 1513 2089 Quod
1570 2036 1702 2092 ergo
1750 2028 1878 2075 tunc
1929 2029 2048 2075 erat

468 2115 658 2170 umbra
709 2114 1010 2168 futurorum
1054 2112 1263 2176 Judaro,
1304 2125 1447 2166 nunc
1492 2118 1576 2166 est
1601 2110 1863 2166 exhibitio
1902 2127 2045 2181 prae-

470 2204 702 2259 sentium
738 2202 1092 2259 Christiano:
1133 2209 1190 2255 et
1216 2199 1358 2272 quod
1423 2200 1526 2255 illis
1577 2201 1761 2254 datum
1815 2209 1902 2255 est
1946 2200 2047 2255 sub

468 2293 829 2349 exterioribus
878 2290 1238 2355 caeremoniis,
1295 2288 1451 2344 nobis
1491 2287 1690 2343 factum
1719 2296 1802 2344 est
1851 2287 2048 2343 instru-

469 2393 709 2440 mentum
756 2383 1123 2454 intelligentia:
1171 2381 1485 2453 spiritualis.
1548 2380 1699 2437 Tunc
1737 2381 1882 2436 enim
1920 2396 2048 2437 neo-

470 2475 727 2539 meniam,
757 2476 861 2531 hoc
915 2484 1020 2540 est,
1051 2487 1206 2528 novae
1239 2472 1378 2527 lunae
1421 2472 1649 2528 colimus
1693 2482 1894 2538 ortum,
1923 2487 2046 2528 cum

468 2574 705 2620 veterem
739 2564 1054 2634 deponimus
1083 2563 1377 2628 hominem,
1422 2570 1478 2617 et
1513 2570 1717 2617 sanctae
1757 2576 2049 2619 conversa-

467 2657 631 2712 tionis
660 2657 932 2711 induimus
954 2657 1273 2712 novitatem.

535 2748 742 2816 Quarto
763 2748 883 2803 loco
910 2747 1187 2804 Paschalis
1207 2747 1347 2817 apud
1369 2746 1489 2803 illos
1518 2746 2041 2817 festivitas‘ponitur,

468 2838 522 2893 in
550 2854 655 2908 qua
687 2854 829 2894 nunc
859 2838 999 2908 apud
1030 2854 1128 2894 nos
1155 2837 1342 2910 Agnus
1376 2838 1484 2903 ille,
1518 2838 1611 2909 qui
1652 2838 1791 2893 tollit
1820 2846 2044 2908 peccata

467 2931 674 2993 mundi,
714 2944 814 2999 pro
841 2929 1005 2984 totius
1030 2928 1211 2983 saeculi
1264 2928 1439 2985 salute
1467 2936 1737 2983 mactatur
1763 2927 1944 2998 (Joan.
1982 2926 2043 2997 ι).

466 3019 601 3075 Nam
630 3020 826 3090 pascha
858 3027 1099 3073 nostrum
1135 3018 1440 3073 immolatus
1469 3028 1551 3073 est
1577 3018 1826 3073 Christus
1846 3015 1900 3083 (I
1919 3014 2044 3070 Cor.

2141 1924 2351 1993 dicitur
2376 1924 2678 1996 Clangoris,
2702 1927 2817 1982 sive
2839 1926 3135 1983 Tubarum.
3162 1926 3255 1984 Sic
3276 1930 3422 1984 enim
3451 1929 3595 1987 inter
3624 1931 3741 1987 dies

2142 2001 2413 2087 'septimus
2432 2018 2667 2090 quisque
2699 2019 2900 2075 dicitur
2929 2020 3247 2088 Sabbatum,
3286 2021 3361 2075 ita
3388 2021 3737 2078 nihilominus

2144 2114 2202 2162 et
2229 2107 2369 2162 inter
2403 2122 2637 2176 menses,
2668 2109 2760 2179 qui
2788 2109 3049 2179 septimus
3080 2117 3187 2177 est,
3213 2110 3418 2168 dicitur
3437 2109 3736 2168 Sabbatum

2146 2197 2439 2262 mensium,
2481 2207 2539 2252 ut
2570 2199 2737 2254 etiam
2763 2197 3062 2255 Sabbatum
3088 2199 3463 2256 sabbatorum.
3497 2199 3630 2269 Quis
3651 2211 3740 2257 est

2142 2302 2212 2360 au
2220 2295 2326 2342 tem
2342 2287 2564 2360 clangor
2579 2289 2670 2347 ille
2684 2289 2959 2357 tubarum,
2973 2291 3063 2347 cui
3080 2291 3379 2349 debeamus
3402 2307 3585 2348 annua
3600 2292 3738 2350 festa

2145 2376 2474 2446 persolvere,
2492 2378 2595 2434 nisi
2609 2379 2924 2451 evangelica
2939 2387 2996 2436 et
3015 2380 3312 2452 apostolica
3331 2382 3601 2452 doctrina,
3618 2400 3741 2456 qua:

2150 2478 2409 2539 tanquam
2428 2468 2652 2527 caeleste
2678 2471 2997 2538 tonitruum,
3022 2486 3087 2528 ac
3110 2472 3370 2537 terribilis
3390 2472 3619 2531 buccina
3642 2492 3743 2531 nos

2147 2562 2216 2616 ad
2236 2561 2573 2632 procinctum
2605 2560 2905 2633 spiritualis
2919 2563 3123 2619 militiae
3147 2574 3405 2635 provocat
3429 2584 3445 2620 :
3490 2575 3655 2636 atque
3681 2578 3741 2621 ut

2146 2665 2246 2721 pro
2258 2651 2455 2707 castris
2471 2650 2817 2722 imperatoris
2830 2652 3022 2708 aeterni
3038 2661 3229 2711 contra
3245 2656 3501 2725 nequitia:
3514 2656 3742 2727 spiritus
3836 2704 3841 2705 κ

2147 2741 2593 2799 infmderabiliter
2624 2743 2969 2826 dimicemus,
2998 2744 3253 2816 instigat?
3279 2744 3413 2813 Quis
3460 2755 3546 2802 est
3585 2762 3736 2818 ergo,

2148 2833 2238 2904 qui
2279 2833 2529 2888 tubarum
2553 2834 2669 2889 sive
2690 2832 2958 2906 clangoris
2982 2833 3181 2891 festum
3210 2836 3448 2908 legitime
3474 2838 3739 2904 celebret,

2149 2924 2253 2980 nisi
2275 2924 2367 2995 qui
2391 2922 2701 3005 scripturas
2720 2924 2934 2981 Veteris
2956 2940 3021 2981 ac
3044 2926 3179 2982 Novi
3202 2928 3532 2984 Testamenti
3561 2930 3745 2985 studet

2150 3018 2205 3073 in
2236 3018 2474 3073 armario
2498 3032 2610 3073 suae
2656 3017 2854 3073 mentis
2887 3017 3183 3087 includere,
3234 3034 3299 3075 ac
3331 3029 3601 3090 praecepta
3626 3035 3741 3076 cm-

465 3110 543 3180 v).
572 3109 707 3164 llnic
729 3109 1076 3164 continuatur
1112 3108 1398 3172 festivitas,
1434 3123 1555 3177 quae
1591 3107 1786 3163 dicitur
1812 3107 2049 3179 Azymo~
2151 3107 2306 3165 lestia
2355 3108 2532 3165 tenaci
2586 3122 2802 3178 semper
2842 3109 3117 3164 memOria:
3166 3110 3588 3164 commendare?
3618 3109 3744 3165 llzec

466 3215 606 3264 rum,
636 3201 689 3254 in
714 3214 820 3269 qua
849 3198 1179 3269 praecipitur,
1231 3205 1288 3252 ut
1316 3213 1348 3253 e
1382 3198 1595 3253 cunctis
1643 3197 1890 3254 domibus
1916 3197 2048 3269 abji-
2074 3182 2123 3247 θ
2154 3201 2333 3271 itaque
2346 3199 2483 3256 festa
2505 3199 2906 3256 celebrantibus
2932 3201 3036 3256 rite
3049 3214 3148 3272 per
3164 3200 3488 3271 Prophetam
3512 3201 3739 3257 dicitur:

470 3292 647 3346 ciatur
671 3305 832 3345 omne
858 3289 1209 3345 fermentum.
1236 3289 1407 3355 Quam
1463 3289 1648 3359 utique
1678 3288 2046 3357 festivitatem,

465 3399 587 3453 quas
613 3382 865 3437 videlicet
893 3396 998 3437 una
1029 3397 1151 3437 cum
1180 3381 1384 3436 Pascha
1409 3381 1643 3437 dicenda
1673 3390 1777 3447 est,
1810 3396 1910 3438 nos
1958 3396 2048 3436 ve-

468 3473 674 3527 raciter
700 3471 1059 3537 celebramus,
1097 3470 1142 3524 si
1167 3468 1491 3525 fermentum
1524 3470 1744 3526 malitia:
1778 3478 1833 3525 et
1860 3470 2050 3539 nequi-

467 3564 557 3617 tia:
597 3564 664 3618 de
690 3562 1037 3617 tabernaculo
1075 3561 1247 3616 nostri
1293 3561 1474 3615 cordis
1521 3561 1822 3631 abjicimus,
1854 3571 1910 3616 et
1938 3562 2050 3616 sin—

467 3651 710 3707 ceritatis
745 3666 810 3706 ac
838 3649 1081 3705 veritatis
1110 3664 1297 3719 azyma
1333 3649 1685 3705 custodimus.
1738 3648 2048 3705 Cavendum

467 3752 552 3798 est
572 3757 722 3812 ergo,
746 3756 815 3796 ne
841 3741 912 3797 sit
940 3741 995 3796 in
1025 3740 1296 3796 mentibus
1320 3741 1519 3796 nostris
1546 3739 1892 3797 adumbratio
1917 3740 2046 3810 fuci,

467 3832 772 3903 corruptela
798 3831 1073 3899 fermenti,
1101 3846 1330 3886 caverna
1354 3832 1646 3897 mendacii;
1678 3832 1771 3888 sed
1794 3834 1973 3904 potius
1995 3835 2048 3889 in

469 3921 629 3977 domo
651 3921 821 3976 nostri
848 3921 1083 3991 pectoris
1101 3920 1278 3992 vigeat
1305 3928 1359 3976 et
1380 3920 1635 3991 puritatis
1663 3922 1964 3997 integritas,
1995 3933 2050 3978 et

470 4011 713 4067 soliditas
740 4011 1003 4067 veritatis.
1254 4018 1257 4023 '

514 4102 668 4173 .Post
694 4106 852 4171 hanc,
876 4103 966 4158 illa
998 4101 1263 4158 festivitas
1290 4103 1554 4174 sequitur,
1584 4118 1705 4173 quae
1729 4103 1929 4159 dicitur
1950 4103 2051 4159 No-

468 4209 679 4257 vorum,
719 4210 841 4249 cum
872 4193 1126 4265 primitia:
1159 4193 1369 4249 scilicet
1415 4193 1482 4249 de
1507 4193 1662 4248 novis
1699 4191 1945 4265 frugibus
1968 4192 2050 4249 of-

472 4285 735 4341 feruntur.
763 4284 896 4339 Cum
925 4284 1072 4339 enim
1096 4284 1164 4339 ad
1193 4285 1560 4341 maturitatem
1586 4294 1829 4357 segetum
1858 4300 2051 4357 perve-

472 4368 638 4439 nitur,
665 4384 791 4431 tunc
815 4375 868 4429 in
890 4374 1222 4445 perfectione
1253 4376 1514 4431 bonorum
1539 4373 1809 4431 fructuum
1839 4376 2047 4432 auctori

470 4468 735 4526 bonorum
764 4470 874 4525 Deo
894 4469 1161 4527 festivitas
1184 4470 1380 4540 agitur.
1407 4466 1515 4524 Nos
1541 4482 1753 4538 quoque
1778 4465 2048 4521 Novorum

2157 3307 2178 3342 ι
2206 3288 2395 3344 Canite
2426 3288 2583 3343 initio
2610 3288 2812 3344 mensis
2837 3289 2965 3344 tuba
2992 3288 3046 3344 in
3073 3288 3161 3344 die
3185 3288 3383 3360 insigni
3421 3288 3739 3345 solemnitao

2141 3348 2221 3437 |tis
2242 3389 2438 3435 vestra:
2467 3378 2641 3451 (Psal.
2672 3380 2859 3451 Lxxx).
2897 3399 2917 3433 ι

2220 3470 2352 3527 Post
2396 3470 2538 3524 hanc
2567 3477 2651 3525 est
2681 3477 2737 3524 et
2782 3468 2871 3523 illa
2914 3467 3203 3535 festivitas,
3261 3484 3385 3539 quae
3435 3469 3743 3526 celebratur

2149 3562 2359 3619 decima
2399 3561 2488 3617 die
2513 3562 2718 3617 mensis
2742 3561 2980 3632 septimi,
3014 3561 3069 3617 in
3112 3577 3218 3632 qua
3249 3562 3500 3619 videlicet
3529 3564 3743 3620 animas

2152 3670 2277 3711 suas
2325 3652 2498 3710 Judati
2545 3654 2933 3725 praecipiuntur
2958 3652 3218 3726 afﬂigere.
3266 3654 3374 3711 Nos
3399 3656 3566 3712 etiam
3594 3657 3737 3713 hanc

2152 3748 2257 3803 rite
2306 3746 2703 3802 solemnitatem
2762 3746 3011 3809 colimus,
3042 3761 3168 3802 cum
3219 3760 3442 3801 carnem
3497 3757 3741 3803 nostram

2153 3837 2515 3892 maceratione
2565 3836 2895 3905 castigamus
2935 3835 3151 3901 inediae,
3205 3850 3329 3890 cum
3382 3837 3744 3907 nosmetipsos

2151 3928 2497 3997 reprimimus
2530 3925 2632 3981 sub
2671 3934 2837 3980 arctae
2866 3925 3109 3980 custodia
3140 3923 3475 3995 disciplinae;
3504 3942 3626 3981 cum
3655 3928 3746 3982 de-

2151 4020 2313 4089 nique
2363 4016 2672 4088 petulantes
2740 4016 3039 4072 carnalium
3090 4016 3404 4086 passionum
3460 4016 3743 4075 illecebras

2150 4108 2533 4179 crucifigimus,
2573 4123 2695 4164 cum
2726 4121 2922 4177 corpus
2970 4115 3217 4161 nostrum
3256 4121 3353 4177 pro
3410 4104 3639 4162 Domino
3668 4106 3749 4161 la-

2151 4199 2372 4255 boribus
2397 4207 2453 4255 et
2481 4197 2741 4254 arumnis
2772 4196 3082 4261 atterimus,
3113 4210 3237 4251 cuni
3278 4196 3592 4253 interiorem
3650 4197 3747 4253 ho-

2153 4290 2354 4345 minem
2381 4302 2479 4360 per
2506 4286 2943 4359 compunctionis
2970 4296 3035 4341 ac
3061 4283 3286 4342 ﬂetuum
3338 4285 3574 4343 lamenta
3622 4303 3742 4343 ma-

2153 4390 2382 4438 ctamus.
2411 4379 2564 4436 Hanc
2589 4378 2753 4451 igitur
2777 4378 2934 4434 nobis
2957 4377 3063 4433 hoc
3092 4377 3253 4435 modo
3280 4376 3633 4435 festivitatem
3659 4393 3750 4435 ce-

2156 4470 2490 4527 lebrantibus
2525 4468 2910 4540 repmpitiatur
2956 4468 3068 4534 ille,
3096 4483 3258 4539 quem
3299 4469 3581 4539 proposuit
3604 4467 3748 4526 Deus

473 4563 732 4619 solemnia
767 4564 1027 4635 gerimus,
1054 4562 1100 4619 si
1137 4531 1288 4634 prius
1317 4576 1506 4633 agrum
1558 4531 1731 4617 nostri
1761 4559 1942 4616 cordis
1972 4560 2051 4614 di-
2080 4531 2133 4592 Ῑ)
2156 4558 2565 4629 propitiatorem
2584 4531 2701 4628 .per-
2719 4555 2878 4612 fidem
2908 4556 2964 4613 in
2994 4531 3256 4629 sanguine
3284 4531 3401 4613 suo.

474 4652 712 4723 seiplinte
750 4667 969 4707 vomere
1016 4650 1445 4721 proscindentes,
1496 4649 1755 4705 virtutum
1807 4647 2050 4719 germina

472 4744 797 4815 spargimus,
828 4755 886 4797 ut
920 4742 1043 4797 boni
1072 4741 1411 4813 postmodum
1436 4739 1616 4812 operis
1638 4738 1909 4795 frumenta
1941 4752 2053 4792 me-

478 4843 671 4887 tamus.
703 4830 852 4887 Unde
876 4846 973 4902 per
998 4832 1312 4902 prophetam
1335 4830 1533 4885 dicitur
1562 4847 1575 4883 :
1604 4847 1625 4881 c
1660 4827 1863 4883 Novate
1896 4826 2052 4898 135

480 4920 630 4977 vobis
648 4921 855 4985 novale,
882 4929 935 4976 et
956 4920 1121 4975 nolite
1149 4934 1330 4976 serere
1351 4934 1515 4990 super
1538 4918 1726 4988 spinas
1751 4917 1885 4988 (Jer.
1916 4918 2046 4987 IV).)

481 5012 553 5068 De
577 5013 719 5067 bono
743 5012 951 5067 scilicet
974 5012 1210 5083 agricola
1235 5010 1489 5067 Salomon
1525 5012 1603 5066 ait
1630 5027 1644 5064 :
1679 5028 1697 5061 ι
1733 5008 1833 5077 Qui
1863 5024 2055 5079 opera-

480 5111 564 5159 tur
588 5102 787 5158 terram
826 5116 1000 5165 suam,
1054 5101 1303 5156 inaltabit
1349 5115 1602 5156 acervum
1660 5098 1874 5171 frugum
1914 5100 2053 5170 :qui

478 5205 735 5264 operitur
781 5194 1068 5264 justitiam,
1108 5194 1225 5264 ipse
1273 5194 1599 5249 exaltabitur
1652 5193 1845 5263 (Eccli.
1874 5192 1990 5264 xx).
2029 5210 2048 5244 ι

477 5281 555 5337 De
606 5283 894 5354 negligenti
943 5297 1159 5362 quoque
1194 5282 1444 5352 operario
1491 5284 1631 5338 idem
1691 5281 1867 5339 dicit:
1898 5300 1917 5334 ‹
1953 5281 2057 5335 Per

478 5388 665 5443 agrum
719 5374 955 5430 hominis
1006 5373 1144 5445 pigri
1192 5374 1439 5440 transivi,
1479 5382 1536 5428 et
1561 5389 1657 5443 per
1686 5374 1897 5427 vineam
1951 5371 2054 5425 viri

477 5464 659 5529 stulti;
690 5472 746 5518 et
768 5478 894 5520 ecce
917 5471 1087 5519 totum
1116 5462 1458 5534 repleverunt
1483 5464 1690 5531 urticae,
1728 5475 2058 5534 operuerunt

2228 4648 2432 4705 Octava
2460 4662 2611 4714 vero,
2640 4662 2762 4718 qua:
2788 4655 2844 4703 et
2865 4646 3051 4703 ultima
3083 4647 3402 4704 solemnitas
3420 4655 3525 4714 est,
3547 4646 3748 4704 dicitur

2160 4738 2515 4811 Scenopegia,
2546 4740 2652 4795 hoc
2675 4748 2780 4805 est,
2811 4738 3303 4806 tabernaculorum,
3330 4753 3450 4808 quae
3493 4739 3747 4795 videlicet

2158 4829 2562 4901 quintodecimo
2590 4830 2678 4885 die
2701 4829 2943 4900 ejusdem
2974 4829 3188 4900 septimi
3212 4828 3415 4886 mensis
3436 4829 3626 4901 incipit
3653 4846 3745 4886 ce-

2158 4921 2379 4979 lebrari.
2393 4920 2633 4978 Laetatur
2644 4921 2788 4977 enim
2802 4920 2944 4976 Deus
2964 4920 3018 4974 in
3036 4928 3110 4985 te,
3126 4934 3250 4975 cum
3269 4928 3321 4975 te
3333 4921 3486 4991 quasi
3504 4923 3712 4993 peregri
3733 4951 3744 4962 -

2158 5028 2288 5067 num
2304 5011 2499 5078 cernit,
2515 5018 2571 5067 et
2582 5010 2822 5067 exsulem
2844 5028 2857 5065 :
2877 5018 2931 5065 et
2949 5023 3054 5063 non
3086 5010 3141 5065 in
3155 5010 3347 5080 patria:
3360 5010 3635 5078 domibus,
3650 5012 3745 5067 sed

2161 5103 2213 5157 in
2245 5102 2419 5158 exsilii
2468 5100 2830 5158 tabernaculis
2878 5099 3143 5170 conspicit
3190 5101 3548 5157 habitantem.
3586 5101 3745 5156 «Non

2166 5192 2330 5265 136'
2358 5194 2500 5249 enim
2529 5195 2618 5249 hic
2659 5194 2922 5248 habemus
2971 5202 3281 5250 manentem
3311 5194 3608 5257 civitatem,
3652 5196 3746 5250 sed

2163 5283 2400 5337 futuram
2438 5282 2762 5351 inquirimus
2820 5280 3010 5353 (Hebr.
3046 5283 3190 5354 xtn).
3238 5304 3257 5338 ι
3291 5285 3425 5353 Cum
3474 5283 3619 5339 enim
3659 5283 3749 5339 hic

2161 5373 2434 5429 cernimus
2462 5387 2560 5441 per
2602 5372 2797 5428 molem
2835 5374 3103 5443 corporis,
3132 5375 3441 5430 habitamus
3468 5382 3651 5429 autem
3691 5375 3744 5429 in

2161 5464 2299 5521 ctelo
2311 5479 2410 5535 per
2434 5464 2667 5519 studium
2698 5464 3034 5530 intentionis,
3074 5481 3193 5521 cum
3228 5474 3482 5535 tanquam
3512 5463 3749 5520 viatores

479 5540 819 5625 superficiem
848 5555 965 5624 ejus
990 5556 1248 5625 spitim,et
1271 5556 1506 5611 maceria
1528 5556 1762 5627 lapidum
1789 5558 2061 5614 destructa
2165 5558 2383 5629 quidam
2403 5597 2418 5624 ,
2448 5564 2503 5613 et
2523 5556 2770 5622 adventa,
2795 5571 2893 5627 per
2920 5557 3235 5625 despectum
3279 5554 3476 5610 mentis
3514 5569 3747 5625 praesen-

479 5642 790 5715 erat(Proe.
813 5647 985 5716 xxiv).
1015 5663 1033 5697 ι
1067 5644 1369 5701 Etiterum:
1401 5665 1419 5697 ι
1437 5644 2065 5717 Praepara,inquit,foris
2167 5650 2238 5704 tia
2262 5658 2457 5706 cuncta
2489 5648 2936 5712 transcurrimus,
2958 5648 3025 5702 ad
3052 5662 3344 5717 supernam
3366 5636 3496 5709 vero
3516 5647 3746 5719 patriam

480 5755 614 5811 opus
660 5749 833 5809 tuum,
858 5749 915 5798 et
960 5738 1248 5812 diligenter
1308 5754 1504 5797 exerce
1542 5755 1730 5810 agrum
1783 5750 1954 5811 tuum,
2006 5751 2065 5797 ut
2166 5742 2342 5799 anxiis
2372 5741 2762 5798 desideriorum
2791 5740 3045 5811 gradibus
3073 5738 3411 5809 festinamus,
3444 5747 3626 5795 tunca
3653 5754 3750 5793 no-
