4170 6470
521 361 628 416 3'7

1756 361 1974 421 LIBER.
1995 357 2320 427 QUINTUS,
2350 362 2567 420 EPIST.
2606 365 2648 421 Ι.

3677 368 3782 423 538

520 491 682 546 quam
733 475 800 530 ad
840 491 954 528 rem
997 474 1229 538 veniam,
1255 477 1399 546 quod
1447 491 1599 531 mens
1635 478 1903 546 suggerit,
1953 487 2098 531 coru—
2130 474 2182 537 Α
2211 477 2334 533 tatis
2356 493 2518 549 opera
2540 497 2676 537 vana
2706 483 2814 537 sint
2835 498 3084 553 prorsus,
3129 499 3193 540 ac
3215 484 3434 548 frivola.
3459 485 3699 556 nullique
3727 489 3782 542 in

522 568 778 638 pendiose
809 569 1155 638 prmwittam.
1185 569 1536 640 Philosophus
1557 570 1777 642 qni-dam
1802 569 1917 642 (93)
1941 578 2104 626 nocte

523 659 652 713 dum
695 659 974 713 stellarum
1000 675 1215 727 cursus,
1248 672 1306 716 et
1331 671 1542 717 meatus
1561 662 1807 719 siderum
1835 663 2104 720 subtiliter

523 751 842 816 rimaretur,
891 751 944 806 in
989 764 1212 824 puteum
1264 764 1484 825 nepente
1528 758 1759 822 corruit,
1799 768 1856 812 et
1907 759 2102 825 hianti,

523 841 666 896 sicut
714 841 943 906 dicitur,
995 843 1333 900 immanitate
1381 846 1705 916 profundum
1757 856 1811 904 et
1851 849 2105 905 obscenis

519 928 800 985 sordidum
855 931 1198 1000 sq-ualoribus
1243 934 1458 1005 [denum
1509 935 1644 1008 (93).
1693 937 1792 992 cui
1845 939 2102 993 nimirum

518 1020 845 1092 philosopho
884 1023 1182 1080 domstica
1224 1034 1344 1080 erat
1399 1027 1598 1082 ancilla
1649 1029 1872 1084 nomine
1911 1029 2103 1095 lam-bi,

523 1125 646 1180 quae
677 1110 730 1165 in
758 1111 1036 1167 dominum
1069 1128 1228 1169 suum
1276 1115 1464 1182 libere,
1515 1132 1579 1174 ae
1607 1120 1906 1188 prudenter
1951 1121 2103 1176 inve-

525 1216 635 1268 cta,
675 1220 774 1276 per
823 1215 1059 1261 metrum
1105 1207 1426 1276 iambicum,
1459 1211 1602 1280 quod
1646 1225 1714 1266 ex
1757 1227 1823 1268 ea
1873 1221 2108 1283 postmo-

527 1295 655 1350 dum
707 1297 815 1352 tale
867 1311 1065 1354 nomen
1116 1301 1362 1369 accepit,
1419 1315 1584 1372 super
1629 1317 1694 1357 eo
1752 1303 2107 1372 plausibiliter

525 1389 662 1444 dixit
695 1407 710 1442 :
747 1407 767 1442 ι
800 1389 1079 1454 Dominus,
1121 1391 1317 1461 inquit,
1350 1409 1503 1448 meus
1533 1395 1814 1463 ignorabat
1834 1403 2102 1459 stercora,

481 1544 483 1546 _
525 1494 646 1549 qua:
685 1481 784 1535 sub
827 1479 944 1548 ejus
973 1482 1197 1550 pedibus
1241 1492 1419 1549 erant,
1461 1493 1521 1538 et
1558 1499 1721 1539 nosse
1757 1487 2007 1542 scatebat
2033 1488 2108 1542 si-

526 1571 677 1624 dera.
713 1589 732 1624 ι
756 1571 878 1627 Hoc
924 1573 1106 1642 itaque
1153 1574 1312 1628 modo
1356 1575 1420 1629 ιιι
1459 1575 1517 1629 in
1544 1572 1737 1632 diebus
1779 1577 2005 1641 nostris,
2053 1586 2108 1634 ut

529 1664 713 1718 rustici
739 1674 798 1720 et
817 1664 1140 1734 insipientes
1174 1667 1398 1738 quique,
1424 1667 1516 1739 qui
1543 1668 1624 1723 nit
1654 1683 1792 1739 pene
1820 1679 2104 1736 noverunt,

528 1755 628 1809 nisi
660 1755 964 1811 vomeribus
992 1771 1120 1811 arva
1152 1757 1521 1828 proscindere,
1548 1773 1745 1830 porcos
1769 1775 1836 1817 ac
1861 1761 2106 1818 diverso-

529 1863 646 1902 ruat
679 1862 936 1918 pecorum
985 1849 1269 1919 captabula
1301 1851 1592 1918 custodire,
1617 1868 1767 1908 nunc
1811 1854 1869 1908 in
1897 1855 2105 1924 compi-

529 1936 598 1989 tis
626 1950 690 1991 ae
715 1937 888 1992 triviis
913 1945 1044 1993 ante
1073 1937 1437 2004 mulierculas,
1466 1949 1521 1996 et
1544 1941 1929 1999 combubulcos
1953 1958 2103 2009 suos,

529 2043 633 2080 non
665 2029 984 2084 erubescant
1011 2030 1078 2084 de
1115 2027 1519 2101 Scripturarum
1545 2041 1856 2090 sanctarum
1893 2043 2110 2090 senten-

532 2120 621 2174 tiis
658 2121 935 2190 disputare
966 2138 982 2176 :
1018 2121 1146 2185 imo,
1194 2123 1336 2192 quod
1367 2131 1526 2194 turpe
1554 2126 1866 2192 estdicere,
1897 2127 1951 2181 in
1995 2134 2109 2182 tota

530 2220 689 2266 nocte
715 2212 912 2267 subant
941 2211 1006 2284 [Ι.
1043 2213 1135 2283 qui
1162 2221 1278 2268 tota
1306 2223 1468 2271 nocte
1491 2216 1714 2289 cubant]
1739 2219 1881 2273 inter
1907 2218 2111 2275 femora

531 2303 844 2368 mulierum,
872 2303 959 2358 die
995 2319 1103 2359 non
1131 2313 1390 2362 verentur
1417 2315 1654 2364 tractare
1671 2309 1742 2364 de
1763 2311 2112 2366 sermonibus

531 2395 868 2470 angelorum,
895 2405 950 2452 et
978 2397 1079 2453 hoc
1102 2397 1262 2454 modo
1291 2407 1602 2456 sanctorum
1623 2400 1919 2474 dijudicant
1945 2402 2111 2458 verba

533 2485 833 2541 doctorum.

605 2577 943 2648 Signiﬁcavit
967 2579 1110 2634 enim
1133 2579 1263 2635 mihi
1287 2596 1383 2652 per
1395 2580 1608 2639 litteras
1628 2583 1888 2642 sanctitas
1907 2593 2109 2651 vestra,

467 2679 471 2683 '
531 2667 676 2736 quod
715 2682 812 2738 pro
834 2668 1108 2723 sententia
1153 2669 1268 2735 illa,
1315 2685 1476 2740 quant
1520 2686 1622 2727 nos
1654 2673 1711 2728 in
1753 2671 1813 2726 Β.
1849 2671 2111 2742 Stephani

533 2773 786 2814 sermone
841 2760 1152 2830 posuimus,
1221 2762 1348 2832 quia
1388 2761 1640 2818 videlicet
1689 2763 2114 2835 uniuscujusque

534 2847 712 2900 anima
742 2847 916 2917 qualis
947 2850 1012 2904 de
1044 2849 1146 2921 hoc
1176 2851 1375 2907 saeculo
1397 2853 1693 2924 egreditur,
1717 2853 1844 2911 talis
1868 2861 2111 2925 postmo-

535 2940 663 2995 dum
702 2939 912 3010 judicio
967 2952 1344 3013 praesentatur,
1393 2955 1603 3000 tantum
1655 2947 1796 3018 apud
1845 2949 2111 3019 quosdam

534 3033 848 3089 scandalum
873 3044 955 3090 est
997 3047 1266 3101 exortum,
1296 3046 1356 3092 ut
1398 3038 1601 3104 dicant,
1640 3041 1937 3106 orationes,
1965 3040 2114 3096 obla-

535 3127 730 3224 tiunes,
781 3128 1066 3195 sacrificia,
1119 3141 1239 3198 qute
1276 3144 1374 3200 pro
1412 3129 1786 3186 defunctorum
1827 3131 2111 3198 animabus
2137 3152 2185 3224 ο

533 3213 854 3280 offeruntur.
880 3217 955 3271 nil
987 3216 1088 3272 sibi
1120 3217 1384 3288 prolicere
1425 3228 1553 3282 ante
1567 3217 1852 3288 judicium.
1888 3219 1954 3276 Et
1981 3222 2112 3292 quid
2142 3213 2166 3236 "

537 3309 754 3376 mirum,
793 3309 837 3364 si
883 3309 985 3364 hoc
1021 3309 1161 3370 idem
1209 3311 1340 3370 mihi
1374 3313 1603 3383 contigit
1641 3316 1934 3385 peccaturi,
1969 3316 2115 3387 quod

534 3399 780 3455 evenisse
801 3400 1145 3469 cognoscitur
1171 3400 1271 3470 ipsi
1305 3402 1468 3458 totius
1495 3404 1817 3460 Christiana:
1841 3406 2115 3479 religionis

538 3490 782 3544 auctori?
831 3483 924 3546 Ait
966 3493 1112 3546 enim
1139 3510 1153 3546 :
1183 3479 1201 3544 ι
1235 3491 1351 3548 Nisi
1390 3494 1863 3553 mandu'caveritis'
1891 3507 2111 3557 carnem

539 3581 658 3638 Filii
694 3583 945 3648 hominis,
976 3594 1031 3639 et
1069 3583 1316 3654 biberi'tis
1343 3586 1459 3658 ejus
1489 3589 1831 3660 sanguinem,
1863 3597 1972 3647 non
2009 3592 2112 3648 ha-

540 3675 735 3729 bebitis
766 3675 930 3730 vitam
965 3675 1020 3729 in
1065 3676 1217 3731 vobis
1241 3675 1422 3747 (Joan.
1453 3678 1551 3747 vt).
1586 3696 1605 3731 ›
1637 3679 1788 3746 Quod
1835 3681 2116 3739 audientes

541 3765 878 3836 septuaginta
923 3765 1094 3822 ferme
1145 3767 1248 3821 viri
1289 3767 1580 3834 dixerunt:
1618 3789 1637 3822 ι
1667 3771 1844 3827 Durus
1894 3783 1981 3828 est
2027 3774 2117 3830 hic

541 3863 742 3920 st-rm‘o,
768 3864 822 3910 et
847 3856 968 3926 quis
994 3865 1173 3928 potest
1200 3871 1321 3911 eum
1346 3857 1535 3913 audire
1558 3857 1788 3931 (fluit)?
1815 3879 1833 3914 ι
1866 3859 1948 3925 Et,
1983 3871 2118 3920 teste

541 3945 844 4015 Scriptura,
867 3949 980 4017 jam
1013 3963 1118 4002 non
1150 3962 1272 4002 cum
1309 3947 1401 4004 illo
1429 3947 1799 4005 ambulabant.
1834 3949 1982 4007 Ussit
2011 3953 2120 4010 ita-

541 4050 646 4106 que
672 4051 766 4092 cos
796 4037 876 4092 sol
898 4036 1146 4092 Christus
1176 4045 1297 4094 :est
1325 4038 1469 4092 enim
1489 4038 1826 4110 Soljustitite
1854 4041 2114 4100 (Malaclt.

542 4136 638 4194 tv),
666 4128 800 4183 istos
827 4138 1004 4185 autem
1035 4131 1171 4186 ussit
1203 4131 1348 4186 luna.
1374 4129 1485 4202 Ego
1511 4132 1655 4188 enim
1689 4134 1756 4189 ad
1779 4133 1985 4203 lunam,
2013 4137 2117 4194 hoc

541 4225 644 4287 est,
666 4219 744 4284 ad
773 4233 971 4290 corpus
997 4221 1197 4290 Christi
1239 4222 1503 4293 pertineo,
1533 4225 1678 4294 quod
1719 4233 1805 4281 est
1831 4226 2074 4283 Ecclesia
2100 4243 2118 4284 :

542 4325 638 4365 vos
672 4321 850 4366 autem
881 4328 911 4367 e
935 4313 1213 4368 contrario
1241 4314 1626 4370 benedicentes
1656 4315 1790 4370 Inibi
1820 4317 2118 4389 dignamini

541 4401 726 4458 dicere
751 4419 763 4456 :
796 4423 814 4455 ι
844 4403 948 4458 Per
970 4406 1111 4461 dietn
1139 4405 1219 4460 sol
1254 4417 1361 4461 non
1390 4414 1511 4461 uret
1547 4414 1623 4477 te,
1650 4421 1831 4478 neque
1866 4407 1997 4464 luna
2023 4425 2118 4480 per

2203 567 2298 622 illo
2340 572 2539 628 saeculo
2583 573 2924 644 postmodum
2969 574 3278 647 profutura.
3328 575 3580 646 Nunquid
3631 579 3776 634 enim

2202 660 2505 716 divinorum
2534 663 2871 735 eloquiorum
2901 666 3106 722 strenui
3134 675 3473 722 scrutatores
3497 667 3783 737 quamplu-

2205 766 2293 807 res
2320 767 2418 822 per
2445 753 2750 811 divinarum
2809 756 3211 826 Scripturarutn
3253 773 3475 827 campos
3522 774 3631 822 non
3655 773 3784 828 pos-

2199 849 2330 895 sunt
2355 844 2652 900 sententias
2696 846 2968 917 roperirc,
3020 847 3220 918 quibus
3264 857 3324 902 ut
3361 848 3602 903 lia-retici
3631 849 3781 909 fiant.

2204 932 2418 987 valeant
2461 934 2563 990 sibi
2620 937 2950 1007 museipul-as
2977 980 2991 1002 ,
3052 938 3383 1009 [rediensque
3427 939 3788 995 substruere?

2205 1021 2372 1078 Porro
2411 1025 2454 1079 si
2487 1025 2720 1081 delectat
2744 1034 2860 1092 eos,
2908 1037 2973 1082 ut
3009 1045 3039 1083 a
3070 1029 3488 1086 Christianismo
3511 1031 3786 1091 accedant,

2198 1113 2506 1170 occasionis
2535 1117 2815 1172 materiam
2853 1117 3116 1185 invenire,
3148 1117 3446 1187 diiudicent
3469 1118 3618 1185 illud,
3643 1118 3788 1186 quod

2206 1204 2464 1260 Dominus
2490 1205 2542 1260 iu
2587 1206 2876 1278 Evangelia
2913 1210 3044 1264 dicit
3071 1227 3088 1262 :
3127 1228 3147 1261 ι
3179 1211 3256 1265 De
3299 1210 3386 1267 die
3408 1209 3518 1273 illa,
3551 1227 3569 1261 ι
3623 1209 3674 1263 id
3697 1223 3783 1262 (‘St

2197 1291 2426 1366 judicio.
2457 1318 2476 1350 ‹
2507 1314 2689 1369 ιιιειιιιθ
2709 1297 2886 1372 angeli
2911 1303 3100 1358 sciunt
3139 1304 3192 1357 ia
3219 1290 3381 1366 eaélo,
3411 1317 3512 1358 nec
3546 1303 3657 1370 ipsc
3701 1300 3787 1353 Fi-

2206 1388 2332 1454 lius,
2372 1391 2476 1447 nisi
2505 1392 2653 1448 solus
2704 1393 2868 1449 Pater
2891 1394 3113 1465 (Matth.
3143 1396 3315 1464 satu).
3356 1416 3376 1450 ι
3419 1397 3486 1451 Et
3515 1395 3788 1466 quomoda

2203 1477 2377 1535 Filius
2407 1480 2565 1560 [diem
2607 1480 2796 1548 iudicii
2852 1483 3105 1553 ignorare
3159 1486 3349 1554 possit,
3395 1487 3487 1555 qui
3541 1484 3790 1540 videlicet

2207 1571 2406 1641 ipsum,
2427 1573 2792 1642 eundemque
2811 1572 2980 1640 diem,
3007 1583 3072 1630 .et
3097 1578 3278 1630 omnia
3312 1585 3577 1645 tempora,
3629 1584 3793 1643 atque

2209 1663 2460 1719 universa
2509 1664 2742 1720 visibilis
2792 1677 2848 1720 et
2893 1666 3184 1722 invisibilia
3239 1667 3402 1720 simul
3453 1677 3580 1721 cum
3635 1664 3794 1718 Patre
3837 1653 3842 1658 i

2209 1756 2557 1818 condiderit?
2587 1757 2936 1813 Detestetuut'
2986 1760 3153 1814 etiam
3193 1758 3344 1821 illud,
3376 1760 3524 1828 quod
3553 1755 3682 1810 alibi
3711 1754 3794 1809 di-

2210 1847 2324 1903 cit:
2362 1863 2382 1899 ι
2417 1845 2533 1902 Mea
2559 1847 2804 1902 doctrina
2843 1864 2955 1904 non
2983 1859 3072 1912 est
3099 1857 3240 1916 mea,
3289 1849 3384 1904 sed
3421 1847 3542 1917 eius
3567 1847 3659 1918 qui
3675 1846 3794 1902 .mi-

2206 1944 2281 2000 sit
2310 1960 2394 1999 me
2421 1943 2602 2015 (locu.
2629 1944 2748 2016 my
2785 1965 2804 1997 ι

2280 2035 2326 2092 0
2347 2036 2576 2091 Domine
2615 2036 2766 2103 alesn,
2799 2049 2897 2093 uos
2937 2039 3156 2108 quidem
3180 2038 3466 2109 simplices
3493 2047 3549 2092 et
3572 2035 3797 2092 hebetes

2211 2127 2354 2182 servi
2377 2127 2480 2193 tui,
2530 2127 2792 2197 quidquid
2814 2128 3042 2193 dixeris,
3087 2129 3364 2184 credimus
3395 2127 3491 2181 tibi
3525 2143 3539 2180 :
3588 2127 3796 2181 scimus

2211 2218 2377 2283 enim,
2424 2218 2552 2288 quia
2597 2219 2882 2274 veritas‘e‘s
2915 2219 3099 2287 (loeti.
3149 2219 3286 2289 xiv),
3340 2227 3394 2274 et
3421 2220 3641 2274 tuentiri
3687 2235 3794 2274 non

2208 2315 2384 2377 potes.
2405 2307 2818 2388 Sed.quomedo
2861 2309 3136 2378 sapientes
3164 2309 3326 2365 istius
3351 2318 3540 2374 terrae,
3587 2319 3644 2364 et
3663 2311 3800 2364 divi-

2214 2413 2407 2453 norum
2435 2399 2768 2453 voluminum
2812 2401 3237 2457 tenebrosissiml
3286 2416 3352 2456 ac
3390 2399 3797 2472 profundissimi

2212 2496 2546 2544 scrutatores
2567 2488 2726 2542 fidem
2739 2498 2996 2558 poterunt
3019 2491 3126 2546 tuis
3140 2491 3398 2547 adhibere
3415 2492 3763 2548 sermonibus
3776 2492 3800 2544 ἲ

2213 2578 2472 2633 Poterant
2512 2581 2663 2634 enim
2695 2595 2725 2633 a
2753 2589 2830 2644 te,
2883 2582 3180 2635 scentulum
3219 2581 3562 2651 prudent-iam
3621 2596 3797 2646 sitam,

2212 2677 2432 2722 versuta
2453 2663 2814 2724 mordacltate
2839 2670 3139 2739 requirere,
3170 2671 3441 2739 quomodo
3469 2685 3651 2724 vertun
3675 2686 3798 2724 esse

2212 2761 2432 2829 poterit,
2454 2761 2596 2831 quod
2619 2761 2841 2817 dixisti:
2878 2777 2898 2812 ι
2929 2760 3185 2817 Doctrina
3205 2776 3328 2816 mea
3355 2776 3460 2817 non
3488 2773 3570 2817 est
3598 2763 3751 2817 mea?
3768 2781 3794 2815 θ

2213 2848 2272 2905 Si
2299 2857 2390 2905 tua
2417 2857 2522 2917 est,
2559 2851 2833 2922 quomodo
2879 2865 2989 2906 non
3025 2851 3158 2906 tua?
3209 2851 3266 2907 Si
3319 2863 3502 2906 autem
3527 2861 3654 2922 [sica
3704 2863 3798 2907 tua

2211 2950 2317 3005 est,
2344 2941 2620 3011 quomodo
2670 2941 2777 2996 erit
2802 2941 2940 2996 tua?
2983 2936 3179 2997 Restat
3211 2955 3346 3011 ergo
3393 2951 3456 2996 ut
3495 2929 3799 2998 doctrinam

2215 3041 2385 3099 tuam,
2417 3043 2512 3088 aut
2550 3041 2694 3088 tuam
2719 3040 2844 3088 esse
2885 3033 3263 3090 indubitanter
3291 3046 3537 3098 asseras,
3574 3041 3633 3090 et
3656 3045 3799 3090 tuam

2213 3138 2322 3178 non
2345 3137 2464 3179 esse
2499 3124 2642 3179 ultra
2673 3134 2778 3180 non
2809 3124 2998 3180 dicas:
3027 3133 3122 3178 aut
3153 3124 3202 3180 si
3234 3137 3340 3179 non
3371 3135 3521 3180 tuam
3553 3139 3674 3180 esse
3700 3128 3799 3178 tir-

2217 3216 2470 3282 maveris,
2504 3224 2650 3270 tuam
2681 3215 2794 3285 iam
2834 3227 2957 3272 esse
2993 3217 3216 3273 omnino
3247 3215 3544 3272 dimteat-is.
3604 3216 3804 3286 Sicque

2214 3307 2515 3374 timendum
2537 3317 2641 3376 eat,
2689 3315 2758 3364 ne
2781 3308 3218 3380 'syﬂogismorut'n
3237 3315 3466 3364 {suorum
3495 3315 3714 3363 versuta
3749 3320 3800 3362 te

2216 3400 2683 3471 argumentatione
2731 3400 3082 3464 concludant,
3119 3407 3174 3455 et
3192 3407 3490 3455 auctorem
3522 3392 3801 3471 sapienttze

2217 3489 2462 3545 cassibus
2485 3489 2740 3560 captiosae
2763 3488 3122 3545 cavillationis
3146 3489 3447 3545 involvunt.

2287 3579 2460 3636 Porro
2487 3589 2691 3644 autem,
2716 3585 2778 3634 ut
2797 3579 2962 3634 etiam
2985 3579 3052 3632 ad
3073 3577 3197 3633 libri
3223 3579 3428 3650 Regum
3462 3593 3806 3636 recurranms

2215 3671 2521 3735 historiam,
2545 3670 2807 3726 Dominus
2836 3670 2983 3726 misit
3009 3669 3079 3724 ad
3110 3667 3311 3725 losiam
3339 3684 3518 3742 regem
3539 3670 3673 3726 Iuda
3709 3687 3808 3742 per

2219 3759 2444 3814 laloldam
2471 3773 2693 3813 uxorem
2731 3752 2874 3812 Sella
2904 3775 2918 3812 :
2955 3775 2976 3809 ι
3009 3755 3116 3813 Pro
3150 3771 3216 3813 eo
3253 3757 3393 3828 quod
3417 3744 3615 3812 audisti
3643 3760 3806 3813 verba

2217 3849 2527 3913 voluminis,
2563 3858 2620 3904 et
2646 3847 2990 3917 perterritum
3026 3855 3112 3902 est
3136 3861 3232 3902 cor
3261 3857 3433 3908 tamn.
3471 3857 3526 3903 et
3553 3849 3804 3903 humilia-

2219 3950 2307 3997 tus
2327 3956 2388 3997 es
2414 3952 2600 3996 coram
2632 3939 2858 3994 Domino
2883 3936 3085 3992 auditis
3131 3938 3472 3992 sermonibus
3505 3949 3694 3992 contra
3727 3939 3806 3992 lo-

2213 4049 2340 4090 cum
2369 4033 2560 4097 istum,
2605 4041 2664 4088 et
2681 4022 3025 4087 habitatores
3063 4030 3206 4102 eius,
3249 4031 3393 4100 quod
3419 4030 3674 4086 videlicet
3711 4023 3808 4087 tie-
3896 4041 3904 4051 '

2220 4135 2343 4183 rent
2376 4127 2435 4183 in
2465 4134 2760 4196 stuporem,
2804 4124 2940 4179 etin
2986 4122 3366 4188 maledictum,
3403 4130 3461 4177 et
3474 4122 3688 4178 scidisti
3721 4137 3808 4177 ve-

2219 4219 2606 4280 stimentatua,
2629 4214 3108 4273 etllevistiecram
3135 4227 3244 4280 me,
3275 4221 3332 4269 et
3357 4227 3459 4284 ego
3491 4215 3697 4278 audivi,
3731 4215 3812 4269 ait

2223 4312 2481 4366 Munus
2507 4326 2522 4364 :
2553 4308 2760 4366 ideirco
2788 4306 3035 4378 colligam
3059 4315 3112 4363 te
3137 4307 3208 4362 ad
3229 4303 3426 4376 patres
3446 4315 3588 4368 tuos,
3622 4316 3675 4361 et
3696 4305 3813 4361 col-

2225 4403 2410 4472 liget-is
2435 4402 2504 4458 ad
2533 4400 2842 4472 sepulcrum
2865 4409 3024 4455 tuum
3066 4399 3122 4454 in
3172 4413 3328 4470 pace,
3372 4407 3564 4459 utnon
3594 4399 3812 4452 videant

544 4507 756 4553 noctem
795 4498 969 4572 (Paul.
1001 4499 1163 4583 ειυς).-
1185 4519 1204 4552 ι
1249 4499 1388 4556 Ecce
1421 4490 1483 4556 in
1516 4508 1726 4556 tantum
1774 4502 2126 4572 profecerunt
2151 4507 2204 4570 l)
2228 4495 2369 4550 οευη
2407 4495 2483 4550 καί
2510 4492 2711 4583 mia“
2741 4489 2880 4583 [Mla
2911 4489 3381 4583 Ίυπὲίηδιζςπτυεξ
3395 4504 3518 4543 ⁸¹¹ι¹¹
3545 4487 3815 4583 s"Peli-‘0'

543 4592 831 4659 sapientes,
884 4602 939 4646 et
994 4593 1285 4660 prudentes
1334 4591 1558 4646 istarum
1602 4593 1838 4669 partium
1885 4595 2012 4662 viri,
2065 4605 2126 4651 ut

542 4682 722 4737 omnia
767 4682 1008 4738 cmleslis
1054 4681 1254 4752 cloqttii
1293 4683 1561 4752 profunda
1605 4696 1954 4754 cognoscant,
2004 4686 2125 4740 uni-

543 4791 698 4830 versa
741 4775 1047 4830 divinorum
1091 4773 1422 4830 voluminum
1464 4775 1726 4843 mysteria
1760 4778 2125 4846 comprobem-

543 4867 699 4927 dant,
765 4876 820 4919 et
898 4866 951 4919 in
1013 4865 1127 4920 sola
1194 4879 1299 4919 una
1363 4865 1631 4920 sermonis
1687 4865 1791 4920 mei
1854 4867 2122 4923 sententia

542 4957 826 5026 caliginem
865 4959 1126 5014 excitatis
1165 4958 1464 5012 incurrant.
1517 4955 1586 5011 Et
1619 4957 1663 5012 si
1695 4971 1796 5012 eos
1839 4957 2121 5014 haereticos

543 5069 665 5110 esse
711 5053 984 5126 delectat,
1029 5051 1270 5129 nunquid
1303 5053 1354 5115 in
1385 5061 1592 5106 tantum
1640 5051 1798 5106 amici
1853 5051 1958 5106 mei
2005 5051 2127 5122 dili-

544 5153 702 5216 gunt,
729 5153 788 5198 ut
809 5144 927 5198 sine
953 5159 1037 5198 me
1068 5143 1120 5198 in
1145 5143 1399 5210 haeresim
1425 5143 1661 5198 transire
1687 5155 1794 5198 non
1815 5137 1968 5213 141
1995 5156 2123 5213 pos-

545 5235 690 5291 sint?
737 5235 992 5305 Quisquis
1042 5234 1186 5288 enim
1229 5231 1480 5302 perhibet
1525 5232 1800 5287 orationes
1827 5272 1842 5293 .
1894 5230 2124 5286 oblatio-

545 5340 666 5391 nes,
709 5325 972 5382 sacrificia
1001 5339 1103 5393 pro
1129 5321 1398 5377 defunctis
1441 5321 1697 5392 prodesse
1723 5337 1830 5376 non
1855 5335 2012 5389 posse
2031 5359 2048 5386 ,
2071 5329 2125 5374 et

547 5420 648 5474 hoc
701 5418 1074 5489 imprudenter
1118 5415 1388 5471 afﬁrmare
1433 5423 1702 5480 conatur,
1751 5416 1842 5470 hic
1883 5411 2129 5483 profecto

543 5510 813 5564 Aerianus
836 5525 956 5565 esse
992 5508 1352 5564 convincitur.
1402 5506 1595 5561 Acrius
1648 5507 1792 5561 enim
1826 5507 2008 5562 hocin
2045 5521 2130 5560 er-

537 5600 686 5656 roris
713 5600 795 5654 sui
829 5601 1280 5670 disputationibus
1303 5597 1650 5670 dogmatizat,
1704 5600 1847 5669 quod
1878 5598 1989 5653 lucc
2023 5598 2132 5666 pic-

619 5735 730 5807 (92)
771 5737 1362 5808 Thales,philusoplms,
1397 5737 1460 5789 de
1483 5751 1586 5804 quo
1619 5734 1768 5789 Plato
1799 5734 1851 5788 in
1886 5734 2125 5788 Tlteteto.

2227 4601 2350 4644 cum
2395 4567 2561 4642 istum
2606 4581 2713 4655 (IV
2736 4581 2865 4654 Reg.
2893 4580 3052 4652 utr).
3087 4599 3108 4635 ι
3170 4580 3237 4636 Et
3261 4579 3420 4651 paulo
3466 4588 3587 4648 post
3622 4581 3810 4633 eadem

2229 4681 2504 4751 subiungit
2533 4678 2757 4736 historia
2787 4695 2803 4732 :
2849 4695 2871 4730 ι
2907 4676 3168 4755 Ascendit
3207 4673 3420 4731 Pharao
3443 4673 3674 4729 Net-hau
3717 4687 3811 4726 rex

2225 4773 2446 4846 Λεπριί
2492 4780 2681 4829 contra
2729 4781 2911 4842 regem
2956 4769 3302 4840 Assyriorum
3347 4765 3413 4819 ad
3463 4763 3660 4820 llnmen
3711 4763 3816 4818 Ett-

2225 4869 2494 4940 pbratem,
2543 4873 2600 4922 et
2649 4865 2782 4922 abiit
2802 4864 2976 4924 Josias
2998 4878 3098 4918 rex
3123 4861 3180 4916 in
3221 4873 3508 4918 occursum
3557 4857 3694 4926 eius,
3760 4866 3812 4910 ct

2225 4959 2440 5014 occisus
2468 4965 2555 5011 cst
2583 4956 2634 5011 in
2659 4956 2937 5028 Mageddo,
2964 4968 3095 5008 .cum
3121 4952 3346 5007 vidisset
3392 4961 3516 5006 eum
3545 4947 3594 5019 (1
3613 4947 3652 5002 ν
3684 4946 3810 5015 Reg.

2226 5051 2412 5119 mu).
2443 5067 2462 5101 ι
2503 5043 2602 5102 Hic
2627 5061 2882 5103 censores
2903 5045 3202 5100 alienorum
3227 5055 3472 5112 operum,
3505 5039 3595 5094 hic
3630 5038 3812 5093 detra-

2225 5150 2407 5196 etcres
2440 5138 2692 5202 fratrum,
2747 5137 2838 5193 hic
2874 5137 3033 5206 plane
3063 5134 3258 5191 dentes
3305 5139 3594 5189 exacuunt.
3639 5147 3658 5180 ι
3687 5126 3815 5184 Filii

2225 5233 2369 5287 enim
2404 5231 2700 5292 hominum,
2720 5248 2742 5282 ι
2771 5237 2830 5282 ιιι
2853 5227 2930 5283 ait
2955 5227 3144 5293 David,
3178 5244 3198 5278 ι
3217 5226 3409 5282 dentes
3429 5235 3820 5284 communia,

2221 5333 2282 5380 ‘ct
2309 5324 2555 5395 sagittae;
2597 5331 2651 5378 et
2685 5321 2891 5392 linguae
2935 5336 3124 5377 eorum
3155 5321 3426 5376 machara
3457 5323 3616 5370 acuta
3637 5312 3812 5385 (Psal.

2231 5420 2405 5487 L\'l).t
2467 5416 2586 5482 Hie,
2628 5414 2884 5486 inquam,
2933 5413 3282 5484 crepantibus
3337 5409 3524 5465 buccis
3612 5418 3820 5463 aetneas

2230 5508 2478 5564 ﬂammas
2515 5514 2799 5569 eructent,
2833 5505 3007 5561 intimi
3051 5505 3187 5558 fellis
3229 5501 3647 5556 amaritudinem
3687 5513 3819 5552 evo-

2233 5609 2402 5663 mant,
2443 5599 2771 5654 clamoribus
2806 5597 2918 5651 suis
2969 5597 3164 5650 cmlum
3221 5599 3533 5662 terramque
3585 5589 3819 5647 confutu-

2305 5729 2417 5802 (93)
2451 5728 2722 5796 Diogenes
2749 5726 2840 5779 lib.
2867 5726 2944 5778 De
2978 5727 3109 5779 Vitia.
3142 5727 3441 5795 phiiusnph.
