4170 6478
465 344 571 403 539

997 346 1056 402 s.
1098 346 1300 402 nam
1344 347 1622 404 DAMIANI
1661 348 1812 405 opp.
1849 347 2029 404 rans
2070 311 2201 406 sui;
2237 347 2474 404 TOMUS
2516 347 2554 402 ι.
2596 378 2664 388 -
2703 346 2921 401 EPIST.
2968 348 3094 402 [ΑΒ.
3141 347 3274 403 vzu.

3638 352 3744 406 5ῐο

465 460 619 524 dant,
657 458 937 516 dicentes:
972 458 1253 528 Quomodo
1297 461 1478 518 divina
1499 478 1599 518 vox
1643 463 1924 518 mendacio
1967 477 2056 518 ca-
2086 467 2130 525 Α
2159 461 2220 516 Β.
2244 462 2557 534 Gregorius,
2582 461 2906 532 conspicuus
2933 461 3230 534 etiusiguis
3252 464 3440 519 doctor
3468 464 3748 533 Ecclesia,

464 551 597 615 ruit,
620 550 761 620 quod
781 551 890 622 regi
918 551 1262 622 promiserat,
1285 551 1575 609 efﬁcaciter
1597 553 1875 623 implevit?
1902 553 2058 626 152

468 641 749 710 Quomodo
787 641 1046 697 nimirum
1084 641 1264 699 Josias
1311 644 1364 698 in
1414 644 1666 715 sepulcro
1696 659 1794 701 suo
1839 645 1893 700 in
1926 660 2059 716 pace

465 731 692 802 quievit,
731 732 822 802 qui
852 731 1162 804 Egyptiaei
1208 733 1353 803 regis
1401 734 1579 804 gladio
1607 733 1863 790 bellicosa
1910 743 2060 790 sorte

462 822 782 892 subiacuit?
838 823 1040 894 Sicque
1102 823 1206 880 illis
1271 824 1646 895 propheticum
1707 824 1837 880 illud
1887 824 2060 896 possit

464 912 640 982 aptari
675 931 689 966 :
728 929 746 964 α
783 912 1090 969 Posuerunt
1115 913 1174 968 in
1219 913 1418 968 coelum
1449 928 1513 968 os
1565 928 1743 980 suum,
1783 920 1839 969 et
1875 913 2056 984 lingua

463 1019 650 1060 eorum
679 1004 926 1060 transivit
946 1019 1111 1074 super
1135 1012 1334 1058 terram
1363 1003 1535 1076 (Psal.
1563 1004 1753 1076 Lxxtt).
1787 1024 1806 1058 ›

539 1093 643 1150 Vos
667 1102 868 1160 autem,
915 1094 1279 1162 dilectissimi,
1310 1085 1365 1150 et
1390 1094 1677 1150 unanimes
1703 1095 1899 1152 fratres
1925 1096 2052 1161 mei,

459 1184 657 1254 quibus
677 1184 1060 1240 occultandum
1084 1183 1218 1239 nihil
1247 1192 1355 1248 est,
1388 1185 1759 1241 indubitanter
1780 1186 2055 1258 agnoscite

459 1275 786 1331 sententiam
838 1275 984 1332 illam
1033 1275 1424 1346 Gregorianam
1471 1293 1616 1343 esse,
1650 1293 1758 1334 non
1788 1289 2050 1334 nostram.

460 1365 724 1433 Quartum
740 1381 870 1438 ergo
891 1366 1233 1438 Dialogorum
1256 1367 1452 1424 librum
1474 1369 1714 1425 studiose
1733 1369 2050 1440 perquirite,

460 1465 514 1510 et
537 1455 648 1512 illic
670 1455 812 1512 inter
847 1465 1042 1513 caatera
1068 1458 1149 1513 sic
1174 1458 1498 1514 invenietis:
1530 1459 1586 1514 ln
1617 1459 1910 1531 Evangelio
1949 1459 2054 1516 Do-

461 1547 641 1602 minus
668 1547 835 1602 dicit:
871 1565 890 1599 t
911 1547 1217 1613 Ambulate,
1251 1549 1378 1604 dum
1420 1548 1593 1605 lucem
1620 1549 1832 1605 habetis
1865 1548 2045 1622 (Joan.

460 1635 583 1705 xtl).
618 1653 645 1689 ι
673 1633 779 1691 Per
800 1635 1117 1706 prophetam
1145 1651 1365 1708 quoque
1393 1637 1470 1692 ait
1497 1656 1510 1690 :
1553 1657 1571 1689 ι
1606 1637 1873 1709 Tempore
1895 1651 2044 1693 acce-

460 1732 554 1794 pto
598 1723 846 1779 exaudivi
893 1732 986 1790 te,
1029 1734 1084 1780 et
1113 1725 1169 1780 in
1200 1726 1288 1781 die
1340 1726 1530 1782 salutis
1574 1725 1750 1796 adjuvi
1805 1735 1856 1782 te
1909 1726 2044 1799 (Isa.

2159 553 2244 607 vel
2273 569 2374 606 nos
2413 551 2645 608 humiles
2691 560 2746 606 et
2773 551 2987 623 exigui,
3029 553 3120 622 qui
3174 553 3229 607 in
3275 565 3541 624 quantum
3598 555 3746 624 licet,

2159 657 2256 711 per
2285 641 2428 696 illius
2456 640 2702 710 cupimus
2733 641 2961 711 vestigia
2997 656 3308 712 properare,
3367 644 3750 714 prohibeamus

2157 730 2447 794 sacriﬁcia,
2495 729 2578 785 vel
2605 730 2888 785 orationes
2931 745 3029 799 pro
3075 730 3405 801 quibuslibet
3452 734 3747 802 defunctis,

2156 820 2259 874 etsi
2289 819 2526 891 graviter
2551 829 2867 890 peccatores
2895 820 3224 887 exstiterint,
3254 823 3611 894 omnipotenti
3640 826 3750 881 Deo

2157 909 2524 964 indesinenter
2549 906 2754 973 ollerri,
2800 917 2855 964 et
2885 909 2967 965 sic
3009 924 3104 965 eos
3134 925 3164 964 a
3196 911 3481 968 devotione
3511 914 3748 971 ﬁdelium

2153 1000 2446 1056 viventium
2493 998 2650 1072 143
2696 997 2960 1068 adjuvari.
3013 1000 3305 1056 Enimvero
3358 1003 3448 1072 qui
3485 1004 3563 1058 sic
3601 1005 3745 1059 illam

2155 1093 2480 1148 sententiam
2531 1090 2882 1160 intelligunt,
2918 1100 3177 1160 tanquam
3217 1092 3468 1147 nocturni
3513 1093 3746 1149 viatores

2153 1185 2426 1248 oberrant,
2454 1191 2510 1238 et
2539 1198 2690 1239 more
2722 1182 3122 1238 mentientium
3149 1198 3311 1238 manu
3335 1184 3596 1254 parietem
3628 1185 3744 1254 pal-

2153 1287 2302 1349 pant.
2358 1276 2566 1344 Quibus
2605 1276 2660 1330 in
2687 1276 2790 1331 hac
2820 1275 3078 1330 solvenda
3121 1274 3419 1345 quaestione
3446 1289 3546 1330 nos
3591 1275 3746 1330 nolu-

2153 1385 2273 1424 mus
2301 1383 2423 1424 esse
2463 1366 2727 1436 magistri,
2771 1366 2896 1435 quia
2931 1365 3007 1420 illi
3036 1379 3133 1436 per
3165 1365 3534 1436 arrogantiam
3562 1366 3745 1422 cordis

2153 1460 2516 1528 dedignantur
2541 1471 2664 1513 esse
2698 1455 2968 1526 discipuli.

2223 1550 2331 1606 Vos
2355 1557 2561 1614 autem,
2607 1547 2969 1616 dilectissimi,
3014 1563 3113 1619 pro
3137 1562 3224 1604 me
3255 1562 3418 1605 servo
3447 1557 3627 1604 vestro
3648 1536 3742 1605 Dei

2149 1640 2538 1712 omnipotentis
2563 1639 2991 1696 misericordiam
3035 1639 3340 1710 implorate.
3390 1638 3620 1694 Domino
3647 1654 3744 1693 au-

2152 1740 2259 1784 tem
2287 1729 2518 1795 Drudro,
2548 1736 2603 1784 et
2627 1728 2782 1783 fratri
2815 1727 2950 1797 ejus,
2981 1744 3046 1784 ac
3069 1728 3396 1794 vicecomiti,
3425 1729 3743 1799 ca‘tcrisque

457 1816 632 1886 χιιι).
661 1834 681 1868 ι
715 1814 870 1882 Quod
897 1814 1094 1872 Paulus
1121 1831 1399 1888 exponens
1447 1818 1618 1873 dicit:
1663 1838 1680 1870 ι
1716 1817 1856 1873 Ecce
1903 1833 2047 1872 nunc
2079 1816 2119 1874 Β
2149 1822 2422 1877 nobilibus
2469 1820 2603 1876 viris
2656 1827 2901 1876 nostrum
2965 1819 3356 1875 monasterium
3396 1827 3451 1874 et
3497 1833 3740 1874 eremum

460 1916 670 1976 tempus
696 1905 1054 1976 acccptabile,
1094 1921 1222 1962 ecce
1267 1922 1411 1963 nunc
1439 1907 1558 1963 dies
1593 1906 1784 1962 salutis
1810 1906 1896 1978 (II
1921 1907 2046 1962 Cor.

453 1997 545 2066 ri).
564 2015 583 2049 ι
611 1995 869 2052 Salomon
893 2011 1106 2067 quoque
1133 1997 1247 2052 ait:
1279 2015 1298 2050 ι
1335 1997 1708 2067 Quodcunque
1737 2004 1914 2067 potest
1934 2013 2049 2052 ma-

457 2100 561 2140 nus
612 2091 703 2139 tua
731 2084 934 2150 facere,
989 2085 1255 2141 instanter
1279 2101 1543 2158 operare;
1598 2087 1724 2157 quia
1760 2103 1861 2142 nec
1888 2101 2044 2157 opus,

458 2192 559 2233 uec
575 2177 736 2244 ratio,
760 2192 861 2233 nec
885 2177 1110 2234 scientia
1135 2187 1297 2234 erunt
1313 2178 1454 2249 apud
1479 2177 1826 2247 inferos,quo
1847 2186 1902 2233 tu
1923 2193 2048 2248 pro-

455 2280 616 2338 rens
665 2267 864 2340 (Et-de.
902 2273 1001 2339 Ix).
1037 2288 1054 2320 ι
1107 2267 1276 2324 David
1309 2283 1527 2340 quoque
1557 2269 1636 2324 ait
1673 2287 1684 2322 :
1724 2287 1743 2321 α
1779 2267 2046 2336 Quoniam

456 2364 512 2417 in
542 2360 801 2416 saeculum
841 2360 1214 2416 misericordia
1235 2358 1353 2429 ejus
1383 2359 1556 2432 (Psal.
1592 2341 1785 2427 cxx'xv,
1811 2359 1992 2430 1-20).
2021 2376 2042 2412 ι

457 2450 536 2506 Ex
568 2450 766 2519 quibus
791 2449 1048 2504 nimirum
1095 2450 1382 2507 sententiis
1429 2459 1666 2517 constat,
1717 2451 2048 2521 quia‘qualis

457 2543 583 2597 hinc
609 2541 840 2612 quisque
863 2543 1161 2612 egreditur,
1189 2541 1314 2598 talis
1341 2541 1393 2597 in
1419 2541 1628 2611 judicio
1668 2549 2045 2612 prazseutatur.

456 2631 556 2688 Ubi
593 2632 759 2686 etiam
791 2631 953 2702 paulo
989 2641 1111 2702 post
1139 2631 1415 2688 subdidit:
1458 2651 1478 2685 ι
1514 2632 1627 2689 Hoc
1659 2641 1838 2688 tamen
1867 2632 2047 2688 scien-

455 2723 582 2779 dum
610 2731 715 2786 est,
750 2720 879 2790 'quia
914 2719 1021 2776 illic
1043 2720 1272 2777 salutem
1304 2721 1370 2777 de
1393 2721 1634 2779 minimis
1657 2723 1790 2778 nihil
1819 2722 2049 2794 quisque

454 2813 794 2884 purgationis
829 2813 1116 2879 obtinebit,
1149 2815 1253 2869 nisi
1280 2813 1438 2870 bonis
1477 2815 1582 2872 hoc
1604 2817 1818 2872 actibus
1857 2816 1911 2872 iu
1945 2817 2048 2871 hac

453 2902 633 2957 adhuc
654 2901 764 2956 vita
800 2903 1029 2972 positus,
1058 2912 1117 2958 ut
1148 2903 1260 2959 illic
1294 2904 1556 2971 obtineat,
1584 2905 1998 2976 promerebitur.
2022 2923 2041 2958 ι

456 2990 525 3047 Et
581 2997 640 3045 ut
689 2989 776 3044 isti
826 2990 1117 3046 rabidioris
1176 2993 1470 3049 iracundiae
1515 2993 1698 3050 furore
1741 2996 2044 3063 vesaniam,

457 3079 703 3146 audiant,
745 3078 890 3148 quod
935 3079 1076 3135 idem
1101 3081 1396 3152 Gregorius
1450 3083 1504 3138 in
1535 3083 1826 3140 Moralibus
1866 3085 2041 3142 dicit:

2138 2309 2217 2365 an
2271 2309 2546 2350 DAIIIANUI

2149 1910 2545 1967 commendate.
2583 1910 2727 1966 Deus
2767 1909 3110 1979 omnipotens
3153 1924 3250 1964 sua
3286 1924 3382 1964 vos
3405 1908 3744 1980 pr0tcctioue

2149 2001 2453 2068 custodiat,
2501 2009 2558 2056 et
2591 2016 2713 2056 cum
2743 2000 2934 2057 electis
2959 1999 3334 2056 sacerdotibus
3382 2001 3495 2056 suis
3534 2009 3742 2070 partem

2151 2109 2247 2148 vos
2279 2093 2482 2149 habere
2510 2094 2793 2148 concedat.

2729 2200 3061 2257 EPISTOLA
3101 2201 3145 2256 ll

2604 2308 2886 2358 FRATRI-SI,
2942 2306 3487 2348 ARCHIPBESBYTEBUI

2851 2378 3052 2418 NATEII.

2148 2457 2549 2512 Ancuueuruu.
2571 2486 2640 2496 --
2661 2454 2828 2510 Pccca
2839 2464 2888 2508 ta
2916 2469 3011 2508 sua
3033 2463 3088 2525 et
3109 2453 3463 2525 uegligentias
3487 2468 3594 2508 non
3624 2455 3742 2525 sine

2221 2542 2417 2597 magno
2451 2525 2616 2597 animi
2650 2540 2901 2597 maerore
2952 2523 3283 2597 conﬁtetur,
3334 2532 3388 2597 et
3438 2523 3741 2593 praesertim

3543 2306 3742 2347 llaH'BN-

2139 2609 2148 2612 ·
2221 2593 2440 2651 ιιίιῐῐὶίιιη
2471 2595 2856 2660 urbanitatem,
2887 2610 2979 2650 seu
3011 2595 3190 2663 potius
3219 2593 3284 2647 ad
3316 2594 3481 2648 risum
3513 2608 3743 2662 propon-

2219 2666 2434 2721 sitatem
2465 2665 2703 2737 graviter
2723 2673 2945 2720 accusat
2969 2673 3025 2718 et
3047 2672 3338 2737 exaggerat
3365 2681 3378 2717 :
3408 2663 3742 2737 fratremque

2221 2751 2378 2790 suum
2409 2732 2749 2796 Damianum,
2793 2744 2850 2788 ut
2876 2749 2974 2803 pro
2999 2749 3059 2788 se
3088 2732 3354 2788 ad’Deum
3385 2747 3577 2802 preces
3615 2732 3739 2786 fun-

2221 2808 2332 2867 dat,
2372 2814 2584 2860 exorat.
2614 2803 2940 2859 Prmelarum
2993 2805 3045 2858 in
3081 2804 3165 2858 his
3193 2804 3439 2873 praebens
3463 2803 3742 2858 modestia:

2218 2885 2274 2932 et
2301 2876 2621 2930 humilitatis
2655 2874 2983 2944 exemplum.

2221 2986 2428 3042 Domno
2454 2986 2700 3040 Damno
2729 2984 2884 3039 fratri
2911 2983 3250 3047 charissima,
3296 2983 3511 3040 Penus
3539 2998 3734 3054 pecca-

2149 3086 2236 3134 tor
2259 3076 2556 3132 monacbus
2579 3075 2836 3146 quidquid
2863 3089 3076 3140 servus,
3103 3085 3158 3130 et
3187 3074 3347 3130 ﬁlius.

460 3187 486 3228 ι
509 3169 646 3239 Quia
678 3184 876 3238 pravus
901 3171 1131 3240 quisque
1159 3187 1282 3227 mox
1329 3181 1387 3227 ut
1419 3183 1667 3230 mortuus
1701 3174 1883 3242 fuerit,
1923 3191 2048 3245 pro-
2076 3157 2120 3218 C
2223 3169 2356 3226 Nolo
2388 3179 2439 3224 te
2469 3169 2655 3234 lateat,
2677 3168 2990 3224 dulcissime
3013 3169 3142 3223 mihi
3168 3170 3220 3224 in
3243 3169 3460 3225 Christo
3482 3167 3663 3234 Pater,
3685 3177 3742 3225 ct

455 3261 604 3315 tinus
656 3259 886 3326 invenit,
939 3263 1083 3332 quod
1131 3262 1360 3320 ulterius
1408 3276 1619 3322 mutare
1665 3283 1772 3323 non
1801 3269 1992 3338 possit.
2023 3286 2042 3322 ι

459 3351 781 3408 Exelament
802 3367 954 3424 ergo,
994 3349 1379 3428 vociferentur,
1415 3363 1472 3416 et
1501 3357 1686 3414 dicant
1715 3376 1730 3412 :
1763 3359 1820 3415 Si
1849 3361 2052 3436 mutari

455 3458 563 3498 non
592 3457 836 3512 passum,
867 3443 996 3514 quid
1027 3443 1158 3499 mihi
1202 3445 1506 3503 oblationes
1525 3487 1540 3514 ,
1573 3448 1704 3519 quid
1748 3450 2046 3518 orationes,

457 3532 588 3604 quid
623 3533 938 3590 sacriﬁcia?
981 3534 1210 3590 Claudat
1253 3552 1386 3609 ergo
1429 3537 1540 3608 jam
1571 3538 1811 3594 Ecclesia
1855 3541 2051 3611 januas

454 3639 602 3690 suas,
644 3633 698 3680 et
727 3639 829 3695 ego
877 3623 1131 3697 deinceps
1161 3637 1454 3684 contentus
1500 3644 1596 3686 ero
1624 3632 1922 3702 parietibus
1956 3636 2052 3690 do-

453 3733 576 3773 mus
606 3731 761 3772 meae.
801 3716 942 3784 Quid
981 3718 1127 3773 enim
1175 3719 1307 3775 mihi
1330 3719 1419 3776 hic
1452 3721 1712 3778 ecclesias
1736 3723 1965 3794 ingredi,
2003 3725 2049 3780 si

453 3811 563 3866 illic
592 3810 738 3869 nulla
779 3825 999 3880 possum
1045 3811 1258 3867 ratione
1305 3812 1544 3867 mutari?
1589 3811 1709 3868 Jam
1741 3829 1873 3884 ergo
1901 3815 2049 3870 desi-

454 3909 584 3960 nant
605 3901 888 3970 parvulum
914 3902 1191 3958 hominem
1229 3904 1558 3960 mordacitcr
1584 3907 1859 3978 persequi,
1894 3916 1950 3962 et
1992 3907 2046 3961 in

456 4008 682 4048 menon
709 3995 727 4015 '
764 4002 1024 4064 tanquam
1050 3996 1225 4062 verbi,
1269 3997 1439 4054 velint
1466 3998 1726 4055 invidiam
1748 4000 2045 4069 concitari;

452 4083 776 4154 Gregorium
824 4083 1108 4153 lacerent,
1158 4085 1480 4158 Gregorium
1530 4092 1845 4158 mordeant,
1890 4101 1946 4147 et
1993 4093 2047 4148 in

453 4189 578 4228 eum
605 4173 798 4229 dentes
824 4175 1146 4231 amarissimi
1175 4174 1360 4232 livoris
1395 4167 1658 4250 iulligant.
1693 4181 1845 4237 lllum
1868 4181 2050 4254 legant

451 4275 510 4321 et
536 4266 640 4322 hoc
664 4265 808 4337 apud
841 4266 990 4322 illum
1014 4267 1316 4335 inveniant,
1361 4281 1523 4341 atque
1561 4288 1727 4343 super
1751 4274 1900 4330 illum
1923 4291 2050 4331 cen-

454 4359 658 4416 soriam
682 4357 880 4428 judicii
900 4359 1109 4430 virgam
1134 4368 1400 4427 tenentes,
1446 4363 1832 4434 damnationis,
1885 4383 2045 4438 quam

453 4459 714 4518 meretur,
769 4449 821 4505 in
851 4465 977 4507 eum
1029 4450 1222 4508 dentes
1269 4462 1567 4521 exacuant,
1617 4470 1850 4529 eumque
1898 4460 2044 4516 velut

451 4544 688 4600 scabiosi
746 4557 910 4599 canes
967 4551 1226 4613 tanquam
1285 4547 1563 4602 mordicus
1609 4550 2036 4619 apprehendant.

451 4635 692 4692 Audiant
738 4635 884 4706 quod
931 4635 1064 4690 alias
1095 4635 1238 4690 idem
1287 4636 1581 4709 Gregorius
1613 4640 1688 4693 ait
1718 4655 1736 4694 :
1768 4659 1786 4692 σ
1819 4640 2041 4709 Quoties

450 4745 548 4796 per
576 4729 992 4784 immoderatum
1042 4743 1193 4784 esum
1227 4743 1418 4785 manus
1455 4730 1522 4785 ad
1552 4731 1733 4787 cibum
1775 4735 2037 4801 tenditur,

429 4818 616 4888 quities
639 4818 800 4890 primi
831 4819 1076 4889 parentis
1100 4817 1290 4889 lapsus
1311 4819 1559 4876 iteratur.
1592 4840 1618 4874 ι.
1659 4823 1812 4890 Quod
1853 4825 2040 4896 utique

449 4923 613 4979 quam
656 4900 857 4965 durum
897 4908 997 4973 sit,
1048 4925 1155 4964 non
1182 4925 1495 4981 exaggero;
1555 4912 1680 4981 quia
1734 4914 2040 4984 quibusque

451 4999 752 5073 legentibus
793 5000 1137 5071 perspicuum
1193 5016 1317 5058 esse
1360 5018 1466 5058 non
1517 5003 1748 5059 dubito:
1794 5013 1850 5058 et
1874 5022 2038 5076 quam

453 5093 619 5148 multa
664 5091 859 5149 scribit
879 5091 1213 5162 huiusmodi,
1244 5108 1365 5163 quae
1411 5109 1511 5150 nos
1535 5096 1721 5151 studio
1753 5098 2040 5153 brevitatis

451 5183 790 5250 omittinuts;
852 5198 919 5237 ne
941 5192 1138 5239 metam
1185 5184 1492 5254 epistolaris
1533 5186 1862 5255 compendii,
1894 5189 2036 5256 quod

451 5276 790 5333 fastidiosum
815 5285 930 5344 est,
949 5277 1296 5332 excedamus.
1353 5275 1590 5347 Sedipsi
1625 5278 1677 5333 in
1706 5287 1915 5334 mutum
1949 5297 2035 5337 me

453 5369 701 5439 diligunt,
729 5377 793 5424 ut
820 5383 914 5424 me-
949 5367 1132 5424 solum,
1159 5367 1358 5436 legant,
1401 5383 1594 5437 meque
1619 5369 1732 5424 solo
1771 5371 2033 5436 contenti,

453 5470 731 5512 sacrarum
761 5458 1162 5527 Scripturarum
1212 5457 1481 5514 volumina
1511 5459 1759 5514 universa
1789 5469 2032 5514 contem-

454 5558 634 5605 nant:
688 5559 747 5604 et
796 5551 888 5622 qui
943 5551 1032 5605 vix
1085 5556 1354 5604 noverunt
1417 5548 1721 5619 syllabatim
1767 5549 2034 5606 elementa

455 5654 794 5710 percurrere,
829 5656 989 5711 super
1029 5655 1113 5694 me
1141 5639 1353 5707 judices
1391 5637 1516 5693 facti
1549 5654 1656 5695 non
1686 5648 1939 5694 verentur
1979 5641 2031 5695 in

456 5746 542 5789 tua
593 5733 891 5788 sententias
940 5732 1303 5802 promulgare.
1358 5730 1513 5788 Absit
1584 5740 1765 5790 autem
1824 5742 1883 5788 ut
1941 5733 2028 5790 vel

2152 3259 2388 3324 domine,
2425 3258 2550 3329 quia
2591 3258 2850 3314 continuo
2885 3273 3040 3313 mens
3067 3272 3185 3312 mea
3215 3273 3450 3314 interere
3484 3259 3741 3328 deprimi-

2151 3358 2261 3415 tur,
2295 3351 2420 3404 dum
2449 3349 2592 3404 diem
2622 3349 2827 3420 proprii
2879 3349 3060 3406 exitus
3087 3350 3313 3422 jamjam
3359 3350 3584 3421 propius
3639 3352 3740 3405 im-

2152 3441 2469 3506 minentem,
2518 3449 2574 3496 et
2603 3448 2860 3510 tanquam
2909 3455 3020 3512 pra:
3047 3441 3218 3498 oculis
3260 3443 3492 3512 positum
3522 3442 3740 3497 assidue

2150 3531 2567 3602 contemplatur.
2600 3530 2733 3586 Nam
2771 3531 2900 3586 dum
2943 3540 3052 3586 tam
3083 3530 3356 3600 longaevos
3387 3546 3560 3586 annos
3603 3545 3740 3586 enu-

2153 3639 2326 3689 mero,
2353 3623 2480 3678 dum
2511 3623 2691 3695 spargi
2731 3637 2818 3678 me
2855 3623 3008 3678 cauis
3036 3622 3290 3690 attendo;
3328 3632 3491 3693 atque
3518 3623 3570 3677 in
3601 3637 3737 3692 quo-

2151 3729 2365 3785 cunque
2387 3725 2657 3772 conventu
2697 3715 2977 3770 hominum
3009 3715 3239 3785 positus,
3267 3729 3459 3770 omnes
3488 3728 3627 3798 pene
3657 3715 3740 3768 iu-

2151 3810 2231 3865 fra
2263 3824 2440 3864 meam
2469 3817 2684 3865 :etatem
2729 3824 2851 3865 esse
2878 3809 3184 3878 considero,
3231 3810 3546 3880 postpositis
3567 3809 3738 3864 omni-

2149 3902 2252 3957 bus
2274 3901 2441 3970 curis,
2472 3900 2540 3956 de
2562 3898 2676 3955 sola
2707 3909 2881 3955 morte
2907 3900 3106 3972 cogito,
3144 3900 3454 3971 sepulcrum
3477 3900 3735 3966 meditor,

2151 4007 2180 4046 a
2206 3991 2451 4062 sepulcro
2483 3992 2680 4048 mentis
2700 3990 2886 4048 oculos
2907 4007 3012 4047 non
3036 3991 3230 4048 avello.
3273 3991 3459 4064 Neque
3497 3993 3598 4048 hoc
3623 3992 3738 4048 solo

2151 4082 2335 4138 infelix
2379 4097 2532 4138 mens
2567 4098 2687 4138 mea
2715 4096 2915 4152 pavore
2943 4090 3221 4148 contenta,
3263 4082 3316 4138 in
3347 4091 3520 4139 morte
3547 4096 3739 4152 corpo-

2150 4175 2228 4229 ris
2278 4174 2734 4230 considerationis
2783 4189 2896 4230 sua:
2938 4173 3166 4230 limitem
3193 4173 3350 4246 ﬁgit:
3394 4175 3487 4230 sed
3519 4189 3644 4229 mox
3667 4175 3736 4230 ad

2143 4264 2406 4335 judicium
2448 4267 2680 4340 rapitur,
2718 4269 2848 4340 quid
2886 4270 2988 4325 sibi
3012 4270 3172 4342 objici
3206 4269 3404 4336 valeat,
3440 4269 3572 4341 quid
3617 4270 3734 4341 ipsa

2151 4357 2480 4416 defensionis
2533 4361 2814 4427 obtendat,
2878 4378 2984 4418 non
3033 4363 3150 4418 sine
3201 4379 3394 4434 magna
3450 4362 3736 4419 formidine

2150 4449 2459 4506 meditatur.
2499 4450 2605 4505 Sed
2635 4451 2738 4506 heu
2769 4466 2857 4506 me
2884 4453 3166 4520 miserum,
3215 4461 3379 4524 atque
3407 4453 3732 4510 inexhausta

2148 4539 2505 4612 lacrymarum
2538 4541 2685 4598 fonte
2719 4542 3047 4615 lugendum!
3080 4544 3170 4614 qui
3197 4545 3380 4600 omnia
3411 4543 3553 4599 mala
3583 4559 3734 4600 com-

2148 4632 2291 4699 misi,
2346 4642 2402 4689 et
2440 4649 2537 4704 per
2565 4641 2674 4689 tam
2713 4650 2934 4692 annosa:
2981 4637 3108 4692 vita:
3136 4636 3309 4708 spatia
3345 4635 3551 4691 nullum
3594 4651 3733 4707 pene

2147 4722 2459 4778 mandatum
2488 4725 2683 4779 divina:
2709 4725 2842 4797 legis
2883 4725 3137 4798 implevi!
3185 4727 3318 4795 Quae
3354 4727 3520 4791 enim.
3565 4727 3732 4783 miser

2145 4815 2333 4882 homo,
2369 4816 2513 4872 mala
2541 4833 2648 4874 non
2683 4817 2782 4875 feci
2804 4820 2828 4873 τ
2853 4819 3059 4888 Quibus
3087 4836 3174 4876 me
3198 4820 3366 4886 vitiis,
3417 4820 3612 4890 quibus
3643 4837 3731 4877 me

2143 4908 2463 4966 criminibus
2489 4927 2596 4967 non
2638 4911 2874 4968 involvi?
2902 4912 3178 4970 Conﬁteor
3207 4932 3219 4968 :
3257 4932 3278 4968 ι
3304 4914 3520 4969 Cecidit
3563 4914 3615 4969 iu
3647 4913 3728 4968 la-

2145 5017 2269 5058 cum
2297 5003 2530 5060 miseriae
2571 5005 2684 5060 vita
2707 5020 2825 5062 mea
2855 5024 2868 5060 :
2918 5016 3198 5078 perempta
3224 5015 3309 5062 est
3337 5007 3388 5061 in
3431 5006 3731 5078 iniquitati-

2147 5091 2250 5148 bus
2275 5093 2411 5149 meis
2447 5093 2626 5148 anima
2665 5109 2782 5150 mea
2811 5085 3135 5167 (Threnat'I).
3165 5113 3185 5148 ι
3225 5093 3506 5166 Superbia,
3541 5095 3726 5161 libido,

2149 5182 2252 5249 ira,
2302 5182 2658 5252 impatientia,
2712 5183 2959 5250 malitia,
3012 5182 3239 5248 invidia,
3294 5183 3726 5255 gula,ebrietas,

2146 5273 2586 5342 concupiscentia
2610 5314 2626 5340 ,
2681 5275 2872 5344 rapina
2896 5315 2912 5342 ,
2963 5275 3306 5330 mendacium
3332 5316 3348 5341 ,
3401 5275 3723 5346 periurium,

2142 5365 2585 5436 stultiloquium,
2626 5366 2956 5430 scurrilitas,
2994 5366 3296 5434 ignorantia
3319 5407 3334 5433 ,
3379 5366 3725 5438 negligentia,

2141 5471 2234 5512 seu
2265 5465 2472 5511 caeteras
2500 5465 2680 5526 pestes
2704 5457 3188 5528 supplautaverunt
3216 5472 3324 5523 me,
3360 5467 3520 5526 atque
3545 5457 3726 5512 omnia

2139 5547 2292 5615 vitia,
2325 5547 2476 5605 velut,
2508 5547 2797 5605 frementes
2822 5549 3029 5613 bestiae,
3062 5549 3460 5603 devoraverunt
3489 5547 3725 5601 animam
3803 5544 3812 5552 ’

2141 5656 2336 5696 meam.
2368 5640 2634 5696 Pollutum
2673 5650 2756 5696 est
2781 5655 2875 5694 cor
2897 5653 3075 5694 meum
3117 5649 3170 5693 et
3219 5638 3357 5693 labia
3395 5653 3531 5694 mea.
3593 5640 3727 5694 Cun-

2144 5735 2436 5792 taminatus
2467 5751 2584 5790 sum
2630 5735 2685 5788 in
2726 5734 2841 5788 visu
2861 5774 2877 5799 ,
2924 5733 3109 5789 auditu
3131 5773 3146 5801 ,
3179 5740 3337 5805 gusta
3365 5771 3384 5800 ,
3411 5731 3640 5787 odoratu
3672 5739 3729 5787 et
