4170 6462
454 300 551 355 διι

454 506 572 560 sive
604 506 818 590 actione
847 510 1092 579 perditus
1135 528 1277 569 sum.
1334 515 1400 569 Et
1447 517 1561 573 hac
1601 521 1818 590 quidem
1860 524 2045 578 omnia

457 597 596 651 mala
633 599 905 654 commisi.
957 599 1064 656 Sed
1092 603 1196 658 heu
1227 606 1240 659 ι
1297 608 1432 675 proh
1461 607 1650 664 dolor!
1690 611 1887 681 dignos
1931 627 2052 684 pa:-

456 693 698 747 nitentia
723 691 935 750 fructus
976 711 1253 766 nunquam
1307 699 1486 754 attuli.
1535 699 1715 756 Unum
1749 703 1896 760 inter
1931 704 2050 761 bac

456 782 696 838 amarius
727 781 920 850 deﬂeo,
961 799 1068 854 quo
1099 802 1184 842 me
1221 789 1592 858 perniciosius
1621 793 1945 865 obligatum,
1973 804 2051 850 te-

457 880 540 923 ste
587 871 958 938 conscientia,
1019 889 1392 946 recognosco:
1444 880 1751 937 scurrilitas
1795 881 2051 937 nimirum

461 962 590 1016 mihi
623 979 842 1034 semper
867 963 1150 1020 familiaris
1182 965 1304 1032 fuit,
1345 985 1465 1040 qua
1494 979 1548 1025 et
1569 980 1794 1044 propter
1827 987 2054 1029 conver-

459 1053 663 1107 sionem
698 1070 973 1123 nunquam
1008 1071 1094 1111 me
1122 1057 1361 1127 perfecte
1409 1061 1669 1116 deseruit.
1724 1063 1876 1118 Licet
1898 1063 2050 1119 enim

366 1201 382 1217 ι
460 1151 650 1196 contra
679 1144 783 1198 hoc
817 1144 986 1200 ferale
1018 1159 1319 1203 monstrum
1347 1165 1490 1220 sape
1515 1155 1893 1224 pugnaverim,
1921 1153 2052 1210 licet

463 1235 618 1304 hujus
649 1237 840 1291 bestia
870 1239 1230 1308 nequissimos
1261 1242 1450 1297 dentes
1497 1244 1702 1300 malleo
1744 1246 2060 1302 severitatis

461 1326 784 1392 attriverint,
848 1328 915 1382 ad
952 1339 1164 1400 tempus
1201 1331 1419 1399 quidem
1451 1326 1770 1404 reprimere;
1809 1337 1903 1392 sed
1925 1353 2059 1392 nun-

459 1430 622 1484 quam
659 1431 726 1470 ex
752 1429 815 1470 ea
845 1417 993 1487 potui
1033 1418 1245 1488 plenam
1284 1421 1568 1477 victoriam
1601 1434 1907 1494 reportare.
1941 1426 2058 1483 lno-

461 1505 554 1559 lita
583 1520 816 1576 namque
845 1506 1140 1577 cujuslibet
1186 1508 1303 1564 vitii
1331 1513 1703 1580 consuetudo,
1756 1513 1888 1571 licet
1911 1515 2058 1572 omni

461 1595 639 1650 studio
681 1596 751 1652 ab
792 1597 958 1652 animi
989 1599 1354 1668 penetralibus
1379 1603 1453 1657 sit
1477 1603 1717 1675 repulsa,
1747 1605 1955 1661 assistit
1982 1615 2062 1662 tae

465 1703 584 1742 tuen
608 1703 750 1758 sape
783 1689 933 1758 quasi
967 1705 1076 1760 pra
1101 1690 1308 1748 foribus
1346 1678 1694 1766 importuna:
1727 1706 1784 1751 et
1813 1697 1898 1752 vel
1928 1697 2062 1752 lam-

464 1785 591 1838 bere
612 1793 983 1840 summoteuus
1015 1785 1224 1853 nititur,
1257 1788 1302 1842 si
1348 1790 1624 1846 mordicus
1649 1791 2058 1860 apprehendere
2088 1801 2133 1860 Β

464 1874 797 1944 prohibetur.
850 1876 964 1930 Sub
1004 1877 1184 1946 specie
1232 1894 1467 1949 namque
1518 1881 1819 1951 spiritualis
1862 1883 2065 1939 latitia

464 1966 590 2020 dum
619 1981 705 2020 me
744 1965 1004 2020 fratribus
1027 1967 1252 2024 hilarem
1279 1971 1571 2025 ostendere
1606 1972 1792 2041 cupio,
1837 1973 1891 2028 in
1916 1972 2064 2027 vani-

467 2057 593 2112 talis
646 2059 813 2112 verba
860 2058 1073 2114 decline
1114 2076 1129 2114 :
1183 2069 1240 2115 et
1281 2061 1410 2114 dum
1457 2077 1488 2116 a
1531 2062 1694 2118 solito
1745 2065 1925 2134 rigore
1971 2064 2065 2120 de—

467 2151 725 2204 scendere
773 2149 1030 2219 fraterna
1075 2152 1362 2208 charitatis
1411 2169 1574 2208 causa
1635 2155 1791 2225 quasi
1820 2155 2058 2212 discreto

468 2238 726 2302 delibero,
763 2239 828 2293 ad
865 2240 1074 2294 inutilia
1103 2241 1424 2311 proferenda
1454 2241 1792 2298 diﬂ'renatam
1829 2243 2064 2316 linguam

470 2327 762 2382 indiscrete
791 2328 1021 2383 resolvo.
1057 2327 1163 2384 Sed
1191 2330 1318 2384 dum
1349 2329 1608 2385 Dominus
1638 2331 1784 2386 dicat
1809 2349 1823 2385 :
1861 2351 1879 2383 ι
1910 2332 2064 2387 Beati

471 2415 562 2482 qui
586 2415 790 2486 lugent,
813 2418 1069 2486 quoniam
1097 2417 1199 2487 ipsi
1222 2420 1650 2476 consolabuntur
1673 2420 1888 2491 (Matth.
1922 2421 1976 2492 v)
2000 2438 2015 2489 ;
2039 2442 2060 2475 ι

473 2506 749 2574 qualeillis
763 2504 1024 2576 judicium
1049 2507 1538 2580 imminet,quinon
1562 2511 1720 2566 modo
1732 2511 2064 2570 ﬂetibusnon

474 2596 765 2662 insistunt;
795 2598 889 2652 sed
915 2598 1060 2653 ultro
1085 2600 1248 2654 etiam
1279 2600 1582 2666 cachinnis,
1615 2612 1666 2657 et
1689 2603 1838 2657 vanis
1867 2604 2066 2660 risibus

476 2688 796 2743 histrionum
851 2704 1002 2744 more
1056 2690 1408 2746 deserviunt?
1479 2691 1722 2763 Cumque
1771 2694 2066 2752 consolatio

475 2792 578 2831 non
609 2777 990 2847 gaudentibus,
1030 2779 1126 2835 sed
1158 2781 1518 2837 maerentibus
1555 2783 1742 2852 utique
1782 2783 2064 2853 debeatur,

474 2883 636 2936 quam
684 2868 1111 2925 consolationem
1164 2879 1484 2941 exspectare
1521 2888 1553 2927 a
1606 2882 1836 2930 venturo
1881 2872 2067 2944 judice

475 2968 766 3027 poterunt,
813 2959 903 3031 qui
957 2976 1018 3016 se
1050 2977 1193 3015 nunc
1240 2962 1436 3033 inepta
1469 2962 1670 3020 latitia
1724 2964 2064 3023 maleblanda

475 3047 806 3116 iucunditate
838 3050 1155 3106 resolvunt?
1200 3050 1442 3107 Rursum
1463 3068 1584 3108 cum
1625 3053 1814 3110 eadem
1850 3055 2066 3112 Veritas

482 3232 588 3302 Vl);
621 3253 640 3285 ι
681 3233 811 3302 quid
866 3233 918 3288 in
969 3235 1251 3290 tremendo
1280 3234 1489 3304 judicio
1543 3237 1739 3292 dicturi
1770 3246 1918 3304 sunt,
1973 3239 2065 3310 qui

479 3341 582 3380 non
610 3325 782 3380 solum
816 3326 916 3397 ipsi
943 3327 1142 3394 rident,
1170 3328 1266 3384 sed
1296 3328 1518 3400 insuper
1547 3330 1792 3399 quadam
1817 3331 2068 3387 scurrilia

479 3418 812 3490 proferentes
829 3462 845 3488 ,
872 3421 1040 3476 risum
1065 3420 1409 3478 audientibus
1423 3422 1686 3480 violenter
1711 3432 2070 3495 extorquent?

448 3582 450 3584 ν
551 3521 653 3578 Ubi
683 3521 1002 3590 notandum,
1050 3522 1175 3592 quia
1207 3538 1330 3578 cum
1361 3523 1640 3579 inimicum
1672 3525 1868 3579 animae
1895 3524 1966 3580 sit
1995 3523 2071 3579 ri-

456 3614 629 3678 .dere,
656 3613 1012 3685 perniciosius
1041 3621 1222 3668 tamen
1255 3621 1341 3670 est
1375 3613 1724 3670 seurrilitatis
1743 3613 1906 3669 verba
1937 3629 2067 3685 pro-

482 3701 646 3758 ferre.
671 3702 999 3758 Seurrilitati
1026 3703 1224 3772 quippe
1251 3702 1584 3768 deserviens,
1624 3712 1681 3758 et
1723 3701 1859 3758 alios
1883 3717 2070 3759 secum

482 3807 576 3862 per
608 3808 799 3847 vanam
823 3792 1068 3849 latitiam
1104 3793 1355 3858 destruit,
1401 3801 1456 3848 et
1485 3793 1539 3847 in
1573 3794 1676 3849 hoc
1702 3792 1925 3862 insuper
1944 3807 2071 3849 reus

481 3890 583 3946 est,
615 3884 758 3953 quod
805 3883 976 3939 otiosa
1007 3883 1174 3940 verba
1205 3883 1472 3938 inutiliter
1518 3882 1717 3951 fundit,
1768 3898 1891 3959 cum
1928 3884 2068 3940 scri-

483 3983 629 4040 ptum
677 3973 792 4027 sit:
840 3991 858 4024 ι
904 3972 1078 4030 Omne
1125 3975 1350 4030 verbum
1401 3975 1658 4043 otiosum,
1719 3975 1863 4045 quod
1904 3975 2072 4031 locuti

484 4061 684 4117 fuerint
702 4062 970 4130 homines,
999 4063 1227 4130 reddent
1250 4064 1315 4118 de
1341 4078 1406 4118 eo
1431 4064 1695 4120 rationem
1743 4065 1796 4118 in
1823 4062 2071 4132 dieiudi-

480 4154 548 4209 cii
574 4153 789 4224 (Matth.
819 4155 937 4226 xu).
969 4173 988 4208 ι
1014 4155 1303 4211 Enimvero
1323 4155 1450 4210 dum
1470 4156 1584 4211 hac
1605 4156 1880 4227 Evangelii
1907 4157 2067 4212 verba

482 4248 797 4310 considero,
850 4249 976 4319 quid
998 4249 1170 4316 aliud;
1204 4265 1364 4319 quam
1392 4249 1666 4320 quoddam
1706 4250 1864 4306 nobis
1913 4266 2063 4306 com-

483 4340 742 4394 mercium
773 4341 1104 4412 propositum
1148 4355 1268 4396 esse
1297 4341 1620 4412 perpendo?
1649 4342 1774 4412 quia
1812 4342 2068 4397 nimirum

480 4439 535 4484 et
557 4444 933 4489 momentaueo
960 4432 1069 4487 risu
1091 4443 1382 4503 perpetuus
1411 4432 1568 4488 ﬂetus
1593 4435 1812 4500 emitur,
1843 4444 1902 4490 et
1929 4443 2064 4490 tem-

483 4522 653 4593 porali
699 4521 825 4578 ﬂetu
855 4533 1115 4593 perpetua
1165 4523 1348 4578 latitia
1397 4535 1759 4594 comparatur.
1803 4524 1941 4581 Hinc
1987 4534 2072 4580 est
2098 4505 2147 4565 ί)

482 4614 624 4683 quod
659 4614 832 4668 sant-ti
861 4614 956 4668 riri
989 4630 1131 4669 nunc
1157 4614 1305 4669 onmi
1336 4615 1515 4670 studio
1538 4614 1694 4672 ﬂetus
1721 4626 1776 4671 et
1804 4615 2072 4688 lacrymas

481 4706 773 4771 setninant,
798 4715 856 4759 ut
881 4706 1067 4760 aterni
1099 4706 1280 4777 gaudii
1315 4705 1496 4774 fruges
1523 4714 1762 4770 metant,
1799 4706 2069 4778 Propheta

482 4802 795 4859 attestante,
824 4794 915 4864 qui
942 4795 1018 4850 ait
1045 4809 1060 4848 :
1105 4813 1124 4846 ι
1154 4795 1359 4852 Euntcs
1386 4797 1558 4861 ibant,
1587 4805 1644 4852 et
1690 4795 1911 4866 ﬂebant,
1940 4798 2041 4854 mit

484 4892 656 4939 tentes
706 4884 910 4939 semina
941 4900 1070 4950 sua;
1127 4885 1406 4941 venientes
1454 4896 1634 4942 autem
1682 4886 1901 4941 venient
1945 4902 2066 4942 cum

484 4973 865 5040 exsultatione,
889 4983 1169 5044 portantes
1183 4976 1484 5044 manipulos
1503 4991 1630 5032 suos
1646 4974 2020 5047 (Ρωμαίων).
2044 4996 2064 5030 ι

487 5067 750 5121 hebennus
771 5067 920 5126 enim
949 5066 1002 5120 in
1031 5081 1163 5139 agro
1207 5068 1388 5124 cordis
1437 5069 1611 5123 nostri
1638 5069 1868 5123 virentia
1901 5069 2070 5124 virtu-

487 5166 598 5211 tum
637 5158 879 5225 germina
909 5157 1061 5226 quasi
1085 5157 1488 5228 prepaginando
1513 5173 1858 5229 componere,
1875 5167 1931 5214 et
1955 5159 2072 5215 hac

487 5243 750 5315 frequenti
774 5246 1194 5316 eompetentium
1219 5246 1470 5301 imbrium
1496 5249 1845 5304 inundatione
1870 5250 2066 5321 rigare.

486 5333 717 5391 Necesse
759 5346 841 5392 est
879 5337 1134 5407 operibus
1175 5337 1368 5394 lucidis
1405 5340 1659 5394 ardenter
1697 5341 1968 5406 insistere,
2015 5351 2069 5396 et

489 5436 667 5482 tamen
694 5429 967 5484 salubrem
1018 5428 1175 5485 ﬂetus
1202 5445 1429 5500 aquam,
1449 5431 1552 5505 ubi
1583 5432 1851 5502 superﬂua
1877 5433 2067 5504 quali-

487 5517 580 5571 bet
623 5521 1040 5588 exstingnautur
1067 5560 1082 5586 ,
1131 5535 1346 5590 semper
1397 5521 1619 5577 habere.
1676 5520 1830 5578 Unde
1876 5524 2072 5594 legitur

490 5609 686 5681 (Exod.
720 5628 846 5678 xxv,
894 5614 1129 5684 xxxvii),
1170 5613 1295 5683 quia
1338 5612 1550 5685 Moyses
1578 5612 1705 5668 fecit
1735 5615 1788 5669 in
1823 5617 2072 5671 taberna-

488 5701 610 5760 culo
636 5711 841 5779 septem
864 5702 1116 5760 lucernas
1148 5718 1272 5760 cum
1298 5703 1652 5762 emunctoriis
1682 5705 1818 5774 suis,
1867 5716 1919 5762 et
1944 5723 2068 5765 vasa

1695 311 1896 367 LIBER
1936 312 2266 382 QUINTUS,
2311 318 2526 372 EPIST.
2576 321 2672 374 tll.‘

458 420 626 464 tactu.
679 409 746 465 Et
787 412 1136 481 omnimodis,
1178 417 1528 488 cogitatione,
1580 423 1740 496 1M
1764 425 2054 490 locutione,
2086 432 2128 488 Α
2161 451 2248 505 ubi
2276 468 2395 522 qua,
2444 464 2694 508 mmmam

3644 331 3749 383 332

2753 465 2880 509 sunt
2901 457 3352 527 exstinguuntur,
3387 457 3454 511 de
3481 475 3614 514 auro
3655 476 3750 529 pu-

2154 546 2391 599 rissimo.
2425 547 2563 614 Quid
2586 547 2730 601 enim
2759 563 2856 616 per
2881 557 3086 618 septem
3118 548 3388 613 lucernas,
3413 533 3516 604 nisi
3543 561 3749 620 septem

2151 635 2324 687 sancti
2365 634 2604 706 Spiritus
2627 636 2981 708 intelligimus
2999 637 3178 691 dona?
3206 637 3358 692 Tunc
3384 639 3750 709 enimseptem

2152 723 2405 779 lucernas
2439 726 2490 780 iu
2525 727 2874 782 tabernaculo
2903 725 3158 792 facimus,
3195 728 3240 782 si
3258 728 3326 782 'in
3357 739 3744 784 rnen-tenosua

2153 815 2324 869 sancti
2363 814 2601 886 Spiritus
2643 818 2976 880 charismata
3011 833 3078 873 ex
3131 819 3319 875 divino
3346 836 3574 876 munere
3599 837 3751 878 com-

2153 920 2434 974 ponamus.
2459 907 2724 980 mssa
2739 911 2864 980 quia
2895 910 2947 966 in
2969 903 3102 982 ipsis
3118 913 3322 967 sanctis
3335 914 3612 983 operibus,
3631 915 3755 984 qni-

2155 999 2254 1054 bus
2266 1015 2362 1070 per
2383 1000 2709 1056 aﬂlationem
2723 1003 2894 1058 sancti
2914 1002 3149 1073 Spiritus
3163 1019 3190 1056 a
3200 1003 3328 1059 rden
3337 1013 3417 1058 tes
3429 1004 3750 1069 insistimus,

2156 1091 2403 1161 quadam
2426 1092 2694 1163 superﬂua
2727 1101 2963 1150 terrena
2991 1096 3364 1166 corruptionis
3394 1097 3747 1162 interseruut,

2159 1198 2283 1238 cum
2339 1182 2580 1239 lucernis
2631 1185 2796 1254 etiam
2851 1189 3188 1242 emunctoria
3237 1189 3545 1243 necessario
3595 1190 3748 1244 fiunt.

2159 1274 2297 1343 Quid
2329 1275 2474 1329 enim
2513 1291 2612 1346 per
2641 1278 3010 1343 emunctoria,
3042 1279 3147 1332 nisi
3181 1279 3455 1333 districtio
3483 1280 3752 1349 panitet:-

2163 1367 2252 1423 tia
2305 1368 2656 1439 designatur?
2694 1368 3047 1424 Emunctorio
3099 1385 3332 1440 namque
3367 1372 3512 1440 quod
3563 1387 3754 1442 super-

2162 1473 2393 1514 vacuum
2422 1467 2508 1515 est
2549 1459 2604 1514 in
2635 1459 2878 1526 lucerna,
2920 1460 3264 1530 decerpitur;
3315 1471 3370 1516 et
3416 1462 3754 1519 districtione

2163 1549 2501 1620 poenitentia
2526 1550 2778 1608 humana
2824 1551 3110 1621 pravitatis
3140 1551 3296 1622 culpa
3329 1551 3560 1606 deletur.
3602 1551 3756 1607 Unde

2163 1648 2220 1693 et
2245 1637 2442 1694 Petrus
2484 1639 2806 1709 quibusdam
2843 1638 3112 1710 superﬂua
3160 1643 3604 1710 perpetrantibus
3645 1643 3753 1696 ait:

2171 1745 2191 1779 ι
2224 1727 2571 1784 Panitemini
2611 1729 2794 1800 igitur,
2827 1738 2881 1784 ct
2918 1731 3320 1799 convertimini,
3366 1741 3427 1784 ut
3477 1721 3758 1786 deleantur

2159 1831 2337 1876 vestra
2363 1829 2582 1891 peccata
2611 1821 2750 1893 (Act.
2777 1821 2883 1895 ιιι).
2917 1843 2936 1875 ι
2956 1823 3034 1878 Ac
3048 1823 3092 1878 si
3113 1833 3301 1892 aperte
3323 1823 3486 1878 dicat:
3520 1823 3756 1880 Emuncv

2165 1911 2361 1966 torium
2387 1913 2652 1983 stringite,
2687 1921 2742 1969 ct
2769 1901 3026 1970 excessus
3058 1913 3210 1983 pravi
3250 1914 3432 1984 operis
3454 1923 3752 1984 amputale.

2164 1999 2331 2057 Recte
2360 2017 2492 2072 ergo
2523 2019 2647 2058 cum
2685 2004 2923 2060 lucernis
2947 2014 3004 2059 et
3043 2006 3379 2059 emunctoria
3414 2006 3577 2070 fiunt;
3628 2007 3756 2074 quia

2163 2093 2253 2161 qui
2281 2095 2455 2150 sancti
2487 2094 2723 2164 Spiritus
2744 2097 2973 2167 gratiam
3005 2096 3270 2150 bonorum
3295 2111 3521 2166 operum
3547 2097 3753 2150 lumine

2163 2185 2510 2255 resplendere
2544 2186 2947 2254 contendimus,
2971 2187 3100 2242 dum
3130 2195 3312 2243 tamen
3342 2189 3579 2243 humana
3625 2204 3754 2242 eor-

2164 2275 2345 2343 ruptio
2384 2274 2654 2345 superﬂua
2685 2285 2931 2347 generat,
2961 2277 3296 2348 panitentia
3327 2278 3584 2334 remediis
3614 2279 3758 2334 iudi-

2165 2379 2373 2436 gemus.
2403 2365 2510 2422 Sed
2535 2367 2798 2437 quoniam
2829 2369 2947 2424 hac
2973 2369 3088 2439 ipsa
3117 2367 3410 2439 superﬂua,
3451 2385 3572 2440 qua
3596 2371 3758 2425 disci—

2164 2458 2367 2529 plinam
2399 2459 2734 2528 panitcntia
2765 2467 2994 2524 resecat,
3028 2459 3397 2516 necessarium
3419 2468 3503 2515 est
3541 2468 3600 2514 ut
3626 2476 3758 2515 con-

2168 2550 2279 2605 triti
2313 2551 2494 2606 cordis
2529 2551 2686 2606 ﬂetus
2723 2552 3060 2622 exstinguat,
3100 2567 3206 2607 non
3243 2553 3515 2608 immerito
3545 2553 3760 2624 Moyses

2165 2652 2290 2713 post
2320 2642 2599 2708 lucernas,
2644 2652 2701 2699 et
2759 2644 3120 2710 emunctoria,
3176 2644 3338 2700 etiam
3394 2659 3520 2699 vasa
3560 2643 3759 2700 fecisse

2165 2743 2523 2802 memoratur,
2553 2735 2666 2802 ubi,
2701 2750 2822 2806 qua
2845 2744 3098 2791 emuneta
3145 2745 3292 2802 sunt,
3322 2737 3758 2807 exstinguantur.

2167 2825 2308 2881 Vasa
2362 2835 2543 2881 autem
2597 2833 2782 2881 nostra
2838 2835 2964 2881 sunt
3007 2825 3192 2891 corda,
3231 2841 3352 2896 qua
3390 2826 3754 2902 lacrymarum

2167 2939 2382 2996 semper
2407 2933 2464 2980 et
2493 2924 2652 2981 ﬂetus
2683 2925 2882 2981 debent
2907 2939 3030 2980 esse
3057 2925 3408 2981 inundatione
3448 2926 3670 2996 repleta.
3700 2925 3757 2982 ln

2167 3016 2364 3086 quibus
2395 3015 2647 3070 nimirum
2679 3015 2826 3070 vasis
2848 3022 2904 3070 et
2925 3014 3105 3070 oleum
3149 3013 3279 3070 illud
3309 3016 3645 3080 reconditur,
3691 3016 3758 3071 de

474 3107 616 3196 dicat
645 3159 659 3195 :
698 3161 716 3194 ς
747 3140 840 3197 Va
867 3143 1017 3200 vobis
1037 3145 1126 3213 qui
1156 3143 1362 3210 ridetis,
1399 3107 1881 3215 quoniamﬂebitis
2093 3154 2139 3217 ο

2171 3201 2408 3272 virgines
2434 3208 2760 3270 acceperunt
2781 3199 2961 3256 oleum
2987 3199 3043 3254 in
3075 3200 3217 3253 vasis
3250 3199 3365 3253 suis
3401 3215 3524 3253 cuin
3550 3199 3756 3270 lampa-

2169 3294 2327 3349 dibus
2364 3291 2581 3365 (Mattlt.
2613 3292 2762 3363 xxv).
2797 3309 2817 3344 ι
2853 3289 2912 3347 Si
2961 3306 3090 3363 ergo
3119 3300 3176 3346 et
3210 3290 3268 3356 ii,
3311 3290 3475 3346 claris
3505 3293 3760 3362 operibus

2168 3385 2474 3454 splendent,
2507 3385 2685 3440 adhuc
2722 3393 2902 3440 tamen
2933 3384 3148 3441 ﬂetibus
3185 3385 3460 3454 indigent;
3515 3385 3644 3454 quid
3693 3385 3762 3438 de

2168 3474 2388 3538 misero,
2414 3474 2658 3544 meisque
2681 3473 2948 3530 similibus
2969 3474 3334 3538 sentiendum,
3358 3474 3449 3542 qui
3475 3473 3759 3528 tenebrosa

2170 3566 2338 3622 multa
2387 3567 2762 3624 commisimus
2819 3573 2927 3621 :et
2972 3566 3136 3632 bona,
3183 3580 3304 3634 qua
3355 3565 3596 3628 luceant,
3651 3579 3769 3616 non-

2169 3657 2470 3714 habemus?
2494 3657 2666 3726 Quam
2704 3657 2966 3727 uberibus
2995 3657 3360 3728 lacrymarum
3415 3656 3544 3710 rivis
3595 3655 3772 3733 debe-_

2171 3765 2292 3806 mus
2319 3765 2533 3821 semper
2560 3749 2802 3816 afﬂuere,
2825 3764 2989 3820 quam
3017 3748 3275 3804 continuo
3304 3745 3515 3801 marori
3539 3759 3762 3800 necesse

2171 3839 2568 3913 fueratjugiter
2597 3840 2885 3908 insudare;
2915 3847 2971 3895 et
2998 3853 3107 3894 non
3135 3837 3272 3893 alios
3302 3837 3356 3892 in
3380 3837 3549 3892 risum
3580 3834 3758 3890 faceta

2171 3935 2404 4005 quadam
2433 3933 2636 3988 dicacis
2665 3947 2869 3988 scurra
2903 3930 3213 3986 urbanitate
3260 3927 3612 3999 compellere,
3663 3927 3763 3986 sed

2172 4025 2272 4097 ipsi
2301 4025 2479 4097 potius
2502 4025 2737 4079 demisso
2762 4037 2978 4099 semper
3001 4021 3150 4078 vultu
3173 4021 3429 4092 lugubres
3458 4031 3756 4089 apparere:

2171 4128 2440 4188 quatenus
2473 4115 2726 4186 perfecta
2756 4115 3091 4188 poenitentia
3141 4113 3370 4170 formam
3395 4112 3516 4182 ipse
3546 4124 3763 4182 quoque

2170 4209 2408 4264 exterior
2435 4208 2612 4265 cultus
2667 4209 3021 4280 exprimeret,
3075 4221 3196 4277 qua
3237 4207 3295 4260 in
3333 4204 3545 4262 occulta
3583 4203 3765 4259 cordis

2173 4291 2534 4356 amaritudine
2561 4299 2935 4370 principaliter
2969 4305 3260 4366 astuaret;
3317 4305 3373 4352 et
3428 4311 3535 4351 non
3587 4295 3760 4351 solum

2171 4389 2328 4445 nobis
2355 4389 2609 4446 conferre
2639 4388 2942 4444 curationis
2991 4396 3192 4459 optata
3221 4385 3548 4450 remedium,
3574 4385 3670 4439 sed
3709 4390 3765 4436 et

2173 4479 2295 4534 aliis
2319 4478 2594 4534 fruetuose
2617 4479 2915 4549 pauitendi
2946 4478 3190 4548 prabere
3213 4484 3404 4548 posset
3431 4473 3758 4542 exemplum.

2177 4571 2329 4628 Unde
2355 4586 2486 4643 rogo
2513 4572 2858 4628 sanctitatem
2882 4579 3142 4633 vestram,
3179 4567 3528 4624 dilectissime
3575 4563 3758 4627 Pater,

2173 4673 2228 4716 et
2251 4661 2477 4731 pedibus
2505 4661 2611 4716 tuis
2643 4677 2728 4716 me
2758 4670 3061 4732 prostratus
3090 4658 3339 4726 advolvo,
3398 4664 3458 4710 ut
3498 4655 3761 4709 adversus

2173 4754 2276 4809 hoc
2300 4752 2475 4808 ferale
2503 4760 2828 4816 monstrum,
2860 4761 3073 4807 scutum
3105 4749 3234 4804 mihi
3264 4756 3466 4803 sancta
3492 4754 3598 4799 tua
3625 4759 3754 4800 ora-

2171 4843 2334 4899 tionis
2359 4840 2606 4913 objicias,
2629 4852 2684 4898 et
2703 4843 3074 4912 serpentinum
3103 4839 3253 4892 virus
3276 4852 3344 4892 ex
3373 4850 3459 4890 me
3487 4834 3759 4905 sapienter

2171 4933 2504 4991 incantando
2529 4933 2794 5004 depellas:
2827 4942 3014 4988 etnon
3053 4928 3225 4985 solum
3255 4943 3354 4999 pro
3383 4927 3508 4992 hoc,
3560 4927 3654 4982 sed
3705 4935 3761 4982 et

2172 5041 2270 5096 pro
2291 5025 2526 5090 cunctis,
2553 5040 2673 5094 qua:
2690 5023 2785 5078 tibi
2809 5037 2967 5093 supra
2991 5020 3272 5077 confessus
3293 5035 3434 5085 sum,
3476 5019 3760 5073 continuas

2173 5117 2284 5172 Deo
2306 5132 2496 5188 preces
2522 5115 2768 5180 fundere,
2798 5123 2960 5183 atque
2991 5112 3132 5183 apud
3165 5112 3378 5166 divinas
3407 5124 3571 5166 aures
3595 5108 3758 5164 mise-

2173 5209 2423 5265 ricordia
2460 5207 2591 5262 mihi
2629 5206 2805 5260 locum
2841 5203 3059 5260 studeas
3089 5203 3401 5274 impetrare.

2733 5358 3067 5415 EPISTOLA
3103 5357 3189 5413 Ill.

2601 5467 2667 5507 AD
2695 5469 2745 5506 P.
2770 5463 3330 5507 Αιιῦιιιριιεδιιντειιυκ.

2170 5568 2570 5624 Aaeuussruu.
2601 5595 2667 5605 —
2694 5563 2753 5618 lu
2781 5564 2941 5632 hujus
2969 5561 3206 5631 epistola
3253 5559 3590 5632 fragmentis,
3621 5561 3758 5616 duo-

2244 5640 2343 5693 bus
2369 5637 2616 5691 .leremia
2638 5631 2914 5704 propheta
2934 5633 3066 5687 locis
3091 5633 3284 5696 allatis,
3312 5631 3568 5692 ostendit.
3594 5648 3755 5702 quam

2245 5711 2316 5766 sit
2350 5708 2527 5763 futura
2563 5706 2808 5764 luctuosa
2834 5705 3214 5780 peceatoribus
3244 5704 3436 5762 anima:
3467 5718 3498 5764 a
3529 5718 3756 5777 corpore
