  <div class='ocr_page' id='page_1' title='image "/cluster/home/n/w/nwhite01/storage/ocr_20150623/144/umn.31951002477437p/197.png"; bbox 0 0 4170 6448; ppageno 0'>
   <div class='ocr_carea' id='block_1_1' title="bbox 487 285 596 342">
    <p class='ocr_par' dir='ltr' id='par_1_1' title="bbox 487 285 596 342">
     <span class='ocr_line' id='line_1_1' title="bbox 487 285 596 342; baseline -0.018 0"><span class='ocrx_word' id='word_1_1' title='bbox 487 285 596 342; x_wconf 69' lang='grc' dir='ltr'><strong>5ιῦ</strong></span> 
     </span>
    </p>
   </div>
   <div class='ocr_carea' id='block_1_2' title="bbox 1027 241 3301 342">
    <p class='ocr_par' dir='ltr' id='par_1_2' title="bbox 1027 241 3301 342">
     <span class='ocr_line' id='line_1_2' title="bbox 1027 241 3301 342; baseline -0.003 -3"><span class='ocrx_word' id='word_1_2' title='bbox 1027 283 1086 342; x_wconf 89' lang='lat' dir='ltr'><strong>S.</strong></span> <span class='ocrx_word' id='word_1_3' title='bbox 1126 281 1336 339; x_wconf 71' lang='lat' dir='ltr'>PETRI</span> <span class='ocrx_word' id='word_1_4' title='bbox 1375 279 1660 338; x_wconf 75' lang='lat' dir='ltr'><strong>DAMlANl</strong></span> <span class='ocrx_word' id='word_1_5' title='bbox 1699 278 1850 336; x_wconf 83' lang='grc' dir='ltr'><strong>ΟΡΡ.</strong></span> <span class='ocrx_word' id='word_1_6' title='bbox 1895 276 2074 333; x_wconf 76' lang='lat' dir='ltr'><strong>PARS</strong></span> <span class='ocrx_word' id='word_1_7' title='bbox 2111 279 2245 337; x_wconf 71' lang='grc' dir='ltr'><strong>εει]</strong></span> <span class='ocrx_word' id='word_1_8' title='bbox 2283 279 2522 337; x_wconf 81' lang='lat' dir='ltr'><strong>TOMUS</strong></span> <span class='ocrx_word' id='word_1_9' title='bbox 2557 279 2599 335; x_wconf 91' lang='lat' dir='ltr'><strong>l.</strong></span> <span class='ocrx_word' id='word_1_10' title='bbox 2638 309 2705 325; x_wconf 82' lang='lat'><strong>--</strong></span> <span class='ocrx_word' id='word_1_11' title='bbox 2744 241 2960 336; x_wconf 85' lang='lat' dir='ltr'><strong>EPIST.</strong></span> <span class='ocrx_word' id='word_1_12' title='bbox 2999 278 3126 334; x_wconf 87' lang='lat' dir='ltr'><strong>LIB.</strong></span> <span class='ocrx_word' id='word_1_13' title='bbox 3169 277 3301 334; x_wconf 84' lang='lat' dir='ltr'>VIII.</span> 
     </span>
    </p>
   </div>
   <div class='ocr_carea' id='block_1_3' title="bbox 3649 278 3760 336">
    <p class='ocr_par' dir='ltr' id='par_1_3' title="bbox 3649 278 3760 336">
     <span class='ocr_line' id='line_1_3' title="bbox 3649 278 3760 336; baseline -0.027 0"><span class='ocrx_word' id='word_1_14' title='bbox 3649 278 3760 336; x_wconf 66' lang='grc' dir='ltr'><strong>δη</strong></span> 
     </span>
    </p>
   </div>
   <div class='ocr_carea' id='block_1_4' title="bbox 523 392 3762 480">
    <p class='ocr_par' dir='ltr' id='par_1_4' title="bbox 523 392 3762 480">
     <span class='ocr_line' id='line_1_4' title="bbox 523 392 3762 480; baseline -0.001 -27"><span class='ocrx_word' id='word_1_15' title='bbox 523 457 528 462; x_wconf 57' lang='grc'><strong><em>,</em></strong></span> <span class='ocrx_word' id='word_1_16' title='bbox 554 398 814 480; x_wconf 63' lang='lat' dir='ltr'><strong>egressio,</strong></span> <span class='ocrx_word' id='word_1_17' title='bbox 834 399 1162 472; x_wconf 84' lang='lat' dir='ltr'><strong>quantisque</strong></span> <span class='ocrx_word' id='word_1_18' title='bbox 1185 405 1306 469; x_wconf 85' lang='lat' dir='ltr'><strong>post</strong></span> <span class='ocrx_word' id='word_1_19' title='bbox 1335 404 1564 453; x_wconf 86' lang='lat' dir='ltr'><strong>mortem</strong></span> <span class='ocrx_word' id='word_1_20' title='bbox 1584 393 1916 454; x_wconf 80' lang='lat' dir='ltr'><strong>cruciatibus</strong></span> <span class='ocrx_word' id='word_1_21' title='bbox 1939 392 2074 447; x_wconf 81' lang='lat' dir='ltr'><strong>alni-</strong></span> <span class='ocrx_word' id='word_1_22' title='bbox 2102 402 2149 460; x_wconf 73' lang='grc' dir='ltr'><strong>Α</strong></span> <span class='ocrx_word' id='word_1_23' title='bbox 2176 394 2484 460; x_wconf 89' lang='lat' dir='ltr'><strong>conclusos,</strong></span> <span class='ocrx_word' id='word_1_24' title='bbox 2532 396 2658 465; x_wconf 86' lang='lat' dir='ltr'><strong>quia</strong></span> <span class='ocrx_word' id='word_1_25' title='bbox 2689 394 2988 451; x_wconf 90' lang='lat' dir='ltr'><strong>destinatos</strong></span> <span class='ocrx_word' id='word_1_26' title='bbox 3016 395 3082 449; x_wconf 91' lang='lat' dir='ltr'><strong>ad</strong></span> <span class='ocrx_word' id='word_1_27' title='bbox 3129 409 3188 450; x_wconf 88' lang='lat' dir='ltr'><strong>se</strong></span> <span class='ocrx_word' id='word_1_28' title='bbox 3235 393 3464 450; x_wconf 80' lang='lat' dir='ltr'><strong>famulos</strong></span> <span class='ocrx_word' id='word_1_29' title='bbox 3518 404 3762 452; x_wconf 84' lang='lat' dir='ltr'><strong>contem-</strong></span> 
     </span>
    </p>
   </div>
   <div class='ocr_carea' id='block_1_5' title="bbox 559 470 889 542">
    <p class='ocr_par' dir='ltr' id='par_1_5' title="bbox 559 470 889 542">
     <span class='ocr_line' id='line_1_5' title="bbox 559 470 889 542; baseline -0.006 -18"><span class='ocrx_word' id='word_1_30' title='bbox 559 470 718 542; x_wconf 80' lang='lat' dir='ltr'><strong>gendi</strong></span> <span class='ocrx_word' id='word_1_31' title='bbox 760 470 889 523; x_wconf 88' lang='lat' dir='ltr'><strong>sint.</strong></span> 
     </span>
    </p>
   </div>
   <div class='ocr_carea' id='block_1_6' title="bbox 2171 485 3758 557">
    <p class='ocr_par' dir='ltr' id='par_1_6' title="bbox 2171 485 3758 557">
     <span class='ocr_line' id='line_1_6' title="bbox 2171 485 3758 557; baseline 0.004 -19"><span class='ocrx_word' id='word_1_32' title='bbox 2171 494 2428 553; x_wconf 84' lang='lat' dir='ltr'><strong>pserunt;</strong></span> <span class='ocrx_word' id='word_1_33' title='bbox 2457 493 2512 541; x_wconf 91' lang='lat' dir='ltr'><strong>et</strong></span> <span class='ocrx_word' id='word_1_34' title='bbox 2547 487 2818 556; x_wconf 78' lang='lat' dir='ltr'><strong>quomodo</strong></span> <span class='ocrx_word' id='word_1_35' title='bbox 2862 485 3203 542; x_wconf 88' lang='lat' dir='ltr'><strong>Christianos</strong></span> <span class='ocrx_word' id='word_1_36' title='bbox 3231 486 3435 551; x_wconf 79' lang='lat' dir='ltr'><strong>audiet,</strong></span> <span class='ocrx_word' id='word_1_37' title='bbox 3467 487 3560 557; x_wconf 85' lang='lat' dir='ltr'><strong>qui</strong></span> <span class='ocrx_word' id='word_1_38' title='bbox 3592 487 3758 544; x_wconf 89' lang='lat' dir='ltr'><strong>missa</strong></span> 
     </span>
    </p>
   </div>
   <div class='ocr_carea' id='block_1_7' title="bbox 558 575 3757 656">
    <p class='ocr_par' dir='ltr' id='par_1_7' title="bbox 558 575 3757 656">
     <span class='ocr_line' id='line_1_7' title="bbox 558 575 3757 656; baseline -0.001 -20"><span class='ocrx_word' id='word_1_39' title='bbox 558 581 801 656; x_wconf 67' lang='lat' dir='ltr'><strong>mp.</strong></span> <span class='ocrx_word' id='word_1_40' title='bbox 825 578 1650 652; x_wconf 79' lang='lat' dir='ltr'><strong>archipresbytero....,Ps-rnus</strong></span> <span class='ocrx_word' id='word_1_41' title='bbox 1668 585 1922 648; x_wconf 78' lang='lat' dir='ltr'><strong>peccator</strong></span> <span class='ocrx_word' id='word_1_42' title='bbox 1955 586 2071 631; x_wconf 90' lang='lat' dir='ltr'><strong>mo-</strong></span> <span class='ocrx_word' id='word_1_43' title='bbox 2172 588 2270 644; x_wconf 83' lang='lat' dir='ltr'><strong>per</strong></span> <span class='ocrx_word' id='word_1_44' title='bbox 2303 575 2497 630; x_wconf 84' lang='lat' dir='ltr'><strong>Filium</strong></span> <span class='ocrx_word' id='word_1_45' title='bbox 2548 576 2860 648; x_wconf 88' lang='lat' dir='ltr'><strong>evangelica</strong></span> <span class='ocrx_word' id='word_1_46' title='bbox 2906 586 3176 647; x_wconf 68' lang='lat' dir='ltr'><strong>praecepta</strong></span> <span class='ocrx_word' id='word_1_47' title='bbox 3223 577 3590 647; x_wconf 79' lang='lat' dir='ltr'><strong>spreverunt?</strong></span> <span class='ocrx_word' id='word_1_48' title='bbox 3617 577 3757 633; x_wconf 82' lang='lat' dir='ltr'><strong>Nam</strong></span> 
     </span>
    </p>
   </div>
   <div class='ocr_carea' id='block_1_8' title="bbox 483 675 1465 739">
    <p class='ocr_par' dir='ltr' id='par_1_8' title="bbox 483 675 1465 739">
     <span class='ocr_line' id='line_1_8' title="bbox 483 675 1465 739; baseline 0.008 -8"><span class='ocrx_word' id='word_1_49' title='bbox 483 675 716 732; x_wconf 78' lang='lat' dir='ltr'><strong>uacuus.</strong></span> <span class='ocrx_word' id='word_1_50' title='bbox 921 692 930 702; x_wconf 67' lang='grc' dir='ltr'><strong>ο</strong></span> <span class='ocrx_word' id='word_1_51' title='bbox 1081 693 1084 696; x_wconf 68' lang='grc'><strong>’</strong></span> <span class='ocrx_word' id='word_1_52' title='bbox 1458 733 1465 739; x_wconf 91' lang='grc'><strong>.</strong></span> 
     </span>
    </p>
   </div>
   <div class='ocr_carea' id='block_1_9' title="bbox 557 761 2066 834">
    <p class='ocr_par' dir='ltr' id='par_1_9' title="bbox 557 761 2066 834">
     <span class='ocr_line' id='line_1_9' title="bbox 557 761 2066 834; baseline -0.001 -20"><span class='ocrx_word' id='word_1_53' title='bbox 557 782 580 814; x_wconf 73' lang='grc' dir='ltr'>ι</span> <span class='ocrx_word' id='word_1_54' title='bbox 607 763 747 818; x_wconf 75' lang='lat' dir='ltr'><strong>Ecce</strong></span> <span class='ocrx_word' id='word_1_55' title='bbox 767 776 869 834; x_wconf 70' lang='lat' dir='ltr'><strong>ego</strong></span> <span class='ocrx_word' id='word_1_56' title='bbox 902 762 1215 818; x_wconf 79' lang='lat' dir='ltr'><strong>convocabo</strong></span> <span class='ocrx_word' id='word_1_57' title='bbox 1243 776 1432 817; x_wconf 84' lang='lat' dir='ltr'><strong>omnes</strong></span> <span class='ocrx_word' id='word_1_58' title='bbox 1487 761 1840 831; x_wconf 72' lang='lat' dir='ltr'><strong>cognationes</strong></span> <span class='ocrx_word' id='word_1_59' title='bbox 1870 773 2066 831; x_wconf 86' lang='lat' dir='ltr'><strong>regno-</strong></span> 
     </span>
    </p>
   </div>
   <div class='ocr_carea' id='block_1_10' title="bbox 2172 665 3757 737">
    <p class='ocr_par' dir='ltr' id='par_1_10' title="bbox 2172 665 3757 737">
     <span class='ocr_line' id='line_1_10' title="bbox 2172 665 3757 737; baseline -0.001 -12"><span class='ocrx_word' id='word_1_60' title='bbox 2172 665 2263 736; x_wconf 76' lang='lat' dir='ltr'><strong>qui</strong></span> <span class='ocrx_word' id='word_1_61' title='bbox 2287 682 2394 721; x_wconf 90' lang='lat' dir='ltr'><strong>non</strong></span> <span class='ocrx_word' id='word_1_62' title='bbox 2426 667 2574 721; x_wconf 92' lang='lat' dir='ltr'><strong>audit</strong></span> <span class='ocrx_word' id='word_1_63' title='bbox 2605 666 2795 731; x_wconf 82' lang='lat' dir='ltr'><strong>Deum,</strong></span> <span class='ocrx_word' id='word_1_64' title='bbox 2826 682 2932 722; x_wconf 93' lang='lat' dir='ltr'><strong>non</strong></span> <span class='ocrx_word' id='word_1_65' title='bbox 2957 667 3180 722; x_wconf 83' lang='lat' dir='ltr'><strong>auditur</strong></span> <span class='ocrx_word' id='word_1_66' title='bbox 3200 682 3230 722; x_wconf 86' lang='lat' dir='ltr'><strong>u</strong></span> <span class='ocrx_word' id='word_1_67' title='bbox 3277 668 3409 722; x_wconf 85' lang='lat' dir='ltr'><strong>Deo.</strong></span> <span class='ocrx_word' id='word_1_68' title='bbox 3442 667 3621 723; x_wconf 83' lang='lat' dir='ltr'><strong>Unum</strong></span> <span class='ocrx_word' id='word_1_69' title='bbox 3649 677 3757 737; x_wconf 87' lang='lat' dir='ltr'><strong>est,</strong></span> 
     </span>
    </p>
   </div>
   <div class='ocr_carea' id='block_1_11' title="bbox 2168 759 3761 832">
    <p class='ocr_par' dir='ltr' id='par_1_11' title="bbox 2168 759 3761 832">
     <span class='ocr_line' id='line_1_11' title="bbox 2168 759 3761 832; baseline 0.001 -18"><span class='ocrx_word' id='word_1_70' title='bbox 2168 759 2313 829; x_wconf 82' lang='lat' dir='ltr'><strong>quod</strong></span> <span class='ocrx_word' id='word_1_71' title='bbox 2334 773 2488 814; x_wconf 87' lang='lat' dir='ltr'><strong>mens</strong></span> <span class='ocrx_word' id='word_1_72' title='bbox 2500 760 2758 830; x_wconf 83' lang='lat' dir='ltr'><strong>cujusque</strong></span> <span class='ocrx_word' id='word_1_73' title='bbox 2771 759 2944 816; x_wconf 72' lang='lat' dir='ltr'><strong>ﬁdelis</strong></span> <span class='ocrx_word' id='word_1_74' title='bbox 2971 759 3127 832; x_wconf 65' lang='grc'><strong>147</strong></span> <span class='ocrx_word' id='word_1_75' title='bbox 3141 761 3300 816; x_wconf 85' lang='lat' dir='ltr'><strong>debet</strong></span> <span class='ocrx_word' id='word_1_76' title='bbox 3339 760 3577 827; x_wconf 75' lang='lat' dir='ltr'><strong>assidue,</strong></span> <span class='ocrx_word' id='word_1_77' title='bbox 3592 760 3761 817; x_wconf 85' lang='lat' dir='ltr'><strong>soler-</strong></span> 
     </span>
    </p>
   </div>
   <div class='ocr_carea' id='block_1_12' title="bbox 479 851 3762 926">
    <p class='ocr_par' dir='ltr' id='par_1_12' title="bbox 479 851 3762 926">
     <span class='ocr_line' id='line_1_12' title="bbox 479 851 3762 926; baseline -0.002 -13"><span class='ocrx_word' id='word_1_78' title='bbox 479 872 606 913; x_wconf 61' lang='lat' dir='ltr'><strong>rum.</strong></span> <span class='ocrx_word' id='word_1_79' title='bbox 625 854 918 926; x_wconf 71' lang='lat' dir='ltr'><strong>aquilonis,</strong></span> <span class='ocrx_word' id='word_1_80' title='bbox 945 854 1023 912; x_wconf 86' lang='lat' dir='ltr'><strong>ait</strong></span> <span class='ocrx_word' id='word_1_81' title='bbox 1059 853 1350 920; x_wconf 75' lang='lat' dir='ltr'><strong>Dominus;</strong></span> <span class='ocrx_word' id='word_1_82' title='bbox 1380 862 1436 909; x_wconf 91' lang='lat' dir='ltr'><strong>et</strong></span> <span class='ocrx_word' id='word_1_83' title='bbox 1461 853 1708 919; x_wconf 75' lang='lat' dir='ltr'><strong>venient,</strong></span> <span class='ocrx_word' id='word_1_84' title='bbox 1759 861 1816 908; x_wconf 90' lang='lat' dir='ltr'><strong>et</strong></span> <span class='ocrx_word' id='word_1_85' title='bbox 1865 860 2070 922; x_wconf 76' lang='lat' dir='ltr'><strong>ponent</strong></span> <span class='ocrx_word' id='word_1_86' title='bbox 2167 857 2254 903; x_wconf 82' lang='lat' dir='ltr'><strong>ter</strong></span> <span class='ocrx_word' id='word_1_87' title='bbox 2279 851 2580 915; x_wconf 83' lang='lat' dir='ltr'><strong>attendere,</strong></span> <span class='ocrx_word' id='word_1_88' title='bbox 2633 859 2692 906; x_wconf 91' lang='lat' dir='ltr'><strong>et</strong></span> <span class='ocrx_word' id='word_1_89' title='bbox 2722 851 2866 907; x_wconf 83' lang='lat' dir='ltr'><strong>intra</strong></span> <span class='ocrx_word' id='word_1_90' title='bbox 2894 852 3237 922; x_wconf 89' lang='lat' dir='ltr'><strong>semetipsam</strong></span> <span class='ocrx_word' id='word_1_91' title='bbox 3267 852 3496 910; x_wconf 76' lang='lat' dir='ltr'><strong>sollicita</strong></span> <span class='ocrx_word' id='word_1_92' title='bbox 3541 868 3762 924; x_wconf 91' lang='lat' dir='ltr'><strong>semper</strong></span> 
     </span>
    </p>
   </div>
   <div class='ocr_carea' id='block_1_13' title="bbox 473 944 2068 1022">
    <p class='ocr_par' dir='ltr' id='par_1_13' title="bbox 473 944 2068 1022">
     <span class='ocr_line' id='line_1_13' title="bbox 473 944 2068 1022; baseline -0.005 -15"><span class='ocrx_word' id='word_1_93' title='bbox 473 951 848 1022; x_wconf 73' lang='lat' dir='ltr'><strong>unusquisque</strong></span> <span class='ocrx_word' id='word_1_94' title='bbox 865 949 1060 1006; x_wconf 79' lang='lat' dir='ltr'><strong>solium</strong></span> <span class='ocrx_word' id='word_1_95' title='bbox 1087 964 1242 1004; x_wconf 77' lang='lat' dir='ltr'><strong>suum</strong></span> <span class='ocrx_word' id='word_1_96' title='bbox 1273 948 1326 1001; x_wconf 91' lang='lat' dir='ltr'><strong>in</strong></span> <span class='ocrx_word' id='word_1_97' title='bbox 1357 948 1578 1002; x_wconf 74' lang='lat' dir='ltr'><strong>introitu</strong></span> <span class='ocrx_word' id='word_1_98' title='bbox 1607 955 1882 1018; x_wconf 82' lang='lat' dir='ltr'><strong>portarum</strong></span> <span class='ocrx_word' id='word_1_99' title='bbox 1912 944 2068 1001; x_wconf 82' lang='lat' dir='ltr'><strong>Jeru-</strong></span> 
     </span>
    </p>
   </div>
   <div class='ocr_carea' id='block_1_14' title="bbox 477 1038 2066 1112">
    <p class='ocr_par' dir='ltr' id='par_1_14' title="bbox 477 1038 2066 1112">
     <span class='ocr_line' id='line_1_14' title="bbox 477 1038 2066 1112; baseline -0.006 -12"><span class='ocrx_word' id='word_1_100' title='bbox 477 1043 672 1110; x_wconf 65' lang='lat' dir='ltr'><strong>salem,</strong></span> <span class='ocrx_word' id='word_1_101' title='bbox 702 1051 759 1097; x_wconf 91' lang='lat' dir='ltr'><strong>et</strong></span> <span class='ocrx_word' id='word_1_102' title='bbox 784 1056 949 1112; x_wconf 80' lang='lat' dir='ltr'><strong>super</strong></span> <span class='ocrx_word' id='word_1_103' title='bbox 977 1055 1169 1097; x_wconf 88' lang='lat' dir='ltr'><strong>omnes</strong></span> <span class='ocrx_word' id='word_1_104' title='bbox 1213 1055 1398 1096; x_wconf 84' lang='lat' dir='ltr'><strong>muros</strong></span> <span class='ocrx_word' id='word_1_105' title='bbox 1439 1040 1557 1111; x_wconf 84' lang='lat' dir='ltr'><strong>ejus</strong></span> <span class='ocrx_word' id='word_1_106' title='bbox 1605 1041 1658 1094; x_wconf 91' lang='lat' dir='ltr'><strong>in</strong></span> <span class='ocrx_word' id='word_1_107' title='bbox 1711 1038 1967 1102; x_wconf 88' lang='lat' dir='ltr'><strong>circuitu,</strong></span> <span class='ocrx_word' id='word_1_108' title='bbox 2009 1045 2066 1094; x_wconf 84' lang='lat' dir='ltr'><strong>et</strong></span> 
     </span>
    </p>
   </div>
   <div class='ocr_carea' id='block_1_15' title="bbox 469 1129 2061 1206">
    <p class='ocr_par' dir='ltr' id='par_1_15' title="bbox 469 1129 2061 1206">
     <span class='ocr_line' id='line_1_15' title="bbox 469 1129 2061 1206; baseline -0.005 -15"><span class='ocrx_word' id='word_1_109' title='bbox 469 1151 641 1206; x_wconf 85' lang='lat' dir='ltr'><strong>super</strong></span> <span class='ocrx_word' id='word_1_110' title='bbox 671 1135 958 1192; x_wconf 85' lang='lat' dir='ltr'><strong>universas</strong></span> <span class='ocrx_word' id='word_1_111' title='bbox 987 1134 1148 1190; x_wconf 90' lang='lat' dir='ltr'><strong>urbes</strong></span> <span class='ocrx_word' id='word_1_112' title='bbox 1173 1130 1333 1188; x_wconf 74' lang='lat' dir='ltr'><strong>Iuda.</strong></span> <span class='ocrx_word' id='word_1_113' title='bbox 1375 1131 1442 1187; x_wconf 86' lang='lat' dir='ltr'><strong>Et</strong></span> <span class='ocrx_word' id='word_1_114' title='bbox 1474 1131 1666 1202; x_wconf 90' lang='lat' dir='ltr'><strong>loquar</strong></span> <span class='ocrx_word' id='word_1_115' title='bbox 1687 1129 1890 1201; x_wconf 83' lang='lat' dir='ltr'><strong>judicia</strong></span> <span class='ocrx_word' id='word_1_116' title='bbox 1941 1143 2061 1184; x_wconf 88' lang='lat' dir='ltr'><strong>mea</strong></span> 
     </span>
    </p>
   </div>
   <div class='ocr_carea' id='block_1_16' title="bbox 471 1220 2061 1293">
    <p class='ocr_par' dir='ltr' id='par_1_16' title="bbox 471 1220 2061 1293">
     <span class='ocr_line' id='line_1_16' title="bbox 471 1220 2061 1293; baseline -0.004 -9"><span class='ocrx_word' id='word_1_117' title='bbox 471 1226 708 1284; x_wconf 69' lang='lat' dir='ltr'><strong>eculeis</strong></span> <span class='ocrx_word' id='word_1_118' title='bbox 732 1241 897 1292; x_wconf 74' lang='lat' dir='ltr'><strong>super</strong></span> <span class='ocrx_word' id='word_1_119' title='bbox 922 1225 1070 1282; x_wconf 78' lang='lat' dir='ltr'><strong>omni</strong></span> <span class='ocrx_word' id='word_1_120' title='bbox 1103 1224 1308 1280; x_wconf 74' lang='lat' dir='ltr'><strong>malitia</strong></span> <span class='ocrx_word' id='word_1_121' title='bbox 1354 1239 1567 1289; x_wconf 76' lang='lat' dir='ltr'><strong>eorum,</strong></span> <span class='ocrx_word' id='word_1_122' title='bbox 1612 1222 1705 1293; x_wconf 82' lang='lat' dir='ltr'><strong>qui</strong></span> <span class='ocrx_word' id='word_1_123' title='bbox 1754 1220 2061 1290; x_wconf 86' lang='lat' dir='ltr'><strong>derelique-</strong></span> 
     </span>
    </p>
   </div>
   <div class='ocr_carea' id='block_1_17' title="bbox 473 1311 2064 1388">
    <p class='ocr_par' dir='ltr' id='par_1_17' title="bbox 473 1311 2064 1388">
     <span class='ocr_line' id='line_1_17' title="bbox 473 1311 2064 1388; baseline -0.005 -16"><span class='ocrx_word' id='word_1_124' title='bbox 473 1325 606 1373; x_wconf 85' lang='lat' dir='ltr'><strong>runt</strong></span> <span class='ocrx_word' id='word_1_125' title='bbox 635 1331 722 1371; x_wconf 92' lang='lat' dir='ltr'><strong>me</strong></span> <span class='ocrx_word' id='word_1_126' title='bbox 749 1315 892 1388; x_wconf 74' lang='lat' dir='ltr'><strong>(Jer.</strong></span> <span class='ocrx_word' id='word_1_127' title='bbox 920 1315 984 1386; x_wconf 86' lang='lat' dir='ltr'><strong>l).</strong></span> <span class='ocrx_word' id='word_1_128' title='bbox 1029 1333 1052 1366; x_wconf 67' lang='grc' dir='ltr'><strong><em>ι</em></strong></span> <span class='ocrx_word' id='word_1_129' title='bbox 1106 1313 1237 1381; x_wconf 70' lang='lat' dir='ltr'><strong>Quae</strong></span> <span class='ocrx_word' id='word_1_130' title='bbox 1268 1312 1518 1384; x_wconf 76' lang='lat' dir='ltr'><strong>profecto</strong></span> <span class='ocrx_word' id='word_1_131' title='bbox 1561 1313 1724 1368; x_wconf 87' lang='lat' dir='ltr'><strong>verba</strong></span> <span class='ocrx_word' id='word_1_132' title='bbox 1772 1311 1817 1367; x_wconf 90' lang='lat' dir='ltr'><strong>si</strong></span> <span class='ocrx_word' id='word_1_133' title='bbox 1865 1319 2064 1382; x_wconf 59' lang='lat' dir='ltr'><strong>praeter</strong></span> 
     </span>
    </p>
   </div>
   <div class='ocr_carea' id='block_1_18' title="bbox 473 1403 2063 1475">
    <p class='ocr_par' dir='ltr' id='par_1_18' title="bbox 473 1403 2063 1475">
     <span class='ocr_line' id='line_1_18' title="bbox 473 1403 2063 1475; baseline -0.004 -11"><span class='ocrx_word' id='word_1_134' title='bbox 473 1409 856 1464; x_wconf 61' lang='lat' dir='ltr'><strong>illosterrenae</strong></span> <span class='ocrx_word' id='word_1_135' title='bbox 889 1406 1191 1464; x_wconf 77' lang='lat' dir='ltr'><strong>Jerusalem</strong></span> <span class='ocrx_word' id='word_1_136' title='bbox 1221 1406 1372 1462; x_wconf 81' lang='lat' dir='ltr'><strong>cives</strong></span> <span class='ocrx_word' id='word_1_137' title='bbox 1417 1406 1484 1461; x_wconf 90' lang='lat' dir='ltr'><strong>ad</strong></span> <span class='ocrx_word' id='word_1_138' title='bbox 1513 1405 1650 1462; x_wconf 82' lang='lat' dir='ltr'><strong>alios</strong></span> <span class='ocrx_word' id='word_1_139' title='bbox 1685 1420 1792 1460; x_wconf 92' lang='lat' dir='ltr'><strong>non</strong></span> <span class='ocrx_word' id='word_1_140' title='bbox 1824 1403 2063 1475; x_wconf 82' lang='lat' dir='ltr'><strong>respice-</strong></span> 
     </span>
    </p>
   </div>
   <div class='ocr_carea' id='block_1_19' title="bbox 470 1495 2059 1569">
    <p class='ocr_par' dir='ltr' id='par_1_19' title="bbox 470 1495 2059 1569">
     <span class='ocr_line' id='line_1_19' title="bbox 470 1495 2059 1569; baseline -0.005 -11"><span class='ocrx_word' id='word_1_141' title='bbox 470 1510 619 1563; x_wconf 65' lang='lat' dir='ltr'><strong>rent,</strong></span> <span class='ocrx_word' id='word_1_142' title='bbox 651 1513 998 1569; x_wconf 75' lang='lat' dir='ltr'><strong>nequaquam</strong></span> <span class='ocrx_word' id='word_1_143' title='bbox 1035 1497 1198 1554; x_wconf 85' lang='lat' dir='ltr'><strong>hodie</strong></span> <span class='ocrx_word' id='word_1_144' title='bbox 1232 1498 1286 1552; x_wconf 90' lang='lat' dir='ltr'><strong>in</strong></span> <span class='ocrx_word' id='word_1_145' title='bbox 1315 1505 1508 1552; x_wconf 87' lang='lat' dir='ltr'><strong>sancta</strong></span> <span class='ocrx_word' id='word_1_146' title='bbox 1557 1495 1798 1551; x_wconf 78' lang='lat' dir='ltr'><strong>Ecclesia</strong></span> <span class='ocrx_word' id='word_1_147' title='bbox 1833 1510 2059 1551; x_wconf 64' lang='lat' dir='ltr'><strong>reuma-</strong></span> 
     </span>
    </p>
   </div>
   <div class='ocr_carea' id='block_1_20' title="bbox 471 1586 2058 1659">
    <p class='ocr_par' dir='ltr' id='par_1_20' title="bbox 471 1586 2058 1659">
     <span class='ocr_line' id='line_1_20' title="bbox 471 1586 2058 1659; baseline -0.004 -11"><span class='ocrx_word' id='word_1_148' title='bbox 471 1597 613 1648; x_wconf 81' lang='lat' dir='ltr'><strong>rent.</strong></span> <span class='ocrx_word' id='word_1_149' title='bbox 649 1589 782 1656; x_wconf 69' lang='lat' dir='ltr'><strong>Quae</strong></span> <span class='ocrx_word' id='word_1_150' title='bbox 811 1597 939 1645; x_wconf 88' lang='lat' dir='ltr'><strong>sunt</strong></span> <span class='ocrx_word' id='word_1_151' title='bbox 992 1588 1158 1659; x_wconf 85' lang='lat' dir='ltr'><strong>igitur</strong></span> <span class='ocrx_word' id='word_1_152' title='bbox 1209 1587 1312 1642; x_wconf 69' lang='lat' dir='ltr'><strong>illis</strong></span> <span class='ocrx_word' id='word_1_153' title='bbox 1370 1586 1719 1658; x_wconf 64' lang='lat' dir='ltr'><strong>cognationes</strong></span> <span class='ocrx_word' id='word_1_154' title='bbox 1766 1599 2058 1654; x_wconf 85' lang='lat' dir='ltr'><strong>regnorum</strong></span> 
     </span>
    </p>
   </div>
   <div class='ocr_carea' id='block_1_21' title="bbox 2163 935 3758 1011">
    <p class='ocr_par' dir='ltr' id='par_1_21' title="bbox 2163 935 3758 1011">
     <span class='ocr_line' id='line_1_21' title="bbox 2163 935 3758 1011; baseline 0.004 -19"><span class='ocrx_word' id='word_1_155' title='bbox 2163 935 2520 1007; x_wconf 71' lang='lat' dir='ltr'><strong>inquisitione</strong></span> <span class='ocrx_word' id='word_1_156' title='bbox 2548 953 2798 1005; x_wconf 83' lang='lat' dir='ltr'><strong>versare;</strong></span> <span class='ocrx_word' id='word_1_157' title='bbox 2855 940 3107 996; x_wconf 78' lang='lat' dir='ltr'><strong>scilicet:</strong></span> <span class='ocrx_word' id='word_1_158' title='bbox 3154 949 3335 996; x_wconf 87' lang='lat' dir='ltr'><strong>utrum</strong></span> <span class='ocrx_word' id='word_1_159' title='bbox 3383 941 3595 1011; x_wconf 81' lang='lat' dir='ltr'><strong>placeat</strong></span> <span class='ocrx_word' id='word_1_160' title='bbox 3646 941 3758 998; x_wconf 87' lang='lat' dir='ltr'><strong>Deo</strong></span> 
     </span>
    </p>
   </div>
   <div class='ocr_carea' id='block_1_22' title="bbox 2165 1028 3760 1104">
    <p class='ocr_par' dir='ltr' id='par_1_22' title="bbox 2165 1028 3760 1104">
     <span class='ocr_line' id='line_1_22' title="bbox 2165 1028 3760 1104; baseline 0.008 -24"><span class='ocrx_word' id='word_1_161' title='bbox 2165 1028 2308 1098; x_wconf 83' lang='lat' dir='ltr'><strong>quod</strong></span> <span class='ocrx_word' id='word_1_162' title='bbox 2323 1030 2458 1101; x_wconf 85' lang='lat' dir='ltr'><strong>egit,</strong></span> <span class='ocrx_word' id='word_1_163' title='bbox 2496 1045 2564 1085; x_wconf 88' lang='lat' dir='ltr'><strong>an</strong></span> <span class='ocrx_word' id='word_1_164' title='bbox 2587 1039 2642 1086; x_wconf 90' lang='lat' dir='ltr'><strong>et</strong></span> <span class='ocrx_word' id='word_1_165' title='bbox 2669 1031 2724 1087; x_wconf 90' lang='lat' dir='ltr'><strong>in</strong></span> <span class='ocrx_word' id='word_1_166' title='bbox 2748 1032 2865 1103; x_wconf 83' lang='lat' dir='ltr'><strong>ejus</strong></span> <span class='ocrx_word' id='word_1_167' title='bbox 2895 1033 3004 1086; x_wconf 88' lang='lat' dir='ltr'><strong>vita</strong></span> <span class='ocrx_word' id='word_1_168' title='bbox 3036 1033 3178 1088; x_wconf 91' lang='lat' dir='ltr'><strong>Deus</strong></span> <span class='ocrx_word' id='word_1_169' title='bbox 3201 1032 3283 1088; x_wconf 88' lang='lat' dir='ltr'><strong>vel</strong></span> <span class='ocrx_word' id='word_1_170' title='bbox 3329 1036 3585 1104; x_wconf 84' lang='lat' dir='ltr'><strong>operibus</strong></span> <span class='ocrx_word' id='word_1_171' title='bbox 3619 1035 3760 1092; x_wconf 90' lang='lat' dir='ltr'><strong>dele-</strong></span> 
     </span>
    </p>
   </div>
   <div class='ocr_carea' id='block_1_23' title="bbox 2163 1119 3754 1193">
    <p class='ocr_par' dir='ltr' id='par_1_23' title="bbox 2163 1119 3754 1193">
     <span class='ocr_line' id='line_1_23' title="bbox 2163 1119 3754 1193; baseline 0.006 -20"><span class='ocrx_word' id='word_1_172' title='bbox 2163 1126 2361 1178; x_wconf 81' lang='lat' dir='ltr'><strong>ctetur.</strong></span> <span class='ocrx_word' id='word_1_173' title='bbox 2388 1119 2530 1186; x_wconf 84' lang='lat' dir='ltr'><strong>Quid</strong></span> <span class='ocrx_word' id='word_1_174' title='bbox 2552 1121 2696 1176; x_wconf 85' lang='lat' dir='ltr'><strong>cnim</strong></span> <span class='ocrx_word' id='word_1_175' title='bbox 2736 1123 2974 1193; x_wconf 82' lang='lat' dir='ltr'><strong>prodest,</strong></span> <span class='ocrx_word' id='word_1_176' title='bbox 3001 1122 3266 1193; x_wconf 75' lang='lat' dir='ltr'><strong>quidquid</strong></span> <span class='ocrx_word' id='word_1_177' title='bbox 3305 1122 3476 1181; x_wconf 79' lang='lat' dir='ltr'><strong>faciat</strong></span> <span class='ocrx_word' id='word_1_178' title='bbox 3496 1126 3678 1190; x_wconf 91' lang='lat' dir='ltr'><strong>homo,</strong></span> <span class='ocrx_word' id='word_1_179' title='bbox 3709 1127 3754 1184; x_wconf 93' lang='lat' dir='ltr'><strong>si</strong></span> 
     </span>
    </p>
   </div>
   <div class='ocr_carea' id='block_1_24' title="bbox 2164 1205 3756 1284">
    <p class='ocr_par' dir='ltr' id='par_1_24' title="bbox 2164 1205 3756 1284">
     <span class='ocr_line' id='line_1_24' title="bbox 2164 1205 3756 1284; baseline 0.007 -23"><span class='ocrx_word' id='word_1_180' title='bbox 2164 1205 2268 1262; x_wconf 89' lang='lat' dir='ltr'><strong>hoc</strong></span> <span class='ocrx_word' id='word_1_181' title='bbox 2285 1223 2391 1263; x_wconf 89' lang='lat' dir='ltr'><strong>non</strong></span> <span class='ocrx_word' id='word_1_182' title='bbox 2419 1208 2628 1278; x_wconf 81' lang='lat' dir='ltr'><strong>placeat</strong></span> <span class='ocrx_word' id='word_1_183' title='bbox 2655 1209 2803 1268; x_wconf 81' lang='lat' dir='ltr'><strong>Deo?</strong></span> <span class='ocrx_word' id='word_1_184' title='bbox 2830 1209 2925 1267; x_wconf 86' lang='lat' dir='ltr'><strong>Sic</strong></span> <span class='ocrx_word' id='word_1_185' title='bbox 2951 1213 3019 1267; x_wconf 85' lang='lat' dir='ltr'><strong>de</strong></span> <span class='ocrx_word' id='word_1_186' title='bbox 3037 1213 3204 1268; x_wconf 81' lang='lat' dir='ltr'><strong>David</strong></span> <span class='ocrx_word' id='word_1_187' title='bbox 3227 1213 3466 1270; x_wconf 69' lang='lat' dir='ltr'><strong>dicitur:</strong></span> <span class='ocrx_word' id='word_1_188' title='bbox 3493 1235 3516 1267; x_wconf 72' lang='grc' dir='ltr'>ι</span> <span class='ocrx_word' id='word_1_189' title='bbox 3545 1216 3756 1284; x_wconf 73' lang='grc' dir='ltr'><strong>Ωιιεεί-</strong></span> 
     </span>
    </p>
   </div>
   <div class='ocr_carea' id='block_1_25' title="bbox 2163 1296 3754 1376">
    <p class='ocr_par' dir='ltr' id='par_1_25' title="bbox 2163 1296 3754 1376">
     <span class='ocr_line' id='line_1_25' title="bbox 2163 1296 3754 1376; baseline 0.007 -24"><span class='ocrx_word' id='word_1_190' title='bbox 2163 1296 2242 1352; x_wconf 76' lang='lat' dir='ltr'><strong>vit</strong></span> <span class='ocrx_word' id='word_1_191' title='bbox 2271 1297 2374 1354; x_wconf 88' lang='lat' dir='ltr'><strong>sibi</strong></span> <span class='ocrx_word' id='word_1_192' title='bbox 2405 1298 2548 1354; x_wconf 85' lang='lat' dir='ltr'><strong>Deus</strong></span> <span class='ocrx_word' id='word_1_193' title='bbox 2573 1300 2747 1356; x_wconf 86' lang='lat' dir='ltr'><strong>virum</strong></span> <span class='ocrx_word' id='word_1_194' title='bbox 2774 1300 2928 1372; x_wconf 69' lang='lat' dir='ltr'><strong>juxta</strong></span> <span class='ocrx_word' id='word_1_195' title='bbox 2959 1317 3058 1358; x_wconf 81' lang='lat' dir='ltr'><strong>cor</strong></span> <span class='ocrx_word' id='word_1_196' title='bbox 3079 1317 3238 1357; x_wconf 88' lang='lat' dir='ltr'><strong>suum</strong></span> <span class='ocrx_word' id='word_1_197' title='bbox 3261 1303 3314 1376; x_wconf 86' lang='grc' dir='ltr'><strong>(Ι</strong></span> <span class='ocrx_word' id='word_1_198' title='bbox 3345 1303 3470 1376; x_wconf 78' lang='lat' dir='ltr'><strong>Reg.</strong></span> <span class='ocrx_word' id='word_1_199' title='bbox 3491 1321 3612 1373; x_wconf 69' lang='lat' dir='ltr'><strong>sui;</strong></span> <span class='ocrx_word' id='word_1_200' title='bbox 3636 1309 3754 1364; x_wconf 78' lang='lat' dir='ltr'><strong>Act.</strong></span> 
     </span>
    </p>
   </div>
   <div class='ocr_carea' id='block_1_26' title="bbox 2163 1387 3756 1459">
    <p class='ocr_par' dir='ltr' id='par_1_26' title="bbox 2163 1387 3756 1459">
     <span class='ocr_line' id='line_1_26' title="bbox 2163 1387 3756 1459; baseline 0.008 -15"><span class='ocrx_word' id='word_1_201' title='bbox 2163 1387 2311 1459; x_wconf 72' lang='lat' dir='ltr'><strong>sui).</strong></span> <span class='ocrx_word' id='word_1_202' title='bbox 2339 1407 2367 1444; x_wconf 73' lang='grc' dir='ltr'><strong>-ο</strong></span> <span class='ocrx_word' id='word_1_203' title='bbox 2399 1387 2532 1445; x_wconf 71' lang='lat' dir='ltr'><strong>Nam</strong></span> <span class='ocrx_word' id='word_1_204' title='bbox 2572 1391 2618 1446; x_wconf 87' lang='lat' dir='ltr'><strong>si</strong></span> <span class='ocrx_word' id='word_1_205' title='bbox 2644 1407 2794 1448; x_wconf 85' lang='lat' dir='ltr'><strong>nunc</strong></span> <span class='ocrx_word' id='word_1_206' title='bbox 2820 1392 3084 1450; x_wconf 88' lang='lat' dir='ltr'><strong>Conditor</strong></span> <span class='ocrx_word' id='word_1_207' title='bbox 3105 1411 3212 1456; x_wconf 87' lang='lat' dir='ltr'><strong>non</strong></span> <span class='ocrx_word' id='word_1_208' title='bbox 3237 1396 3543 1454; x_wconf 78' lang='lat' dir='ltr'><strong>delectatur</strong></span> <span class='ocrx_word' id='word_1_209' title='bbox 3568 1398 3625 1454; x_wconf 72' lang='lat' dir='ltr'><strong>in</strong></span> <span class='ocrx_word' id='word_1_210' title='bbox 3659 1400 3756 1456; x_wconf 87' lang='lat' dir='ltr'><strong>ho-</strong></span> 
     </span>
    </p>
   </div>
   <div class='ocr_carea' id='block_1_27' title="bbox 2157 1478 3751 1558">
    <p class='ocr_par' dir='ltr' id='par_1_27' title="bbox 2157 1478 3751 1558">
     <span class='ocr_line' id='line_1_27' title="bbox 2157 1478 3751 1558; baseline 0.007 -24"><span class='ocrx_word' id='word_1_211' title='bbox 2157 1478 2342 1544; x_wconf 79' lang='lat' dir='ltr'><strong>mine,</strong></span> <span class='ocrx_word' id='word_1_212' title='bbox 2374 1479 2540 1538; x_wconf 81' lang='lat' dir='ltr'><strong>homo</strong></span> <span class='ocrx_word' id='word_1_213' title='bbox 2577 1482 2922 1551; x_wconf 77' lang='lat' dir='ltr'><strong>postmodum</strong></span> <span class='ocrx_word' id='word_1_214' title='bbox 2965 1485 3224 1541; x_wconf 84' lang='lat' dir='ltr'><strong>delectari</strong></span> <span class='ocrx_word' id='word_1_215' title='bbox 3275 1500 3384 1542; x_wconf 92' lang='lat' dir='ltr'><strong>non</strong></span> <span class='ocrx_word' id='word_1_216' title='bbox 3443 1489 3648 1558; x_wconf 81' lang='lat' dir='ltr'><strong>poterit</strong></span> <span class='ocrx_word' id='word_1_217' title='bbox 3697 1490 3751 1544; x_wconf 92' lang='lat' dir='ltr'><strong>in</strong></span> 
     </span>
    </p>
   </div>
   <div class='ocr_carea' id='block_1_28' title="bbox 2155 1568 3751 1648">
    <p class='ocr_par' dir='ltr' id='par_1_28' title="bbox 2155 1568 3751 1648">
     <span class='ocr_line' id='line_1_28' title="bbox 2155 1568 3751 1648; baseline 0.005 -22"><span class='ocrx_word' id='word_1_218' title='bbox 2155 1568 2475 1626; x_wconf 80' lang='lat' dir='ltr'><strong>Conditorc.</strong></span> <span class='ocrx_word' id='word_1_219' title='bbox 2498 1569 2658 1632; x_wconf 78' lang='lat' dir='ltr'><strong>Unde</strong></span> <span class='ocrx_word' id='word_1_220' title='bbox 2683 1572 2884 1644; x_wconf 80' lang='lat' dir='ltr'><strong>legitur</strong></span> <span class='ocrx_word' id='word_1_221' title='bbox 2903 1574 2965 1629; x_wconf 85' lang='lat' dir='ltr'><strong>in</strong></span> <span class='ocrx_word' id='word_1_222' title='bbox 3012 1576 3132 1631; x_wconf 69' lang='lat' dir='ltr'><strong>Vita</strong></span> <span class='ocrx_word' id='word_1_223' title='bbox 3163 1576 3428 1642; x_wconf 72' lang='lat' dir='ltr'><strong>Patrum,</strong></span> <span class='ocrx_word' id='word_1_224' title='bbox 3455 1579 3579 1648; x_wconf 86' lang='lat' dir='ltr'><strong>quia</strong></span> <span class='ocrx_word' id='word_1_225' title='bbox 3626 1594 3751 1634; x_wconf 88' lang='lat' dir='ltr'><strong>cum</strong></span> 
     </span>
    </p>
   </div>
   <div class='ocr_carea' id='block_1_29' title="bbox 466 1659 2043 1750">
    <p class='ocr_par' dir='ltr' id='par_1_29' title="bbox 466 1674 2043 1750">
     <span class='ocr_line' id='line_1_29' title="bbox 466 1674 2043 1750; baseline -0.003 -18"><span class='ocrx_word' id='word_1_226' title='bbox 466 1677 764 1750; x_wconf 70' lang='lat' dir='ltr'><strong>aquilonis,</strong></span> <span class='ocrx_word' id='word_1_227' title='bbox 802 1677 908 1735; x_wconf 87' lang='lat' dir='ltr'><strong>nisi</strong></span> <span class='ocrx_word' id='word_1_228' title='bbox 953 1677 1318 1747; x_wconf 69' lang='lat' dir='ltr'><strong>malignorum</strong></span> <span class='ocrx_word' id='word_1_229' title='bbox 1353 1675 1642 1747; x_wconf 82' lang='lat' dir='ltr'><strong>spirituum</strong></span> <span class='ocrx_word' id='word_1_230' title='bbox 1687 1674 2043 1730; x_wconf 73' lang='lat' dir='ltr'><strong>multitudine:</strong></span> 
     </span>
    </p>
   </div>
   <div class='ocr_carea' id='block_1_30' title="bbox 2146 1659 3752 1750">
    <p class='ocr_par' dir='ltr' id='par_1_30' title="bbox 2154 1659 3752 1738">
     <span class='ocr_line' id='line_1_30' title="bbox 2154 1659 3752 1738; baseline 0.005 -23"><span class='ocrx_word' id='word_1_231' title='bbox 2154 1659 2333 1718; x_wconf 64' lang='lat' dir='ltr'><strong>falsus</strong></span> <span class='ocrx_word' id='word_1_232' title='bbox 2351 1662 2575 1732; x_wconf 75' lang='lat' dir='ltr'><strong>quidam</strong></span> <span class='ocrx_word' id='word_1_233' title='bbox 2601 1662 2843 1721; x_wconf 81' lang='lat' dir='ltr'><strong>famosus</strong></span> <span class='ocrx_word' id='word_1_234' title='bbox 2868 1676 2925 1722; x_wconf 87' lang='lat' dir='ltr'><strong>et</strong></span> <span class='ocrx_word' id='word_1_235' title='bbox 2949 1669 3130 1738; x_wconf 83' lang='lat' dir='ltr'><strong>magni</strong></span> <span class='ocrx_word' id='word_1_236' title='bbox 3187 1669 3424 1725; x_wconf 82' lang='lat' dir='ltr'><strong>nominis</strong></span> <span class='ocrx_word' id='word_1_237' title='bbox 3473 1671 3752 1725; x_wconf 80' lang='lat' dir='ltr'><strong>solitarius</strong></span> 
     </span>
    </p>
   </div>
   <div class='ocr_carea' id='block_1_31' title="bbox 468 1750 2043 1842">
    <p class='ocr_par' dir='ltr' id='par_1_31' title="bbox 468 1766 2036 1842">
     <span class='ocr_line' id='line_1_31' title="bbox 468 1766 2036 1842; baseline -0.003 -16"><span class='ocrx_word' id='word_1_238' title='bbox 468 1769 526 1826; x_wconf 81' lang='lat' dir='ltr'><strong>in</strong></span> <span class='ocrx_word' id='word_1_239' title='bbox 580 1769 794 1842; x_wconf 73' lang='lat' dir='ltr'><strong>frigidis</strong></span> <span class='ocrx_word' id='word_1_240' title='bbox 841 1769 981 1830; x_wconf 81' lang='lat' dir='ltr'><strong>adeo</strong></span> <span class='ocrx_word' id='word_1_241' title='bbox 1011 1769 1290 1827; x_wconf 79' lang='lat' dir='ltr'><strong>mentibus</strong></span> <span class='ocrx_word' id='word_1_242' title='bbox 1327 1768 1565 1838; x_wconf 81' lang='lat' dir='ltr'><strong>superbe</strong></span> <span class='ocrx_word' id='word_1_243' title='bbox 1620 1767 1946 1839; x_wconf 78' lang='lat' dir='ltr'><strong>regnantes?</strong></span> <span class='ocrx_word' id='word_1_244' title='bbox 1992 1766 2036 1822; x_wconf 79' lang='lat' dir='ltr'><strong>ll</strong></span> 
     </span>
    </p>
   </div>
   <div class='ocr_carea' id='block_1_32' title="bbox 2146 1750 3752 1842">
    <p class='ocr_par' dir='ltr' id='par_1_32' title="bbox 2161 1751 3752 1832">
     <span class='ocr_line' id='line_1_32' title="bbox 2161 1751 3752 1832; baseline 0.009 -28"><span class='ocrx_word' id='word_1_245' title='bbox 2161 1751 2632 1822; x_wconf 78' lang='lat' dir='ltr'><strong>propinquaretad</strong></span> <span class='ocrx_word' id='word_1_246' title='bbox 2659 1756 2888 1823; x_wconf 80' lang='lat' dir='ltr'><strong>exitum,</strong></span> <span class='ocrx_word' id='word_1_247' title='bbox 2916 1766 3190 1814; x_wconf 87' lang='lat' dir='ltr'><strong>tartareus</strong></span> <span class='ocrx_word' id='word_1_248' title='bbox 3237 1760 3306 1815; x_wconf 85' lang='lat' dir='ltr'><strong>ad</strong></span> <span class='ocrx_word' id='word_1_249' title='bbox 3353 1775 3478 1816; x_wconf 81' lang='lat' dir='ltr'><strong>eum</strong></span> <span class='ocrx_word' id='word_1_250' title='bbox 3527 1762 3752 1832; x_wconf 78' lang='lat' dir='ltr'><strong>spiritus</strong></span> 
     </span>
    </p>
   </div>
   <div class='ocr_carea' id='block_1_33' title="bbox 465 1854 2059 1929">
    <p class='ocr_par' dir='ltr' id='par_1_33' title="bbox 465 1854 2059 1929">
     <span class='ocr_line' id='line_1_33' title="bbox 465 1854 2059 1929; baseline -0.003 -15"><span class='ocrx_word' id='word_1_251' title='bbox 465 1859 659 1914; x_wconf 78' lang='lat' dir='ltr'><strong>solium</strong></span> <span class='ocrx_word' id='word_1_252' title='bbox 683 1874 844 1914; x_wconf 83' lang='lat' dir='ltr'><strong>suum</strong></span> <span class='ocrx_word' id='word_1_253' title='bbox 883 1858 1255 1929; x_wconf 79' lang='lat' dir='ltr'><strong>unusquisque</strong></span> <span class='ocrx_word' id='word_1_254' title='bbox 1282 1858 1335 1916; x_wconf 88' lang='lat' dir='ltr'><strong>in</strong></span> <span class='ocrx_word' id='word_1_255' title='bbox 1355 1857 1582 1914; x_wconf 82' lang='lat' dir='ltr'><strong>introitu</strong></span> <span class='ocrx_word' id='word_1_256' title='bbox 1604 1863 1880 1927; x_wconf 82' lang='lat' dir='ltr'><strong>portarum</strong></span> <span class='ocrx_word' id='word_1_257' title='bbox 1900 1854 2059 1910; x_wconf 83' lang='lat' dir='ltr'><strong>Jeru—</strong></span> 
     </span>
    </p>
   </div>
   <div class='ocr_carea' id='block_1_34' title="bbox 465 1944 2060 2018">
    <p class='ocr_par' dir='ltr' id='par_1_34' title="bbox 465 1944 2060 2018">
     <span class='ocr_line' id='line_1_34' title="bbox 465 1944 2060 2018; baseline -0.003 -17"><span class='ocrx_word' id='word_1_258' title='bbox 465 1947 634 2002; x_wconf 83' lang='lat' dir='ltr'><strong>salem</strong></span> <span class='ocrx_word' id='word_1_259' title='bbox 665 1955 899 2018; x_wconf 87' lang='lat' dir='ltr'><strong>ponunt,</strong></span> <span class='ocrx_word' id='word_1_260' title='bbox 928 1962 1053 2002; x_wconf 87' lang='lat' dir='ltr'><strong>cum</strong></span> <span class='ocrx_word' id='word_1_261' title='bbox 1092 1947 1462 2018; x_wconf 76' lang='lat' dir='ltr'><strong>egredientem</strong></span> <span class='ocrx_word' id='word_1_262' title='bbox 1507 1947 1572 2002; x_wconf 89' lang='lat' dir='ltr'><strong>de</strong></span> <span class='ocrx_word' id='word_1_263' title='bbox 1619 1959 1846 2016; x_wconf 89' lang='lat' dir='ltr'><strong>corpore</strong></span> <span class='ocrx_word' id='word_1_264' title='bbox 1881 1944 2060 2000; x_wconf 78' lang='lat' dir='ltr'><strong>infeli-</strong></span> 
     </span>
    </p>
   </div>
   <div class='ocr_carea' id='block_1_35' title="bbox 465 2034 2056 2108">
    <p class='ocr_par' dir='ltr' id='par_1_35' title="bbox 465 2034 2056 2108">
     <span class='ocr_line' id='line_1_35' title="bbox 465 2034 2056 2108; baseline -0.003 -15"><span class='ocrx_word' id='word_1_265' title='bbox 465 2052 596 2094; x_wconf 63' lang='lat' dir='ltr'><strong>cem.</strong></span> <span class='ocrx_word' id='word_1_266' title='bbox 624 2039 862 2094; x_wconf 86' lang='lat' dir='ltr'><strong>animam</strong></span> <span class='ocrx_word' id='word_1_267' title='bbox 893 2037 1304 2108; x_wconf 84' lang='lat' dir='ltr'><strong>circumposita,</strong></span> <span class='ocrx_word' id='word_1_268' title='bbox 1343 2053 1412 2094; x_wconf 93' lang='lat' dir='ltr'><strong>nc</strong></span> <span class='ocrx_word' id='word_1_269' title='bbox 1433 2036 1602 2092; x_wconf 86' lang='lat' dir='ltr'><strong>libera</strong></span> <span class='ocrx_word' id='word_1_270' title='bbox 1630 2035 1876 2105; x_wconf 82' lang='lat' dir='ltr'><strong>prodeat,</strong></span> <span class='ocrx_word' id='word_1_271' title='bbox 1907 2034 2056 2090; x_wconf 85' lang='lat' dir='ltr'><strong>obsi-</strong></span> 
     </span>
    </p>
   </div>
   <div class='ocr_carea' id='block_1_36' title="bbox 464 2125 2058 2200">
    <p class='ocr_par' dir='ltr' id='par_1_36' title="bbox 464 2125 2058 2200">
     <span class='ocr_line' id='line_1_36' title="bbox 464 2125 2058 2200; baseline -0.003 -16"><span class='ocrx_word' id='word_1_272' title='bbox 464 2129 626 2184; x_wconf 83' lang='lat' dir='ltr'><strong>dione</strong></span> <span class='ocrx_word' id='word_1_273' title='bbox 641 2128 984 2194; x_wconf 73' lang='lat' dir='ltr'><strong>custodiunt;</strong></span> <span class='ocrx_word' id='word_1_274' title='bbox 1003 2137 1067 2182; x_wconf 81' lang='lat' dir='ltr'><strong>ut</strong></span> <span class='ocrx_word' id='word_1_275' title='bbox 1085 2143 1208 2184; x_wconf 81' lang='lat' dir='ltr'><strong>eam</strong></span> <span class='ocrx_word' id='word_1_276' title='bbox 1233 2143 1415 2184; x_wconf 86' lang='lat' dir='ltr'><strong>secum</strong></span> <span class='ocrx_word' id='word_1_277' title='bbox 1439 2143 1582 2183; x_wconf 90' lang='lat' dir='ltr'><strong>nunc</strong></span> <span class='ocrx_word' id='word_1_278' title='bbox 1601 2127 1667 2182; x_wconf 86' lang='lat' dir='ltr'><strong>ad</strong></span> <span class='ocrx_word' id='word_1_279' title='bbox 1692 2125 1832 2200; x_wconf 88' lang='lat' dir='ltr'><strong>ignis</strong></span> <span class='ocrx_word' id='word_1_280' title='bbox 1859 2125 2058 2197; x_wconf 79' lang='lat' dir='ltr'><strong>suppli-</strong></span> 
     </span>
    </p>
   </div>
   <div class='ocr_carea' id='block_1_37' title="bbox 466 2214 2056 2287">
    <p class='ocr_par' dir='ltr' id='par_1_37' title="bbox 466 2214 2056 2287">
     <span class='ocr_line' id='line_1_37' title="bbox 466 2214 2056 2287; baseline -0.001 -13"><span class='ocrx_word' id='word_1_281' title='bbox 466 2216 614 2274; x_wconf 74' lang='lat' dir='ltr'><strong>cium</strong></span> <span class='ocrx_word' id='word_1_282' title='bbox 647 2217 1000 2287; x_wconf 78' lang='lat' dir='ltr'><strong>pertrahant,</strong></span> <span class='ocrx_word' id='word_1_283' title='bbox 1021 2217 1077 2271; x_wconf 82' lang='lat' dir='ltr'><strong>in</strong></span> <span class='ocrx_word' id='word_1_284' title='bbox 1103 2215 1263 2286; x_wconf 84' lang='lat' dir='ltr'><strong>cujus</strong></span> <span class='ocrx_word' id='word_1_285' title='bbox 1295 2224 1458 2272; x_wconf 79' lang='lat' dir='ltr'><strong>antea</strong></span> <span class='ocrx_word' id='word_1_286' title='bbox 1483 2214 1683 2286; x_wconf 73' lang='lat' dir='ltr'><strong>[rigida</strong></span> <span class='ocrx_word' id='word_1_287' title='bbox 1741 2224 1927 2270; x_wconf 89' lang='lat' dir='ltr'><strong>mente</strong></span> <span class='ocrx_word' id='word_1_288' title='bbox 1972 2230 2056 2272; x_wconf 85' lang='lat' dir='ltr'><strong>re-</strong></span> 
     </span>
    </p>
   </div>
   <div class='ocr_carea' id='block_1_38' title="bbox 465 2307 2056 2379">
    <p class='ocr_par' dir='ltr' id='par_1_38' title="bbox 465 2307 2056 2379">
     <span class='ocr_line' id='line_1_38' title="bbox 465 2307 2056 2379; baseline -0.003 -16"><span class='ocrx_word' id='word_1_289' title='bbox 465 2307 724 2379; x_wconf 86' lang='lat' dir='ltr'><strong>gnabant.</strong></span> <span class='ocrx_word' id='word_1_290' title='bbox 751 2307 1022 2379; x_wconf 80' lang='lat' dir='ltr'><strong>Olquam.</strong></span> <span class='ocrx_word' id='word_1_291' title='bbox 1040 2308 1315 2374; x_wconf 81' lang='lat' dir='ltr'><strong>luctuosa,</strong></span> <span class='ocrx_word' id='word_1_292' title='bbox 1340 2323 1507 2378; x_wconf 87' lang='lat' dir='ltr'><strong>quam</strong></span> <span class='ocrx_word' id='word_1_293' title='bbox 1555 2307 1798 2379; x_wconf 81' lang='lat' dir='ltr'><strong>lugubris</strong></span> <span class='ocrx_word' id='word_1_294' title='bbox 1829 2315 1909 2363; x_wconf 90' lang='lat' dir='ltr'><strong>est</strong></span> <span class='ocrx_word' id='word_1_295' title='bbox 1932 2320 2056 2362; x_wconf 88' lang='lat' dir='ltr'><strong>sera</strong></span> 
     </span>
    </p>
   </div>
   <div class='ocr_carea' id='block_1_39' title="bbox 464 2397 2052 2471">
    <p class='ocr_par' dir='ltr' id='par_1_39' title="bbox 464 2397 2052 2471">
     <span class='ocr_line' id='line_1_39' title="bbox 464 2397 2052 2471; baseline -0.001 -16"><span class='ocrx_word' id='word_1_296' title='bbox 464 2410 522 2455; x_wconf 91' lang='lat' dir='ltr'><strong>ct</strong></span> <span class='ocrx_word' id='word_1_297' title='bbox 543 2397 882 2456; x_wconf 76' lang='lat' dir='ltr'><strong>infructuosa</strong></span> <span class='ocrx_word' id='word_1_298' title='bbox 911 2399 1001 2454; x_wconf 78' lang='lat' dir='ltr'><strong>illa</strong></span> <span class='ocrx_word' id='word_1_299' title='bbox 1022 2400 1380 2470; x_wconf 65' lang='lat' dir='ltr'><strong>paenitentia,</strong></span> <span class='ocrx_word' id='word_1_300' title='bbox 1403 2414 1534 2454; x_wconf 88' lang='lat' dir='ltr'><strong>cum</strong></span> <span class='ocrx_word' id='word_1_301' title='bbox 1557 2400 1839 2471; x_wconf 78' lang='lat' dir='ltr'><strong>peccatrix</strong></span> <span class='ocrx_word' id='word_1_302' title='bbox 1869 2399 2052 2455; x_wconf 87' lang='lat' dir='ltr'><strong>anima</strong></span> 
     </span>
    </p>
   </div>
   <div class='ocr_carea' id='block_1_40' title="bbox 457 2486 2052 2560">
    <p class='ocr_par' dir='ltr' id='par_1_40' title="bbox 457 2486 2052 2560">
     <span class='ocr_line' id='line_1_40' title="bbox 457 2486 2052 2560; baseline 0.001 -17"><span class='ocrx_word' id='word_1_303' title='bbox 457 2486 576 2560; x_wconf 68' lang='lat' dir='ltr'><strong>iam</strong></span> <span class='ocrx_word' id='word_1_304' title='bbox 595 2489 862 2559; x_wconf 86' lang='lat' dir='ltr'><strong>incipiens</strong></span> <span class='ocrx_word' id='word_1_305' title='bbox 881 2490 1064 2544; x_wconf 86' lang='lat' dir='ltr'><strong>carnis</strong></span> <span class='ocrx_word' id='word_1_306' title='bbox 1090 2504 1333 2558; x_wconf 81' lang='lat' dir='ltr'><strong>carcere,</strong></span> <span class='ocrx_word' id='word_1_307' title='bbox 1357 2505 1466 2560; x_wconf 90' lang='lat' dir='ltr'><strong>quo</strong></span> <span class='ocrx_word' id='word_1_308' title='bbox 1492 2490 1698 2545; x_wconf 89' lang='lat' dir='ltr'><strong>inclusa</strong></span> <span class='ocrx_word' id='word_1_309' title='bbox 1731 2492 2017 2547; x_wconf 87' lang='lat' dir='ltr'><strong>tenebatur</strong></span> <span class='ocrx_word' id='word_1_310' title='bbox 2036 2531 2052 2556; x_wconf 91' lang='lat'><strong>,</strong></span> 
     </span>
    </p>
   </div>
   <div class='ocr_carea' id='block_1_41' title="bbox 462 2577 2054 2651">
    <p class='ocr_par' dir='ltr' id='par_1_41' title="bbox 462 2577 2054 2651">
     <span class='ocr_line' id='line_1_41' title="bbox 462 2577 2054 2651; baseline 0.003 -17"><span class='ocrx_word' id='word_1_311' title='bbox 462 2577 1071 2649; x_wconf 58' lang='lat' dir='ltr'><strong>absolviJcspicitpost</strong></span> <span class='ocrx_word' id='word_1_312' title='bbox 1096 2593 1176 2644; x_wconf 86' lang='lat' dir='ltr'><strong>se,</strong></span> <span class='ocrx_word' id='word_1_313' title='bbox 1207 2579 1394 2651; x_wconf 87' lang='lat' dir='ltr'><strong>dirigit</strong></span> <span class='ocrx_word' id='word_1_314' title='bbox 1423 2579 1610 2636; x_wconf 87' lang='lat' dir='ltr'><strong>oculos</strong></span> <span class='ocrx_word' id='word_1_315' title='bbox 1637 2589 1760 2638; x_wconf 90' lang='lat' dir='ltr'><strong>ante</strong></span> <span class='ocrx_word' id='word_1_316' title='bbox 1784 2597 1866 2638; x_wconf 78' lang='lat' dir='ltr'><strong>se.</strong></span> <span class='ocrx_word' id='word_1_317' title='bbox 1895 2581 2054 2638; x_wconf 82' lang='lat' dir='ltr'><strong>Videt</strong></span> 
     </span>
    </p>
   </div>
   <div class='ocr_carea' id='block_1_42' title="bbox 459 2668 2049 2746">
    <p class='ocr_par' dir='ltr' id='par_1_42' title="bbox 459 2668 2049 2746">
     <span class='ocr_line' id='line_1_42' title="bbox 459 2668 2049 2746; baseline 0.003 -23"><span class='ocrx_word' id='word_1_318' title='bbox 459 2677 588 2746; x_wconf 66' lang='lat' dir='ltr'><strong>post</strong></span> <span class='ocrx_word' id='word_1_319' title='bbox 631 2685 690 2724; x_wconf 88' lang='lat' dir='ltr'><strong>se</strong></span> <span class='ocrx_word' id='word_1_320' title='bbox 734 2668 888 2725; x_wconf 74' lang='lat' dir='ltr'><strong>velut.</strong></span> <span class='ocrx_word' id='word_1_321' title='bbox 935 2669 1403 2742; x_wconf 79' lang='lat' dir='ltr'><strong>angustissimum,</strong></span> <span class='ocrx_word' id='word_1_322' title='bbox 1461 2679 1625 2744; x_wconf 85' lang='lat' dir='ltr'><strong>atque</strong></span> <span class='ocrx_word' id='word_1_323' title='bbox 1670 2672 2049 2729; x_wconf 84' lang='lat' dir='ltr'><strong>brevissimum</strong></span> 
     </span>
    </p>
   </div>
   <div class='ocr_carea' id='block_1_43' title="bbox 461 2765 2051 2833">
    <p class='ocr_par' dir='ltr' id='par_1_43' title="bbox 461 2765 2051 2833">
     <span class='ocr_line' id='line_1_43' title="bbox 461 2765 2051 2833; baseline 0.002 -12"><span class='ocrx_word' id='word_1_324' title='bbox 461 2766 698 2822; x_wconf 82' lang='lat' dir='ltr'><strong>stadium</strong></span> <span class='ocrx_word' id='word_1_325' title='bbox 724 2765 850 2820; x_wconf 74' lang='lat' dir='ltr'><strong>vitae</strong></span> <span class='ocrx_word' id='word_1_326' title='bbox 872 2765 1450 2833; x_wconf 77' lang='lat' dir='ltr'><strong>mortalisemensum;</strong></span> <span class='ocrx_word' id='word_1_327' title='bbox 1479 2767 1622 2822; x_wconf 85' lang='lat' dir='ltr'><strong>videt</strong></span> <span class='ocrx_word' id='word_1_328' title='bbox 1647 2775 1775 2821; x_wconf 91' lang='lat' dir='ltr'><strong>ante</strong></span> <span class='ocrx_word' id='word_1_329' title='bbox 1793 2782 1854 2823; x_wconf 86' lang='lat' dir='ltr'><strong>se</strong></span> <span class='ocrx_word' id='word_1_330' title='bbox 1885 2769 2051 2826; x_wconf 88' lang='lat' dir='ltr'><strong>inter-</strong></span> 
     </span>
    </p>
   </div>
   <div class='ocr_carea' id='block_1_44' title="bbox 461 2856 2051 2928">
    <p class='ocr_par' dir='ltr' id='par_1_44' title="bbox 461 2856 2051 2928">
     <span class='ocr_line' id='line_1_44' title="bbox 461 2856 2051 2928; baseline 0 -14"><span class='ocrx_word' id='word_1_331' title='bbox 461 2856 806 2914; x_wconf 77' lang='lat' dir='ltr'><strong>minabilium</strong></span> <span class='ocrx_word' id='word_1_332' title='bbox 865 2856 1256 2928; x_wconf 82' lang='lat' dir='ltr'><strong>longitudinem</strong></span> <span class='ocrx_word' id='word_1_333' title='bbox 1337 2857 1680 2912; x_wconf 66' lang='lat' dir='ltr'><strong>saeculorum.</strong></span> <span class='ocrx_word' id='word_1_334' title='bbox 1757 2859 2051 2926; x_wconf 85' lang='lat' dir='ltr'><strong>Perpendit</strong></span> 
     </span>
    </p>
   </div>
   <div class='ocr_carea' id='block_1_45' title="bbox 459 2945 2046 3018">
    <p class='ocr_par' dir='ltr' id='par_1_45' title="bbox 459 2945 2046 3018">
     <span class='ocr_line' id='line_1_45' title="bbox 459 2945 2046 3018; baseline 0.003 -19"><span class='ocrx_word' id='word_1_335' title='bbox 459 2945 618 3018; x_wconf 88' lang='lat' dir='ltr'><strong>quasi</strong></span> <span class='ocrx_word' id='word_1_336' title='bbox 635 2954 968 3001; x_wconf 77' lang='lat' dir='ltr'><strong>momentum</strong></span> <span class='ocrx_word' id='word_1_337' title='bbox 996 2947 1264 3016; x_wconf 88' lang='lat' dir='ltr'><strong>temporis</strong></span> <span class='ocrx_word' id='word_1_338' title='bbox 1284 2946 1541 3003; x_wconf 87' lang='lat' dir='ltr'><strong>celeriter</strong></span> <span class='ocrx_word' id='word_1_339' title='bbox 1606 2947 1874 3012; x_wconf 83' lang='lat' dir='ltr'><strong>avolasse,</strong></span> <span class='ocrx_word' id='word_1_340' title='bbox 1902 2949 2046 3018; x_wconf 84' lang='lat' dir='ltr'><strong>quod</strong></span> 
     </span>
    </p>
   </div>
   <div class='ocr_carea' id='block_1_46' title="bbox 459 3036 3335 3134">
    <p class='ocr_par' dir='ltr' id='par_1_46' title="bbox 459 3036 3335 3134">
     <span class='ocr_line' id='line_1_46' title="bbox 459 3036 3335 3134; baseline 0.002 -44"><span class='ocrx_word' id='word_1_341' title='bbox 459 3037 628 3102; x_wconf 76' lang='lat' dir='ltr'><strong>vixit;</strong></span> <span class='ocrx_word' id='word_1_342' title='bbox 651 3036 1048 3107; x_wconf 85' lang='lat' dir='ltr'><strong>contemplatur</strong></span> <span class='ocrx_word' id='word_1_343' title='bbox 1068 3036 1332 3092; x_wconf 81' lang='lat' dir='ltr'><strong>inﬁnitam</strong></span> <span class='ocrx_word' id='word_1_344' title='bbox 1352 3038 1720 3110; x_wconf 74' lang='lat' dir='ltr'><strong>prolixitatem</strong></span> <span class='ocrx_word' id='word_1_345' title='bbox 1742 3048 2044 3109; x_wconf 88' lang='lat' dir='ltr'><strong>temporum</strong></span> <span class='ocrx_word' id='word_1_346' title='bbox 2071 3101 2121 3134; x_wconf 51' lang='lat' dir='ltr'><strong>ﬂ</strong></span> <span class='ocrx_word' id='word_1_347' title='bbox 2146 3051 2361 3112; x_wconf 55' lang='lat' dir='ltr'><strong>tumbas</strong></span> <span class='ocrx_word' id='word_1_348' title='bbox 2390 3064 2542 3113; x_wconf 63' lang='lat' dir='ltr'><strong>mos;</strong></span> <span class='ocrx_word' id='word_1_349' title='bbox 2583 3075 2602 3111; x_wconf 83' lang='lat'><strong>,</strong></span> <span class='ocrx_word' id='word_1_350' title='bbox 2640 3059 2705 3113; x_wconf 68' lang='lat' dir='ltr'><strong>de</strong></span> <span class='ocrx_word' id='word_1_351' title='bbox 2734 3073 2843 3130; x_wconf 72' lang='lat' dir='ltr'><strong>quo</strong></span> <span class='ocrx_word' id='word_1_352' title='bbox 2886 3069 2942 3116; x_wconf 66' lang='grc' dir='ltr'><strong>ει</strong></span> <span class='ocrx_word' id='word_1_353' title='bbox 2971 3062 3133 3133; x_wconf 59' lang='lat' dir='ltr'><strong>paulo</strong></span> <span class='ocrx_word' id='word_1_354' title='bbox 3180 3036 3335 3134; x_wconf 60' lang='grc' dir='ltr'><strong>ρόειε</strong></span> 
     </span>
    </p>
   </div>
   <div class='ocr_carea' id='block_1_47' title="bbox 457 3101 3386 3220">
    <p class='ocr_par' dir='ltr' id='par_1_47' title="bbox 457 3101 3386 3220">
     <span class='ocr_line' id='line_1_47' title="bbox 457 3101 3386 3220; baseline 0.002 -37"><span class='ocrx_word' id='word_1_355' title='bbox 457 3101 700 3192; x_wconf 84' lang='lat' dir='ltr'><strong>instare,.</strong></span> <span class='ocrx_word' id='word_1_356' title='bbox 722 3101 886 3198; x_wconf 81' lang='lat' dir='ltr'><strong>quam</strong></span> <span class='ocrx_word' id='word_1_357' title='bbox 922 3126 1113 3196; x_wconf 84' lang='lat' dir='ltr'><strong>incipit</strong></span> <span class='ocrx_word' id='word_1_358' title='bbox 1141 3144 1154 3182; x_wconf 89' lang='lat'>:</span> <span class='ocrx_word' id='word_1_359' title='bbox 1191 3127 1244 3182; x_wconf 91' lang='lat' dir='ltr'><strong>id</strong></span> <span class='ocrx_word' id='word_1_360' title='bbox 1275 3101 1420 3186; x_wconf 80' lang='lat' dir='ltr'><strong>enim</strong></span> <span class='ocrx_word' id='word_1_361' title='bbox 1448 3101 1870 3195; x_wconf 54' lang='lat' dir='ltr'><strong>brevissimum;</strong></span> <span class='ocrx_word' id='word_1_362' title='bbox 1899 3129 2045 3199; x_wconf 90' lang='lat' dir='ltr'><strong>quod</strong></span> <span class='ocrx_word' id='word_1_363' title='bbox 2069 3101 2122 3166; x_wconf 66' lang='grc' dir='ltr'><strong>θ</strong></span> <span class='ocrx_word' id='word_1_364' title='bbox 2376 3101 2610 3205; x_wconf 50' lang='grc' dir='ltr'><strong>ἀξξ</strong></span> <span class='ocrx_word' id='word_1_365' title='bbox 2633 3101 3386 3220; x_wconf 43' lang='grc' dir='ltr'><strong>ἐῦξίέιξῷἴαᾶζδξέξξιξιο</strong></span> 
     </span>
    </p>
   </div>
   <div class='ocr_carea' id='block_1_48' title="bbox 458 3217 2030 3288">
    <p class='ocr_par' dir='ltr' id='par_1_48' title="bbox 458 3217 2030 3288">
     <span class='ocr_line' id='line_1_48' title="bbox 458 3217 2030 3288; baseline 0.002 -14"><span class='ocrx_word' id='word_1_366' title='bbox 458 3229 542 3274; x_wconf 89' lang='lat' dir='ltr'><strong>est</strong></span> <span class='ocrx_word' id='word_1_367' title='bbox 570 3218 718 3273; x_wconf 88' lang='lat' dir='ltr'><strong>velut</strong></span> <span class='ocrx_word' id='word_1_368' title='bbox 739 3217 796 3274; x_wconf 80' lang='lat' dir='ltr'><strong>in</strong></span> <span class='ocrx_word' id='word_1_369' title='bbox 823 3225 1062 3288; x_wconf 69' lang='lat' dir='ltr'><strong>puncto,</strong></span> <span class='ocrx_word' id='word_1_370' title='bbox 1084 3219 1444 3284; x_wconf 87' lang='lat' dir='ltr'><strong>transcurrit;</strong></span> <span class='ocrx_word' id='word_1_371' title='bbox 1495 3219 1622 3278; x_wconf 83' lang='lat' dir='ltr'><strong>huic</strong></span> <span class='ocrx_word' id='word_1_372' title='bbox 1671 3230 1850 3277; x_wconf 83' lang='lat' dir='ltr'><strong>autem</strong></span> <span class='ocrx_word' id='word_1_373' title='bbox 1881 3220 2030 3286; x_wconf 56' lang='lat' dir='ltr'><strong>vitae,</strong></span> 
     </span>
    </p>
   </div>
   <div class='ocr_carea' id='block_1_49' title="bbox 455 3309 2041 3381">
    <p class='ocr_par' dir='ltr' id='par_1_49' title="bbox 455 3309 2041 3381">
     <span class='ocr_line' id='line_1_49' title="bbox 455 3309 2041 3381; baseline 0.001 -17"><span class='ocrx_word' id='word_1_374' title='bbox 455 3325 620 3381; x_wconf 59' lang='lat' dir='ltr'><strong>quam</strong></span> <span class='ocrx_word' id='word_1_375' title='bbox 650 3324 790 3365; x_wconf 86' lang='lat' dir='ltr'><strong>nunc</strong></span> <span class='ocrx_word' id='word_1_376' title='bbox 816 3309 1133 3380; x_wconf 75' lang='lat' dir='ltr'><strong>ingreditur,</strong></span> <span class='ocrx_word' id='word_1_377' title='bbox 1162 3309 1336 3365; x_wconf 82' lang='lat' dir='ltr'><strong>nullus</strong></span> <span class='ocrx_word' id='word_1_378' title='bbox 1361 3311 1582 3366; x_wconf 86' lang='lat' dir='ltr'><strong>omnino</strong></span> <span class='ocrx_word' id='word_1_379' title='bbox 1628 3312 1750 3368; x_wconf 84' lang='lat' dir='ltr'><strong>linis</strong></span> <span class='ocrx_word' id='word_1_380' title='bbox 1777 3311 2041 3368; x_wconf 91' lang='lat' dir='ltr'><strong>occurrit.</strong></span> 
     </span>
    </p>
   </div>
   <div class='ocr_carea' id='block_1_50' title="bbox 531 3400 2044 3469">
    <p class='ocr_par' dir='ltr' id='par_1_50' title="bbox 531 3400 2044 3469">
     <span class='ocr_line' id='line_1_50' title="bbox 531 3400 2044 3469; baseline 0.003 -15"><span class='ocrx_word' id='word_1_381' title='bbox 531 3419 568 3455; x_wconf 73' lang='lat' dir='ltr'><strong>t-</strong></span> <span class='ocrx_word' id='word_1_382' title='bbox 583 3400 741 3465; x_wconf 88' lang='lat' dir='ltr'><strong>Ecce,</strong></span> <span class='ocrx_word' id='word_1_383' title='bbox 777 3419 796 3454; x_wconf 79' lang='grc' dir='ltr'><strong><em>ι</em></strong></span> <span class='ocrx_word' id='word_1_384' title='bbox 832 3401 908 3454; x_wconf 90' lang='lat' dir='ltr'><strong>ait</strong></span> <span class='ocrx_word' id='word_1_385' title='bbox 928 3401 1218 3469; x_wconf 85' lang='lat' dir='ltr'><strong>Dominus,</strong></span> <span class='ocrx_word' id='word_1_386' title='bbox 1239 3421 1258 3453; x_wconf 71' lang='grc' dir='ltr'>ι</span> <span class='ocrx_word' id='word_1_387' title='bbox 1289 3402 1499 3458; x_wconf 85' lang='lat' dir='ltr'><strong>mittam</strong></span> <span class='ocrx_word' id='word_1_388' title='bbox 1530 3402 1583 3458; x_wconf 90' lang='lat' dir='ltr'><strong>in</strong></span> <span class='ocrx_word' id='word_1_389' title='bbox 1611 3419 1725 3468; x_wconf 89' lang='lat' dir='ltr'><strong>eos,</strong></span> <span class='ocrx_word' id='word_1_390' title='bbox 1759 3423 1777 3452; x_wconf 74' lang='grc' dir='ltr'><strong>ι</strong></span> <span class='ocrx_word' id='word_1_391' title='bbox 1812 3405 1864 3460; x_wconf 93' lang='lat' dir='ltr'><strong>in</strong></span> <span class='ocrx_word' id='word_1_392' title='bbox 1895 3405 2044 3462; x_wconf 85' lang='lat' dir='ltr'><strong>cives</strong></span> 
     </span>
    </p>
   </div>
   <div class='ocr_carea' id='block_1_51' title="bbox 452 3477 2042 3567">
    <p class='ocr_par' dir='ltr' id='par_1_51' title="bbox 452 3477 2042 3567">
     <span class='ocr_line' id='line_1_51' title="bbox 452 3477 2042 3567; baseline 0.006 -21"><span class='ocrx_word' id='word_1_393' title='bbox 452 3477 701 3549; x_wconf 81' lang='lat' dir='ltr'><strong>videlicet</strong></span> <span class='ocrx_word' id='word_1_394' title='bbox 718 3491 1050 3559; x_wconf 71' lang='lat' dir='ltr'><strong>Jerusalem,</strong></span> <span class='ocrx_word' id='word_1_395' title='bbox 1072 3510 1092 3544; x_wconf 72' lang='grc' dir='ltr'><strong><em>ι</em></strong></span> <span class='ocrx_word' id='word_1_396' title='bbox 1118 3492 1378 3564; x_wconf 84' lang='lat' dir='ltr'><strong>gladium,</strong></span> <span class='ocrx_word' id='word_1_397' title='bbox 1403 3503 1468 3551; x_wconf 85' lang='lat' dir='ltr'><strong>et.</strong></span> <span class='ocrx_word' id='word_1_398' title='bbox 1483 3492 1705 3562; x_wconf 81' lang='lat' dir='ltr'><strong>famem,</strong></span> <span class='ocrx_word' id='word_1_399' title='bbox 1727 3505 1782 3552; x_wconf 90' lang='lat' dir='ltr'><strong>et</strong></span> <span class='ocrx_word' id='word_1_400' title='bbox 1811 3507 2042 3567; x_wconf 87' lang='lat' dir='ltr'><strong>pestem,</strong></span> 
     </span>
    </p>
   </div>
   <div class='ocr_carea' id='block_1_52' title="bbox 452 3583 2040 3656">
    <p class='ocr_par' dir='ltr' id='par_1_52' title="bbox 452 3583 2040 3656">
     <span class='ocr_line' id='line_1_52' title="bbox 452 3583 2040 3656; baseline 0.001 -14"><span class='ocrx_word' id='word_1_401' title='bbox 452 3593 509 3642; x_wconf 82' lang='lat' dir='ltr'><strong>ut</strong></span> <span class='ocrx_word' id='word_1_402' title='bbox 535 3592 697 3641; x_wconf 85' lang='lat' dir='ltr'><strong>erunt</strong></span> <span class='ocrx_word' id='word_1_403' title='bbox 718 3583 773 3640; x_wconf 92' lang='lat' dir='ltr'><strong>in</strong></span> <span class='ocrx_word' id='word_1_404' title='bbox 783 3583 1244 3650; x_wconf 79' lang='lat' dir='ltr'><strong>maledictioncm,</strong></span> <span class='ocrx_word' id='word_1_405' title='bbox 1267 3593 1628 3656; x_wconf 89' lang='lat' dir='ltr'><strong>etstuporem,</strong></span> <span class='ocrx_word' id='word_1_406' title='bbox 1651 3588 1776 3642; x_wconf 90' lang='lat' dir='ltr'><strong>etin</strong></span> <span class='ocrx_word' id='word_1_407' title='bbox 1799 3588 2040 3656; x_wconf 89' lang='lat' dir='ltr'><strong>sibilum,</strong></span> 
     </span>
    </p>
   </div>
   <div class='ocr_carea' id='block_1_53' title="bbox 456 3675 2039 3749">
    <p class='ocr_par' dir='ltr' id='par_1_53' title="bbox 456 3675 2039 3749">
     <span class='ocr_line' id='line_1_53' title="bbox 456 3675 2039 3749; baseline 0.003 -14"><span class='ocrx_word' id='word_1_408' title='bbox 456 3687 515 3735; x_wconf 86' lang='lat' dir='ltr'><strong>at</strong></span> <span class='ocrx_word' id='word_1_409' title='bbox 537 3677 592 3733; x_wconf 90' lang='lat' dir='ltr'><strong>in</strong></span> <span class='ocrx_word' id='word_1_410' title='bbox 610 3676 962 3749; x_wconf 72' lang='lat' dir='ltr'><strong>opprobrium</strong></span> <span class='ocrx_word' id='word_1_411' title='bbox 991 3675 1126 3748; x_wconf 65' lang='grc' dir='ltr'><em>(θεν.</em></span> <span class='ocrx_word' id='word_1_412' title='bbox 1154 3676 1331 3749; x_wconf 68' lang='lat' dir='ltr'><strong>xxxx).</strong></span> <span class='ocrx_word' id='word_1_413' title='bbox 1373 3695 1394 3730; x_wconf 75' lang='grc' dir='ltr'><strong><em>ι</em></strong></span> <span class='ocrx_word' id='word_1_414' title='bbox 1422 3676 1532 3735; x_wconf 87' lang='lat' dir='ltr'><strong>Cur</strong></span> <span class='ocrx_word' id='word_1_415' title='bbox 1566 3680 1642 3734; x_wconf 85' lang='lat' dir='ltr'><strong>sit</strong></span> <span class='ocrx_word' id='word_1_416' title='bbox 1667 3679 1772 3736; x_wconf 83' lang='lat' dir='ltr'><strong>hoe</strong></span> <span class='ocrx_word' id='word_1_417' title='bbox 1814 3679 2039 3747; x_wconf 81' lang='lat' dir='ltr'><strong>factum,</strong></span> 
     </span>
    </p>
   </div>
   <div class='ocr_carea' id='block_1_54' title="bbox 455 3765 2038 3840">
    <p class='ocr_par' dir='ltr' id='par_1_54' title="bbox 455 3765 2038 3840">
     <span class='ocr_line' id='line_1_54' title="bbox 455 3765 2038 3840; baseline 0.002 -17"><span class='ocrx_word' id='word_1_418' title='bbox 455 3767 654 3840; x_wconf 87' lang='lat' dir='ltr'><strong>aperit,</strong></span> <span class='ocrx_word' id='word_1_419' title='bbox 683 3783 806 3824; x_wconf 79' lang='lat' dir='ltr'><strong>cum</strong></span> <span class='ocrx_word' id='word_1_420' title='bbox 838 3765 1146 3838; x_wconf 74' lang='lat' dir='ltr'><strong>subiungit:</strong></span> <span class='ocrx_word' id='word_1_421' title='bbox 1201 3785 1222 3822; x_wconf 68' lang='grc' dir='ltr'><strong>ε</strong></span> <span class='ocrx_word' id='word_1_422' title='bbox 1264 3768 1343 3826; x_wconf 85' lang='lat' dir='ltr'><strong>Eo</strong></span> <span class='ocrx_word' id='word_1_423' title='bbox 1392 3769 1540 3840; x_wconf 83' lang='lat' dir='ltr'><strong>quod</strong></span> <span class='ocrx_word' id='word_1_424' title='bbox 1589 3785 1696 3827; x_wconf 89' lang='lat' dir='ltr'><strong>non</strong></span> <span class='ocrx_word' id='word_1_425' title='bbox 1743 3771 2038 3839; x_wconf 87' lang='lat' dir='ltr'><strong>audierint,</strong></span> 
     </span>
    </p>
   </div>
   <div class='ocr_carea' id='block_1_55' title="bbox 451 3859 2040 3933">
    <p class='ocr_par' dir='ltr' id='par_1_55' title="bbox 451 3859 2040 3933">
     <span class='ocr_line' id='line_1_55' title="bbox 451 3859 2040 3933; baseline 0.004 -19"><span class='ocrx_word' id='word_1_426' title='bbox 451 3859 839 3930; x_wconf 67' lang='lat' dir='ltr'><strong>inquit,,verba</strong></span> <span class='ocrx_word' id='word_1_427' title='bbox 865 3874 1011 3927; x_wconf 88' lang='lat' dir='ltr'><strong>mea,</strong></span> <span class='ocrx_word' id='word_1_428' title='bbox 1037 3874 1158 3932; x_wconf 69' lang='lat' dir='ltr'><strong>quae</strong></span> <span class='ocrx_word' id='word_1_429' title='bbox 1183 3859 1306 3919; x_wconf 76' lang='lat' dir='ltr'><strong>nisi</strong></span> <span class='ocrx_word' id='word_1_430' title='bbox 1333 3860 1402 3917; x_wconf 90' lang='lat' dir='ltr'><strong>ad</strong></span> <span class='ocrx_word' id='word_1_431' title='bbox 1428 3875 1525 3918; x_wconf 88' lang='lat' dir='ltr'><strong>eos</strong></span> <span class='ocrx_word' id='word_1_432' title='bbox 1549 3876 1647 3933; x_wconf 89' lang='lat' dir='ltr'><strong>per</strong></span> <span class='ocrx_word' id='word_1_433' title='bbox 1675 3876 1864 3918; x_wconf 88' lang='lat' dir='ltr'><strong>servos</strong></span> <span class='ocrx_word' id='word_1_434' title='bbox 1889 3877 2040 3920; x_wconf 89' lang='lat' dir='ltr'><strong>meos</strong></span> 
     </span>
    </p>
   </div>
   <div class='ocr_carea' id='block_1_56' title="bbox 446 3949 2034 4028">
    <p class='ocr_par' dir='ltr' id='par_1_56' title="bbox 446 3949 2034 4028">
     <span class='ocr_line' id='line_1_56' title="bbox 446 3949 2034 4028; baseline 0.003 -23"><span class='ocrx_word' id='word_1_435' title='bbox 446 3951 762 4023; x_wconf 79' lang='lat' dir='ltr'><strong>prophetas,</strong></span> <span class='ocrx_word' id='word_1_436' title='bbox 783 3949 850 4007; x_wconf 91' lang='lat' dir='ltr'><strong>de</strong></span> <span class='ocrx_word' id='word_1_437' title='bbox 874 3959 1031 4008; x_wconf 83' lang='lat' dir='ltr'><strong>nocte</strong></span> <span class='ocrx_word' id='word_1_438' title='bbox 1051 3966 1406 4024; x_wconf 86' lang='lat' dir='ltr'><strong>consurgens,</strong></span> <span class='ocrx_word' id='word_1_439' title='bbox 1433 3962 1490 4010; x_wconf 92' lang='lat' dir='ltr'><strong>et</strong></span> <span class='ocrx_word' id='word_1_440' title='bbox 1517 3953 1738 4009; x_wconf 87' lang='lat' dir='ltr'><strong>mittens</strong></span> <span class='ocrx_word' id='word_1_441' title='bbox 1764 3952 1978 4028; x_wconf 83' lang='lat' dir='ltr'><strong>(lbid.).</strong></span> <span class='ocrx_word' id='word_1_442' title='bbox 2013 3973 2034 4008; x_wconf 72' lang='grc' dir='ltr'><strong><em>ι</em></strong></span> 
     </span>
    </p>
   </div>
   <div class='ocr_carea' id='block_1_57' title="bbox 449 4027 2035 4116">
    <p class='ocr_par' dir='ltr' id='par_1_57' title="bbox 449 4027 2035 4116">
     <span class='ocr_line' id='line_1_57' title="bbox 449 4027 2035 4116; baseline 0.004 -21"><span class='ocrx_word' id='word_1_443' title='bbox 449 4039 605 4108; x_wconf 87' lang='lat' dir='ltr'><strong>Quod</strong></span> <span class='ocrx_word' id='word_1_444' title='bbox 635 4027 818 4097; x_wconf 85' lang='lat' dir='ltr'><strong>autem</strong></span> <span class='ocrx_word' id='word_1_445' title='bbox 844 4041 996 4106; x_wconf 86' lang='lat' dir='ltr'><strong>dicit,</strong></span> <span class='ocrx_word' id='word_1_446' title='bbox 1037 4059 1055 4093; x_wconf 73' lang='grc' dir='ltr'>ι</span> <span class='ocrx_word' id='word_1_447' title='bbox 1088 4041 1156 4096; x_wconf 92' lang='lat' dir='ltr'><strong>de</strong></span> <span class='ocrx_word' id='word_1_448' title='bbox 1177 4052 1334 4099; x_wconf 94' lang='lat' dir='ltr'><strong>nocte</strong></span> <span class='ocrx_word' id='word_1_449' title='bbox 1363 4058 1712 4116; x_wconf 88' lang='lat' dir='ltr'><strong>consurgens,</strong></span> <span class='ocrx_word' id='word_1_450' title='bbox 1745 4065 1765 4098; x_wconf 71' lang='grc' dir='ltr'><strong><em>ι</em></strong></span> <span class='ocrx_word' id='word_1_451' title='bbox 1785 4027 2035 4102; x_wconf 87' lang='lat' dir='ltr'><strong>mittendi</strong></span> 
     </span>
    </p>
   </div>
   <div class='ocr_carea' id='block_1_58' title="bbox 445 4131 2036 4204">
    <p class='ocr_par' dir='ltr' id='par_1_58' title="bbox 445 4131 2036 4204">
     <span class='ocr_line' id='line_1_58' title="bbox 445 4131 2036 4204; baseline 0.005 -18"><span class='ocrx_word' id='word_1_452' title='bbox 445 4131 1094 4190; x_wconf 76' lang='lat' dir='ltr'><strong>sollicitudinemiudicat</strong></span> <span class='ocrx_word' id='word_1_453' title='bbox 1112 4142 1167 4188; x_wconf 91' lang='lat' dir='ltr'><strong>et</strong></span> <span class='ocrx_word' id='word_1_454' title='bbox 1184 4135 1552 4204; x_wconf 82' lang='lat' dir='ltr'><strong>velocitatem;</strong></span> <span class='ocrx_word' id='word_1_455' title='bbox 1587 4147 1644 4192; x_wconf 93' lang='lat' dir='ltr'><strong>ut</strong></span> <span class='ocrx_word' id='word_1_456' title='bbox 1668 4153 1774 4195; x_wconf 92' lang='lat' dir='ltr'><strong>non</strong></span> <span class='ocrx_word' id='word_1_457' title='bbox 1805 4139 1860 4194; x_wconf 93' lang='lat' dir='ltr'><strong>in</strong></span> <span class='ocrx_word' id='word_1_458' title='bbox 1884 4138 2036 4196; x_wconf 88' lang='lat' dir='ltr'><strong>verbi</strong></span> 
     </span>
    </p>
   </div>
   <div class='ocr_carea' id='block_1_59' title="bbox 438 4222 2036 4302">
    <p class='ocr_par' dir='ltr' id='par_1_59' title="bbox 438 4222 2036 4302">
     <span class='ocr_line' id='line_1_59' title="bbox 438 4222 2036 4302; baseline 0.005 -24"><span class='ocrx_word' id='word_1_459' title='bbox 438 4222 916 4296; x_wconf 68' lang='lat' dir='ltr'><strong>praedicatoribus,</strong></span> <span class='ocrx_word' id='word_1_460' title='bbox 974 4225 1070 4282; x_wconf 89' lang='lat' dir='ltr'><strong>sed</strong></span> <span class='ocrx_word' id='word_1_461' title='bbox 1115 4224 1171 4279; x_wconf 90' lang='lat' dir='ltr'><strong>in</strong></span> <span class='ocrx_word' id='word_1_462' title='bbox 1214 4228 1554 4288; x_wconf 85' lang='lat' dir='ltr'><strong>auditoribus</strong></span> <span class='ocrx_word' id='word_1_463' title='bbox 1614 4228 1799 4298; x_wconf 90' lang='lat' dir='ltr'><strong>potius</strong></span> <span class='ocrx_word' id='word_1_464' title='bbox 1845 4243 2036 4302; x_wconf 87' lang='lat' dir='ltr'><strong>torpor</strong></span> 
     </span>
    </p>
   </div>
   <div class='ocr_carea' id='block_1_60' title="bbox 443 4315 2033 4395">
    <p class='ocr_par' dir='ltr' id='par_1_60' title="bbox 443 4315 2033 4395">
     <span class='ocr_line' id='line_1_60' title="bbox 443 4315 2033 4395; baseline 0.007 -25"><span class='ocrx_word' id='word_1_465' title='bbox 443 4315 667 4372; x_wconf 72' lang='lat' dir='ltr'><strong>desidiae</strong></span> <span class='ocrx_word' id='word_1_466' title='bbox 701 4316 882 4373; x_wconf 83' lang='lat' dir='ltr'><strong>valeat</strong></span> <span class='ocrx_word' id='word_1_467' title='bbox 918 4319 1172 4377; x_wconf 85' lang='lat' dir='ltr'><strong>inveniri.</strong></span> <span class='ocrx_word' id='word_1_468' title='bbox 1193 4319 1329 4378; x_wconf 90' lang='lat' dir='ltr'><strong>Cum</strong></span> <span class='ocrx_word' id='word_1_469' title='bbox 1363 4323 1564 4392; x_wconf 84' lang='lat' dir='ltr'><strong>itaque</strong></span> <span class='ocrx_word' id='word_1_470' title='bbox 1585 4323 1728 4380; x_wconf 86' lang='lat' dir='ltr'><strong>Deus</strong></span> <span class='ocrx_word' id='word_1_471' title='bbox 1782 4325 2033 4395; x_wconf 89' lang='lat' dir='ltr'><strong>omnipo-</strong></span> 
     </span>
    </p>
   </div>
   <div class='ocr_carea' id='block_1_61' title="bbox 2164 1843 3752 1918">
    <p class='ocr_par' dir='ltr' id='par_1_61' title="bbox 2164 1843 3752 1918">
     <span class='ocr_line' id='line_1_61' title="bbox 2164 1843 3752 1918; baseline 0.006 -20"><span class='ocrx_word' id='word_1_472' title='bbox 2164 1843 2338 1908; x_wconf 78' lang='lat' dir='ltr'><strong>vsnit,</strong></span> <span class='ocrx_word' id='word_1_473' title='bbox 2366 1845 2457 1913; x_wconf 82' lang='lat' dir='ltr'><strong>qui</strong></span> <span class='ocrx_word' id='word_1_474' title='bbox 2491 1844 2780 1900; x_wconf 82' lang='lat' dir='ltr'><strong>tridentem</strong></span> <span class='ocrx_word' id='word_1_475' title='bbox 2807 1846 3022 1918; x_wconf 86' lang='lat' dir='ltr'><strong>igneum</strong></span> <span class='ocrx_word' id='word_1_476' title='bbox 3055 1848 3108 1903; x_wconf 80' lang='lat' dir='ltr'><strong>in</strong></span> <span class='ocrx_word' id='word_1_477' title='bbox 3157 1849 3407 1906; x_wconf 85' lang='lat' dir='ltr'><strong>manibus</strong></span> <span class='ocrx_word' id='word_1_478' title='bbox 3444 1850 3663 1918; x_wconf 83' lang='lat' dir='ltr'><strong>attulit;</strong></span> <span class='ocrx_word' id='word_1_479' title='bbox 3691 1863 3752 1908; x_wconf 86' lang='lat' dir='ltr'><strong>et</strong></span> 
     </span>
    </p>
   </div>
   <div class='ocr_carea' id='block_1_62' title="bbox 2161 1935 3748 2011">
    <p class='ocr_par' dir='ltr' id='par_1_62' title="bbox 2161 1935 3748 2011">
     <span class='ocr_line' id='line_1_62' title="bbox 2161 1935 3748 2011; baseline 0.006 -23"><span class='ocrx_word' id='word_1_480' title='bbox 2161 1947 2290 1989; x_wconf 87' lang='lat' dir='ltr'><strong>ecce</strong></span> <span class='ocrx_word' id='word_1_481' title='bbox 2311 1947 2412 1990; x_wconf 83' lang='lat' dir='ltr'><strong>vox</strong></span> <span class='ocrx_word' id='word_1_482' title='bbox 2443 1937 2512 1992; x_wconf 86' lang='lat' dir='ltr'><strong>ad</strong></span> <span class='ocrx_word' id='word_1_483' title='bbox 2533 1951 2662 1992; x_wconf 87' lang='lat' dir='ltr'><strong>eum</strong></span> <span class='ocrx_word' id='word_1_484' title='bbox 2689 1935 2836 1993; x_wconf 76' lang='lat' dir='ltr'><strong>facta</strong></span> <span class='ocrx_word' id='word_1_485' title='bbox 2865 1947 2981 1994; x_wconf 87' lang='lat' dir='ltr'><strong>est:</strong></span> <span class='ocrx_word' id='word_1_486' title='bbox 3007 1939 3180 2005; x_wconf 88' lang='lat' dir='ltr'><strong>Sicut,</strong></span> <span class='ocrx_word' id='word_1_487' title='bbox 3210 1940 3402 2011; x_wconf 88' lang='lat' dir='ltr'><strong>inquit,</strong></span> <span class='ocrx_word' id='word_1_488' title='bbox 3427 1942 3615 1997; x_wconf 75' lang='lat' dir='ltr'><strong>anima</strong></span> <span class='ocrx_word' id='word_1_489' title='bbox 3643 1943 3748 1998; x_wconf 85' lang='lat' dir='ltr'><strong>ista</strong></span> 
     </span>
    </p>
   </div>
   <div class='ocr_carea' id='block_1_63' title="bbox 2161 2024 3745 2106">
    <p class='ocr_par' dir='ltr' id='par_1_63' title="bbox 2161 2024 3745 2106">
     <span class='ocr_line' id='line_1_63' title="bbox 2161 2024 3745 2106; baseline 0.008 -27"><span class='ocrx_word' id='word_1_490' title='bbox 2161 2024 2248 2081; x_wconf 86' lang='lat' dir='ltr'><strong>vel</strong></span> <span class='ocrx_word' id='word_1_491' title='bbox 2281 2041 2390 2081; x_wconf 85' lang='lat' dir='ltr'><strong>una</strong></span> <span class='ocrx_word' id='word_1_492' title='bbox 2429 2028 2566 2084; x_wconf 84' lang='lat' dir='ltr'><strong>hora</strong></span> <span class='ocrx_word' id='word_1_493' title='bbox 2593 2045 2684 2086; x_wconf 79' lang='lat' dir='ltr'><strong>me</strong></span> <span class='ocrx_word' id='word_1_494' title='bbox 2740 2031 2796 2087; x_wconf 78' lang='lat' dir='ltr'><strong>in</strong></span> <span class='ocrx_word' id='word_1_495' title='bbox 2843 2046 2904 2088; x_wconf 85' lang='lat' dir='ltr'><strong>se</strong></span> <span class='ocrx_word' id='word_1_496' title='bbox 2937 2034 3279 2102; x_wconf 85' lang='lat' dir='ltr'><strong>requiescere</strong></span> <span class='ocrx_word' id='word_1_497' title='bbox 3330 2049 3436 2091; x_wconf 90' lang='lat' dir='ltr'><strong>non</strong></span> <span class='ocrx_word' id='word_1_498' title='bbox 3479 2037 3745 2106; x_wconf 83' lang='lat' dir='ltr'><strong>permisit,</strong></span> 
     </span>
    </p>
   </div>
   <div class='ocr_carea' id='block_1_64' title="bbox 2160 2118 3744 2197">
    <p class='ocr_par' dir='ltr' id='par_1_64' title="bbox 2160 2118 3744 2197">
     <span class='ocr_line' id='line_1_64' title="bbox 2160 2118 3744 2197; baseline 0.006 -23"><span class='ocrx_word' id='word_1_499' title='bbox 2160 2118 2240 2174; x_wconf 81' lang='lat' dir='ltr'><strong>sic</strong></span> <span class='ocrx_word' id='word_1_500' title='bbox 2266 2133 2446 2189; x_wconf 85' lang='lat' dir='ltr'><strong>neque</strong></span> <span class='ocrx_word' id='word_1_501' title='bbox 2475 2129 2528 2176; x_wconf 93' lang='lat' dir='ltr'><strong>tu</strong></span> <span class='ocrx_word' id='word_1_502' title='bbox 2555 2122 2869 2179; x_wconf 82' lang='lat' dir='ltr'><strong>miserearis</strong></span> <span class='ocrx_word' id='word_1_503' title='bbox 2891 2125 3131 2181; x_wconf 83' lang='lat' dir='ltr'><strong>evellens</strong></span> <span class='ocrx_word' id='word_1_504' title='bbox 3153 2140 3294 2180; x_wconf 85' lang='lat' dir='ltr'><strong>eam.</strong></span> <span class='ocrx_word' id='word_1_505' title='bbox 3333 2125 3484 2182; x_wconf 83' lang='lat' dir='ltr'><strong>Tunc</strong></span> <span class='ocrx_word' id='word_1_506' title='bbox 3506 2142 3744 2197; x_wconf 86' lang='lat' dir='ltr'><strong>nequam</strong></span> 
     </span>
    </p>
   </div>
   <div class='ocr_carea' id='block_1_65' title="bbox 2155 2210 3748 2287">
    <p class='ocr_par' dir='ltr' id='par_1_65' title="bbox 2155 2210 3748 2287">
     <span class='ocr_line' id='line_1_65' title="bbox 2155 2210 3748 2287; baseline 0.008 -24"><span class='ocrx_word' id='word_1_507' title='bbox 2155 2210 2382 2279; x_wconf 79' lang='lat' dir='ltr'><strong>spiritus</strong></span> <span class='ocrx_word' id='word_1_508' title='bbox 2411 2213 2699 2269; x_wconf 73' lang='lat' dir='ltr'><strong>tridentem</strong></span> <span class='ocrx_word' id='word_1_509' title='bbox 2731 2215 2947 2287; x_wconf 72' lang='lat' dir='ltr'><strong>igneum</strong></span> <span class='ocrx_word' id='word_1_510' title='bbox 2969 2217 3123 2272; x_wconf 73' lang='lat' dir='ltr'><strong>cordi</strong></span> <span class='ocrx_word' id='word_1_511' title='bbox 3147 2217 3440 2274; x_wconf 77' lang='lat' dir='ltr'><strong>morientis</strong></span> <span class='ocrx_word' id='word_1_512' title='bbox 3461 2218 3665 2286; x_wconf 78' lang='lat' dir='ltr'><strong>inlisit,</strong></span> <span class='ocrx_word' id='word_1_513' title='bbox 3689 2229 3748 2276; x_wconf 90' lang='lat' dir='ltr'><strong>et</strong></span> 
     </span>
    </p>
   </div>
   <div class='ocr_carea' id='block_1_66' title="bbox 2157 2298 3424 2372">
    <p class='ocr_par' dir='ltr' id='par_1_66' title="bbox 2157 2298 3424 2372">
     <span class='ocr_line' id='line_1_66' title="bbox 2157 2298 3424 2372; baseline 0.008 -21"><span class='ocrx_word' id='word_1_514' title='bbox 2157 2298 2391 2353; x_wconf 83' lang='lat' dir='ltr'><strong>anlmam</strong></span> <span class='ocrx_word' id='word_1_515' title='bbox 2419 2298 2558 2372; x_wconf 82' lang='lat' dir='ltr'><strong>ejus,</strong></span> <span class='ocrx_word' id='word_1_516' title='bbox 2575 2301 2721 2358; x_wconf 84' lang='lat' dir='ltr'><strong>sicut</strong></span> <span class='ocrx_word' id='word_1_517' title='bbox 2743 2311 2869 2358; x_wconf 83' lang='lat' dir='ltr'><strong>erat</strong></span> <span class='ocrx_word' id='word_1_518' title='bbox 2889 2303 3096 2372; x_wconf 81' lang='lat' dir='ltr'><strong>jussus,</strong></span> <span class='ocrx_word' id='word_1_519' title='bbox 3113 2305 3424 2362; x_wconf 77' lang='lat' dir='ltr'><strong>evulsit.....</strong></span> 
     </span>
    </p>
   </div>
   <div class='ocr_carea' id='block_1_67' title="bbox 2711 2392 3166 2449">
    <p class='ocr_par' dir='ltr' id='par_1_67' title="bbox 2711 2392 3166 2449">
     <span class='ocr_line' id='line_1_67' title="bbox 2711 2392 3166 2449; baseline 0.004 -3"><span class='ocrx_word' id='word_1_520' title='bbox 2711 2392 3045 2449; x_wconf 81' lang='lat' dir='ltr'><strong>EPlSTOLA</strong></span> <span class='ocrx_word' id='word_1_521' title='bbox 3074 2393 3166 2448; x_wconf 78' lang='lat' dir='ltr'><strong>iV.</strong></span> 
     </span>
    </p>
   </div>
   <div class='ocr_carea' id='block_1_68' title="bbox 2585 2477 3318 2522">
    <p class='ocr_par' dir='ltr' id='par_1_68' title="bbox 2585 2477 3318 2522">
     <span class='ocr_line' id='line_1_68' title="bbox 2585 2477 3318 2522; baseline 0.005 -6"><span class='ocrx_word' id='word_1_522' title='bbox 2585 2477 2655 2516; x_wconf 79' lang='grc' dir='ltr'><strong>ΔΙ)</strong></span> <span class='ocrx_word' id='word_1_523' title='bbox 2679 2478 2727 2517; x_wconf 82' lang='lat' dir='ltr'><strong>P.</strong></span> <span class='ocrx_word' id='word_1_524' title='bbox 2753 2479 3318 2522; x_wconf 65' lang='grc' dir='ltr'><strong>Αιειιωιιεεθῐτειωιι.</strong></span> 
     </span>
    </p>
   </div>
   <div class='ocr_carea' id='block_1_69' title="bbox 2151 2547 3746 2641">
    <p class='ocr_par' dir='ltr' id='par_1_69' title="bbox 2151 2547 3746 2641">
     <span class='ocr_line' id='line_1_69' title="bbox 2151 2547 3746 2641; baseline 0.008 -36"><span class='ocrx_word' id='word_1_525' title='bbox 2151 2547 2780 2641; x_wconf 29' lang='lat' dir='ltr'><strong>AnoousurUIuL-rwln</strong></span> <span class='ocrx_word' id='word_1_526' title='bbox 2819 2555 2992 2641; x_wconf 65' lang='lat' dir='ltr'><strong>huius</strong></span> <span class='ocrx_word' id='word_1_527' title='bbox 3042 2557 3283 2641; x_wconf 66' lang='lat' dir='ltr'><strong>epistola:</strong></span> <span class='ocrx_word' id='word_1_528' title='bbox 3331 2557 3638 2641; x_wconf 72' lang='lat' dir='ltr'><strong>fragmento</strong></span> <span class='ocrx_word' id='word_1_529' title='bbox 3673 2575 3746 2618; x_wconf 80' lang='lat' dir='ltr'><strong>ex</strong></span> 
     </span>
    </p>
   </div>
   <div class='ocr_carea' id='block_1_70' title="bbox 2224 2621 3740 2699">
    <p class='ocr_par' dir='ltr' id='par_1_70' title="bbox 2224 2621 3740 2699">
     <span class='ocr_line' id='line_1_70' title="bbox 2224 2621 3740 2699; baseline 0.01 -26"><span class='ocrx_word' id='word_1_530' title='bbox 2224 2621 2458 2699; x_wconf 72' lang='lat' dir='ltr'><strong>quodam</strong></span> <span class='ocrx_word' id='word_1_531' title='bbox 2485 2622 2606 2699; x_wconf 84' lang='lat' dir='ltr'><strong>loco</strong></span> <span class='ocrx_word' id='word_1_532' title='bbox 2632 2623 2882 2699; x_wconf 74' lang='lat' dir='ltr'><strong>Jeremize</strong></span> <span class='ocrx_word' id='word_1_533' title='bbox 2904 2621 3164 2694; x_wconf 83' lang='lat' dir='ltr'><strong>ostendit,</strong></span> <span class='ocrx_word' id='word_1_534' title='bbox 3197 2643 3360 2699; x_wconf 88' lang='lat' dir='ltr'><strong>quant</strong></span> <span class='ocrx_word' id='word_1_535' title='bbox 3387 2621 3478 2689; x_wconf 73' lang='lat' dir='ltr'><strong>sit.</strong></span> <span class='ocrx_word' id='word_1_536' title='bbox 3500 2632 3740 2688; x_wconf 86' lang='lat' dir='ltr'><strong>detesta-</strong></span> 
     </span>
    </p>
   </div>
   <div class='ocr_carea' id='block_1_71' title="bbox 2222 2690 3162 2764">
    <p class='ocr_par' dir='ltr' id='par_1_71' title="bbox 2222 2690 3162 2764">
     <span class='ocr_line' id='line_1_71' title="bbox 2222 2690 3162 2764; baseline 0.007 -20"><span class='ocrx_word' id='word_1_537' title='bbox 2222 2690 2349 2745; x_wconf 86' lang='lat' dir='ltr'><strong>bilis</strong></span> <span class='ocrx_word' id='word_1_538' title='bbox 2372 2691 2694 2747; x_wconf 76' lang='lat' dir='ltr'><strong>clerioorum</strong></span> <span class='ocrx_word' id='word_1_539' title='bbox 2720 2690 3162 2764; x_wconf 62' lang='lat' dir='ltr'><strong>intemperantia.</strong></span> 
     </span>
    </p>
   </div>
   <div class='ocr_carea' id='block_1_72' title="bbox 2218 2777 3740 2858">
    <p class='ocr_par' dir='ltr' id='par_1_72' title="bbox 2218 2777 3740 2858">
     <span class='ocr_line' id='line_1_72' title="bbox 2218 2777 3740 2858; baseline 0.009 -23"><span class='ocrx_word' id='word_1_540' title='bbox 2218 2777 2282 2836; x_wconf 87' lang='lat' dir='ltr'><strong>P.</strong></span> <span class='ocrx_word' id='word_1_541' title='bbox 2299 2782 2791 2856; x_wconf 75' lang='lat' dir='ltr'><strong>archipresbytero.</strong></span> <span class='ocrx_word' id='word_1_542' title='bbox 2802 2826 2816 2840; x_wconf 93' lang='lat'><strong>.</strong></span> <span class='ocrx_word' id='word_1_543' title='bbox 2827 2825 2840 2838; x_wconf 93' lang='lat'><strong>.</strong></span> <span class='ocrx_word' id='word_1_544' title='bbox 2856 2785 3075 2843; x_wconf 74' lang='grc' dir='ltr'><strong>Ρετιιυε</strong></span> <span class='ocrx_word' id='word_1_545' title='bbox 3099 2793 3356 2858; x_wconf 85' lang='lat' dir='ltr'><strong>peccator</strong></span> <span class='ocrx_word' id='word_1_546' title='bbox 3368 2793 3740 2848; x_wconf 86' lang='lat' dir='ltr'><strong>monachus...</strong></span> 
     </span>
    </p>
   </div>
   <div class='ocr_carea' id='block_1_73' title="bbox 2226 2871 3738 2956">
    <p class='ocr_par' dir='ltr' id='par_1_73' title="bbox 2226 2871 3738 2956">
     <span class='ocr_line' id='line_1_73' title="bbox 2226 2871 3738 2956; baseline 0.01 -30"><span class='ocrx_word' id='word_1_547' title='bbox 2226 2890 2246 2926; x_wconf 71' lang='grc' dir='ltr'>ι</span> <span class='ocrx_word' id='word_1_548' title='bbox 2281 2871 2449 2940; x_wconf 77' lang='lat' dir='ltr'><strong>Vade,</strong></span> <span class='ocrx_word' id='word_1_549' title='bbox 2473 2893 2492 2928; x_wconf 86' lang='grc'><strong>›</strong></span> <span class='ocrx_word' id='word_1_550' title='bbox 2523 2875 2698 2946; x_wconf 90' lang='lat' dir='ltr'><strong>inquit</strong></span> <span class='ocrx_word' id='word_1_551' title='bbox 2727 2875 2986 2934; x_wconf 83' lang='lat' dir='ltr'><strong>Dominus</strong></span> <span class='ocrx_word' id='word_1_552' title='bbox 3011 2882 3078 2935; x_wconf 88' lang='lat' dir='ltr'><strong>ad</strong></span> <span class='ocrx_word' id='word_1_553' title='bbox 3106 2879 3398 2938; x_wconf 79' lang='lat' dir='ltr'><strong>Jcremiam</strong></span> <span class='ocrx_word' id='word_1_554' title='bbox 3423 2883 3559 2956; x_wconf 77' lang='lat' dir='ltr'><strong>(Jcr.</strong></span> <span class='ocrx_word' id='word_1_555' title='bbox 3590 2885 3738 2956; x_wconf 77' lang='lat' dir='ltr'><strong>xui),</strong></span> 
     </span>
    </p>
   </div>
   <div class='ocr_carea' id='block_1_74' title="bbox 2154 2965 3741 3047">
    <p class='ocr_par' dir='ltr' id='par_1_74' title="bbox 2154 2965 3741 3047">
     <span class='ocr_line' id='line_1_74' title="bbox 2154 2965 3741 3047; baseline 0.01 -31"><span class='ocrx_word' id='word_1_556' title='bbox 2154 2979 2175 3015; x_wconf 78' lang='grc' dir='ltr'>ι</span> <span class='ocrx_word' id='word_1_557' title='bbox 2204 2971 2260 3019; x_wconf 88' lang='lat' dir='ltr'><strong>et</strong></span> <span class='ocrx_word' id='word_1_558' title='bbox 2280 2965 2499 3035; x_wconf 89' lang='lat' dir='ltr'><strong>posside</strong></span> <span class='ocrx_word' id='word_1_559' title='bbox 2522 2966 2617 3022; x_wconf 87' lang='lat' dir='ltr'><strong>tibi</strong></span> <span class='ocrx_word' id='word_1_560' title='bbox 2646 2966 2859 3023; x_wconf 89' lang='lat' dir='ltr'><strong>lumbar</strong></span> <span class='ocrx_word' id='word_1_561' title='bbox 2885 2967 3111 3037; x_wconf 90' lang='lat' dir='ltr'><strong>llneum,</strong></span> <span class='ocrx_word' id='word_1_562' title='bbox 3141 2979 3195 3029; x_wconf 91' lang='lat' dir='ltr'><strong>et</strong></span> <span class='ocrx_word' id='word_1_563' title='bbox 3221 2987 3391 3047; x_wconf 85' lang='lat' dir='ltr'><strong>pones</strong></span> <span class='ocrx_word' id='word_1_564' title='bbox 3416 2973 3544 3030; x_wconf 91' lang='lat' dir='ltr'><strong>illud</strong></span> <span class='ocrx_word' id='word_1_565' title='bbox 3574 2989 3741 3046; x_wconf 84' lang='lat' dir='ltr'><strong>super</strong></span> 
     </span>
    </p>
   </div>
   <div class='ocr_carea' id='block_1_75' title="bbox 3391 3064 3735 3138">
    <p class='ocr_par' dir='ltr' id='par_1_75' title="bbox 3391 3064 3735 3138">
     <span class='ocr_line' id='line_1_75' title="bbox 3391 3064 3735 3138; baseline 0.009 -19"><span class='ocrx_word' id='word_1_566' title='bbox 3391 3084 3410 3119; x_wconf 73' lang='grc' dir='ltr'>ι</span> <span class='ocrx_word' id='word_1_567' title='bbox 3464 3064 3735 3138; x_wconf 85' lang='lat' dir='ltr'><strong>Surgens,</strong></span> 
     </span>
    </p>
   </div>
   <div class='ocr_carea' id='block_1_76' title="bbox 3424 3155 3734 3212">
    <p class='ocr_par' dir='ltr' id='par_1_76' title="bbox 3424 3155 3734 3212">
     <span class='ocr_line' id='line_1_76' title="bbox 3424 3155 3734 3212; baseline 0.006 -2"><span class='ocrx_word' id='word_1_568' title='bbox 3424 3155 3553 3212; x_wconf 87' lang='lat' dir='ltr'><strong>illud</strong></span> <span class='ocrx_word' id='word_1_569' title='bbox 3579 3156 3651 3212; x_wconf 88' lang='lat' dir='ltr'><strong>ibi</strong></span> <span class='ocrx_word' id='word_1_570' title='bbox 3679 3157 3734 3212; x_wconf 90' lang='lat' dir='ltr'><strong>in</strong></span> 
     </span>
    </p>
   </div>
   <div class='ocr_carea' id='block_1_77' title="bbox 2148 3235 3734 3316">
    <p class='ocr_par' dir='ltr' id='par_1_77' title="bbox 2148 3235 3734 3316">
     <span class='ocr_line' id='line_1_77' title="bbox 2148 3235 3734 3316; baseline 0.007 -25"><span class='ocrx_word' id='word_1_571' title='bbox 2148 3235 2416 3293; x_wconf 80' lang='lat' dir='ltr'><strong>loramiue</strong></span> <span class='ocrx_word' id='word_1_572' title='bbox 2437 3245 2624 3309; x_wconf 81' lang='lat' dir='ltr'><strong>petrae.</strong></span> <span class='ocrx_word' id='word_1_573' title='bbox 2658 3257 2678 3292; x_wconf 71' lang='grc' dir='ltr'><strong><em>ι</em></strong></span> <span class='ocrx_word' id='word_1_574' title='bbox 2705 3239 2859 3307; x_wconf 87' lang='lat' dir='ltr'><strong>Quod</strong></span> <span class='ocrx_word' id='word_1_575' title='bbox 2883 3256 3005 3297; x_wconf 93' lang='lat' dir='ltr'><strong>cum</strong></span> <span class='ocrx_word' id='word_1_576' title='bbox 3019 3242 3328 3314; x_wconf 79' lang='lat' dir='ltr'><strong>fecisset,e‘t</strong></span> <span class='ocrx_word' id='word_1_577' title='bbox 3350 3245 3404 3306; x_wconf 90' lang='lat' dir='ltr'><strong>in</strong></span> <span class='ocrx_word' id='word_1_578' title='bbox 3429 3245 3734 3316; x_wconf 81' lang='lat' dir='ltr'><strong>Euphrate,</strong></span> 
     </span>
    </p>
   </div>
   <div class='ocr_carea' id='block_1_78' title="bbox 2147 3327 3734 3409">
    <p class='ocr_par' dir='ltr' id='par_1_78' title="bbox 2147 3327 3734 3409">
     <span class='ocr_line' id='line_1_78' title="bbox 2147 3327 3734 3409; baseline 0.005 -24"><span class='ocrx_word' id='word_1_579' title='bbox 2147 3328 2289 3385; x_wconf 81' lang='lat' dir='ltr'><strong>sicut</strong></span> <span class='ocrx_word' id='word_1_580' title='bbox 2302 3327 2491 3398; x_wconf 85' lang='lat' dir='ltr'><strong>jussus</strong></span> <span class='ocrx_word' id='word_1_581' title='bbox 2523 3327 2725 3399; x_wconf 71' lang='lat' dir='ltr'><strong>fuerat,</strong></span> <span class='ocrx_word' id='word_1_582' title='bbox 2744 3333 3149 3402; x_wconf 84' lang='lat' dir='ltr'><strong>abscondis’set,</strong></span> <span class='ocrx_word' id='word_1_583' title='bbox 3174 3345 3299 3408; x_wconf 86' lang='lat' dir='ltr'><strong>post</strong></span> <span class='ocrx_word' id='word_1_584' title='bbox 3324 3336 3590 3409; x_wconf 88' lang='lat' dir='ltr'><strong>plurimos</strong></span> <span class='ocrx_word' id='word_1_585' title='bbox 3615 3338 3734 3394; x_wconf 89' lang='lat' dir='ltr'><strong>dies</strong></span> 
     </span>
    </p>
   </div>
   <div class='ocr_carea' id='block_1_79' title="bbox 2147 3419 3734 3502">
    <p class='ocr_par' dir='ltr' id='par_1_79' title="bbox 2147 3419 3734 3502">
     <span class='ocr_line' id='line_1_79' title="bbox 2147 3419 3734 3502; baseline 0.006 -27"><span class='ocrx_word' id='word_1_586' title='bbox 2147 3420 2226 3476; x_wconf 87' lang='lat' dir='ltr'><strong>ait</strong></span> <span class='ocrx_word' id='word_1_587' title='bbox 2255 3419 2519 3478; x_wconf 78' lang='lat' dir='ltr'><strong>Dominus</strong></span> <span class='ocrx_word' id='word_1_588' title='bbox 2548 3423 2616 3479; x_wconf 83' lang='lat' dir='ltr'><strong>ad</strong></span> <span class='ocrx_word' id='word_1_589' title='bbox 2657 3437 2780 3479; x_wconf 87' lang='lat' dir='ltr'><strong>eum</strong></span> <span class='ocrx_word' id='word_1_590' title='bbox 2806 3443 2821 3480; x_wconf 89' lang='lat'><strong>:</strong></span> <span class='ocrx_word' id='word_1_591' title='bbox 2852 3444 2871 3478; x_wconf 77' lang='grc' dir='ltr'>ι</span> <span class='ocrx_word' id='word_1_592' title='bbox 2907 3425 3098 3498; x_wconf 83' lang='lat' dir='ltr'><strong>Surge,</strong></span> <span class='ocrx_word' id='word_1_593' title='bbox 3131 3437 3186 3484; x_wconf 92' lang='lat' dir='ltr'><strong>et</strong></span> <span class='ocrx_word' id='word_1_594' title='bbox 3214 3431 3350 3487; x_wconf 87' lang='lat' dir='ltr'><strong>vade</strong></span> <span class='ocrx_word' id='word_1_595' title='bbox 3377 3429 3444 3486; x_wconf 91' lang='lat' dir='ltr'><strong>ad</strong></span> <span class='ocrx_word' id='word_1_596' title='bbox 3487 3430 3734 3502; x_wconf 77' lang='lat' dir='ltr'><strong>Euphra-</strong></span> 
     </span>
    </p>
   </div>
   <div class='ocr_carea' id='block_1_80' title="bbox 2137 3512 3734 3591">
    <p class='ocr_par' dir='ltr' id='par_1_80' title="bbox 2137 3512 3734 3591">
     <span class='ocr_line' id='line_1_80' title="bbox 2137 3512 3734 3591; baseline 0.006 -24"><span class='ocrx_word' id='word_1_597' title='bbox 2137 3513 2256 3577; x_wconf 77' lang='lat' dir='ltr'><strong>‘ten,</strong></span> <span class='ocrx_word' id='word_1_598' title='bbox 2284 3521 2340 3568; x_wconf 89' lang='lat' dir='ltr'><strong>et</strong></span> <span class='ocrx_word' id='word_1_599' title='bbox 2361 3512 2485 3570; x_wconf 90' lang='lat' dir='ltr'><strong>tolle</strong></span> <span class='ocrx_word' id='word_1_600' title='bbox 2509 3514 2634 3570; x_wconf 92' lang='lat' dir='ltr'><strong>inde</strong></span> <span class='ocrx_word' id='word_1_601' title='bbox 2661 3513 2893 3572; x_wconf 88' lang='lat' dir='ltr'><strong>lumbar.</strong></span> <span class='ocrx_word' id='word_1_602' title='bbox 2918 3516 2984 3574; x_wconf 82' lang='lat' dir='ltr'><strong>Et</strong></span> <span class='ocrx_word' id='word_1_603' title='bbox 3013 3517 3144 3586; x_wconf 87' lang='lat' dir='ltr'><strong>abii,</strong></span> <span class='ocrx_word' id='word_1_604' title='bbox 3175 3520 3371 3590; x_wconf 91' lang='lat' dir='ltr'><strong>inquit,</strong></span> <span class='ocrx_word' id='word_1_605' title='bbox 3401 3520 3468 3575; x_wconf 91' lang='lat' dir='ltr'><strong>ad</strong></span> <span class='ocrx_word' id='word_1_606' title='bbox 3492 3520 3734 3591; x_wconf 81' lang='lat' dir='ltr'><strong>Euphra-</strong></span> 
     </span>
    </p>
   </div>
   <div class='ocr_carea' id='block_1_81' title="bbox 2141 3605 3725 3677">
    <p class='ocr_par' dir='ltr' id='par_1_81' title="bbox 2141 3605 3725 3677">
     <span class='ocr_line' id='line_1_81' title="bbox 2141 3605 3725 3677; baseline 0.009 -20"><span class='ocrx_word' id='word_1_607' title='bbox 2141 3607 2253 3668; x_wconf 80' lang='lat' dir='ltr'><strong>ten,</strong></span> <span class='ocrx_word' id='word_1_608' title='bbox 2273 3613 2341 3660; x_wconf 81' lang='lat' dir='ltr'><strong>et</strong></span> <span class='ocrx_word' id='word_1_609' title='bbox 2367 3605 2462 3660; x_wconf 87' lang='lat' dir='ltr'><strong>tuli</strong></span> <span class='ocrx_word' id='word_1_610' title='bbox 2487 3605 2702 3662; x_wconf 89' lang='lat' dir='ltr'><strong>lumhar</strong></span> <span class='ocrx_word' id='word_1_611' title='bbox 2721 3609 2787 3665; x_wconf 84' lang='lat' dir='ltr'><strong>de</strong></span> <span class='ocrx_word' id='word_1_612' title='bbox 2835 3609 2974 3677; x_wconf 89' lang='lat' dir='ltr'><strong>loco,</strong></span> <span class='ocrx_word' id='word_1_613' title='bbox 3005 3610 3094 3667; x_wconf 88' lang='lat' dir='ltr'><strong>ubi</strong></span> <span class='ocrx_word' id='word_1_614' title='bbox 3133 3611 3526 3669; x_wconf 75' lang='lat' dir='ltr'><strong>abaconderam</strong></span> <span class='ocrx_word' id='word_1_615' title='bbox 3561 3613 3725 3671; x_wconf 90' lang='lat' dir='ltr'><strong>illud:</strong></span> 
     </span>
    </p>
   </div>
   <div class='ocr_carea' id='block_1_82' title="bbox 2142 3702 3722 3776">
    <p class='ocr_par' dir='ltr' id='par_1_82' title="bbox 2142 3702 3722 3776">
     <span class='ocr_line' id='line_1_82' title="bbox 2142 3702 3722 3776; baseline 0.006 -25"><span class='ocrx_word' id='word_1_616' title='bbox 2142 3703 2197 3750; x_wconf 86' lang='lat' dir='ltr'><strong>et</strong></span> <span class='ocrx_word' id='word_1_617' title='bbox 2218 3707 2785 3769; x_wconf 86' lang='lat' dir='ltr'><strong>eccecomputruerat,</strong></span> <span class='ocrx_word' id='word_1_618' title='bbox 2810 3702 2883 3757; x_wconf 89' lang='lat' dir='ltr'><strong>ita</strong></span> <span class='ocrx_word' id='word_1_619' title='bbox 2907 3713 2964 3758; x_wconf 87' lang='lat' dir='ltr'><strong>tu</strong></span> <span class='ocrx_word' id='word_1_620' title='bbox 2992 3703 3120 3758; x_wconf 82' lang='lat' dir='ltr'><strong>nulli</strong></span> <span class='ocrx_word' id='word_1_621' title='bbox 3137 3705 3260 3760; x_wconf 84' lang='lat' dir='ltr'><strong>usui</strong></span> <span class='ocrx_word' id='word_1_622' title='bbox 3292 3713 3478 3776; x_wconf 82' lang='lat' dir='ltr'><strong>aptum</strong></span> <span class='ocrx_word' id='word_1_623' title='bbox 3507 3715 3676 3761; x_wconf 83' lang='lat' dir='ltr'><strong>esset.</strong></span> <span class='ocrx_word' id='word_1_624' title='bbox 3701 3725 3722 3760; x_wconf 74' lang='grc' dir='ltr'><strong><em>ι</em></strong></span> 
     </span>
    </p>
   </div>
   <div class='ocr_carea' id='block_1_83' title="bbox 2141 3783 3724 3866">
    <p class='ocr_par' dir='ltr' id='par_1_83' title="bbox 2141 3783 3724 3866">
     <span class='ocr_line' id='line_1_83' title="bbox 2141 3783 3724 3866; baseline 0.007 -25"><span class='ocrx_word' id='word_1_625' title='bbox 2141 3783 2212 3841; x_wconf 79' lang='lat' dir='ltr'><strong>Et</strong></span> <span class='ocrx_word' id='word_1_626' title='bbox 2241 3785 2321 3842; x_wconf 87' lang='lat' dir='ltr'><strong>ait</strong></span> <span class='ocrx_word' id='word_1_627' title='bbox 2337 3783 2608 3844; x_wconf 82' lang='lat' dir='ltr'><strong>Dominus</strong></span> <span class='ocrx_word' id='word_1_628' title='bbox 2641 3805 2655 3842; x_wconf 91' lang='lat'><strong>:</strong></span> <span class='ocrx_word' id='word_1_629' title='bbox 2693 3809 2712 3842; x_wconf 84' lang='grc'><em>‹</em></span> <span class='ocrx_word' id='word_1_630' title='bbox 2742 3789 2834 3846; x_wconf 86' lang='lat' dir='ltr'><strong>Sic</strong></span> <span class='ocrx_word' id='word_1_631' title='bbox 2858 3801 3167 3862; x_wconf 88' lang='lat' dir='ltr'><strong>putrescere</strong></span> <span class='ocrx_word' id='word_1_632' title='bbox 3192 3792 3388 3851; x_wconf 79' lang='lat' dir='ltr'><strong>faciam</strong></span> <span class='ocrx_word' id='word_1_633' title='bbox 3417 3797 3724 3866; x_wconf 83' lang='lat' dir='ltr'><strong>superbiam</strong></span> 
     </span>
    </p>
   </div>
   <div class='ocr_carea' id='block_1_84' title="bbox 2141 3874 3724 3958">
    <p class='ocr_par' dir='ltr' id='par_1_84' title="bbox 2141 3874 3724 3958">
     <span class='ocr_line' id='line_1_84' title="bbox 2141 3874 3724 3958; baseline 0.006 -27"><span class='ocrx_word' id='word_1_634' title='bbox 2141 3874 2301 3943; x_wconf 63' lang='lat' dir='ltr'><strong>inda,</strong></span> <span class='ocrx_word' id='word_1_635' title='bbox 2357 3886 2416 3933; x_wconf 90' lang='lat' dir='ltr'><strong>et</strong></span> <span class='ocrx_word' id='word_1_636' title='bbox 2457 3879 2776 3950; x_wconf 75' lang='lat' dir='ltr'><strong>superbiam</strong></span> <span class='ocrx_word' id='word_1_637' title='bbox 2828 3880 3127 3940; x_wconf 72' lang='lat' dir='ltr'><strong>Jerusalem</strong></span> <span class='ocrx_word' id='word_1_638' title='bbox 3175 3885 3422 3954; x_wconf 86' lang='lat' dir='ltr'><strong>multam,</strong></span> <span class='ocrx_word' id='word_1_639' title='bbox 3471 3887 3724 3958; x_wconf 89' lang='lat' dir='ltr'><strong>populum</strong></span> 
     </span>
    </p>
   </div>
   <div class='ocr_carea' id='block_1_85' title="bbox 2141 3966 3726 4043">
    <p class='ocr_par' dir='ltr' id='par_1_85' title="bbox 2141 3966 3726 4043">
     <span class='ocr_line' id='line_1_85' title="bbox 2141 3966 3726 4043; baseline 0.008 -21"><span class='ocrx_word' id='word_1_640' title='bbox 2141 3966 2306 4023; x_wconf 90' lang='lat' dir='ltr'><strong>istum</strong></span> <span class='ocrx_word' id='word_1_641' title='bbox 2348 3969 2666 4040; x_wconf 87' lang='lat' dir='ltr'><strong>pessimum,</strong></span> <span class='ocrx_word' id='word_1_642' title='bbox 2705 3972 2796 4041; x_wconf 87' lang='lat' dir='ltr'><strong>qui</strong></span> <span class='ocrx_word' id='word_1_643' title='bbox 2829 3973 3018 4028; x_wconf 90' lang='lat' dir='ltr'><strong>nolunt</strong></span> <span class='ocrx_word' id='word_1_644' title='bbox 3063 3975 3253 4031; x_wconf 89' lang='lat' dir='ltr'><strong>audire</strong></span> <span class='ocrx_word' id='word_1_645' title='bbox 3296 3978 3465 4033; x_wconf 89' lang='lat' dir='ltr'><strong>verba</strong></span> <span class='ocrx_word' id='word_1_646' title='bbox 3497 3993 3637 4043; x_wconf 87' lang='lat' dir='ltr'><strong>mea,</strong></span> <span class='ocrx_word' id='word_1_647' title='bbox 3667 3988 3726 4035; x_wconf 90' lang='lat' dir='ltr'><strong>et</strong></span> 
     </span>
    </p>
   </div>
   <div class='ocr_carea' id='block_1_86' title="bbox 2140 4059 3727 4132">
    <p class='ocr_par' dir='ltr' id='par_1_86' title="bbox 2140 4059 3727 4132">
     <span class='ocr_line' id='line_1_86' title="bbox 2140 4059 3727 4132; baseline 0.006 -18"><span class='ocrx_word' id='word_1_648' title='bbox 2140 4059 2424 4116; x_wconf 83' lang='lat' dir='ltr'><strong>ambulant</strong></span> <span class='ocrx_word' id='word_1_649' title='bbox 2481 4061 2538 4117; x_wconf 89' lang='lat' dir='ltr'><strong>in</strong></span> <span class='ocrx_word' id='word_1_650' title='bbox 2591 4061 2863 4132; x_wconf 87' lang='lat' dir='ltr'><strong>pravitate</strong></span> <span class='ocrx_word' id='word_1_651' title='bbox 2897 4065 3087 4120; x_wconf 84' lang='lat' dir='ltr'><strong>cordis</strong></span> <span class='ocrx_word' id='word_1_652' title='bbox 3120 4066 3234 4130; x_wconf 88' lang='lat' dir='ltr'><strong>sui;</strong></span> <span class='ocrx_word' id='word_1_653' title='bbox 3280 4075 3336 4122; x_wconf 88' lang='lat' dir='ltr'><strong>et</strong></span> <span class='ocrx_word' id='word_1_654' title='bbox 3368 4075 3528 4123; x_wconf 90' lang='lat' dir='ltr'><strong>erunt</strong></span> <span class='ocrx_word' id='word_1_655' title='bbox 3583 4069 3727 4125; x_wconf 87' lang='lat' dir='ltr'><strong>sicut</strong></span> 
     </span>
    </p>
   </div>
   <div class='ocr_carea' id='block_1_87' title="bbox 2137 4149 3722 4227">
    <p class='ocr_par' dir='ltr' id='par_1_87' title="bbox 2137 4149 3722 4227">
     <span class='ocr_line' id='line_1_87' title="bbox 2137 4149 3722 4227; baseline 0.006 -21"><span class='ocrx_word' id='word_1_656' title='bbox 2137 4149 2354 4208; x_wconf 70' lang='lat' dir='ltr'><strong>lunlbar</strong></span> <span class='ocrx_word' id='word_1_657' title='bbox 2387 4151 2552 4220; x_wconf 89' lang='lat' dir='ltr'><strong>istud,</strong></span> <span class='ocrx_word' id='word_1_658' title='bbox 2579 4155 2722 4225; x_wconf 85' lang='lat' dir='ltr'><strong>quod</strong></span> <span class='ocrx_word' id='word_1_659' title='bbox 2745 4155 2873 4210; x_wconf 85' lang='lat' dir='ltr'><strong>nulli</strong></span> <span class='ocrx_word' id='word_1_660' title='bbox 2901 4155 3022 4212; x_wconf 89' lang='lat' dir='ltr'><strong>usui</strong></span> <span class='ocrx_word' id='word_1_661' title='bbox 3045 4166 3230 4227; x_wconf 87' lang='lat' dir='ltr'><strong>aptum</strong></span> <span class='ocrx_word' id='word_1_662' title='bbox 3257 4166 3358 4215; x_wconf 88' lang='lat' dir='ltr'><strong>est.</strong></span> <span class='ocrx_word' id='word_1_663' title='bbox 3386 4173 3413 4212; x_wconf 61' lang='grc' dir='ltr'>δ</span> <span class='ocrx_word' id='word_1_664' title='bbox 3459 4158 3597 4226; x_wconf 87' lang='lat' dir='ltr'><strong>Quid</strong></span> <span class='ocrx_word' id='word_1_665' title='bbox 3627 4160 3722 4217; x_wconf 87' lang='lat' dir='ltr'><strong>hic</strong></span> 
     </span>
    </p>
   </div>
   <div class='ocr_carea' id='block_1_88' title="bbox 2133 4240 3721 4316">
    <p class='ocr_par' dir='ltr' id='par_1_88' title="bbox 2133 4240 3721 4316">
     <span class='ocr_line' id='line_1_88' title="bbox 2133 4240 3721 4316; baseline 0.006 -20"><span class='ocrx_word' id='word_1_666' title='bbox 2133 4240 2385 4298; x_wconf 62' lang='lat' dir='ltr'><strong>Ieremia:</strong></span> <span class='ocrx_word' id='word_1_667' title='bbox 2405 4258 2664 4315; x_wconf 85' lang='lat' dir='ltr'><strong>persona,</strong></span> <span class='ocrx_word' id='word_1_668' title='bbox 2687 4246 2793 4301; x_wconf 84' lang='lat' dir='ltr'><strong>nisi</strong></span> <span class='ocrx_word' id='word_1_669' title='bbox 2821 4245 3153 4302; x_wconf 78' lang='lat' dir='ltr'><strong>Dominum?</strong></span> <span class='ocrx_word' id='word_1_670' title='bbox 3184 4248 3321 4316; x_wconf 86' lang='lat' dir='ltr'><strong>Quid</strong></span> <span class='ocrx_word' id='word_1_671' title='bbox 3347 4249 3579 4313; x_wconf 85' lang='lat' dir='ltr'><strong>lumbar,</strong></span> <span class='ocrx_word' id='word_1_672' title='bbox 3613 4251 3721 4307; x_wconf 85' lang='lat' dir='ltr'><strong>nisi</strong></span> 
     </span>
    </p>
   </div>
   <div class='ocr_carea' id='block_1_89' title="bbox 2136 4333 3722 4406">
    <p class='ocr_par' dir='ltr' id='par_1_89' title="bbox 2136 4333 3722 4406">
     <span class='ocr_line' id='line_1_89' title="bbox 2136 4333 3722 4406; baseline 0.005 -18"><span class='ocrx_word' id='word_1_673' title='bbox 2136 4333 2383 4389; x_wconf 89' lang='lat' dir='ltr'><strong>ordinem</strong></span> <span class='ocrx_word' id='word_1_674' title='bbox 2408 4333 2677 4406; x_wconf 81' lang='lat' dir='ltr'><strong>signiﬁcat</strong></span> <span class='ocrx_word' id='word_1_675' title='bbox 2704 4335 3065 4392; x_wconf 73' lang='lat' dir='ltr'><strong>clericorum?</strong></span> <span class='ocrx_word' id='word_1_676' title='bbox 3099 4336 3291 4394; x_wconf 85' lang='lat' dir='ltr'><strong>Omnis</strong></span> <span class='ocrx_word' id='word_1_677' title='bbox 3334 4335 3574 4395; x_wconf 83' lang='lat' dir='ltr'><strong>Ecclesia</strong></span> <span class='ocrx_word' id='word_1_678' title='bbox 3629 4355 3722 4396; x_wconf 83' lang='lat' dir='ltr'><strong>ve-</strong></span> 
     </span>
    </p>
   </div>
   <div class='ocr_carea' id='block_1_90' title="bbox 447 4408 3718 4530">
    <p class='ocr_par' dir='ltr' id='par_1_90' title="bbox 447 4408 3718 4530">
     <span class='ocr_line' id='line_1_90' title="bbox 447 4408 3718 4530; baseline 0.003 -67"><span class='ocrx_word' id='word_1_679' title='bbox 447 4415 571 4464; x_wconf 84' lang='lat' dir='ltr'><strong>tens</strong></span> <span class='ocrx_word' id='word_1_680' title='bbox 607 4408 848 4512; x_wconf 77' lang='lat' dir='ltr'><strong>humano</strong></span> <span class='ocrx_word' id='word_1_681' title='bbox 890 4426 1042 4468; x_wconf 87' lang='lat' dir='ltr'><strong>more</strong></span> <span class='ocrx_word' id='word_1_682' title='bbox 1089 4414 1400 4471; x_wconf 86' lang='lat' dir='ltr'><strong>hominibus</strong></span> <span class='ocrx_word' id='word_1_683' title='bbox 1451 4416 1700 4486; x_wconf 89' lang='lat' dir='ltr'><strong>loquens,</strong></span> <span class='ocrx_word' id='word_1_684' title='bbox 1754 4417 1821 4472; x_wconf 88' lang='lat' dir='ltr'><strong>de</strong></span> <span class='ocrx_word' id='word_1_685' title='bbox 1870 4425 2030 4472; x_wconf 91' lang='lat' dir='ltr'><strong>nocte</strong></span> <span class='ocrx_word' id='word_1_686' title='bbox 2053 4469 2107 4530; x_wconf 62' lang='grc' dir='ltr'><strong><em>Β</em></strong></span> <span class='ocrx_word' id='word_1_687' title='bbox 2134 4426 2233 4481; x_wconf 70' lang='lat' dir='ltr'><strong>stis</strong></span> <span class='ocrx_word' id='word_1_688' title='bbox 2262 4422 2597 4493; x_wconf 59' lang='lat' dir='ltr'><strong>est-Christi,</strong></span> <span class='ocrx_word' id='word_1_689' title='bbox 2625 4426 2690 4482; x_wconf 77' lang='lat' dir='ltr'><strong>de</strong></span> <span class='ocrx_word' id='word_1_690' title='bbox 2718 4427 2872 4498; x_wconf 70' lang='lat' dir='ltr'><strong>cujus</strong></span> <span class='ocrx_word' id='word_1_691' title='bbox 2923 4428 3026 4484; x_wconf 55' lang='lat' dir='ltr'><strong>sibi</strong></span> <span class='ocrx_word' id='word_1_692' title='bbox 3053 4429 3315 4486; x_wconf 67' lang='lat' dir='ltr'><strong>membris</strong></span> <span class='ocrx_word' id='word_1_693' title='bbox 3341 4445 3438 4501; x_wconf 65' lang='lat' dir='ltr'><strong>per</strong></span> <span class='ocrx_word' id='word_1_694' title='bbox 3483 4431 3718 4500; x_wconf 71' lang='grc' dir='ltr'><strong>ρτοριιε.</strong></span> 
     </span>
    </p>
   </div>
   <div class='ocr_carea' id='block_1_91' title="bbox 441 4501 2031 4578">
    <p class='ocr_par' dir='ltr' id='par_1_91' title="bbox 441 4501 2031 4578">
     <span class='ocr_line' id='line_1_91' title="bbox 441 4501 2031 4578; baseline 0.006 -23"><span class='ocrx_word' id='word_1_695' title='bbox 441 4501 851 4558; x_wconf 67' lang='lat' dir='ltr'><strong>consurrexisse</strong></span> <span class='ocrx_word' id='word_1_696' title='bbox 871 4516 950 4568; x_wconf 89' lang='lat' dir='ltr'><strong>se,</strong></span> <span class='ocrx_word' id='word_1_697' title='bbox 983 4519 1048 4560; x_wconf 92' lang='lat' dir='ltr'><strong>ac</strong></span> <span class='ocrx_word' id='word_1_698' title='bbox 1075 4521 1173 4577; x_wconf 80' lang='lat' dir='ltr'><strong>per</strong></span> <span class='ocrx_word' id='word_1_699' title='bbox 1197 4507 1300 4563; x_wconf 88' lang='lat' dir='ltr'><strong>hoc</strong></span> <span class='ocrx_word' id='word_1_700' title='bbox 1323 4509 1478 4578; x_wconf 87' lang='lat' dir='ltr'><strong>quasi</strong></span> <span class='ocrx_word' id='word_1_701' title='bbox 1507 4523 1754 4564; x_wconf 90' lang='lat' dir='ltr'><strong>somnum</strong></span> <span class='ocrx_word' id='word_1_702' title='bbox 1775 4525 1834 4565; x_wconf 91' lang='lat' dir='ltr'><strong>se</strong></span> <span class='ocrx_word' id='word_1_703' title='bbox 1863 4509 2031 4566; x_wconf 87' lang='lat' dir='ltr'><strong>inter-</strong></span> 
     </span>
    </p>
   </div>
   <div class='ocr_carea' id='block_1_92' title="bbox 442 4592 2032 4671">
    <p class='ocr_par' dir='ltr' id='par_1_92' title="bbox 442 4592 2032 4671">
     <span class='ocr_line' id='line_1_92' title="bbox 442 4592 2032 4671; baseline 0.006 -24"><span class='ocrx_word' id='word_1_704' title='bbox 442 4592 660 4662; x_wconf 68' lang='lat' dir='ltr'><strong>rupisse</strong></span> <span class='ocrx_word' id='word_1_705' title='bbox 686 4595 1075 4664; x_wconf 87' lang='lat' dir='ltr'><strong>conqueritur;</strong></span> <span class='ocrx_word' id='word_1_706' title='bbox 1109 4599 1253 4668; x_wconf 91' lang='lat' dir='ltr'><strong>quod</strong></span> <span class='ocrx_word' id='word_1_707' title='bbox 1291 4599 1447 4655; x_wconf 88' lang='lat' dir='ltr'><strong>nobis</strong></span> <span class='ocrx_word' id='word_1_708' title='bbox 1502 4601 1851 4671; x_wconf 83' lang='lat' dir='ltr'><strong>approbrium</strong></span> <span class='ocrx_word' id='word_1_709' title='bbox 1888 4601 2032 4657; x_wconf 89' lang='lat' dir='ltr'><strong>valet</strong></span> 
     </span>
    </p>
   </div>
   <div class='ocr_carea' id='block_1_93' title="bbox 442 4684 2030 4762">
    <p class='ocr_par' dir='ltr' id='par_1_93' title="bbox 442 4684 2030 4762">
     <span class='ocr_line' id='line_1_93' title="bbox 442 4684 2030 4762; baseline 0.008 -25"><span class='ocrx_word' id='word_1_710' title='bbox 442 4684 708 4755; x_wconf 70' lang='lat' dir='ltr'><strong>obiicere,</strong></span> <span class='ocrx_word' id='word_1_711' title='bbox 757 4687 806 4742; x_wconf 83' lang='lat' dir='ltr'><strong>si</strong></span> <span class='ocrx_word' id='word_1_712' title='bbox 855 4687 1115 4744; x_wconf 85' lang='lat' dir='ltr'><strong>nobisin</strong></span> <span class='ocrx_word' id='word_1_713' title='bbox 1167 4690 1359 4746; x_wconf 89' lang='lat' dir='ltr'><strong>ultimo</strong></span> <span class='ocrx_word' id='word_1_714' title='bbox 1397 4693 1740 4748; x_wconf 87' lang='lat' dir='ltr'><strong>necessitatis</strong></span> <span class='ocrx_word' id='word_1_715' title='bbox 1783 4693 2030 4762; x_wconf 89' lang='lat' dir='ltr'><strong>pericqu</strong></span> 
     </span>
    </p>
   </div>
   <div class='ocr_carea' id='block_1_94' title="bbox 438 4778 2029 4858">
    <p class='ocr_par' dir='ltr' id='par_1_94' title="bbox 438 4778 2029 4858">
     <span class='ocr_line' id='line_1_94' title="bbox 438 4778 2029 4858; baseline 0.005 -27"><span class='ocrx_word' id='word_1_716' title='bbox 438 4778 768 4842; x_wconf 85' lang='lat' dir='ltr'><strong>constitutis,</strong></span> <span class='ocrx_word' id='word_1_717' title='bbox 797 4780 945 4835; x_wconf 85' lang='lat' dir='ltr'><strong>velut</strong></span> <span class='ocrx_word' id='word_1_718' title='bbox 981 4781 1097 4838; x_wconf 63' lang='lat' dir='ltr'><strong>hac</strong></span> <span class='ocrx_word' id='word_1_719' title='bbox 1126 4785 1424 4853; x_wconf 88' lang='lat' dir='ltr'><strong>permerito</strong></span> <span class='ocrx_word' id='word_1_720' title='bbox 1471 4784 1826 4858; x_wconf 85' lang='lat' dir='ltr'><strong>responderet</strong></span> <span class='ocrx_word' id='word_1_721' title='bbox 1859 4801 1872 4837; x_wconf 91' lang='lat'><strong>:</strong></span> <span class='ocrx_word' id='word_1_722' title='bbox 1913 4783 2029 4854; x_wconf 86' lang='lat' dir='ltr'><strong>Ego</strong></span> 
     </span>
    </p>
   </div>
   <div class='ocr_carea' id='block_1_95' title="bbox 435 4875 2024 4943">
    <p class='ocr_par' dir='ltr' id='par_1_95' title="bbox 435 4875 2024 4943">
     <span class='ocr_line' id='line_1_95' title="bbox 435 4875 2024 4943; baseline 0.004 -18"><span class='ocrx_word' id='word_1_723' title='bbox 435 4879 658 4943; x_wconf 74' lang='lat' dir='ltr'><strong>propter</strong></span> <span class='ocrx_word' id='word_1_724' title='bbox 674 4886 764 4927; x_wconf 76' lang='lat' dir='ltr'><strong>uss</strong></span> <span class='ocrx_word' id='word_1_725' title='bbox 777 4889 900 4927; x_wconf 89' lang='lat' dir='ltr'><strong>cum</strong></span> <span class='ocrx_word' id='word_1_726' title='bbox 921 4889 1096 4930; x_wconf 90' lang='lat' dir='ltr'><strong>essem</strong></span> <span class='ocrx_word' id='word_1_727' title='bbox 1121 4875 1368 4942; x_wconf 91' lang='lat' dir='ltr'><strong>Creator,</strong></span> <span class='ocrx_word' id='word_1_728' title='bbox 1399 4875 1572 4931; x_wconf 81' lang='lat' dir='ltr'><strong>factus</strong></span> <span class='ocrx_word' id='word_1_729' title='bbox 1589 4891 1714 4930; x_wconf 85' lang='lat' dir='ltr'><strong>sum</strong></span> <span class='ocrx_word' id='word_1_730' title='bbox 1740 4883 2024 4943; x_wconf 88' lang='lat' dir='ltr'><strong>creatura;</strong></span> 
     </span>
    </p>
   </div>
   <div class='ocr_carea' id='block_1_96' title="bbox 437 4965 2026 5036">
    <p class='ocr_par' dir='ltr' id='par_1_96' title="bbox 437 4965 2026 5036">
     <span class='ocr_line' id='line_1_96' title="bbox 437 4965 2026 5036; baseline 0.002 -18"><span class='ocrx_word' id='word_1_731' title='bbox 437 4977 540 5032; x_wconf 81' lang='lat' dir='ltr'><strong>ego</strong></span> <span class='ocrx_word' id='word_1_732' title='bbox 567 4970 790 5032; x_wconf 90' lang='lat' dir='ltr'><strong>propter</strong></span> <span class='ocrx_word' id='word_1_733' title='bbox 816 4979 914 5020; x_wconf 91' lang='lat' dir='ltr'><strong>vos</strong></span> <span class='ocrx_word' id='word_1_734' title='bbox 936 4965 1218 5022; x_wconf 83' lang='lat' dir='ltr'><strong>irrisiones</strong></span> <span class='ocrx_word' id='word_1_735' title='bbox 1245 4976 1302 5021; x_wconf 92' lang='lat' dir='ltr'><strong>et</strong></span> <span class='ocrx_word' id='word_1_736' title='bbox 1329 4965 1622 5036; x_wconf 89' lang='lat' dir='ltr'><strong>opprobria</strong></span> <span class='ocrx_word' id='word_1_737' title='bbox 1654 4965 1876 5036; x_wconf 86' lang='lat' dir='ltr'><strong>pertuli,</strong></span> <span class='ocrx_word' id='word_1_738' title='bbox 1907 4982 2026 5021; x_wconf 52' lang='lat' dir='ltr'><strong>cru.</strong></span> 
     </span>
    </p>
   </div>
   <div class='ocr_carea' id='block_1_97' title="bbox 441 5052 2021 5126">
    <p class='ocr_par' dir='ltr' id='par_1_97' title="bbox 441 5052 2021 5126">
     <span class='ocr_line' id='line_1_97' title="bbox 441 5052 2021 5126; baseline 0.001 -16"><span class='ocrx_word' id='word_1_739' title='bbox 441 5067 564 5110; x_wconf 81' lang='lat' dir='ltr'><strong>cem</strong></span> <span class='ocrx_word' id='word_1_740' title='bbox 596 5052 838 5120; x_wconf 83' lang='lat' dir='ltr'><strong>subii,_et</strong></span> <span class='ocrx_word' id='word_1_741' title='bbox 859 5063 1056 5110; x_wconf 90' lang='lat' dir='ltr'><strong>cuncta</strong></span> <span class='ocrx_word' id='word_1_742' title='bbox 1084 5071 1204 5126; x_wconf 72' lang='lat' dir='ltr'><strong>quae</strong></span> <span class='ocrx_word' id='word_1_743' title='bbox 1226 5055 1379 5110; x_wconf 84' lang='lat' dir='ltr'><strong>vobis</strong></span> <span class='ocrx_word' id='word_1_744' title='bbox 1391 5055 1724 5110; x_wconf 89' lang='lat' dir='ltr'><strong>debebantur</strong></span> <span class='ocrx_word' id='word_1_745' title='bbox 1755 5063 2021 5111; x_wconf 86' lang='lat' dir='ltr'><strong>tormenta</strong></span> 
     </span>
    </p>
   </div>
   <div class='ocr_carea' id='block_1_98' title="bbox 443 5145 2024 5219">
    <p class='ocr_par' dir='ltr' id='par_1_98' title="bbox 443 5145 2024 5219">
     <span class='ocr_line' id='line_1_98' title="bbox 443 5145 2024 5219; baseline 0.004 -21"><span class='ocrx_word' id='word_1_746' title='bbox 443 5145 722 5214; x_wconf 84' lang='lat' dir='ltr'><strong>percurri;</strong></span> <span class='ocrx_word' id='word_1_747' title='bbox 757 5160 858 5201; x_wconf 83' lang='lat' dir='ltr'><strong>vos</strong></span> <span class='ocrx_word' id='word_1_748' title='bbox 884 5154 1063 5202; x_wconf 80' lang='lat' dir='ltr'><strong>tamen</strong></span> <span class='ocrx_word' id='word_1_749' title='bbox 1095 5162 1182 5202; x_wconf 91' lang='lat' dir='ltr'><strong>me</strong></span> <span class='ocrx_word' id='word_1_750' title='bbox 1227 5163 1333 5202; x_wconf 86' lang='lat' dir='ltr'><strong>non</strong></span> <span class='ocrx_word' id='word_1_751' title='bbox 1363 5147 1614 5214; x_wconf 83' lang='lat' dir='ltr'><strong>audistis,</strong></span> <span class='ocrx_word' id='word_1_752' title='bbox 1645 5155 1702 5203; x_wconf 89' lang='lat' dir='ltr'><strong>et</strong></span> <span class='ocrx_word' id='word_1_753' title='bbox 1730 5147 1863 5219; x_wconf 86' lang='lat' dir='ltr'><strong>legis</strong></span> <span class='ocrx_word' id='word_1_754' title='bbox 1892 5164 2024 5204; x_wconf 82' lang='lat' dir='ltr'><strong>meae</strong></span> 
     </span>
    </p>
   </div>
   <div class='ocr_carea' id='block_1_99' title="bbox 437 5237 2024 5307">
    <p class='ocr_par' dir='ltr' id='par_1_99' title="bbox 437 5237 2024 5307">
     <span class='ocr_line' id='line_1_99' title="bbox 437 5237 2024 5307; baseline 0 -13"><span class='ocrx_word' id='word_1_755' title='bbox 437 5237 794 5294; x_wconf 67' lang='lat' dir='ltr'><strong>caeremonias</strong></span> <span class='ocrx_word' id='word_1_756' title='bbox 820 5247 874 5292; x_wconf 93' lang='lat' dir='ltr'><strong>et</strong></span> <span class='ocrx_word' id='word_1_757' title='bbox 907 5237 1167 5292; x_wconf 78' lang='lat' dir='ltr'><strong>mandata</strong></span> <span class='ocrx_word' id='word_1_758' title='bbox 1188 5239 1701 5307; x_wconf 75' lang='lat' dir='ltr'><strong>sprevistis‘lPorro</strong></span> <span class='ocrx_word' id='word_1_759' title='bbox 1721 5239 1767 5294; x_wconf 88' lang='lat' dir='ltr'><strong>si</strong></span> <span class='ocrx_word' id='word_1_760' title='bbox 1791 5238 1898 5295; x_wconf 87' lang='lat' dir='ltr'><strong>illis</strong></span> <span class='ocrx_word' id='word_1_761' title='bbox 1925 5240 2024 5294; x_wconf 89' lang='lat' dir='ltr'><strong>im-</strong></span> 
     </span>
    </p>
   </div>
   <div class='ocr_carea' id='block_1_100' title="bbox 437 5327 2022 5395">
    <p class='ocr_par' dir='ltr' id='par_1_100' title="bbox 437 5327 2022 5395">
     <span class='ocr_line' id='line_1_100' title="bbox 437 5327 2022 5395; baseline 0.004 -17"><span class='ocrx_word' id='word_1_762' title='bbox 437 5328 755 5395; x_wconf 85' lang='lat' dir='ltr'><strong>properabat</strong></span> <span class='ocrx_word' id='word_1_763' title='bbox 807 5332 997 5382; x_wconf 78' lang='lat' dir='ltr'><strong>serves</strong></span> <span class='ocrx_word' id='word_1_764' title='bbox 1029 5341 1148 5381; x_wconf 84' lang='lat' dir='ltr'><strong>asc</strong></span> <span class='ocrx_word' id='word_1_765' title='bbox 1191 5327 1408 5392; x_wconf 88' lang='lat' dir='ltr'><strong>missos,</strong></span> <span class='ocrx_word' id='word_1_766' title='bbox 1469 5339 1676 5384; x_wconf 86' lang='lat' dir='ltr'><strong>uuanto</strong></span> <span class='ocrx_word' id='word_1_767' title='bbox 1725 5327 2022 5385; x_wconf 88' lang='lat' dir='ltr'><strong>terribilius</strong></span> 
     </span>
    </p>
   </div>
   <div class='ocr_carea' id='block_1_101' title="bbox 443 5415 2019 5488">
    <p class='ocr_par' dir='ltr' id='par_1_101' title="bbox 443 5415 2019 5488">
     <span class='ocr_line' id='line_1_101' title="bbox 443 5415 2019 5488; baseline 0.005 -20"><span class='ocrx_word' id='word_1_768' title='bbox 443 5415 601 5470; x_wconf 87' lang='lat' dir='ltr'><strong>nobis</strong></span> <span class='ocrx_word' id='word_1_769' title='bbox 645 5417 1038 5488; x_wconf 74' lang='lat' dir='ltr'><strong>impmpevabit</strong></span> <span class='ocrx_word' id='word_1_770' title='bbox 1089 5417 1480 5488; x_wconf 81' lang='lat' dir='ltr'><strong>semetipsum?</strong></span> <span class='ocrx_word' id='word_1_771' title='bbox 1530 5421 1575 5473; x_wconf 81' lang='lat' dir='ltr'><strong>si</strong></span> <span class='ocrx_word' id='word_1_772' title='bbox 1625 5421 1730 5474; x_wconf 87' lang='lat' dir='ltr'><strong>illis</strong></span> <span class='ocrx_word' id='word_1_773' title='bbox 1770 5437 2019 5476; x_wconf 89' lang='lat' dir='ltr'><strong>somnum</strong></span> 
     </span>
    </p>
   </div>
   <div class='ocr_carea' id='block_1_102' title="bbox 2133 4515 3715 4578">
    <p class='ocr_par' dir='ltr' id='par_1_102' title="bbox 2133 4515 3715 4578">
     <span class='ocr_line' id='line_1_102' title="bbox 2133 4515 3715 4578; baseline 0.003 -5"><span class='ocrx_word' id='word_1_774' title='bbox 2133 4524 2244 4573; x_wconf 85' lang='lat' dir='ltr'><strong>tam</strong></span> <span class='ocrx_word' id='word_1_775' title='bbox 2275 4517 2504 4572; x_wconf 88' lang='lat' dir='ltr'><strong>dicitur:</strong></span> <span class='ocrx_word' id='word_1_776' title='bbox 2540 4535 2558 4568; x_wconf 72' lang='grc' dir='ltr'><strong>ο</strong></span> <span class='ocrx_word' id='word_1_777' title='bbox 2593 4515 2854 4574; x_wconf 86' lang='lat' dir='ltr'><strong>Omnibus</strong></span> <span class='ocrx_word' id='word_1_778' title='bbox 2880 4518 2966 4575; x_wconf 91' lang='lat' dir='ltr'><strong>his</strong></span> <span class='ocrx_word' id='word_1_779' title='bbox 2994 4518 3141 4575; x_wconf 84' lang='lat' dir='ltr'><strong>velut</strong></span> <span class='ocrx_word' id='word_1_780' title='bbox 3167 4530 3490 4576; x_wconf 81' lang='lat' dir='ltr'><strong>ornamento</strong></span> <span class='ocrx_word' id='word_1_781' title='bbox 3519 4524 3715 4578; x_wconf 75' lang='lat' dir='ltr'><strong>vestie-</strong></span> 
     </span>
    </p>
   </div>
   <div class='ocr_carea' id='block_1_103' title="bbox 2131 4606 3717 4678">
    <p class='ocr_par' dir='ltr' id='par_1_103' title="bbox 2131 4606 3717 4678">
     <span class='ocr_line' id='line_1_103' title="bbox 2131 4606 3717 4678; baseline 0.007 -18"><span class='ocrx_word' id='word_1_782' title='bbox 2131 4607 2209 4661; x_wconf 87' lang='lat' dir='ltr'><strong>ris</strong></span> <span class='ocrx_word' id='word_1_783' title='bbox 2235 4606 2448 4678; x_wconf 60' lang='lat' dir='ltr'><strong>(llud).</strong></span> <span class='ocrx_word' id='word_1_784' title='bbox 2487 4627 2506 4662; x_wconf 71' lang='grc' dir='ltr'><strong>ι</strong></span> <span class='ocrx_word' id='word_1_785' title='bbox 2547 4607 2654 4663; x_wconf 89' lang='lat' dir='ltr'><strong>Sed</strong></span> <span class='ocrx_word' id='word_1_786' title='bbox 2683 4609 3339 4667; x_wconf 38' lang='lat' dir='ltr'><strong>sicut‘lumbar-intimum</strong></span> <span class='ocrx_word' id='word_1_787' title='bbox 3367 4621 3450 4667; x_wconf 87' lang='lat' dir='ltr'><strong>est</strong></span> <span class='ocrx_word' id='word_1_788' title='bbox 3479 4614 3717 4671; x_wconf 89' lang='lat' dir='ltr'><strong>humano</strong></span> 
     </span>
    </p>
   </div>
   <div class='ocr_carea' id='block_1_104' title="bbox 2134 4699 3712 4774">
    <p class='ocr_par' dir='ltr' id='par_1_104' title="bbox 2134 4699 3712 4774">
     <span class='ocr_line' id='line_1_104' title="bbox 2134 4699 3712 4774; baseline 0.004 -20"><span class='ocrx_word' id='word_1_789' title='bbox 2134 4699 2370 4770; x_wconf 88' lang='lat' dir='ltr'><strong>corpori,</strong></span> <span class='ocrx_word' id='word_1_790' title='bbox 2399 4709 2454 4754; x_wconf 95' lang='lat' dir='ltr'><strong>et</strong></span> <span class='ocrx_word' id='word_1_791' title='bbox 2483 4700 2684 4755; x_wconf 87' lang='lat' dir='ltr'><strong>arctius</strong></span> <span class='ocrx_word' id='word_1_792' title='bbox 2713 4701 2955 4758; x_wconf 67' lang='lat' dir='ltr'><strong>adhaeret</strong></span> <span class='ocrx_word' id='word_1_793' title='bbox 3007 4717 3170 4772; x_wconf 88' lang='lat' dir='ltr'><strong>quam</strong></span> <span class='ocrx_word' id='word_1_794' title='bbox 3227 4703 3446 4774; x_wconf 68' lang='lat' dir='ltr'><strong>reliqua:</strong></span> <span class='ocrx_word' id='word_1_795' title='bbox 3509 4716 3712 4771; x_wconf 84' lang='lat' dir='ltr'><strong>vestes,</strong></span> 
     </span>
    </p>
   </div>
   <div class='ocr_carea' id='block_1_105' title="bbox 2128 4791 3716 4871">
    <p class='ocr_par' dir='ltr' id='par_1_105' title="bbox 2128 4791 3716 4871">
     <span class='ocr_line' id='line_1_105' title="bbox 2128 4791 3716 4871; baseline 0.006 -24"><span class='ocrx_word' id='word_1_796' title='bbox 2128 4791 2203 4847; x_wconf 87' lang='lat' dir='ltr'><strong>ita</strong></span> <span class='ocrx_word' id='word_1_797' title='bbox 2255 4791 2525 4849; x_wconf 84' lang='lat' dir='ltr'><strong>clericalis</strong></span> <span class='ocrx_word' id='word_1_798' title='bbox 2553 4794 2687 4849; x_wconf 86' lang='lat' dir='ltr'><strong>ordo</strong></span> <span class='ocrx_word' id='word_1_799' title='bbox 2725 4793 3046 4852; x_wconf 79' lang='lat' dir='ltr'><strong>familiarius</strong></span> <span class='ocrx_word' id='word_1_800' title='bbox 3094 4797 3292 4854; x_wconf 88' lang='lat' dir='ltr'><strong>divinis</strong></span> <span class='ocrx_word' id='word_1_801' title='bbox 3347 4799 3716 4871; x_wconf 80' lang='lat' dir='ltr'><strong>agglutinatur</strong></span> 
     </span>
    </p>
   </div>
   <div class='ocr_carea' id='block_1_106' title="bbox 2125 4883 3716 4956">
    <p class='ocr_par' dir='ltr' id='par_1_106' title="bbox 2125 4883 3716 4956">
     <span class='ocr_line' id='line_1_106' title="bbox 2125 4883 3716 4956; baseline 0.004 -17"><span class='ocrx_word' id='word_1_802' title='bbox 2125 4883 2422 4953; x_wconf 88' lang='lat' dir='ltr'><strong>obsequiis,</strong></span> <span class='ocrx_word' id='word_1_803' title='bbox 2451 4897 2614 4956; x_wconf 88' lang='lat' dir='ltr'><strong>quam</strong></span> <span class='ocrx_word' id='word_1_804' title='bbox 2639 4886 2820 4940; x_wconf 62' lang='lat' dir='ltr'><strong>caeteri</strong></span> <span class='ocrx_word' id='word_1_805' title='bbox 2853 4887 3117 4942; x_wconf 87' lang='lat' dir='ltr'><strong>homines.</strong></span> <span class='ocrx_word' id='word_1_806' title='bbox 3147 4887 3301 4944; x_wconf 88' lang='lat' dir='ltr'><strong>Sicut</strong></span> <span class='ocrx_word' id='word_1_807' title='bbox 3322 4889 3433 4945; x_wconf 86' lang='lat' dir='ltr'><strong>illic</strong></span> <span class='ocrx_word' id='word_1_808' title='bbox 3461 4891 3528 4944; x_wconf 90' lang='lat' dir='ltr'><strong>de</strong></span> <span class='ocrx_word' id='word_1_809' title='bbox 3545 4887 3716 4946; x_wconf 80' lang='lat' dir='ltr'><strong>Israe-</strong></span> 
     </span>
    </p>
   </div>
   <div class='ocr_carea' id='block_1_107' title="bbox 2127 4972 3712 5045">
    <p class='ocr_par' dir='ltr' id='par_1_107' title="bbox 2127 4972 3712 5045">
     <span class='ocr_line' id='line_1_107' title="bbox 2127 4972 3712 5045; baseline 0.006 -18"><span class='ocrx_word' id='word_1_810' title='bbox 2127 4972 2278 5030; x_wconf 92' lang='lat' dir='ltr'><strong>litico</strong></span> <span class='ocrx_word' id='word_1_811' title='bbox 2327 4975 2527 5045; x_wconf 92' lang='lat' dir='ltr'><strong>populo</strong></span> <span class='ocrx_word' id='word_1_812' title='bbox 2554 4975 2735 5030; x_wconf 88' lang='lat' dir='ltr'><strong>divina</strong></span> <span class='ocrx_word' id='word_1_813' title='bbox 2772 4991 2872 5030; x_wconf 79' lang='lat' dir='ltr'><strong>vox</strong></span> <span class='ocrx_word' id='word_1_814' title='bbox 2902 4977 3004 5031; x_wconf 91' lang='lat' dir='ltr'><strong>ait:</strong></span> <span class='ocrx_word' id='word_1_815' title='bbox 3040 4996 3059 5030; x_wconf 75' lang='grc' dir='ltr'>ι</span> <span class='ocrx_word' id='word_1_816' title='bbox 3113 4977 3266 5033; x_wconf 91' lang='lat' dir='ltr'><strong>Sicut</strong></span> <span class='ocrx_word' id='word_1_817' title='bbox 3293 4980 3438 5034; x_wconf 91' lang='lat' dir='ltr'><strong>enim</strong></span> <span class='ocrx_word' id='word_1_818' title='bbox 3470 4981 3712 5036; x_wconf 74' lang='lat' dir='ltr'><strong>adhzerct</strong></span> 
     </span>
    </p>
   </div>
   <div class='ocr_carea' id='block_1_108' title="bbox 2127 5061 3706 5137">
    <p class='ocr_par' dir='ltr' id='par_1_108' title="bbox 2127 5061 3706 5137">
     <span class='ocr_line' id='line_1_108' title="bbox 2127 5061 3706 5137; baseline 0.004 -21"><span class='ocrx_word' id='word_1_819' title='bbox 2127 5061 2344 5118; x_wconf 84' lang='lat' dir='ltr'><strong>lumbar</strong></span> <span class='ocrx_word' id='word_1_820' title='bbox 2369 5065 2436 5118; x_wconf 91' lang='lat' dir='ltr'><strong>ad</strong></span> <span class='ocrx_word' id='word_1_821' title='bbox 2467 5064 2678 5119; x_wconf 86' lang='lat' dir='ltr'><strong>lumbos</strong></span> <span class='ocrx_word' id='word_1_822' title='bbox 2715 5065 2840 5130; x_wconf 81' lang='lat' dir='ltr'><strong>viri,</strong></span> <span class='ocrx_word' id='word_1_823' title='bbox 2873 5064 2952 5120; x_wconf 85' lang='lat' dir='ltr'><strong>sic</strong></span> <span class='ocrx_word' id='word_1_824' title='bbox 2971 5065 3301 5137; x_wconf 83' lang='lat' dir='ltr'><strong>agglutinavi</strong></span> <span class='ocrx_word' id='word_1_825' title='bbox 3330 5068 3461 5123; x_wconf 88' lang='lat' dir='ltr'><strong>mihi</strong></span> <span class='ocrx_word' id='word_1_826' title='bbox 3491 5084 3706 5124; x_wconf 88' lang='lat' dir='ltr'><strong>omnem</strong></span> 
     </span>
    </p>
   </div>
   <div class='ocr_carea' id='block_1_109' title="bbox 2126 5153 3704 5232">
    <p class='ocr_par' dir='ltr' id='par_1_109' title="bbox 2126 5153 3704 5232">
     <span class='ocr_line' id='line_1_109' title="bbox 2126 5153 3704 5232; baseline 0.002 -22"><span class='ocrx_word' id='word_1_827' title='bbox 2126 5153 2311 5220; x_wconf 89' lang='lat' dir='ltr'><strong>Israel,</strong></span> <span class='ocrx_word' id='word_1_828' title='bbox 2342 5165 2398 5212; x_wconf 88' lang='lat' dir='ltr'><strong>et</strong></span> <span class='ocrx_word' id='word_1_829' title='bbox 2419 5171 2635 5212; x_wconf 89' lang='lat' dir='ltr'><strong>omnem</strong></span> <span class='ocrx_word' id='word_1_830' title='bbox 2661 5157 2874 5212; x_wconf 91' lang='lat' dir='ltr'><strong>domum</strong></span> <span class='ocrx_word' id='word_1_831' title='bbox 2910 5156 3068 5226; x_wconf 74' lang='lat' dir='ltr'><strong>luda,</strong></span> <span class='ocrx_word' id='word_1_832' title='bbox 3105 5167 3162 5214; x_wconf 91' lang='lat' dir='ltr'><strong>ut</strong></span> <span class='ocrx_word' id='word_1_833' title='bbox 3187 5169 3334 5216; x_wconf 84' lang='lat' dir='ltr'><strong>esset</strong></span> <span class='ocrx_word' id='word_1_834' title='bbox 3359 5161 3489 5216; x_wconf 89' lang='lat' dir='ltr'><strong>mihi</strong></span> <span class='ocrx_word' id='word_1_835' title='bbox 3521 5162 3575 5216; x_wconf 92' lang='lat' dir='ltr'><strong>in</strong></span> <span class='ocrx_word' id='word_1_836' title='bbox 3607 5178 3704 5232; x_wconf 79' lang='lat' dir='ltr'><strong>pu-</strong></span> 
     </span>
    </p>
   </div>
   <div class='ocr_carea' id='block_1_110' title="bbox 2126 5245 3705 5322">
    <p class='ocr_par' dir='ltr' id='par_1_110' title="bbox 2126 5245 3705 5322">
     <span class='ocr_line' id='line_1_110' title="bbox 2126 5245 3705 5322; baseline 0.003 -21"><span class='ocrx_word' id='word_1_837' title='bbox 2126 5245 2330 5319; x_wconf 84' lang='lat' dir='ltr'><strong>phlum,</strong></span> <span class='ocrx_word' id='word_1_838' title='bbox 2357 5257 2412 5301; x_wconf 91' lang='lat' dir='ltr'><strong>et</strong></span> <span class='ocrx_word' id='word_1_839' title='bbox 2434 5248 2486 5302; x_wconf 94' lang='lat' dir='ltr'><strong>in</strong></span> <span class='ocrx_word' id='word_1_840' title='bbox 2518 5263 2736 5314; x_wconf 88' lang='lat' dir='ltr'><strong>nomen,</strong></span> <span class='ocrx_word' id='word_1_841' title='bbox 2768 5258 2824 5304; x_wconf 91' lang='lat' dir='ltr'><strong>et</strong></span> <span class='ocrx_word' id='word_1_842' title='bbox 2853 5251 2904 5305; x_wconf 92' lang='lat' dir='ltr'><strong>in</strong></span> <span class='ocrx_word' id='word_1_843' title='bbox 2933 5251 3171 5315; x_wconf 91' lang='lat' dir='ltr'><strong>laudem,</strong></span> <span class='ocrx_word' id='word_1_844' title='bbox 3196 5261 3251 5307; x_wconf 90' lang='lat' dir='ltr'><strong>et</strong></span> <span class='ocrx_word' id='word_1_845' title='bbox 3274 5251 3326 5306; x_wconf 93' lang='lat' dir='ltr'><strong>in</strong></span> <span class='ocrx_word' id='word_1_846' title='bbox 3353 5252 3601 5322; x_wconf 83' lang='lat' dir='ltr'><strong>gloriam,</strong></span> <span class='ocrx_word' id='word_1_847' title='bbox 3649 5254 3705 5308; x_wconf 88' lang='lat' dir='ltr'><strong>ct</strong></span> 
     </span>
    </p>
   </div>
   <div class='ocr_carea' id='block_1_111' title="bbox 2125 5337 3703 5412">
    <p class='ocr_par' dir='ltr' id='par_1_111' title="bbox 2125 5337 3703 5412">
     <span class='ocr_line' id='line_1_111' title="bbox 2125 5337 3703 5412; baseline 0.001 -18"><span class='ocrx_word' id='word_1_848' title='bbox 2125 5355 2231 5394; x_wconf 94' lang='lat' dir='ltr'><strong>non</strong></span> <span class='ocrx_word' id='word_1_849' title='bbox 2260 5339 2548 5393; x_wconf 87' lang='lat' dir='ltr'><strong>audierunt</strong></span> <span class='ocrx_word' id='word_1_850' title='bbox 2577 5337 2790 5408; x_wconf 83' lang='lat' dir='ltr'><strong>(lbid.).</strong></span> <span class='ocrx_word' id='word_1_851' title='bbox 2833 5359 2851 5391; x_wconf 75' lang='grc' dir='ltr'><strong>ι</strong></span> <span class='ocrx_word' id='word_1_852' title='bbox 2878 5341 3102 5407; x_wconf 87' lang='lat' dir='ltr'><strong>Quibus,</strong></span> <span class='ocrx_word' id='word_1_853' title='bbox 3151 5356 3357 5412; x_wconf 62' lang='lat' dir='ltr'><strong>quaso,</strong></span> <span class='ocrx_word' id='word_1_854' title='bbox 3415 5350 3522 5396; x_wconf 89' lang='lat' dir='ltr'><strong>tam</strong></span> <span class='ocrx_word' id='word_1_855' title='bbox 3559 5351 3703 5412; x_wconf 87' lang='lat' dir='ltr'><strong>apte,</strong></span> 
     </span>
    </p>
   </div>
   <div class='ocr_carea' id='block_1_112' title="bbox 2125 5431 3700 5504">
    <p class='ocr_par' dir='ltr' id='par_1_112' title="bbox 2125 5431 3700 5504">
     <span class='ocr_line' id='line_1_112' title="bbox 2125 5431 3700 5504; baseline -0.002 -19"><span class='ocrx_word' id='word_1_856' title='bbox 2125 5440 2233 5486; x_wconf 86' lang='lat' dir='ltr'><strong>tam</strong></span> <span class='ocrx_word' id='word_1_857' title='bbox 2259 5445 2538 5503; x_wconf 77' lang='lat' dir='ltr'><strong>expresse,</strong></span> <span class='ocrx_word' id='word_1_858' title='bbox 2573 5431 2715 5487; x_wconf 87' lang='lat' dir='ltr'><strong>sicut</strong></span> <span class='ocrx_word' id='word_1_859' title='bbox 2739 5433 2971 5495; x_wconf 74' lang='lat' dir='ltr'><strong>clericis,</strong></span> <span class='ocrx_word' id='word_1_860' title='bbox 3001 5444 3222 5502; x_wconf 88' lang='lat' dir='ltr'><strong>possunt</strong></span> <span class='ocrx_word' id='word_1_861' title='bbox 3253 5434 3353 5500; x_wconf 80' lang='lat' dir='ltr'><strong>ista</strong></span> <span class='ocrx_word' id='word_1_862' title='bbox 3383 5448 3700 5504; x_wconf 72' lang='lat' dir='ltr'><strong>congruere,</strong></span> 
     </span>
    </p>
   </div>
   <div class='ocr_carea' id='block_1_113' title="bbox 438 5505 3700 5592">
    <p class='ocr_par' dir='ltr' id='par_1_113' title="bbox 438 5505 3700 5592">
     <span class='ocr_line' id='line_1_113' title="bbox 438 5505 3700 5592; baseline 0.006 -34"><span class='ocrx_word' id='word_1_863' title='bbox 438 5505 846 5573; x_wconf 76' lang='lat' dir='ltr'><strong>improperabat</strong></span> <span class='ocrx_word' id='word_1_864' title='bbox 869 5508 1250 5579; x_wconf 86' lang='lat' dir='ltr'><strong>interruptum,</strong></span> <span class='ocrx_word' id='word_1_865' title='bbox 1273 5518 1480 5581; x_wconf 87' lang='lat' dir='ltr'><strong>quanto</strong></span> <span class='ocrx_word' id='word_1_866' title='bbox 1508 5511 1680 5581; x_wconf 85' lang='lat' dir='ltr'><strong>magis</strong></span> <span class='ocrx_word' id='word_1_867' title='bbox 1710 5513 1866 5567; x_wconf 89' lang='lat' dir='ltr'><strong>nobis</strong></span> <span class='ocrx_word' id='word_1_868' title='bbox 1883 5514 2020 5570; x_wconf 86' lang='lat' dir='ltr'><strong>valet</strong></span> <span class='ocrx_word' id='word_1_869' title='bbox 2121 5522 2210 5592; x_wconf 83' lang='lat' dir='ltr'><strong>qui</strong></span> <span class='ocrx_word' id='word_1_870' title='bbox 2228 5537 2421 5575; x_wconf 90' lang='lat' dir='ltr'><strong>nomen</strong></span> <span class='ocrx_word' id='word_1_871' title='bbox 2446 5521 2784 5586; x_wconf 84' lang='lat' dir='ltr'><strong>Dei,laudcm</strong></span> <span class='ocrx_word' id='word_1_872' title='bbox 2802 5523 3088 5592; x_wconf 86' lang='lat' dir='ltr'><strong>etgloriam</strong></span> <span class='ocrx_word' id='word_1_873' title='bbox 3108 5523 3409 5592; x_wconf 86' lang='lat' dir='ltr'><strong>specialiter</strong></span> <span class='ocrx_word' id='word_1_874' title='bbox 3422 5523 3700 5577; x_wconf 85' lang='lat' dir='ltr'><strong>constituti</strong></span> 
     </span>
    </p>
   </div>
   <div class='ocr_carea' id='block_1_114' title="bbox 437 5599 3699 5688">
    <p class='ocr_par' dir='ltr' id='par_1_114' title="bbox 437 5599 3699 5688">
     <span class='ocr_line' id='line_1_114' title="bbox 437 5599 3699 5688; baseline 0.005 -36"><span class='ocrx_word' id='word_1_875' title='bbox 437 5599 674 5665; x_wconf 67' lang='lat' dir='ltr'><strong>olijtcere</strong></span> <span class='ocrx_word' id='word_1_876' title='bbox 698 5617 758 5657; x_wconf 89' lang='lat' dir='ltr'><strong>se</strong></span> <span class='ocrx_word' id='word_1_877' title='bbox 800 5617 899 5672; x_wconf 88' lang='lat' dir='ltr'><strong>pro</strong></span> <span class='ocrx_word' id='word_1_878' title='bbox 931 5607 1090 5661; x_wconf 90' lang='lat' dir='ltr'><strong>nobis</strong></span> <span class='ocrx_word' id='word_1_879' title='bbox 1128 5617 1397 5661; x_wconf 90' lang='lat' dir='ltr'><strong>mortuum</strong></span> <span class='ocrx_word' id='word_1_880' title='bbox 1443 5623 1505 5662; x_wconf 85' lang='lat' dir='ltr'><strong>ac</strong></span> <span class='ocrx_word' id='word_1_881' title='bbox 1554 5607 1862 5676; x_wconf 76' lang='lat' dir='ltr'><strong>sepultum?</strong></span> <span class='ocrx_word' id='word_1_882' title='bbox 1899 5608 2016 5664; x_wconf 86' lang='lat' dir='ltr'><strong>Non</strong></span> <span class='ocrx_word' id='word_1_883' title='bbox 2118 5620 2244 5665; x_wconf 87' lang='lat' dir='ltr'><strong>sunt</strong></span> <span class='ocrx_word' id='word_1_884' title='bbox 2271 5612 2598 5682; x_wconf 75' lang='lat' dir='ltr'><strong>praedicare?</strong></span> <span class='ocrx_word' id='word_1_885' title='bbox 2624 5613 2772 5666; x_wconf 80' lang='lat' dir='ltr'><strong>Sicut</strong></span> <span class='ocrx_word' id='word_1_886' title='bbox 2801 5614 2943 5666; x_wconf 87' lang='lat' dir='ltr'><strong>enim</strong></span> <span class='ocrx_word' id='word_1_887' title='bbox 2975 5613 3154 5678; x_wconf 83' lang='lat' dir='ltr'><strong>Israel,</strong></span> <span class='ocrx_word' id='word_1_888' title='bbox 3178 5625 3229 5669; x_wconf 86' lang='lat' dir='ltr'><strong>et</strong></span> <span class='ocrx_word' id='word_1_889' title='bbox 3255 5615 3387 5669; x_wconf 84' lang='lat' dir='ltr'><strong>luda</strong></span> <span class='ocrx_word' id='word_1_890' title='bbox 3411 5615 3699 5688; x_wconf 83' lang='lat' dir='ltr'><strong>peculiaris</strong></span> 
     </span>
    </p>
   </div>
   <div class='ocr_carea' id='block_1_115' title="bbox 438 5689 3697 5777">
    <p class='ocr_par' dir='ltr' id='par_1_115' title="bbox 438 5689 3697 5777">
     <span class='ocr_line' id='line_1_115' title="bbox 438 5689 3697 5777; baseline 0.005 -31"><span class='ocrx_word' id='word_1_891' title='bbox 438 5689 636 5746; x_wconf 80' lang='lat' dir='ltr'><strong>liberal.</strong></span> <span class='ocrx_word' id='word_1_892' title='bbox 661 5689 802 5749; x_wconf 85' lang='lat' dir='ltr'><strong>Deus</strong></span> <span class='ocrx_word' id='word_1_893' title='bbox 825 5694 1040 5752; x_wconf 70' lang='lat' dir='ltr'><strong>Judzeos</strong></span> <span class='ocrx_word' id='word_1_894' title='bbox 1070 5699 1384 5756; x_wconf 88' lang='lat' dir='ltr'><strong>vallantium</strong></span> <span class='ocrx_word' id='word_1_895' title='bbox 1435 5699 1674 5754; x_wconf 89' lang='lat' dir='ltr'><strong>hostium</strong></span> <span class='ocrx_word' id='word_1_896' title='bbox 1727 5700 2010 5757; x_wconf 87' lang='lat' dir='ltr'><strong>obsidione</strong></span> <span class='ocrx_word' id='word_1_897' title='bbox 2116 5711 2235 5758; x_wconf 87' lang='lat' dir='ltr'><strong>erat</strong></span> <span class='ocrx_word' id='word_1_898' title='bbox 2255 5703 2480 5774; x_wconf 88' lang='lat' dir='ltr'><strong>populus</strong></span> <span class='ocrx_word' id='word_1_899' title='bbox 2515 5702 2678 5776; x_wconf 69' lang='grc'><strong>148</strong></span> <span class='ocrx_word' id='word_1_900' title='bbox 2709 5705 2816 5762; x_wconf 86' lang='lat' dir='ltr'><strong>Deo</strong></span> <span class='ocrx_word' id='word_1_901' title='bbox 2845 5704 2983 5759; x_wconf 87' lang='lat' dir='ltr'><strong>inter</strong></span> <span class='ocrx_word' id='word_1_902' title='bbox 3007 5721 3192 5760; x_wconf 85' lang='lat' dir='ltr'><strong>omnes</strong></span> <span class='ocrx_word' id='word_1_903' title='bbox 3215 5717 3399 5777; x_wconf 78' lang='lat' dir='ltr'><strong>gentes</strong></span> <span class='ocrx_word' id='word_1_904' title='bbox 3423 5718 3602 5773; x_wconf 65' lang='lat' dir='ltr'><strong>terrae,</strong></span> <span class='ocrx_word' id='word_1_905' title='bbox 3623 5707 3697 5762; x_wconf 82' lang='lat' dir='ltr'><strong>ita</strong></span> 
     </span>
    </p>
   </div>
  </div>
