4170 6452
431 332 538 389 565

1676 337 1875 393 μιθείι
1915 336 2242 406 QUINTUS,
2283 342 2502 398 EPIST.
2547 343 2609 397 V.

3569 357 3608 413 ’3
3619 359 3678 412 ιϐ

400 466 407 472 ·
435 457 578 498 nunc
608 439 789 497 clerici
815 440 1125 510 specialiter
1149 443 1422 500 adhaerent
1457 444 1674 502 Christo
1703 464 1815 518 prae
1869 465 2005 505 cun-
2037 459 2081 515 Α
2111 452 2463 510 demonstrat.
2487 457 2567 510 Ad
2595 458 2766 514 instar
2791 475 2919 531 ergo
2938 459 3198 518 lumbaris
3221 463 3543 523 inhumecto
3563 469 3680 524 loco

433 532 540 586 etis
565 531 824 586 membris
844 530 1126 588 Ecclesiae.
1167 531 1256 588 Isti
1297 549 1487 604 nempe
1523 544 1653 592 sunt
1703 536 1917 592 lumbar
1943 538 2007 594 li-

434 638 596 678 neum
616 622 1031 679 arctioridivino
1052 626 1266 695 corpori
1284 626 1647 684 familiaritate
1668 645 2003 688 connexum:

433 713 603 769 linum
637 713 905 784 siquidem
953 713 1222 772 laboriose
1274 719 1518 786 pervenit
1549 719 1617 774 ad
1672 721 2002 788 candorem;

434 815 489 860 et
514 804 698 860 clerici
737 790 1233 862 modo'litterarum.
1255 809 1445 866 studiis
1474 810 1796 877 insudando,
1850 816 2010 870 modo

434 911 534 966 per
556 897 834 952 intervalla
873 906 1170 968 temporum
1199 899 1518 969 quibusdam
1545 903 1801 973 gradibus
1823 919 2011 960 ascen-

436 991 632 1056 dendo,
663 989 875 1047 difﬁcile
902 1004 1289 1062 promoventur
1317 997 1383 1050 ad
1429 999 1570 1053 sacri
1597 999 1808 1053 ordinis
1835 1000 2010 1070 digni-

436 1082 910 1150 tatemz-alioquin
938 1083 982 1139 si
1026 1085 1154 1153 quis
1198 1088 1568 1144 contentiosus
1617 1099 1853 1155 astruat,
1907 1093 2010 1148 hoc

429 1170 580 1240 juxta
619 1169 919 1241 Scriptum
964 1175 1165 1230 seriem
1217 1175 1568 1234 historialiter
1631 1179 1856 1246 factum,
1909 1197 2009 1237 nec

437 1259 1217 1332 spiritualiterintelligendum;
1247 1270 1514 1335 quomodo
1543 1268 1808 1325 Jeremias
1831 1273 2006 1341 potuit

435 1347 579 1406 inter
634 1349 1056 1408 innumerabiles
1108 1355 1472 1427 Assyriorum.
1528 1358 2008 1431 Clialdaorumque

429 1441 681 1496 n-itfones
710 1442 896 1496 urbem
918 1433 1214 1499 Jerusaiem
1244 1449 1560 1518 constipatis
1581 1451 1882 1519 agminibus
1910 1453 2006 1507 ob-

433 1530 691 1595 sidentes,
724 1530 950 1588 lumbari
981 1536 1303 1604 prmcinctus
1331 1540 1483 1594 exire
1521 1557 1535 1594 :
1577 1542 1738 1610 idque
1793 1543 1847 1598 in
1898 1545 2006 1599 Eu-

432 1618 643 1687 phrate,
670 1621 760 1690 qui
792 1630 906 1693 tam
937 1623 1095 1694 longe
1139 1627 1399 1692 decurrit,
1455 1630 1823 1687 abscondere?
1854 1632 2007 1688 Post-

430 1709 644 1764 modum
668 1725 886 1780 quoque
915 1713 1198 1784 proﬂigato
1231 1717 1470 1772 diuturni
1502 1722 1762 1789 temporis
1817 1739 2000 1788 cursu,

427 1811 533 1867 quo
547 1810 713 1870 pacto
735 1803 889 1871 quasi
914 1817 1138 1859 securus
1153 1806 1330 1870 rediit,
1359 1807 1593 1879 illudque
1617 1810 1998 1880 putrefactum,
2034 1796 2078 1854 Β

423 1889 566 1944 sicut
610 1889 888 1961 Scriptura
936 1901 1184 1962 testatur,
1235 1898 1472 1963 invenit;
1523 1915 1646 1955 cum
1700 1901 1995 1960 Jerusalem

423 1977 673 2034 videlicet
710 1980 873 2046 fossa,
903 1983 1064 2052 Vallo,
1087 1987 1348 2052 castellis,
1392 1999 1447 2043 et
1473 1997 1586 2044 tam
1614 1993 1807 2047 crebra
1839 1995 2001 2048 undi-

423 2081 527 2138 que
540 2078 685 2125 esset
711 2073 1012 2130 munitione
1027 2076 1355 2133 circumdata
1370 2080 1395 2134 ἲ
1420 2079 1554 2134 Nam
1569 2097 1694 2137 cum
1707 2083 1996 2154 aliquando

423 2159 566 2214 idem
585 2163 846 2232 propheta
869 2166 935 2219 ad
957 2165 1233 2222 Anathoth
1263 2168 1498 2226 vicinum
1533 2183 1690 2228 suum
1723 2176 1775 2232 in
1828 2179 1994 2232 ter-tio

419 2250 674 2307 milliaria
702 2253 770 2307 ab
805 2255 939 2310 urbe
963 2257 1128 2312 situm
1180 2268 1468 2318 conaretur
1509 2265 1681 2330 exire,
1733 2265 1787 2320 in
1836 2275 1991 2336 porta

415 2342 670 2411 protinus
727 2347 961 2415 capitur,
1012 2348 1080 2403 ad
1123 2351 1394 2421 principes
1445 2355 1699 2418 trahitur,
1755 2359 1995 2427 graviter

416 2431 755 2499 verberatur,
784 2443 838 2490 et
862 2445 1114 2506 tanquam
1143 2440 1444 2511 transfuga,
1473 2444 1588 2500 sive
1634 2447 1822 2515 patria:
1865 2462 1996 2517 pre-

415 2521 560 2577 ditur
575 2524 628 2578 in
661 2539 933 2581 carcerem
963 2529 1194 2584 truditur
1217 2532 1352 2603 (Jer.
1396 2538 1628 2603 xxxvii).
1683 2536 1821 2603 Quia
1857 2553 1992 2610 ergo

415 2625 520 2666 non
542 2614 912 2684 consequitur,
941 2627 1000 2672 ut
1025 2618 1356 2690 intelligatur
1384 2623 1735 2680 historialiter
1759 2626 1983 2691 factum,

416 2712 626 2758 constat
648 2705 831 2773 procul
859 2707 1020 2764 dubio
1047 2711 1238 2779 typica:
1262 2713 1445 2783 figurae
1458 2729 1563 2770 non
1587 2717 1775 2773 deesse
1798 2729 1995 2790 myste-

414 2794 572 2849 rium.
609 2796 754 2852 Bene
778 2813 907 2869 ergo
935 2815 1030 2870 per
1055 2802 1266 2858 lumbar
1284 2804 1507 2871 lineum,
1530 2806 1681 2876 juxta
1714 2810 1846 2875 haec,
1871 2825 1990 2880 quae

417 2887 665 2955 superius
686 2891 830 2945 dicta
861 2902 1010 2956 sunt,
1040 2895 1240 2950 chorus
1288 2898 1613 2968 exprimitur
1645 2899 1985 2967 clericorum.

413 2978 567 3046 Quod
603 2990 785 3037 autem
839 2983 942 3039 hoc
965 2985 1180 3042 lumbar
1222 2987 1278 3042 in
1309 2987 1604 3058 Euphrate,
1659 2991 1762 3048 hoc
1805 3001 1889 3049 est
1931 2994 1987 3048 in

411 3086 618 3141 aquoso
639 3073 780 3138 loco,
806 3083 863 3130 et
891 3076 943 3130 in
964 3075 1232 3132 foramine
1258 3087 1443 3148 petrae,
1472 3080 1527 3135 id
1555 3089 1638 3136 est
1663 3081 1718 3136 in
1745 3083 1991 3145 obscuri-

2105 545 2292 612 positi,
2308 545 2488 625 clerici
2514 561 2974 617 emuputreseuut,
3004 554 3132 608 dum
3157 556 3407 612 humidus
3435 560 3677 629 crapula,

2111 643 2165 688 et
2201 633 2468 690 ebrietate
2499 637 2660 711 149
2687 649 2902 696 ventres
2935 643 3290 718 ingurgitant,
3326 647 3453 702 dum
3475 650 3676 705 illuvici

2099 741 2169 781 se
2197 725 2432 784 libidinis
2465 739 2519 784 et
2567 746 2800 787 emnoste
2854 733 3077 791 luxuriae
3115 735 3330 794 ﬂuentis
3384 740 3674 796 inundant:

2105 815 2297 885 sicque
2329 819 2541 872 cunctis
2566 821 2756 876 usibus
2807 823 3102 878 redduntur
3131 825 3362 888 inutiles,
3403 829 3534 896 quia
3571 845 3689 898 quo-

2105 906 2282 976 tnagis
2310 908 2560 961 videntur
2587 910 2640 963 in
2675 924 2839 964 carne
2865 915 3154 977 virescere,
3186 929 3250 967 eo
3275 915 3511 970 deterius
3535 931 3674 971 tuar-

2109 1005 2384 1051 cescentes
2412 998 2756 1054 obsolescunt
2779 1002 2834 1054 in
2863 1003 3162 1071 squalentis
3190 1007 3388 1060 anima:
3414 1005 3676 1062 foeditate.

2109 1083 2184 1138 De
2209 1087 2402 1154 quibus
2429 1087 2481 1141 in
2511 1089 2747 1158 psalmo:
2779 1090 3066 1161 ποθι-ηιριί
3097 1104 3237 1155 sunt,
3267 1095 3460 1163 inquit,
3478 1103 3534 1150 et
3553 1097 3682 1150 abo-

2107 1175 2391 1231 minabiles
2407 1175 2533 1232 facti
2549 1180 2742 1234 suntin
2769 1181 3130 1250 voluptatibus
3143 1183 3256 1236 suis
3278 1181 3454 1254 (Paul.
3484 1184 3628 1256 xm).
3651 1205 3672 1237 ›

2679 1291 3006 1348 EPISTULA
3054 1295 3117 1348 V.

2442 1396 2512 1436 AD
2548 1397 2852 1437 Αιηιικιυιι
2892 1398 3342 1442 Απωυιιοθδωι.

2103 1470 2505 1545 Ascensus“.
2533 1501 2606 1512 —-
2637 1471 2963 1530 Almcricum
3003 1474 3442 1545 arcltidiaconum
3477 1485 3680 1545 quanta

2173 1541 2542 1616 benevolentia
2567 1554 2942 1616 prosequatur,
2961 1543 3215 1616 ostendit,
3241 1544 3366 1616 dum
3387 1541 3510 1598 eum
3537 1547 3679 1616 plus—

2173 1624 2333 1678 quam
2368 1609 2620 1666 fratresa
2661 1627 2721 1666 se
2743 1609 2923 1666 amari
2963 1611 3110 1666 dicit.
3151 1611 3357 1668 Laudat
3391 1609 3635 1668 eumdem
3663 1656 3680 1678 ,

2173 1688 2433 1749 rogatque
2470 1690 2528 1734 ut
2563 1695 2720 1735 suum
2757 1680 2954 1734 librum
2997 1683 3062 1734 ad
3097 1696 3159 1736 se
3199 1684 3434 1736 remittat
3464 1684 3675 1737 :‘ilem-

2174 1763 2280 1820 que
2298 1750 2478 1818 pisces
2499 1751 2707 1820 aliquot
2727 1749 2794 1803 ad
2822 1751 3133 1806 monasterii
3160 1768 3313 1807 usum
3339 1754 3682 1809 necessarios

2175 1818 2242 1872 ad
2267 1833 2327 1874 se
2355 1818 2710 1876 transmittat.

2169 1907 2379 1964 Damno
2413 1909 2697 1966 ALIBNCO
2729 1910 3142 1977 arcbidiacono,
3172 1909 3388 1966 Pn'rnus
3424 1924 3680 1982 peccator

2097 2000 2398 2054 monachus
2422 1999 2676 2055 fraterna:
2702 2000 2985 2056 charitatis
3016 1999 3289 2054 affectum.

2166 2087 2413 2154 Quantus
2454 2103 2584 2161 erga
2635 2099 2730 2155 te,
2775 2090 2846 2144 fili
2890 2089 3245 2153 charissime,
3298 2105 3432 2144 meae
3477 2091 3676 2146 mentis

2095 2193 2248 2233 amor
2271 2179 2736 2249 inferveat,quam
2762 2187 2921 2234 tenax
2952 2193 3016 2234 ac
3039 2181 3288 2249 pervirax
3315 2181 3388 2234 tui
3415 2184 3677 2236 memoria

2093 2267 2163 2324 de
2196 2279 2391 2322 nostro
2427 2278 2646 2339 pectore
2681 2285 2788 2324 non
2829 2270 3085 2338 recedat,
3129 2271 3176 2324 is
3201 2309 3214 2332 ,
3257 2271 3347 2340 qui
3393 2273 3678 2326 cliaritatis

2094 2367 2286 2414 auctor
2312 2369 2428 2424 est,
2475 2361 2844 2417 sincerissimo
2881 2362 3030 2419 cordi
3063 2371 3158 2417 tuo
3189 2371 3414 2416 sanctus
3437 2359 3681 2430 Spiritus

2088 2451 2416 2508 innotescat.
2443 2452 2784 2508 ConScientia
2809 2454 3078 2522 siquidem
3107 2462 3262 2516 teste,
3290 2469 3392 2508 non
3413 2455 3671 2518 utentior,

2093 2545 2214 2600 illos
2239 2545 2404 2600 etiam
2434 2545 2574 2614 apud
2601 2561 2686 2599 me
2710 2543 2792 2600 vis
2813 2556 2918 2600 tune
2942 2546 3245 2600 dilectionis
3275 2546 3506 2611 excedit,
3537 2561 3674 2614 quos

2092 2632 2224 2688 mihi
2260 2634 2601 2688 necessitudo
2635 2649 2904 2704 germanae
2946 2633 3426 2704 consanguinitatis
3462 2635 3671 2687 astrin-

2085 2723 2186 2794 git.
2229 2715 2295 2777 Et
2322 2733 2469 2779 certe
2499 2723 2718 2793 dignutn
2753 2731 2838 2778 est
2862 2731 2926 2778 ut
2954 2721 3170 2778 dilectio
3198 2722 3492 2791 spiritualis
3520 2737 3672 2776 amo-

2089 2828 2205 2868 rem
2243 2822 2460 2884 superet
2495 2813 2700 2869 carnis.
2733 2814 3115 2868 Verumtamen
3155 2810 3339 2874 doleo,
3370 2811 3513 2881 quod
3551 2827 3672 2868 aro-
3767 2854 3769 2857 .

2093 2901 2288 2956 matica
2328 2901 2533 2972 virgula
2588 2903 2731 2958 inter
2777 2900 2978 2956 littorei
3026 2893 3196 2954 sabuli
3241 2900 3457 2969 glareas
3500 2915 3672 2970 nuper

2090 3000 2303 3056 exorta,
2333 2991 2386 3045 in
2411 2993 2599 3046 eodem
2629 2990 2919 3046 subsicicio
2949 2989 3188 3045 cernitur
3219 2989 3380 3042 altius
3407 2989 3667 3043 radicata.
3753 3006 3763 3017 '

2093 3081 2224 3149 Quae
2252 3083 2504 3136 nimirum
2542 3083 2588 3137 si
2623 3083 2689 3136 de
2720 3080 3028 3145 sterilibus,
3064 3079 3120 3133 in
3167 3079 3363 3149 quibus
3401 3088 3671 3150 utcunque

409 3169 540 3225 tate,
566 3172 734 3234 atque
753 3165 942 3221 umbra
977 3168 1100 3236 poni
1123 3143 1368 3235 iubetur,
1399 3170 1528 3239 quid
1550 3185 1652 3240 per
1678 3173 1782 3228 hoc
1808 3143 1988 3243 estpri-
2008 3143 2063 3216 β
2093 3143 2228 3227 vivit
2250 3175 2449 3238 arenis,
2478 3173 2969 3243 transplantaretur
2994 3143 3048 3227 in
3088 3143 3302 3228 hor-tum
3334 3169 3536 3224 militiae
3561 3143 3670 3239 spi-

408 3252 595 3318 mitur,
625 3253 730 3309 nisi
761 3254 849 3308 illa
877 3253 1198 3312 clericorum
1220 3273 1368 3328 pars,
1402 3273 1521 3328 quae
1558 3261 1661 3317 sub
1688 3262 1986 3320 voluntatis
2087 3264 2319 3328 ritualis,
2346 3263 2470 3318 illud
2483 3261 2850 3334 proculdubio
2873 3276 3092 3333 germen
3116 3259 3354 3324 afferret,
3379 3257 3533 3326 cujus
3557 3275 3661 3312 non

410 3339 478 3417 [Ι.
511 3341 826 3418 voluptatis]
869 3345 1081 3412 umbra,
1109 3357 1165 3402 et
1207 3348 1262 3404 in
1291 3347 1438 3404 ﬂuxu
1470 3349 1695 3411 luxuria
1741 3367 1984 3410 commo-
2084 3357 2257 3420 dicam
2291 3357 2517 3422 fructus,
2551 3357 2648 3412 sed
2686 3371 2753 3411 ne
2793 3355 2979 3410 folium
3009 3355 3246 3423 quidem,
3285 3354 3440 3424 juxta
3473 3351 3664 3421 psalmi
3709 3337 3726 3356 '

411 3434 600 3490 ratur?
623 3435 701 3490 De
723 3451 954 3507 quorum
981 3437 1117 3494 duce
1141 3437 1198 3494 in
1227 3437 1366 3495 libro
1388 3438 1490 3497 Job
1507 3440 1775 3498 Dominus
1816 3444 1978 3499 dicit:
2078 3445 2440 3518 praecedentis
2463 3444 2767 3507 oraculum,
2788 3441 3077 3514 deperiret.
3109 3441 3337 3510 Semper
3357 3440 3500 3495 enim
3526 3439 3668 3494 sicut

415 3541 435 3576 ι
479 3522 592 3581 Sub
617 3526 808 3581 umbra
859 3527 1077 3594 dormit,
1120 3527 1176 3582 in
1232 3538 1443 3585 secreto
1493 3531 1712 3599 calami,
1762 3541 1821 3588 et
1849 3533 1986 3590 locis
2083 3535 2276 3589 cedrus
2315 3533 2536 3595 Libani,
2566 3531 2650 3586 vel
2679 3532 2822 3586 sicut
2859 3529 3035 3598 palma
3066 3529 3395 3592 viresceret,
3425 3535 3480 3580 et
3523 3527 3665 3581 sicut

409 3613 1070 3690 bumeutibus(Job.at.).
1106 3637 1126 3673 ι
1161 3617 1450 3691 Protegunt
1483 3622 1688 3679 umbrae
1738 3625 1983 3692 umbram
2065 3623 2222 3683 oliva
2273 3621 2549 3676 fructifera
2597 3621 2651 3674 in
2702 3619 2861 3674 domo
2907 3617 3114 3671 Domini
3159 3615 3400 3686 perpetui
3449 3615 3663 3668 decoris

407 3709 546 3780 ejus,
575 3710 912 3766 circumdant
964 3726 1089 3767 eum
1118 3711 1309 3768 salices
1361 3714 1647 3782 torrentis;
1693 3725 1876 3786 atque,
1924 3726 1985 3772 ut
2079 3715 2228 3770 oleas
2263 3713 2612 3782 germinaret.
2661 3709 2765 3764 Sed
2798 3709 2914 3764 haec
2948 3709 3114 3772 satis,
3147 3720 3434 3774 superque.
3478 3698 3662 3758 Taedet

405 3801 653 3857 ostendat
673 3812 932 3871 quantum
962 3817 1083 3858 cum
1138 3803 1250 3860 suis
1301 3802 1658 3858 familiaribus
1702 3805 1756 3860 iu
1780 3806 1985 3862 habita-
2079 3803 2224 3859 enim
2257 3802 2504 3856 laborare
2529 3800 2875 3863 scribentem,
2905 3798 3045 3869 quod
3075 3813 3181 3852 non
3210 3796 3439 3850 libenter
3469 3795 3661 3849 admit-

409 3892 555 3948 tione
582 3891 820 3949 ﬂuminis
855 3893 1174 3960 delectetur,
1201 3895 1453 3965 protinus
1484 3895 1716 3951 addidit:
1765 3916 1784 3948 ι
1842 3898 1982 3953 Ecce
2083 3903 2196 3949 tere
2224 3891 2537 3963 cognoverit
2563 3889 2884 3952 auditorem.
2918 3886 2985 3942 Et
3010 3885 3100 3939 ubi
3131 3901 3224 3940 cor
3250 3883 3519 3941 audientis
3541 3899 3671 3936 ma-

405 3983 976 4051 absorbebitﬂuvinm,
998 3995 1053 4042 et
1084 4000 1191 4041 non
1213 3986 1494 4042 mirabitur
1513 3986 1736 4059 (Ibid);
1767 3978 1983 4043 {habet
2081 3985 2216 4038 teria
2247 3979 2509 4044 stimulat,
2545 3978 2769 4050 prolixae
2794 3975 3103 4046 scriptionis
3145 3973 3407 4029 articulus
3434 3989 3542 4027 non
3572 3973 3679 4028 tle--

403 4077 549 4131 etiim
578 4077 857 4144 ﬁduciam,
882 4078 1026 4146 quod
1076 4074 1263 4132 inﬂuat
1321 4075 1572 4133 Jordanis
1619 4077 1674 4132 in
1728 4093 1792 4134 os
1842 4077 1978 4147 ejus.
2081 4074 2260 4128 lectat.
2307 4071 2574 4127 (holerum
2616 4068 2660 4124 si
2707 4077 2762 4122 te
2795 4080 3178 4138 cognoscerem
3222 4063 3424 4124 talibus
3464 4077 3680 4117 aurem:

404 4167 558 4236 Quod
588 4177 768 4232 autem
817 4169 1034 4235 dicitur,
1067 4169 1232 4226 fuisse
1255 4170 1490 4241 positum
1513 4169 1566 4225 in
1595 4169 1858 4226 foramine
1886 4185 1979 4241 pc-
2079 4165 2312 4221 libenter
2347 4178 2637 4235 apponere,
2667 4161 2945 4216 videretur
2982 4159 3146 4224 mihi,
3177 4157 3318 4228 quod
3346 4157 3682 4236 Demosthc-_-

403 4267 526 4325 me,
557 4269 736 4330 potest
772 4276 882 4316 non
922 4262 1365 4318 inconvenienter
1403 4261 1626 4335 intelligi
1657 4262 1794 4318 intra
1826 4271 1980 4333 septa
2079 4270 2202 4310 nem
2236 4253 2322 4309 vel
2354 4251 2588 4308 Tullium
2613 4250 2768 4308 facile
2790 4265 3002 4321 possem
3029 4249 3081 4304 in
3104 4249 3369 4302 amuentia
3394 4247 3684 4302 sermonis.

400 4349 678 4408 ecclesias:
709 4350 863 4422 quasi
893 4351 1038 4409 enim
1069 4351 1124 4407 in
1149 4351 1410 4408 foramine
1431 4361 1597 4422 petrae
1617 4352 1796 4408 clerici
1815 4352 1982 4409 reclu-
2079 4361 2312 4416 requare.
2336 4344 2574 4400 Remitte
2595 4343 2726 4398 mihi
2757 4341 2994 4397 libellum
3025 4350 3291 4394 nostrum.
3315 4337 3383 4392 Et
3409 4337 3533 4409 quia
3561 4354 3685 4392 uos-

403 4440 627 4506 duntur,
650 4441 776 4496 dum
821 4441 962 4497 intra
1010 4442 1254 4498 ecclesia:
1310 4443 1492 4497 limina
1547 4443 1661 4499 suis
1706 4444 1977 4499 excubare
2007 4481 2053 4506 η
2081 4451 2276 4492 carnes
2300 4435 2355 4490 in
2380 4435 2616 4490 secunda
2646 4430 2777 4486 feria
2808 4449 2914 4488 non
2945 4429 3308 4492 comedimus,
3337 4427 3539 4497 aliquot
3562 4445 3684 4480 "tl--

403 4531 719 4587 ministeriis
742 4531 926 4587 sedula
950 4532 1232 4603 frequenta
1242 4533 1386 4587 tione
1398 4533 1680 4602 jubentur.
1735 4533 1975 4590 Lumbar

401 4637 530 4692 ergo
551 4623 606 4678 in
631 4624 873 4680 bumenti
897 4623 1014 4680 loco
1040 4626 1268 4695 positum
1301 4625 1528 4696 putruit,
1583 4626 1709 4696 quia
1743 4627 1812 4681 de
1862 4627 1970 4692 his,

402 4713 493 4783 qui
521 4715 578 4770 in
597 4713 824 4770 luxuria:
853 4712 1088 4770 ﬂuxibus
1121 4716 1496 4779 immorantur,
1519 4716 1778 4786 propheta
1809 4723 1975 4771 testa-

403 4815 524 4861 tur:
579 4825 600 4858 ι
658 4806 1121 4878 Computruerunt
1172 4807 1416 4878 jumenta
1476 4807 1530 4862 in
1581 4816 1822 4864 stercore
1874 4823 1974 4863 suo

402 4894 563 4966 (Josl.
593 4897 654 4967 t).
690 4915 710 4948 ι
737 4894 986 4952 Iumenta
1015 4897 1214 4968 quippe
1239 4897 1292 4952 in
1347 4907 1586 4952 stercore
1631 4913 1731 4952 suo
1755 4911 1974 4968 compu-

402 4996 660 5052 trescunt,
683 4985 810 5041 dum
834 4985 1033 5056 quique
1045 4987 1291 5042 carnales
1315 5003 1380 5041 ac
1405 4986 1606 5042 sordidi
1633 4987 1795 5042 vitam
1819 5003 1972 5042 suam

398 5077 455 5134 in
485 5077 710 5132 luxuria:
736 5076 1304 5145 fmtorefconcludunt.
1332 5075 1474 5130 Nulli
1511 5077 1674 5130 etiam
1705 5074 1823 5130 usui
1874 5090 1974 5145 ap-

400 5179 511 5225 tum
537 5177 806 5240 repertum
833 5176 936 5233 est,
963 5167 1089 5238 quia
1115 5176 1169 5221 et
1189 5166 1448 5223 Dominus
1462 5166 1568 5220 ait:
1601 5183 1620 5217 ι
1648 5165 1817 5221 Nemo
1845 5167 1978 5220 mit~

399 5270 520 5319 tens
549 5277 767 5318 manum
783 5276 948 5318 .suam
981 5259 1046 5314 ad
1076 5269 1340 5324 aratrum,
1386 5267 1442 5313 et
1471 5259 1767 5328 respiciens
1798 5268 1965 5322 retro,

399 5362 554 5423 aptus
576 5361 662 5409 est
686 5367 854 5423 regno
879 5353 975 5409 Dei
1006 5350 1157 5422 (Luc.
1192 5350 1291 5412 ix).
1331 5369 1366 5402 ›-
1387 5350 1466 5404 Ac
1490 5351 1534 5404 si
1561 5359 1746 5418 aperte
1773 5349 1922 5405 dicat
1948 5366 1961 5402 :

399 5443 651 5514 Quisquis
666 5443 907 5499 dictante
937 5445 1019 5499 sui
1046 5442 1251 5498 ordinis
1284 5441 1466 5512 regula
1498 5440 1770 5510 pudicitia:
1799 5440 1966 5496 semel

398 5531 624 5600 arripuit
647 5533 863 5597 stivam,
895 5531 938 5584 si
966 5530 1302 5600 postmodum
1334 5542 1431 5596 per
1456 5527 1705 5580 ardorem
1731 5527 1968 5582 libidinis

396 5621 582 5676 oculos
614 5620 843 5677 reﬂectit
895 5622 960 5675 ad
1016 5621 1328 5682 Sodomam,
1377 5619 1501 5689 quia
1544 5617 1656 5687 jam
1686 5627 1965 5702 'moutana

399 5717 674 5789 desperat,
699 5733 867 5788 regno
896 5717 988 5772 Dei
1014 5731 1070 5772 se
1095 5731 1318 5786 prorsus
1346 5711 1590 5769 inutilem
1614 5709 1817 5768 factum
1843 5727 1966 5768 esse

2079 4527 2162 4581 bis
2206 4526 2381 4596 pisces
2431 4525 2585 4595 dirigi
2633 4540 2732 4594 pro
2785 4522 3077 4577 Dominiczc
3126 4519 3433 4574 Nativitatis
3484 4517 3681 4586 κιαι-ἰαί

2078 4616 2448 4688 postulamus;
2504 4624 2562 4668 ut
2612 4613 2754 4683 quod
2805 4611 3064 4667 fratribus
3114 4610 3376 4670 mittitur,
3431 4607 3482 4659 in
3536 4615 3684 4659 luon

2079 4716 2368 4774 utrumque
2392 4703 2568 4758 valeat
2599 4702 2899 4758 redundare
2924 4710 3175 4771 parentes
3197 4716 3212 4763 ;
3237 4707 3500 4767 quatenus
3527 4698 3677 4748 dum;

2079 4795 2214 4852 istos
2247 4794 2471 4850 refectio
2497 4793 3020 4863 terrenarefrigcrat
3041 4832 3056 4857 ,
3087 4806 3183 4859 pro
3213 4789 3315 4842 illis
3345 4788 3676 4841 oraliouutm

2075 4895 2200 4941 vota
2252 4884 2581 4955 persolvant.
2634 4879 3060 4942 Dilectissimos,
3109 4891 3270 4948 atque
3315 4876 3672 4931 dulcissimos.-
3752 4947 3759 4956 ο

2077 4975 2273 5031 fratres
2305 4991 2453 5031 meos
2485 4971 2789 5038 lulianum,
2822 4983 2983 5040 atque
3019 4969 3377 5032 Fuscardum,
3407 4977 3460 5021 et
3499 4983 3661 5037 egre-

2075 5068 2220 5139 gium
2257 5066 2599 5130 Filomelam,
2629 5065 2832 5120 domini
2855 5058 3668 5135 [[-dominum]i,Corbulonem,

2075 5158 2167 5230 qui
2198 5174 2283 5212 tne
2313 5157 2512 5226 (ιορίοεί
2545 5165 2800 5222 sumptus,
2820 5152 3153 5206 humanitate
3187 5149 3409 5213 refecit,
3438 5165 3510 5202 ex
3534 5164 3664 5200 mea:

2073 5255 2228 5318 parte
2249 5247 2442 5312 saluta,
2473 5259 2663 5314 meque
2685 5257 2790 5297 non
2820 5240 3068 5312 frigidum
3098 5241 3149 5295 in
3168 5255 3357 5294 eorum
3385 5237 3670 5292 charitatc:

2073 5335 2350 5393 denuntia.

2079 5429 2176 5484 Pio
2207 5431 2384 5484 lectori
2416 5428 2654 5482 salutem.
2692 5425 2803 5480 Has
2838 5421 3251 5497 duasmepiatolas
3283 5435 3399 5489 qua:
3429 5433 3668 5497 sequuti-

2138 5512 2247 5561 tur,
2272 5502 2365 5553 sub
2387 5497 2574 5552 Lronis
2596 5509 2641 5550 et
2662 5497 2946 5550 Alexmrdri
2974 5489 3324 5546 [tertianorum
3349 5489 3666 5557 pontiﬁcum

2147 5573 2351 5623 nomine
2376 5571 2492 5622 ideo
2521 5570 2604 5620 llic
2635 5568 2974 5638 inserui-tus,
3007 5561 3251 5638 quoniam
3279 5577 3308 5612 η
3343 5561 3401 5613 S.
3443 5561 3668 5638 doctor:

2142 5641 2351 5693 illorum
2379 5642 2582 5692 neruine
2611 5639 2830 5707 scriptas
2863 5634 3025 5704 slylua
3055 5633 3200 5685 docet
3227 5642 3284 5685 et.
3303 5648 3424 5685 mss.
3451 5630 3670 5683 codices.-

2145 5721 2316 5782 apem’
2341 5720 2619 5763 testantur.
