4170 6448
550 329 649 385 347

1007 443 1166 514 150
1203 444 1534 501 El’lS'l'OLA
1580 447 1660 500 v1.

534 547 732 587 1.80le
767 544 914 586 PAPB
954 546 1005 585 lx
1047 546 1114 584 AD
1149 547 1358 587 CLEBUI
1400 549 1470 590 ΕΤ
1507 547 1751 589 ιιορυιιιιι
1789 546 2125 589 ΔῦῙιΙΔΝυΙ.

547 646 941 698 Anconem“.
965 671 1038 682 —
1065 641 1175 696 Leo
1201 640 1270 696 IX
1300 643 1490 697 scribit
1516 644 1583 697 ad
1609 642 1966 708 Ausimanos,
1995 658 2131 712 pra:-

614 713 821 782 cipiens
854 713 956 767 sub
985 713 1348 767 anatliematis
1373 726 1535 782 ptena
1558 754 1571 776 ,
1600 725 1658 767 ut
1687 715 1976 782 pessimam
2007 728 2132 768 con-

615 781 978 853 suetudinem,
1003 797 1125 851 qua:
1151 783 1203 838 in
1230 781 1414 836 eorum
1442 781 1713 853 praecipue
1739 785 1956 838 civitate
1979 783 2132 836 inva-

615 851 806 933 luerat,
833 853 1185 934 corrigerent,
1210 860 1266 934 et.
1287 851 1631 934 abrogarent,
1647 854 1900 908 defuncto
1923 853 2134 934 scilicet

616 921 1100 994 episcopo_,_bona
1151 921 1520 978 ecclesiastica
1569 939 1835 979 concursu
1883 921 2132 994 populari

620 991 762 1045 facto
785 990 1096 1059 diripiendi.

621 1079 729 1133 Leo
765 1081 1079 1148 episcopus,
1127 1095 1315 1136 servus
1348 1097 1630 1138 servorum
1662 1083 1790 1150 Dei,
1827 1084 2039 1139 dilectis
2077 1084 2130 1139 in

547 1173 766 1226 Christo
803 1171 926 1225 filiis
960 1171 1211 1228 omnibus
1248 1174 1600 1240 Auximanis,
1639 1176 1788 1230 clero
1812 1186 1868 1230 et
1902 1175 2164 1256 populo,‘

548 1266 779 1319 salutem
809 1273 864 1318 et
892 1264 1245 1334 apostolicam
1278 1267 1730 1322 benedictionem.

617 1356 754 1423 Quia
791 1366 1014 1414 auctore
1055 1359 1195 1423 Deo,
1226 1361 1308 1415 sic
1337 1360 1491 1415 nobis
1527 1361 1687 1415 unius
1721 1360 1975 1416 Ecclesia:
2003 1377 2130 1415 cura

453 1451 470 1460 ‘
547 1447 852 1515 specialiter
880 1457 964 1504 est
994 1450 1316 1515 commissa,
1358 1457 1419 1503 ut
1447 1465 1545 1521 per
1570 1449 1886 1521 dignitatem
1919 1459 2132 1520 aposto-

549 1537 665 1592 licae
699 1538 845 1593 sedis
879 1539 1042 1594 etiam
1082 1549 1401 1595 caeterarum
1448 1539 1814 1595 Ecclesiarum
1859 1541 2132 1612 generalis

547 1628 619 1679 sit
640 1628 878 1697 provisio
899 1628 1166 1698 delegata,
1191 1639 1379 1684 nostro
1401 1638 1707 1700 competere
1729 1629 1940 1685 videtur
1959 1629 2133 1685 cilicio

548 1734 654 1772 non
683 1719 855 1773 solum
891 1734 1010 1788 qua;
1047 1718 1312 1775 hactenus
1337 1719 1596 1774 adversus
1621 1721 1838 1774 easdem
1859 1719 2132 1774 Ecclesias

1090 328 1147 384 Β.
1196 330 1397 385 PETRI
1441 328 1721 384 DAMYANI
1747 326 1902 383 OPI'.
1946 326 2124 386 l’AllS

2228 325 2296 382 βυ
2340 322 2577 378 TOMUS
2609 324 2650 378 l.
2695 355 2760 365 ——
2802 323 3021 377 EPIST.
3058 322 3182 377 LIB.
3231 321 3360 376 VIII.

3721 320 3828 374 ’518

2156 448 2201 504 Α
2233 441 2490 495 lationem
2527 439 2667 495 felici
2696 437 3024 496 commercio
3063 445 3461 508 promerentur,
3493 451 3831 508 consequen-

2235 541 2319 587 ter
2343 532 2507 586 ctiam
2536 531 2643 596 illi,
2671 531 2760 601 qui
2793 529 3192 586 ecclesiasticas
3224 527 3512 583 facultates
3540 529 3828 584 barbarica

2233 623 2447 677 feritate
2477 623 2768 693 diripiunt,
2796 623 2850 676 in
2879 632 3096 677 aeternae
3125 622 3486 677 damnationis
3515 623 3828 694 voraginem

2235 713 2453 767 cadunt.
2483 713 2585 780 Qui
2618 713 2872 768 nimirum
2898 728 3038 768 novo
3065 723 3119 767 et
3145 713 3553 782 incomparabili
3582 715 3829 770 criminis

2234 820 2432 874 genere
2480 807 2558 860 sic
2600 803 2880 860 Iudaicam
2932 804 3211 874 perﬁdiam
3261 815 3557 875 superant,
3611 814 3668 860 ut
3717 823 3826 862 non

2235 897 2394 950 modo
2419 896 2698 966 gentilium
2725 910 2998 961 errorem,
3031 896 3124 950 sed
3152 903 3208 950 et
3238 896 3616 950 haereticorum
3645 898 3824 966 pravi-

2235 991 2401 1038 tatem
2441 985 2872 1039 detestabiliores
2922 985 3205 1038 excedant.
3251 985 3298 1038 Α
3343 985 3538 1054 quibus
3578 986 3826 1041 videlicet

2233 1073 2483 1130 Christus
2530 1076 2726 1130 iterum
2769 1075 3126 1146 crucifigitur,
3167 1084 3222 1129 et
3249 1091 3448 1144 corpus
3487 1076 3641 1146 ejus,
3681 1079 3824 1146 quod

2235 1177 2319 1221 est
2357 1166 2619 1231 Ecclesia,
2650 1167 2939 1221 crudeliter
2983 1167 3272 1221 laceratur.
3313 1167 3661 1236 Reprimatur
3693 1183 3824 1238 ergo

2235 1271 2400 1312 ausus
2430 1257 2673 1322 illicitus,
2702 1267 2756 1312 et
2785 1258 3023 1312 nefarius
3047 1257 3324 1312 diabolicae
3350 1258 3712 1328 instigationis
3736 1275 3827 1314 co-

2235 1347 2486 1401 hibeatur
2507 1360 2786 1401 excessus.
2820 1347 3102 1400 Abstineat
3133 1362 3326 1402 manus
3361 1350 3538 1402 audax
3567 1347 3828 1403 ecclesia-

2237 1439 2377 1494 stico
2423 1438 2783 1509 patrimonio,
2834 1455 2902 1493 ne
2945 1439 3119 1494 vietus
3161 1454 3456 1510 pauperum
3496 1449 3717 1508 pereat;
3756 1455 3826 1496 ne

2233 1529 2376 1598 quod
2415 1545 2478 1583 ex
2516 1528 2788 1584 oblatione
2831 1528 3065 1586 fiﬁelium
3098 1528 3213 1597 jam
3246 1530 3354 1585 Deo
3388 1530 3589 1586 factum
3625 1541 3709 1587 est
3735 1545 3827 1587 sa-

2233 1620 2498 1675 crificium
2521 1660 2536 1685 ,
2567 1621 2744 1691 praada
2774 1630 3048 1691 raptorum
3081 1622 3191 1674 fiat.

2247 1739 2253 1742 -
2305 1711 2560 1781 Quisquis
2591 1720 2771 1765 autem
2814 1711 2973 1781 hujus
3013 1713 3182 1766 nostri
3212 1712 3413 1767 decreti
3445 1714 3719 1783 improbus
3745 1724 3825 1771 te-

549 1811 856 1866 [cmerarijs
896 1811 1118 1865 ausibus
1163 1821 1291 1866 sunt
1332 1820 1588 1882 usurpata
1612 1852 1628 1877 ’
1671 1812 1946 1882 corrigam
1979 1826 1992 1865 ε
2039 1811 2133 1866 sed
2237 1813 2473 1856 merator
2515 1803 2819 1866 exstiterit,
2859 1821 2922 1858 ex
2970 1813 3122 1874 parte
3298 1806 3724 1875 onmipotentis,
3768 1813 3825 1861 οἱ

546 1901 709 1954 etiam
740 1915 806 1955 ne
835 1915 1023 1954 rursus
1049 1902 1238 1956 eadem
1269 1910 1597 1972 praesumant
1624 1903 1678 1956 in
1711 1911 1985 1972 posterum
2012 1918 2136 1973 pro-

547 1989 749 2044 videre.
791 1988 1107 2043 Perversam
1143 1997 1356 2056 autem,
1391 2000 1447 2046 et
1483 2007 1704 2061 prorsus
1742 1993 2134 2048 exsecrabilem

544 2080 901 2148 quorumdam
931 2079 1164 2149 plebium
1192 2083 1660 2148 consuetudinem,
1692 2082 1834 2138 fama
1858 2083 2132 2154 vulgante,

545 2171 920 2240 cognovimus,
949 2181 1010 2226 ut
1045 2172 1296 2228 videlicet
1324 2189 1422 2228 suo
1447 2174 1701 2230 defuncto
1728 2176 2002 2245 episcopo,
2037 2177 2134 2232 do-

549 2271 695 2314 mum
717 2261 951 2331 episcopi
980 2263 1250 2318 hostiliter
1276 2264 1638 2335 irrumpentcs
1669 2267 1943 2331 invadant,
1973 2267 2135 2323 facul-

541 2358 684 2407 tates
741 2351 858 2419 ejus
899 2352 1211 2422 praedonum
1275 2371 1429 2412 more
1471 2358 1763 2428 diripiant,
1809 2360 2131 2428 prrediorum

543 2443 734 2495 domos
772 2441 1096 2508 incendant,
1132 2443 1271 2500 vites
1309 2445 1530 2516 insuper
1567 2456 1621 2500 et
1664 2447 1880 2503 arbusta
1922 2449 2131 2504 hcstiali

543 2531 898 2589 immaniores
932 2533 1149 2591 feritate
1191 2537 1492 2592 succidant.
1530 2538 1682 2605 Quod
1731 2541 1985 2595 nimirum
2026 2541 2130 2597 nisi

535 2623 897 2681 ecclesiastici
933 2627 1133 2696 vigoris
1166 2627 1329 2684 fuerit
1356 2644 1584 2685 censura
1617 2643 1919 2687 correctum
1939 2673 1955 2700 ,
1987 2631 2132 2688 haud

541 2715 763 2769 dubium
790 2716 920 2786 quin
953 2717 1266 2788 regionibus
1299 2719 1404 2775 illis
1433 2706 1698 2791 repentini
1733 2721 1933 2778 furoris
1962 2723 2134 2779 immi-

541 2813 670 2858 neat
698 2805 925 2876 gladius.
954 2806 1010 2862 Si
1038 2810 1180 2863 enim
1211 2810 1481 2866 honorare
1512 2821 1764 2880 parentes
1790 2813 2023 2882 primum
2051 2813 2135 2868 dia-

542 2893 687 2946 eitur
733 2893 786 2948 in
836 2897 1258 2965 repromissione
1305 2901 1655 2967 mandatum;
1708 2902 1752 2957 si
1806 2902 2133 2960 maledicens

541 2986 715 3054 patri,
756 2986 839 3039 vel
887 2989 1043 3042 matri
1091 2989 1337 3045 mulctari
1378 3002 1552 3046 morte
1594 2993 1904 3063 praecipitur
1935 3009 1949 3048 :
1979 2995 2132 3066 cujus

541 3075 1029 3132 animadversionis
1067 3080 1334 3135 sententia
1370 3082 1518 3153 digni
1565 3093 1723 3150 sunt,
1757 3087 1847 3155 qui
1876 3102 1980 3142 non
2006 3103 2127 3142 car-

541 3163 691 3218 uales
715 3166 986 3234 genitores
1011 3169 1258 3240 persequi
1284 3151 1540 3241 gestiunt,
1573 3174 1668 3228 sed
1701 3151 1868 3243 ipsam
1900 3185 2129 3232 matrem
2155 3151 2203 3216 (ἶ

546 3269 693 3310 suam
726 3257 1022 3312 Ecelesiam
1043 3302 1056 3324 ,
1104 3260 1158 3314 in
1196 3275 1300 3331 qua
1331 3277 1397 3318 ex
1430 3277 1567 3334 aqua
1611 3274 1667 3320 et
1695 3266 1896 3336 Spiritu
1939 3276 2130 3327 sancto

551 3349 847 3412 regenerati
881 3361 1000 3401 sunt
1033 3350 1336 3420 viperinnm
1379 3371 1550 3425 genus
1590 3357 1853 3428 dissipare
1885 3372 2113 3419 conten-

545 3437 718 3491 dunt?
761 3436 873 3492 Etsi
925 3442 1069 3494 enim
1122 3446 1375 3499 sacerdos
1427 3448 1654 3514 quilibet
1692 3465 1754 3504 ex
1793 3453 1979 3508 debito
2010 3455 2112 3511 hu-

543 3543 721 3585 mana:
739 3531 1067 3587 conditionis
1091 3533 1253 3601 ehiit;
1279 3535 1372 3590 sed
1396 3535 1668 3604 Christus,
1693 3541 1783 3609 qui
1807 3546 2115 3602 animarum

545 3627 853 3673 nostrarum
882 3621 1167 3690 episcopus
1188 3631 1271 3676 est
1301 3622 1350 3694 (1
1381 3623 1527 3681 Petr.
1557 3627 1641 3697 ιι),
1666 3643 1730 3681 ex
1761 3628 1957 3689 virtute
1975 3635 2116 3690 divi-

531 3707 725 3762 unitatis
767 3709 819 3763 in
861 3719 1122 3768 teternum
1155 3715 1306 3771 vivit.
1351 3715 1505 3774 Sicut
1542 3721 1685 3775 enim
1721 3701 1919 3782 Paulus
1953 3726 2123 3785 dicit:

540 3815 559 3845 ι
591 3795 779 3852 Plures
817 3798 944 3854 facti
985 3810 1111 3856 sunt.
1148 3807 1463 3862 sacerdotes
1493 3809 1787 3866 secundum
1821 3811 2026 3885 legem,
2061 3830 2127 3871 eo

528 3889 678 3955 quod
711 3899 886 3946 morte
921 3893 1340 3962 prohiberentur
1370 3911 1723 3967 permanere;
1758 3899 1915 3961 Jesus
1945 3917 2122 3962 autem

529 3995 599 4032 eo
639 3983 780 4050 quod
825 3997 1042 4039 maneat
1087 3986 1139 4039 in
1184 3998 1486 4056 mternum,
1526 3994 1912 4064 sempiternum
1962 3998 2124 4055 habet

534 4070 896 4126 sacerdotium
951 4073 1138 4144 (Hebr.
1190 4077 1307 4149 vn).
1341 4097 1359 4130 ι
1411 4080 1576 4136 Deum
1621 4099 1751 4157 ergo
1799 4087 2124 4146 inhonorare

530 4158 894 4225 convincitur,
937 4163 1028 4231 qui
1079 4166 1293 4221 mortali
1340 4167 1591 4240 episcopo
1637 4171 1876 4245 [vivente
1915 4178 2121 4252 addid.]

538 4256 752 4303 terrena
789 4265 1012 4322 pressus
1052 4253 1337 4312 formidine
1359 4299 1374 4325 ,
1417 4261 1484 4316 ab
1520 4261 1772 4320 Ecclesiae
1803 4282 1862 4322 se
1907 4267 2123 4326 itcSione

527 4339 812 4408 cohibuit;
847 4342 1101 4399 defuncto
1143 4356 1322 4403 autem
1363 4363 1460 4418 eo,
1490 4353 1558 4409 ad
1601 4354 1850 4425 injuriam
1887 4359 2120 4428 Christi,

526 4431 625 4501 qui
662 4433 980 4490 immortalis
1011 4435 1266 4496 Ecclesia:
1298 4456 1526 4511 sponsus
1553 4454 1656 4512 est,
1695 4446 1766 4503 fel
1797 4450 1925 4510 odii.
1961 4452 2114 4524 151

525 4532 585 4577 et
613 4524 760 4579 virus
799 4525 1049 4595 malitite,
1091 4531 1232 4599 quod
1261 4541 1485 4589 eatenus
1519 4537 1864 4602 occultabat,
1910 4541 2115 4600 eﬂ‘udit.

530 4614 596 4667 Et
625 4615 871 4671 fortassis
893 4618 1177 4689 episcopus
1210 4621 1263 4675 in
1291 4624 1397 4679 vita
1428 4641 1522 4682 sua
1553 4627 1787 4700 aliquem
1819 4631 1955 4688 laasit
1979 4649 1994 4687 :
2023 4636 2114 4690 sed

526 4704 804 4772 Christus,
831 4709 922 4778 qui
961 4709 1215 4767 Ecclesia:
1245 4725 1429 4771 custos
1452 4717 1671 4774 relictus
1700 4729 1802 4787 est,
1833 4724 1960 4792 quid
1990 4740 2116 4794 pec-

527 4797 710 4849 cavit?
747 4796 802 4852 Si
830 4813 959 4869 ergo
989 4799 1082 4867 illi,
1113 4796 1458 4872 qui.nocnit:
1486 4809 1687 4864 malum
1713 4828 1810 4880 pro
1838 4815 1978 4868 malo
2007 4831 2112 4870 non

527 4885 800 4953 redditur,
835 4903 934 4944 cur
975 4899 1179 4947 aeterno
1201 4893 1450 4950 Pontiliei
1473 4937 1487 4962 ,
1525 4898 1616 4966 qui
1654 4899 1813 4955 nobis
1850 4902 1987 4957 bona
2017 4920 2116 4973 pro

526 4976 690 5030 malis
729 4979 994 5046 reddidit,
1049 4986 1351 5040 reverentia
1387 5002 1493 5041 non
1539 4988 1812 5045 habetur?
1837 4990 2118 5048 Verumta-

526 5083 652 5124 tnen
680 5067 723 5122 si
757 5068 1010 5125 Ecclesia:
1037 5075 1216 5142 praedo
1245 5075 1338 5131 Dei
1371 5077 1566 5133 Filium
1593 5080 1950 5139 immortalem
1989 5102 2116 5156 pro-

521 5158 612 5210 c-il
630 5158 792 5213 dubio
819 5161 1126 5229 pontiﬁcem
1155 5167 1422 5234 crederet,
1450 5169 1495 5224 si
1512 5185 1635 5224 eum
1661 5172 1861 5242 ubique
1887 5190 2116 5244 praesen-

524 5259 667 5313 tem,
715 5251 897 5304 omnia
943 5267 1102 5307 nosse
1153 5271 1216 5309 ac
1257 5271 1418 5324 posse
1471 5260 1884 5329 consideraret,
1929 5279 2112 5322 coram

520 5340 644 5405 ejus
676 5341 846 5396 oculis
875 5343 1161 5399 admittere
1206 5354 1312 5400 tam
1354 5347 1608 5418 impium,
1644 5360 1755 5408 tam
1791 5355 2111 5428 sacrilegum

523 5431 736 5486 facinus
762 5451 868 5488 non
895 5437 1137 5491 auderet.
1168 5436 1274 5492 Sed
1295 5453 1422 5494 vere
1445 5440 1498 5495 in
1523 5441 1614 5498 illo
1639 5445 1940 5514 completur
1969 5451 2111 5518 quod

522 5534 626 5590 per
651 5521 991 5582 Psalmistam
1033 5528 1228 5584 dicitur
1262 5547 1277 5586 :
1317 5549 1336 5584 ι
1371 5531 1518 5588 Dixit
1548 5535 1810 5607 insipiens
1848 5538 1901 5592 in
1949 5543 2112 5598 corde

521 5627 626 5667 suo
656 5631 670 5665 :
706 5613 818 5670 Non
859 5628 940 5673 est
985 5620 1121 5703 Deus
1157 5620 1328 5692 (Psal.
1380 5624 1523 5696 xm).
1559 5645 1576 5678 ι
1624 5627 1792 5684 Porro
1834 5631 1877 5684 si
1911 5630 1982 5698 ii,
2016 5633 2105 5703 qui

522 5708 667 5762 bona
702 5723 796 5762 sua
837 5702 1094 5769 Ecclesia:-
1128 5715 1448 5784 conferunt,
1487 5720 1690 5791 proprii
1728 5730 1912 5778 reatus
1953 5702 2102 5781 ahso-

2237 1891 2557 1947 auctoritate
2605 1892 2886 1948 beatorum
2937 1895 3301 1962 apostolorum
3347 1893 3493 1950 Petri
3537 1907 3592 1948 et
3635 1895 3821 1962 Pauli,

2236 1980 2802 2036 anatbeinatizandum
2849 1999 2970 2038 esse
3013 1983 3384 2047 decernimus,
3425 1993 3481 2038 et
3529 1993 3588 2038 ut
3636 1999 3821 2039 revera

2234 2071 2509 2140 putridum
2538 2073 2838 2127 membrum
2863 2073 3440 2129 excommunicationis
3471 2075 3616 2129 ferro
3642 2091 3672 2128 a
3695 2091 3824 2129 san-

2234 2170 2338 2216 ctae
2375 2161 2633 2217 Ecclesia:
2675 2179 2900 2233 corpore
2931 2167 3329 2219 dctruncamus.
3371 2165 3455 2218 Sit
3499 2166 3679 2236 igitur,
3720 2167 3821 2223 nisi

2233 2252 2556 2322 resipiscat,
2600 2255 2884 2308 anathema
2931 2254 3248 2309 Maranalha
3293 2254 3342 2326 (Ι
3375 2254 3500 2309 Cor.
3546 2256 3823 2326 xvr),om-

2233 2355 2439 2412 ncsque
2475 2343 2880 2398 maledictiones
2911 2343 3080 2399 llcbal
3121 2344 3300 2415 (Deut.
3335 2345 3507 2414 xxvn)
3545 2361 3709 2415 super
3735 2361 3828 2399 ca-

2232 2439 2332 2501 put
2393 2446 2550 2486 suum
2610 2432 2954 2487 descendisse
3012 2441 3319 2503 cognoscat.
3377 2431 3828 2488 Observaloribus

2231 2529 2413 2574 autem
2460 2519 2725 2590 gloriam,
2766 2532 2820 2576 et
2865 2522 3125 2576 honorem
3153 2561 3168 2586 ,
3237 2531 3291 2575 et
3340 2522 3822 2590 incorruptionem,

2231 2612 2602 2680 quaerentibus
2629 2611 2796 2665 vitam
2828 2620 3108 2666 mternam.
3139 2611 3338 2665 Amen.

2787 2727 3119 2785 EPISTOLA
3161 2729 3270 2784 VII.

2230 2835 2530 2875 Διειλιωιιι
2580 2835 2728 2876 ΡΔΡΕ
2765 2835 2804 2874 ΙΙ
2852 2835 2920 2873 ΑΙ)
2967 2817 3178 2873 οιειιωι
3227 2834 3298 2874 ΕΤ
3338 2831 3581 2874 Ροιδυιωι
3632 2831 3826 2873 ιευιο·

2879 2904 3172 2944 ιΔΝειιδειι.

2231 2999 2628 3058 Διισυιιιιιιτιιιι.
2658 3032 2728 3042 -
2749 3003 3055 3058 Alexander
3079 3000 3118 3055 ll
3138 3041 3152 3064 ,
3185 2999 3597 3055 Mediolanensis
3624 2999 3821 3069 patria,

2307 3070 2585 3126 Romanus
2615 3074 2855 3143 pontifex
2888 3081 3123 3136 creatus,
3152 3071 3344 3125 scribit
3374 3072 3513 3124 hanc
3542 3069 3824 3139 epistolam

2304 3143 2374 3213 ad
2413 3157 2538 3198 suos
2566 3144 2743 3210 cives,
2777 3143 2830 3198 in
2859 3158 2963 3213 qua
2995 3152 3284 3213 postquam
3313 3149 3589 3213 paternam
3610 3180 3632 3213 ,ί
3657 3155 3822 3211 quam

2303 3210 2371 3283 de
2417 3226 2603 3283 eorum
2646 3213 2821 3268 salute
2863 3210 3116 3283 gerebat.
3145 3210 3823 3283 sollicitudinem_huma-

2304 3281 2543 3336 nissimis
2566 3284 2746 3338 verbis
2765 3279 3025 3346 ostendit,
3057 3281 3325 3344 hortatur,
3353 3281 3565 3337 nt‘nibil
3594 3279 3821 3344 humile,

2300 3351 2437 3423 nihil
2467 3359 2738 3408 terrenum
2771 3354 3105 3423 cogitantes,
3146 3352 3213 3405 ad
3239 3350 3481 3406 caelestia
3514 3359 3626 3405 toto
3653 3351 3821 3405 animi

2301 3419 2505 3491 impetu
2544 3431 2599 3477 et
2631 3424 2825 3478 ardore
2841 3419 2916 3478 'se
2942 3422 3222 3477 extollant.

2299 3532 2628 3589 Acumen
2657 3537 2942 3606 episcopus
2962 3576 2976 3598 .
3007 3551 3197 3591 servus
3227 3551 3505 3592 servorum
3541 3535 3668 3599 Dei,
3699 3550 3822 3588 om-

2228 3619 2390 3677 nibus
2428 3623 2944 3688 Mediolancnsibus,
2981 3625 3127 3680 clero
3157 3633 3208 3681 el
3241 3625 3469 3696 populo,
3507 3625 3734 3680 salutem
3763 3631 3820 3678 et

2229 3716 2581 3782 apostolicam
2614 3717 3062 3771 benedictionem.

2298 3808 2474 3864 Divini
2515 3807 2703 3880 jndicii
2743 3809 3095 3878 dispositione
3137 3808 3409 3877 provisum
3450 3816 3566 3871 est,
3605 3817 3666 3861 ut
3709 3805 3819 3861 Me-

2226 3898 2554 3966 diolanensis
2599 3897 2854 3954 Ecclesia:
2900 3897 3040 3953 filius
3067 3938 3080 3962 ,
3132 3909 3187 3952 et
3235 3899 3605 3953 Ambrosianis
3657 3897 3816 3969 152

2225 3991 2484 4045 uberibus
2512 3988 2864 4055 sublactatus,
2894 3989 2961 4044 ad
2994 3989 3307 4044 famulatum
3331 3989 3640 4060 apostolica:
3668 3989 3816 4043 sedis

2226 4079 2476 4150 indignus
2503 4079 2872 4142 ascenderem,
2899 4093 2962 4132 ac
2989 4079 3149 4132 matri
3181 4079 3420 4132 omnium
3451 4077 3816 4132 Ecclesiarum

2223 4171 2508 4240 pastoralis
2543 4184 2687 4226 cura:
2726 4168 3086 4224 sollicitudine
3115 4169 3462 4224 deservirem.
3503 4167 3654 4223 Unde
3688 4181 3818 4224 cum

2226 4263 2389 4316 totius
2429 4261 2746 4317 universalis
2788 4260 3042 4315 Ecclesiae
3076 4277 3205 4315 cura
3237 4261 3391 4338 nobis
3431 4275 3536 4315 non
3562 4260 3694 4314 levis
3733 4260 3814 4314 in-

2223 4353 2472 4416 (umbat,
2514 4351 2834 4422 propensius
2863 4352 3004 4406 circa
3048 4367 3140 4406 vos
3170 4352 3282 4422 ipsa
3315 4361 3505 4407 natura
3551 4366 3650 4407 nos
3687 4366 3814 4420 pro-

2224 4453 2380 4498 vocat
2419 4458 2539 4498 esse
2573 4443 2858 4514 pervigiles
2887 4461 2900 4496 :
2940 4452 2999 4498 ut
3026 4444 3170 4498 unde
3206 4459 3306 4498 nos
3338 4453 3549 4498 constat
3585 4443 3813 4515 originis

2224 4533 2444 4588 duxisse
2473 4532 2847 4603 primordium,
2889 4531 2960 4588 ibi
2997 4534 3160 4587 etiam
3197 4533 3416 4603 majoris
3449 4534 3515 4588 ad
3552 4544 3810 4588 azternam

2223 4624 2452 4679 salutem
2486 4623 2780 4678 habeamus
2822 4622 3197 4678 sollicitudinis
3228 4622 3641 4677 incrementum.
3675 4622 3808 4678 Nam

2220 4726 2276 4770 et
2305 4716 2442 4786 ignis
2479 4731 2540 4770 ea
2570 4717 2718 4786 prius
2746 4717 2887 4787 ligna
2918 4715 3245 4788 conﬂagrat,
3277 4732 3342 4771 ex
3377 4716 3572 4786 quibus
3599 4715 3806 4781 oritur;

2220 4817 2275 4862 et
2301 4809 2420 4864 fons
2448 4809 2566 4863 illas
2591 4817 2715 4864 ante
2736 4809 2918 4865 omnia
2944 4819 3102 4865 terra:
3127 4824 3290 4864 venas
3320 4810 3569 4875 infundit,
3597 4824 3661 4863 es
3689 4807 3808 4878 qni-

2222 4902 2322 4955 bus
2376 4903 2646 4971 proﬂuens
2697 4902 2990 4956 derivatur.
3043 4899 3195 4956 Unde
3242 4916 3369 4967 vos,
3425 4900 3805 4970 dilectissimi,

2221 5002 2459 5061 paterna:
2479 4993 2784 5049 dilectionis
2815 4994 2994 5049 studio
3018 4994 3386 5057 cohortamur,
3415 5002 3474 5048 ut
3512 4993 3580 5052 ad
3608 4997 3804 5053 malum

2219 5099 2281 5138 se
2320 5095 2496 5138 vester
2536 5085 2756 5153 spiritus
2782 5085 2989 5156 erigat,
3016 5085 3324 5154 deceptoria
3353 5094 3688 5145 terreiiarum
3721 5106 3809 5145 re-

2221 5191 2340 5230 rum
2362 5215 2376 5240 ,
2406 5184 2461 5230 et
2496 5175 2698 5231 caduca
2740 5175 2888 5231 lucra
2916 5185 3248 5242 contemnat,
3285 5178 3354 5237 ab
3395 5195 3576 5237 amore
3601 5181 3806 5236 caenosi

2219 5265 2380 5335 hujus
2407 5267 2587 5320 mundi
2620 5284 2678 5322 se
2707 5270 2999 5337 prudenter
3024 5268 3296 5340 expediat,
3327 5276 3393 5329 ad
3423 5274 3696 5330 Creatoris
3721 5273 3802 5328 sui

2218 5357 2542 5412 desiderium
2581 5359 2887 5413 medullitus
2914 5359 3239 5422 inardescat.
3286 5367 3426 5422 Estis
3460 5367 3604 5421 enim
3623 5405 3639 5430 ,
3666 5365 3804 5420 sicut

2216 5449 2406 5504 beatus
2427 5451 2559 5505 dicit
2598 5451 2889 5520 9POSIOIUB.
2921 5469 2940 5504 ι
2972 5451 3119 5514 Gens
3145 5468 3349 5523 sancta,
3374 5457 3600 5528 populus
3621 5455 3806 5525 acqui-

2215 5540 2448 5603 sitionis,
2483 5549 2542 5594 ut
2568 5540 2798 5596 virtutes
2826 5549 3160 5603 aninmtietis
3185 5550 3320 5619 ejus,
3349 5549 3440 5618 qui
3471 5549 3536 5602 de
3563 5546 3804 5602 tenebris

2215 5647 2310 5685 vos
2360 5632 2571 5687 vocavit
2599 5631 2652 5686 in
2679 5633 2993 5693 admirabile
3025 5638 3200 5692 lumen
3234 5656 3387 5695 suum
3425 5639 3476 5708 (1
3504 5637 3649 5692 Petr.
3681 5641 3796 5703 ιι).ι

2214 5723 2416 5793 Quibus
2432 5740 2558 5797 ergo
2569 5723 2856 5786 bact'etiitas
2874 5732 3234 5786 izu'ont-onina
3245 5743 3316 5800 ta,
3338 5731 3803 5787 itmnareescibilis
