4170 6464
373 354 476 407 5i9

368 570 611 611 amorem
649 556 807 610 rebus
836 555 906 610 sit
934 554 1172 609 involuta
1206 554 1454 609 terrenis.

436 647 639 713 Plane,
658 646 785 716 quia
826 646 992 701 etiam
1022 645 1330 715 vulgaribus
1359 645 1651 714 loquimur,
1685 645 1956 717 vulgatum

365 736 665 809 Scriptum
686 736 1051 792 testimonium
1080 736 1335 791 libentius
1356 736 1694 791 adhibemus.
1723 736 1957 790 Memen-
2000 786 2001 789 η

367 838 480 885 tote
517 830 733 898 itaque,
761 826 958 882 fratres
990 827 1118 891 mei,
1145 826 1287 896 quod
1321 827 1372 881 in
1399 826 1646 882 oratione
1678 825 1955 880 Dominica

364 920 589 974 dicitis:
620 936 639 969 ι
670 917 834 972 Pater
865 924 1070 981 noster,
1110 916 1200 986 qui
1234 931 1296 971 es
1340 916 1392 970 in
1425 914 1576 971 ccelis
1605 913 1818 985 (Matth.
1843 929 1953 980 vn;

368 1010 496 1065 Luc.
533 1011 631 1081 xt).
662 1029 681 1063 ι
725 1010 896 1078 Quem
936 1010 1117 1078 itaque
1156 1017 1364 1078 patrem
1400 1022 1657 1063 vocamus
1679 1047 1695 1072 ,
1731 1006 1797 1061 ad
1840 1006 1955 1074 ejus

364 1099 735 1154 haireditatem
792 1107 905 1152 tota
962 1097 1160 1151 mentis
1208 1095 1647 1167 concupiscentia
1693 1092 1955 1150 festinare

362 1190 642 1247 debemus.
668 1189 744 1245 De
770 1199 983 1246 terrena
1012 1205 1175 1260 porro
1203 1190 1517 1245 haereditate
1544 1189 1805 1260 scriptum
1828 1200 1949 1245 est:

367 1298 393 1333 ο
422 1279 740 1346 llaereditas,
769 1281 836 1335 ad
864 1296 1027 1350 quam
1056 1281 1106 1334 in
1135 1281 1401 1351 principio
1427 1279 1735 1346 festinatur,
1765 1280 1820 1335 in
1850 1294 1955 1335 no-

363 1371 587 1426 vissimo
616 1372 993 1428 benedictione
1025 1372 1233 1427 carebit
1269 1370 1455 1443 (Prov.
1486 1370 1599 1443 xx).
1632 1390 1652 1425 ι
1686 1370 1798 1427 Cur
1822 1386 1953 1443 ergo

362 1478 487 1517 cum
510 1464 764 1531 dicimus,
792 1483 813 1516 ο
848 1464 1012 1521 Pater
1036 1474 1242 1531 noster,
1272 1485 1291 1517 ι
1325 1475 1521 1536 praesto
1555 1464 1954 1535 subiungimus,

367 1569 389 1603 ο
418 1553 509 1621 qui
538 1566 598 1608 es
632 1552 686 1607 in
714 1553 906 1610 caelis?
938 1574 958 1609 ι
994 1564 1048 1610 et
1079 1571 1186 1611 non
1222 1555 1424 1627 potius,
1458 1555 1549 1626 qui
1575 1569 1638 1610 es
1672 1556 1729 1610 in
1757 1556 1951 1623 terris;

360 1642 612 1698 videlicet
647 1658 769 1714 qua:
798 1644 957 1701 nobis
1000 1645 1243 1702 notiores
1281 1646 1451 1701 sunt?
1479 1646 1626 1714 sive,
1659 1646 1752 1715 qui
1795 1661 1856 1702 es
1895 1646 1949 1702 in

360 1734 545 1802 aquis,
567 1743 661 1788 aut
690 1735 747 1790 in
773 1735 1002 1809 abyssis,
1030 1751 1151 1791 cum
1182 1734 1380 1807 ubique
1408 1724 1550 1793 Deus
1579 1737 1670 1803 sit,
1710 1737 1953 1808 nihilque

361 1825 433 1878 ab
452 1822 568 1893 ejus
597 1827 986 1898 omnipotentia
1017 1843 1245 1883 vacuum
1269 1829 1381 1885 sit?
1400 1828 1503 1885 Sed
1532 1844 1654 1885 cum
1684 1829 1949 1895 dicimus,
1981 1853 2022 1910 η

366 1934 385 1965 ι
406 1916 570 1972 Pater
590 1929 797 1983 noster,
828 1937 848 1973 ι
877 1918 1083 1975 idcirco
1102 1920 1373 1986 addimus,
1404 1937 1425 1972 ο
1451 1920 1542 1990 qui
1563 1934 1625 1976 es
1646 1921 1702 1976 in
1722 1920 1895 1987 caelis,
1922 1939 1945 1973 ›

360 2018 417 2064 ut
444 2011 515 2066 ad
545 2008 688 2065 illam
728 2011 1010 2068 ctrlestem
1050 2011 1418 2068 baereditatem
1455 2026 1581 2068 sese
1619 2021 1806 2067 noster
1835 2012 1951 2066 ani-

358 2115 484 2163 mus
503 2099 678 2170 erigat
707 2118 723 2154 :
753 2109 918 2171 atque
944 2101 997 2155 in
1037 2109 1149 2156 tam
1184 2101 1417 2157 sublime
1443 2114 1663 2171 germen
1708 2100 1948 2166 ascitus,

360 2200 416 2243 ut
459 2190 530 2245 sit
556 2189 731 2246 haeres
769 2192 911 2259 Dei,
948 2201 1161 2247 terrena
1209 2192 1460 2263 quaalibet
1494 2192 1806 2257 ignobiliter
1836 2208 1945 2248 non

360 2282 619 2351 requirat.
663 2282 953 2340 Enimvero
982 2293 1136 2355 pater
1164 2283 1287 2339 ﬁdei
1318 2284 1594 2340 Abraham
1632 2285 1816 2354 plures
1841 2285 1945 2341 ba-

357 2374 474 2428 buit
502 2374 663 2440 ﬁlios,
690 2376 783 2430 sed
807 2375 955 2431 solus
981 2376 1071 2431 ille
1094 2376 1311 2441 nobilis,
1338 2377 1429 2445 qui
1459 2375 1559 2431 fuit
1587 2377 1776 2433 uxoris
1804 2394 1818 2430 :
1851 2378 1943 2447 qui

359 2480 493 2521 vero
535 2480 599 2520 ex
654 2468 1078 2523 concubinarum
1134 2476 1259 2524 sunt
1312 2469 1653 2547 ignobilitate
1703 2471 1942 2540 suscepti

358 2568 597 2627 paterna
648 2558 981 2614 haereditatis
1025 2560 1369 2615 successione
1414 2559 1666 2631 leguntur
1709 2559 1939 2616 exclusi.

359 2647 529 2703 Porro
556 2656 736 2704 autem
765 2650 889 2704 dum
922 2665 1017 2705 eos
1045 2650 1213 2706 aleret
1244 2651 1545 2719 Abraham,
1574 2666 1764 2708 omnes
1793 2652 1943 2709 dice-

357 2738 554 2792 bantur
586 2738 678 2793 lilii
716 2739 980 2806 Abrahre;
1024 2748 1079 2794 at
1121 2756 1250 2797 vero
1291 2756 1415 2797 eum
1451 2742 1520 2798 ad
1559 2749 1942 2798 testamentum

356 2829 593 2895 venitur,
635 2829 728 2900 qui
758 2831 830 2886 sit
867 2831 1145 2903 legitimus
1186 2833 1389 2899 haeres,
1417 2833 1510 2904 qui
1552 2833 1672 2891 fieri
1714 2834 1945 2891 debeant

356 2918 631 2988 heredes,
670 2929 921 2991 patenter
953 2924 1277 2979 ostenditur.
1323 2924 1491 2991 Nam,
1540 2923 1818 2995 Scriptura
1864 2933 1945 2981 te-

272 3017 277 3022 ’
354 3020 557 3078 stante,
608 3032 628 3066 ο
658 3014 814 3070 Dedit
840 3015 1117 3071 Abraham
1159 3033 1376 3072 omnem
1419 3019 1789 3075 haereditatem
1832 3018 1944 3074 filio

354 3115 456 3157 suo
482 3101 632 3158 Isaac
659 3121 676 3159 :
704 3103 829 3160 filiis
858 3114 1039 3162 autem
1072 3108 1493 3164 concubinarum
1520 3110 1665 3166 dedit
1697 3126 1941 3177 munera,

1580 352 1778 408 LIBER
1819 352 2148 422 QUINTUS,
2186 352 2408 410 EPIST.
2450 354 2586 412 VIII.

370 470 726 517 conservatur
761 460 810 513 in
854 460 1046 525 rtelis,
1091 460 1269 524 absit,
1318 470 1375 517 ut
1424 475 1611 517 eorum
1660 478 1813 517 mens
1862 479 1961 534 per
1985 501 2031 558 Α

3530 360 3641 417 350

2133 463 2361 535 Dignum
2388 474 2492 531 est,
2518 476 2577 522 ut
2604 474 2655 523 et
2686 482 2791 524 non
2816 469 3160 539 poscentibus
3187 469 3444 526 innocens
3474 473 3637 528 satis-

2060 552 2244 619 faciat,
2274 571 2395 609 cum
2434 558 2635 627 passim
2666 557 2829 613 etiam
2871 560 3060 615 audire
3104 561 3407 615 nolentibus
3441 560 3641 617 lividus

2057 642 2331 697 detractor
2355 656 2612 700 accusat:
2652 663 2751 702 nec
2786 648 3019 702 otiosum
3046 657 3148 713 est,
3180 649 3224 703 si
3254 649 3455 703 eisdem
3484 651 3635 704 auri-

2056 735 2182 798 bus,
2220 736 2418 806 quibus
2461 740 2802 795 mendacium
2848 740 3166 811 falsiloquus
3210 743 3431 812 ingerit.
3466 742 3638 797 libera

2055 826 2388 881 conscientia
2439 830 2685 884 ordinem
2738 831 3036 901 perspicuae
3085 833 3329 887 veritatis
3372 834 3632 901 exponit;

2053 923 2319 984 quatenus
2358 926 2413 972 et
2459 919 2675 975 auditor
2703 922 2931 977 vanitati
2976 922 3135 977 fidem
3179 923 3483 978 adhibendo
3526 939 3632 978 non

2052 1016 2259 1072 peccet,
2293 1014 2350 1061 et
2376 1010 2615 1063 accusati
2650 1009 2795 1064 fama
2822 1012 2890 1066 ad
2922 1011 3158 1066 aliorum
3193 1011 3488 1081 perniciem
3529 1027 3632 1064 non

2052 1095 2281 1152 laboret.
2329 1097 2482 1165 Quod
2512 1099 2677 1170 igitur
2701 1100 2770 1155 de
2797 1103 3099 1157 monachici
3128 1102 3336 1157 ordinis
3359 1100 3636 1156 exercitiis

2053 1185 2271 1254 scripsi,
2303 1195 2358 1241 et
2389 1202 2671 1257 scoparum
2715 1191 2982 1261 praecipue
3019 1191 3316 1261 disciplinis
3340 1191 3636 1245 monachus

2053 1278 2315 1333 monacho
2344 1280 2652 1350 specialiter
2694 1282 2838 1347 misi,
2876 1296 2976 1338 nec
3017 1283 3297 1344 laicorum.
3329 1282 3443 1337 sive
3469 1281 3632 1335 etiam

2052 1367 2374 1423 clericorum
2404 1370 2611 1425 notitiae
2634 1371 2907 1441 prodenda
2942 1372 3226 1436 mandavi;
3257 1371 3428 1425 urbici
3455 1377 3634 1423 autem

2052 1459 2327 1525 eremitae,
2366 1459 2640 1525 forenses,
2673 1462 2929 1533 videlicet
2956 1462 3205 1528 solitarii,
3238 1461 3487 1515 monachi
3518 1460 3637 1514 uni-

2050 1549 2290 1605 versales
2318 1549 2373 1605 id
2399 1550 2575 1606 solum
2604 1551 2897 1607 machinati
2924 1561 3053 1607 sunt
3078 1552 3145 1607 de
3172 1551 3347 1606 medio
3372 1549 3493 1623 styli
3516 1564 3638 1604 cur-

2051 1641 2221 1697 rentis
2246 1656 2561 1713 excerpere,
2591 1645 2734 1714 quod
2765 1644 3083 1701 scandalum
3112 1652 3296 1714 posset
3332 1641 3637 1697 monachici

2051 1729 2279 1787 fervoris
2324 1747 2524 1788 arcana
2578 1734 2944 1789 nescientibus
2993 1748 3271 1805 generare.
3319 1730 3426 1789 Sed
3472 1740 3640 1787 testes

2052 1823 2180 1878 mihi
2211 1832 2337 1879 sunt
2365 1823 2585 1890 fratres,
2615 1826 2707 1895 qui
2729 1826 2828 1881 sub
2852 1826 3193 1881 institutione
3213 1833 3415 1880 sanctae
3436 1822 3637 1891 regula:

2052 1913 2374 1983 regulariter
2401 1916 2610 1981 vivunt,
2638 1916 2741 1971 boc
2770 1932 2859 1972 me
2886 1917 3129 1987 apicibus
3155 1916 3462 1981 tradidisse,
3492 1914 3634 1983 quod

2026 2005 2151 2074 .ipsi
2180 2006 2422 2076 quotidie
2464 2014 2717 2077 satagunt
2743 2008 2999 2076 operibus
3032 2020 3306 2062 exercere.
3348 2004 3459 2060 Nec
3490 2003 3634 2061 aliud

2048 2096 2327 2151 relationis
2355 2097 2526 2153 series
2551 2096 2797 2166 protulit,
2826 2112 2989 2166 quam
3018 2096 3161 2167 quod
3189 2095 3327 2149 tritae
3351 2100 3406 2150 et
3431 2093 3634 2148 inolita‘.

2024 2188 2383 2257 operationis
2426 2188 2761 2243 consuetudo
2797 2187 3041 2242 dictavit.
3080 2186 3231 2254 Quod
3263 2184 3328 2256 [ί.
3373 2181 3499 2254 Qui]
3532 2197 3635 2236 au-

2048 2284 2158 2330 tem
2206 2274 2309 2330 sub
2353 2274 2685 2331 monachicae
2729 2274 3083 2344 professionis
3128 2274 3349 2328 nomine
3389 2269 3637 2342 plebibus

2047 2366 2332 2434 imperant,
2372 2365 2465 2435 qui
2496 2365 2551 2421 in
2583 2366 2796 2437 angulis
2822 2365 3133 2431 constituti,
3160 2372 3418 2434 tanquam
3450 2364 3503 2418 in
3532 2362 3635 2417 tri-

2045 2456 2332 2510 bunalibus
2359 2456 2473 2512 sive
2512 2456 2785 2527 pmtoriis
2824 2455 3171 2527 pragmaticae
3195 2451 3491 2510 sanctionis
3513 2449 3631 2520 jura

2044 2546 2409 2616 promulgant,
2444 2545 2536 2616 qui
2564 2546 2700 2601 alios
2724 2545 3032 2611 lacerando,
3068 2553 3122 2601 et
3148 2543 3466 2608 mordenda,
3503 2541 3635 2596 solis

2044 2636 2263 2691 sibimet
2290 2637 2477 2706 rigidze
2495 2636 2723 2706 justitiaa
2748 2636 3085 2707 privilegium
3116 2643 3390 2705 arrogant,
3421 2632 3549 2702 quid
3576 2634 3631 2687 in

2046 2726 2349 2780 humilitate
2400 2728 2576 2782 crucis
2614 2726 2817 2781 Christi
2870 2727 3013 2781 inter
3063 2726 3360 2780 monachos
3404 2732 3631 2793 agatur,

2044 2818 2326 2888 ignorant:
2350 2828 2405 2871 et
2425 2819 2527 2872 boc
2548 2817 2851 2889 prodigium
2874 2818 3154 2886 deputant,
3176 2815 3318 2886 quod
3340 2813 3427 2869 alii
3450 2814 3630 2883 quoti-

2044 2907 2188 2962 diani
2236 2922 2367 2962 usus
2411 2907 2732 2963 assiduitate
2770 2906 3137 2977 frequentant.
3173 2906 3330 2970 Ecce,
3359 2903 3631 2974 inquiunt,

2042 2997 2440 3069 peregrinando
2463 2999 2671 3064 carina,
2699 3012 2831 3053 ecce
2856 3013 2992 3051 nova
3015 2988 3355 3067 poenitentia,
3376 3003 3431 3049 et
3457 3002 3631 3049 trans-

2043 3089 2183 3145 actis
2225 3097 2303 3144 tot
2342 3089 2558 3145 saeculis
2598 3090 2861 3144 hactenus
2901 3089 3164 3145 inaudita.
3214 3085 3271 3141 Si
3318 3084 3421 3141 hoc
3464 3083 3631 3139 semel

354 3202 409 3247 et
435 3197 741 3267 segregavit
765 3211 857 3253 eos
884 3213 913 3253 a
943 3198 1052 3255 {mo
1079 3214 1177 3255 suo
1201 3200 1348 3256 Isaac
1374 3200 1530 3272 (Gen.
1563 3202 1713 3273 ιιγ)⁶
1747 3222 1766 3254 ,
1799 3202 1939 3259 Ecce
1967 3198 2013 3259 ο
2043 3179 2366 3273 admittitur,
2393 3180 2439 3235 si
2468 3189 2643 3234 ratum
2676 3180 2910 3245 ducitur,
2940 3180 2986 3235 si
3013 3186 3258 3273 tenetur.
3288 3190 3479 3273 omnes
3505 3188 3630 3245 pro.

355 3286 534 3356 itaque
562 3302 752 3344 omnes
778 3289 1097 3346 dicebantur
1124 3292 1256 3357 lilii,
1293 3295 1387 3349 sed
1416 3309 1523 3350 non
1553 3310 1743 3351 omnes
1769 3296 1943 3351 haere-

354 3379 542 3436 ditatis
580 3389 819 3450 paternae
845 3391 973 3438 sunt
1007 3382 1131 3470 jura
1162 3386 1360 3440 sortiti.
1395 3384 1487 3440 Sic
1524 3372 1804 3455 profecto,
1833 3385 1943 3441 fra-

355 3480 484 3536 tres,
514 3471 860 3543 quamplures
889 3485 1014 3531 sunt
1045 3475 1206 3532 hodie
1233 3474 1557 3531 Christiame
1586 3476 1939 3547 professionis

356 3561 510 3615 titulo
547 3562 784 3619 decorati
808 3604 824 3629 ,
864 3565 956 3635 qui
986 3564 1236 3620 videlicet
1280 3566 1334 3621 in
1377 3566 1577 3622 Christi
1622 3568 1938 3623 haereditate

356 3668 691 3724 nequaquam
726 3665 1008 3712 merentur
1058 3658 1258 3714 ascribi
1289 3674 1304 3713 :
1335 3666 1390 3714 et
1424 3673 1568 3714 nunc
1600 3658 1815 3728 quidem
1844 3672 1941 3728 pa-

358 3755 512 3800 terno
538 3745 799 3802 vocabulo
826 3747 1144 3820 gloriantur,
1177 3750 1272 3805 sed
1302 3763 1642 3820 nequaquam
1670 3751 1738 3805 ad
1770 3750 1940 3806 haere-

352 3836 570 3891 ditanda
607 3847 833 3908 paterna
860 3841 1001 3897 bona
1030 3842 1395 3911 perveniunt,
1436 3844 1561 3912 quia
1593 3843 1740 3898 velut
1767 3844 1938 3914 spurii

355 3942 461 3980 non
488 3928 754 3994 caelestia,
785 3930 878 3986 sed
907 3939 1126 3988 terrena
1155 3933 1466 4004 ignobiliter
1491 3935 1899 4005 concupiscunt.

427 4016 535 4072 Vos
576 4027 774 4084 autem,
816 4020 1192 4090 dilectissimi,
1236 4024 1477 4079 membra
1528 4039 1647 4078 mea
1672 4064 1688 4090 ,
1732 4025 1937 4081 viscum

352 4106 549 4161 anima:
576 4122 733 4174 mete,
768 4109 850 4165 sic
878 4112 1108 4182 satagite
1137 4126 1234 4181 per
1257 4112 1398 4166 viam
1432 4114 1672 4168 mandati
1701 4112 1939 4169 caelestis

355 4199 623 4266 incedere,
657 4208 718 4256 ut
742 4215 898 4257 mens
919 4211 1102 4257 nostra
1117 4203 1310 4260 merito
1334 4202 1491 4274 153
1508 4218 1720 4274 semper
1747 4203 1940 4259 debeat

353 4288 422 4344 de
461 4297 649 4345 sancta
700 4292 1224 4360 consanguineorum
1255 4308 1474 4349 suorum
1528 4296 1941 4352 conversatione

352 4382 604 4452 gaudere.
633 4381 1113 4453 Speramusautem
1142 4384 1195 4440 in
1213 4385 1408 4455 eo,qui
1433 4385 1502 4441 de
1525 4384 1745 4456 Virgine
1761 4386 1942 4458 digna-

355 4482 441 4527 tus
466 4482 549 4528 est
578 4473 749 4540 nasci,
787 4475 912 4545 quia
953 4476 1122 4530 nostri
1155 4476 1441 4532 ministerii
1483 4485 1727 4547 tempore
1753 4486 1941 4533 sancta

2016 3324 2017 3331 η
2044 3267 2192 3324 lecto
2218 3269 2361 3324 sacri
2390 3284 2625 3325 canones
2646 3271 3018 3334 destruuntur,
3046 3269 3391 3339 antiquorum
3413 3266 3631 3320 Patrum

2043 3372 2313 3433 praecepta
2336 3362 2657 3434 depereunt,
2680 3371 2768 3428 et,
2793 3371 2853 3416 ut
2880 3362 3098 3417 Iudaeus
3122 3361 3364 3424 dixerat,
3396 3367 3634 3429 paterna:

2045 3452 2364 3507 traditiones
2409 3451 2477 3506 ad
2526 3451 2755 3506 nihilum
2817 3450 3153 3520 rediguntur.
3207 3447 3338 3515 Quae
3388 3445 3634 3517 profecto

2020 3545 2204 3607 verba
2234 3559 2344 3599 non
2372 3559 2403 3598 a
2431 3544 2718 3608 cbaritate,
2751 3542 2895 3613 quod
2933 3552 3018 3598 est
3044 3538 3285 3595 funditus
3309 3538 3508 3602 aliena,
3538 3538 3633 3592 sed

2040 3648 2070 3687 a
2096 3635 2275 3700 bruta,
2298 3648 2365 3689 ac
2384 3632 2593 3689 bestiali
2615 3632 2914 3703 probantur
2938 3628 3162 3684 ebullire
3188 3626 3459 3683 vecordia.
3482 3624 3635 3678 Nun-

2042 3726 2174 3796 quid
2219 3726 2363 3781 enim
2412 3724 2745 3794 Redemptor
2794 3733 2980 3777 noster
3024 3720 3289 3783 verbera,
3336 3714 3639 3785 Evangelia

2040 3827 2196 3884 teste,
2227 3833 2333 3873 non
2368 3815 2529 3888 154
2555 3813 2804 3885 protulit!
2848 3810 3029 3883 (Joan.
3060 3810 3198 3880 xix.)
3238 3805 3489 3876 Nunquid
3521 3820 3636 3858 non

2040 3908 2243 3964 Paulus
2285 3908 2577 3978 quinquies
2621 3905 2995 3976 quadragenas
3022 3917 3127 3955 una
3164 3900 3342 3956 minus
3377 3898 3639 3967 accepit?

2018 3999 2125 4070 ,(11
2156 3998 2281 4054 Cor.
2314 3998 2415 4067 xt.)
2451 3995 2704 4065 Nunquid
2749 4009 2857 4047 non
2897 3990 3125 4063 apostoli
3173 4003 3359 4046 omnes
3404 3987 3632 4058 ﬂagellis

2040 4088 2210 4144 caesi?
2239 4088 2379 4159 (Act.
2404 4084 2766 4157 v.)ANunquid
2793 4099 2899 4138 non
2930 4092 2985 4139 et
3004 4083 3177 4139 sancti
3203 4091 3472 4152 martyres
3492 4080 3629 4134 ludi-

2040 4182 2176 4249 bria,
2204 4189 2257 4237 et
2287 4180 2515 4236 verbera
2545 4187 2674 4234 sunt
2714 4177 2967 4247 experti?
3005 4176 3193 4248 (Hebr.
3233 4174 3335 4244 xt.)
3372 4172 3629 4242 Nunquid

2041 4290 2147 4330 non
2172 4273 2384 4345 Moyses
2411 4272 2730 4328 verberibus
2757 4268 2894 4325 allici
2931 4283 3053 4323 reos
3092 4268 3145 4323 in
3184 4266 3302 4336 lege
3330 4264 3631 4337 praecepit?

2043 4365 2222 4435 (Deut.
2252 4373 2404 4433 xxv.)
2433 4360 2685 4431 Nunquid
2730 4376 2839 4416 non
2881 4358 2944 4413 B.
2991 4356 3381 4427 Hieronymus,
3432 4362 3488 4409 et
3537 4353 3635 4407 alii

2045 4455 2285 4510 nonnulli
2313 4453 2539 4526 ﬂagellis
2565 4452 2809 4517 mactati,
2845 4449 2957 4505 Deo
2991 4448 3244 4518 praeside,
3275 4445 3586 4501 referuntur
3609 4445 3641 4497 2'

352 4564 672 4622 clericorum
722 4569 949 4624 castitas
992 4568 1347 4636 exaltabitur,‘
1380 4578 1435 4626 et
1482 4569 1934 4643 incontinentium

2043 4548 2123 4602 An
2150 4546 2397 4602 eamdem
2416 4584 2432 4611 ,
2454 4559 2616 4615 quam
2640 4552 2694 4597 et
2720 4543 2789 4597 ab
2824 4540 3007 4596 invitis
3042 4538 3311 4592 interdum
3341 4534 3484 4589 Deus
3514 4548 3643 4586 om-

352 4656 567 4712 luxuria
591 4673 713 4715 cum
737 4659 947 4715 caeteris
987 4659 1284 4716 haeresibus
1312 4658 1695 4717 confundetur.

421 4745 774 4819 Omnipotens
822 4748 996 4816 Deus,
1047 4751 1384 4807 dilectissimi
1441 4751 1639 4806 fratres
1685 4751 1824 4816 mei,
1867 4751 1937 4805 ab

350 4838 496 4892 omni
522 4852 619 4894 vos
642 4840 906 4909 pravitate
933 4842 1222 4907 custodiat,
1248 4850 1303 4897 et
1326 4857 1423 4913 per
1439 4842 1661 4914 iustitia:
1686 4841 1935 4896 semitam

350 4929 418 4985 ad
453 4930 697 4988 calestia
720 4948 815 4988 vos
845 4947 1007 5003 regna
1036 4934 1317 5004 perducat.

894 5044 1228 5101 EPISTOLA
1269 5046 1401 5101 VIII.

751 5152 821 5192 AD
855 5152 1109 5193 CLBRICOS
1146 5152 1531 5193 FLORENTINOS.

320 5286 325 5289 _
353 5228 748 5288 Attenuatum.
771 5261 839 5271 —
859 5231 982 5293 Eos,
1011 5231 1100 5300 qui
1137 5229 1361 5299 ﬂagellis
1388 5245 1584 5299 corpus
1611 5238 1801 5298 sponte
1822 5243 1934 5300 (cae—

423 5300 582 5355 dendi
605 5316 807 5355 morem
833 5299 1088 5370 tanquam
1112 5316 1332 5365 novum,
1359 5309 1412 5354 et
1438 5301 1610 5354 sacris
1636 5299 1936 5370 rationibus

420 5371 752 5425 contrarium
799 5368 1128 5437 irridebant,
1179 5371 1528 5425 vehementer
1563 5371 1663 5425 hac
1707 5368 1933 5439 cpistola

425 5441 720 5511 redarguit.

426 5550 711 5622 Rt-liginsis
756 5551 1012 5607 fratribus
1059 5561 1263 5607 sanctae
1310 5551 1634 5607 Florentium
1680 5551 1934 5607 Ecclesia":

356 5644 587 5708 clericis,
619 5644 837 5702 Plrsrs
866 5657 1116 5716 peccator
1158 5648 1460 5703 monachus
1500 5646 1724 5701 sincerae
1754 5645 1931 5701 eburi-

362 5737 487 5792 tasis
507 5736 857 5809 obsequium.

2043 4642 2292 4712 nipotens
2317 4639 2506 4708 exigit,
2527 4638 2596 4693 ab
2623 4636 2767 4691 ultro
2786 4632 3138 4689 ollerentibus
3158 4628 3432 4697 suscipere
3454 4640 3639 4692 poem-

2042 4733 2265 4788 tentiam
2298 4728 2615 4786 recusabit?
2652 4727 2759 4783 Sed
2789 4724 2929 4782 forte
2951 4724 3196 4779 dicturus
3213 4728 3297 4774 est
3318 4718 3637 4778 oblocutor,
3726 4783 3729 4786 ν

2040 4824 2166 4892 quia
2198 4822 2291 4893 qui
2320 4829 2542 4876 sanctos
2567 4834 2674 4874 non
2701 4832 2730 4871 a
2761 4832 2843 4882 se,
2871 4815 2964 4870 sed
2988 4814 3058 4869 ab
3085 4813 3206 4865 aliis
3231 4824 3401 4865 caesos
3423 4807 3588 4863 fuisse
3609 4847 3635 4871 μ

2041 4913 2320 4983 Scriptura
2350 4918 2505 4977 teste,
2539 4908 2909 4979 cognovimus,
2947 4901 3306 4970 nosmetipsos
3338 4909 3491 4954 extra
3528 4915 3638 4953 θοι-

2042 5021 2160 5058 rum
2193 5016 2437 5058 normam
2468 4999 2737 5069 castigare
2761 4995 2995 5067 propriis
3022 4992 3271 5047 manibus
3316 5006 3421 5048 non
3462 4993 3633 5046 (λειω-

2040 5111 2178 5150 ntus.
2208 5091 2581 5149 Cuividelicet
2605 5089 2892 5159 objectioni
2927 5085 3108 5149 facile,
3131 5086 3275 5155 quod
3303 5085 3635 5156 respondes-

2041 5196 2147 5250 tnr,
2179 5174 2448 5248 occurrit;
2480 5182 2606 5252 quia
2627 5196 2749 5236 cum
2774 5194 2876 5234 nos
2898 5177 3112 5233 Domini
3137 5192 3355 5232 crucem
3379 5175 3633 5245 ultronea

2038 5275 2455 5332 mortiﬁcatione
2483 5272 2797 5335 deferimus,
2832 5270 2936 5326 nisi
2970 5270 3037 5324 ad
3066 5264 3371 5337 exemplum
3416 5266 3532 5336 ejus
3571 5266 3633 5320 iis

2037 5369 2215 5424 crucis
2249 5366 2432 5436 stipite
2460 5379 2491 5419 a
2520 5362 2958 5434 persecutoribus
2995 5360 3374 5430 conligamur;
3412 5366 3468 5413 et
3503 5373 3636 5412 cum

2034 5447 2212 5531 sopito
2232 5460 2345 5530 jam
2371 5455 2766 5529 persecutionis
2789 5453 3019 5509 articulo
3041 5451 3398 5508 crucifixores
3426 5449 3631 5515 desint,
3676 5488 3687 5494 μ

2034 5556 2307 5609 incassum
2347 5553 2413 5607 de
2450 5559 2652 5606 czetero
2679 5565 2815 5604 crux
2844 5547 3076 5602 tollenda
3109 5544 3455 5614 praecipitur,
3500 5558 3636 5597 cum

2035 5645 2240 5700 rutilum
2274 5641 2550 5697 dimicanti
2586 5640 2906 5710 supplicium
2935 5653 2963 5691 a
2998 5637 3293 5692 tortoribus
3332 5636 3642 5714 iungetur.

2034 5739 2191 5803 mind
2222 5736 2563 5792 vesanmn
2612 5741 2665 5788 et
2714 5729 3009 5787 absurdum
3057 5736 3153 5786 est,
3192 5729 3459 5804 credere,
3498 5735 3643 5792 illud
