4170 6514
1771 313 1802 328 κ

315 399 424 456 355

1573 394 1771 449 LIBER
1805 393 2138 462 QUINTUS,
2179 394 2393 452 EPIST.
2440 395 2534 452 XI.

3476 403 3592 460 εει

317 507 502 562 movit.
536 503 872 561 Venerabilis
899 511 1077 557 autem
1104 501 1246 557 illius
1276 513 1477 568 noster,
1503 503 1668 557 abbas
1699 503 1905 558 scilicet
1935 515 1979 574 Α
2008 506 2149 576 quod
2177 508 2473 576 permissus
2496 506 2699 576 fuerat,
2725 523 2908 581 agere,
2945 509 3200 579 populum
3231 527 3446 584 quoque
3475 532 3593 570 non-

313 611 474 666 quem
504 593 572 649 ad
611 609 696 649 me
738 592 1048 659 direxistis,
1092 591 1168 647 ita
1211 606 1298 647 me
1345 591 1545 662 reperit
1593 607 1698 648 non
1745 595 1905 648 modo

315 686 603 757 praeteritis
633 684 1001 756 languoribus,
1043 683 1139 739 sed
1180 693 1236 738 et
1263 684 1581 753 quibusdam
1627 684 1906 744 laboribus

313 786 735 852 conquassatum
765 783 928 846 atque
959 774 1321 842 confractum,
1365 786 1425 829 nt
1468 791 1612 831 nunc
1651 786 1757 830 tam
1794 777 1904 834 cito

322 868 387 922 ad
415 883 514 921 vos
542 867 726 922 venire
751 882 856 919 non
889 864 1112 936 possim.
1138 863 1500 932 Quamobrem
1531 865 1702 920 donec
1723 881 1824 922 nos
1849 866 1904 920 in

313 958 594 1012 servitium
621 965 862 1010 vestrum
893 955 1077 1010 venire
1102 955 1396 1026 contingat,
1433 956 1575 1024 quod
1597 954 1750 1036 juxta
1783 970 1918 1024 mo—,

315 1048 501 1102 dnlum
551 1057 796 1102 nostrum
843 1046 996 1102 vobis
1034 1045 1340 1101 faciendum
1387 1061 1508 1101 esse
1552 1045 1904 1115 conjieimus,

313 1156 410 1211 per
435 1140 596 1212 hujus
621 1138 864 1210 epistolae
893 1139 1199 1212 paginulam
1231 1137 1561 1193 brevissima:
1586 1139 1907 1208 prolationis

311 1229 525 1298 eloquia
557 1228 912 1282 destinamus.
952 1227 1008 1280 In
1054 1235 1315 1296 quantum
1347 1242 1474 1282 vero
1503 1227 1906 1298 deprehendere

312 1335 634 1390 possumus,
679 1334 821 1372 unus
863 1315 1264 1387 spiritus'fuit,
1311 1316 1400 1386 qui
1442 1325 1496 1371 et
1525 1317 1694 1374 nostri
1724 1318 1905 1372 cordis

317 1409 646 1482 ingeniolum
679 1407 872 1479 tetigit,
918 1415 976 1464 ct
1003 1415 1243 1466 sanctam
1291 1406 1628 1476 prudentiam
1667 1415 1906 1461 vestram

316 1504 370 1559 in
398 1501 474 1570 id,
503 1500 647 1573 quod
691 1500 832 1555 inter
865 1514 963 1554 vos
997 1507 1210 1570 pactum
1241 1506 1326 1552 est
1351 1507 1515 1568 atque
1543 1505 1902 1560 conventum,

315 1593 644 1648 unanimiter
671 1590 953 1646 incitavit:
989 1587 1262 1652 videlicet,
1304 1597 1363 1642 ut
1408 1602 1512 1642 non
1549 1585 1761 1657 eligatis
1789 1586 1907 1656 epi-

313 1697 536 1752 scopum
585 1694 756 1750 usque
802 1677 870 1732 ad
918 1678 1062 1749 regis
1107 1676 1422 1738 adventum.
1471 1674 1573 1742 Qui
1605 1674 1812 1731 scilicet
1852 1673 1910 1730 et

315 1789 557 1830 errorem
598 1771 771 1836 tollat,
819 1777 876 1824 et
925 1784 1042 1834 vos,
1089 1771 1254 1836 atque
1302 1766 1600 1826 Ecclesiam
1647 1776 1908 1834 vestram,

2009 597 2060 651 in
2099 611 2186 651 me
2217 597 2503 656 charitatis
2540 598 2738 664 zelum,
2767 613 2875 659 non
2923 599 2976 653 in
3004 615 3065 656 se
3097 601 3331 660 studium
3354 605 3594 675 proprie

2006 686 2198 745 salutis
2218 688 2438 750 habere,
2465 689 2738 758 paenituit,
2757 687 2949 752 fateor,
2964 691 3088 758 quia
3106 690 3233 745 dum
3256 694 3598 750 vanitatibus

2007 777 2283 836 hominum
2338 779 2568 838 credidi.
2611 795 2641 832 a
2683 779 2879 834 divinae
2925 780 3220 837 voluntatis
3260 783 3423 846 linea,
3463 785 3590 842 licet

2003 881 2148 933 sero,
2180 868 2466 938 perspicue
2504 878 2682 924 tamen
2731 883 2820 924 me
2860 870 3145 927 aberrasse
3197 875 3422 944 cognovi
3477 893 3490 932 :
3531 888 3590 934 et

2005 956 2133 1011 dum
2164 967 2546 1028 congesterum
2586 959 2845 1015 aviditate
2879 961 3106 1029 piscium
3135 963 3402 1020 vivarium
3431 969 3595 1035 petii,

2005 1061 2160 1101 raros
2193 1047 2406 1111 saltem,
2431 1063 2567 1123 quos
2594 1063 2694 1118 per
2726 1049 2920 1105 diffusa
2949 1053 3178 1110 marium
3205 1053 3406 1118 ﬂuenta
3433 1057 3586 1111 elau-

2005 1133 2134 1192 dere
2173 1149 2588 1202 cOnsueveram,
2611 1136 2908 1194 frustratus
2947 1140 3128 1194 amisi.
3159 1141 3372 1201 Interea
3408 1153 3591 1200 tamen

2005 1225 2238 1293 quodam
2267 1223 2488 1284 fruebar
2515 1227 2901 1284 consolationis
2928 1231 3148 1296 auxilio,
3189 1233 3314 1302 quia
3339 1235 3591 1292 videlicet;

2005 1312 2106 1367 etsi
2137 1313 2189 1367 in
2228 1312 2510 1376 lucrandis
2561 1317 2847 1376 animabus
2876 1333 2972 1374 me,
2992 1334 3253 1376 exercere
3293 1338 3399 1378 non
3430 1334 3587 1394 pote-

2005 1415 2162 1467 ram,
2215 1401 2659 1467 molestissimum
2699 1415 2880 1465 tamen
2931 1409 3142 1480 pondus
3176 1412 3452 1480 popularis
3505 1431 3594 1471 re-

2006 1490 2267 1545 verentiae
2316 1507 2422 1548 non
2461 1491 2724 1550 ferebam.
2751 1493 3052 1566 Utrumque
3099 1498 3356 1553 nimirum
3395 1501 3448 1558 in
3479 1513 3592 1561 sta-

2010 1590 2125 1637 tera
2175 1583 2375 1640 mentis
2424 1598 2559 1638 meae
2603 1599 2757 1656 requa
2805 1600 2942 1658 pene
2987 1587 3146 1643 lance
3186 1591 3493 1660 pendebat,
3535 1603 3597 1648 et

2007 1673 2313 1728 sterilitatis
2367 1673 2724 1736 infortunium
2782 1691 2905 1731 cum
2959 1687 3170 1746 negata:
3226 1683 3598 1743 venerationis

2010 1761 2161 1817 lucro
2189 1762 2341 1818 laetus
2380 1764 2878 1833 recompensabam.
2924 1766 3020 1824 Est
3060 1767 3206 1822 enim
3258 1785 3456 1826 revera.
3491 1787 3593 1846 po-

317 1865 521 1921 sedatis
545 1862 804 1933 undique
824 1858 1034 1931 iurgiis,
1075 1859 1128 1914 in
1155 1857 1353 1929 quietis
1378 1857 1442 1914 ac
1470 1857 1622 1928 pacis
1647 1855 1908 1926 tranquil-
1937 1883 1982 1942 Β
2009 1850 2220 1921 pularis
2263 1850 2420 1906 favor
2458 1851 2800 1922 imperfectis.
2830 1868 2936 1908 ηοη
2973 1856 3326 1913 mediocriter
3374 1861 3594 1926 noxius,

321 1956 474 2013 litate
499 1960 805 2024 coniponat.
854 1950 1007 2007 Unde
1049 1956 1106 2004 et
1144 1949 1396 2003 dominus
1425 1955 1611 2002 noster
1651 1961 1788 2023 papa
1820 1961 1907 2000 ro-

317 2047 526 2120 gandus
549 2052 652 2110 est,
681 2051 739 2101 ut
764 2042 1076 2112 episcopum
1104 2037 1258 2093 vobis
1297 2037 1462 2094 modo
1508 2051 1616 2091 non
1660 2036 1902 2106 ingerat.

323 2137 416 2192 sed
462 2135 756 2198 Ecclesiam
788 2139 1026 2187 vestram
1067 2129 1284 2184 interim
1312 2142 1541 2192 vacare,
1586 2133 1642 2180 et
1683 2140 1778 2179 vos
1807 2123 1908 2180 sub

320 2243 432 2282 sua:
459 2223 852 2280 benedictionis
875 2219 1193 2276 umbracqu
1215 2232 1438 2273 manere
1469 2217 1742 2272 decernat.
1770 2213 1908 2281 Quia

322 2333 451 2373 vero
480 2332 579 2386 per
609 2314 702 2370 Dei
736 2310 1163 2373 misericordiam
1193 2307 1486 2365 industrios
1512 2306 1652 2362 inter
1682 2319 1778 2360 vos
1801 2302 1909 2359 cle-

320 2410 492 2470 r'cos,
520 2420 582 2460 ac
625 2411 939 2475 prudentes,
967 2409 1022 2455 et
1047 2399 1315 2454 litteratos
1351 2398 1583 2462 habetis,
1623 2397 1666 2452 si
1699 2395 1906 2468 placet,

318 2512 460 2553 uitus
484 2509 549 2550 ex
577 2495 656 2550 eis
684 2493 936 2564 eligatur,
964 2491 1054 2561 qui
1081 2491 1146 2544 ad
1169 2489 1571 2558 exsequendum
1606 2487 1710 2541 hoc
1740 2501 1907 2554 nego-

322 2593 454 2645 tium
485 2587 668 2642 ntdior
711 2570 999 2640 invenitur.
1033 2581 1130 2637 Cui
1164 2582 1416 2634 nimirum
1447 2594 1576 2632 cura
1617 2594 1682 2632 ac
1716 2576 1912 2639 sollici-

322 2678 454 2732 tudo
497 2674 661 2730 totius
707 2673 1048 2744 episcopatus
1080 2670 1248 2738 possit
1293 2668 1517 2738 imponi,
1566 2683 1630 2721 ac
1660 2681 1906 2736 pensum

318 2769 501 2834 omnia
531 2765 870 2823 necessitatis
899 2763 1280 2826 ecclesiasticae
1309 2761 1520 2829 negotia
1553 2758 1780 2813 debeant
1807 2758 1911 2811 mi-

320 2858 566 2914 nistrari.
612 2856 724 2926 Ego
769 2853 1014 2918 interim,
1062 2852 1106 2906 si
1142 2849 1457 2920 praecipitis,
1491 2861 1612 2903 cum
1649 2857 1908 2917 Opportu-

323 2965 448 3004 num
479 2947 665 3010 fuerit,
704 2945 758 3000 in
789 2952 1027 2999 vestrum
1060 2940 1340 2996 servitium
1374 2940 1585 2994 veniam
1612 2955 1626 2991 :
1666 2948 1719 2992 et
1746 2937 1828 2990 vel
1856 2937 1909 3001 in

319 3036 706 3108 consignandis
729 3034 936 3104 pueris,
965 3032 1047 3086 vel
1070 3031 1124 3086 in
1156 3029 1276 3086 aliis
1299 3027 1699 3099 episcopalibus
1719 3025 1910 3082 oﬂiciis

320 3147 416 3203 pro
451 3128 718 3184 charitate
756 3126 847 3180 Dei
869 3165 884 3191 ,
925 3134 983 3180 et-
1025 3132 1230 3187 vestra,
1261 3120 1487 3176 forsitan
1517 3119 1910 3190 aliquantulum

323 3218 605 3277 laborabo.
1239 3209 1244 3214 ’

784 3303 942 3374 157
982 3298 1317 3357 EPISTOLA
1353 3299 1446 3355 xr.

595 3414 662 3453 AD
699 3413 753 3451 ν.
788 3411 859 3450 ΕΤ
898 3411 948 3448 P.
990 3406 1246 3449 οιειιιοοε
1280 3405 1628 3446 FAVENTINOS.

496 3489 780 3562 (ﬁniretur
823 3497 961 3541 tanta
1006 3483 1104 3549 Il,
1145 3494 1324 3554 estque
1368 3499 1548 3552 opusc.
1593 3481 1718 3552 41.)

865 3573 1196 3632 EPISTULA
1247 3572 1362 3628 XII.

415 3691 482 3731 AD
521 3691 574 3731 ϐ.
615 3671 1026 3729 τηεεωιλπισι
1065 3678 1496 3723 FAVENNATENSIS
1531 3678 1815 3720 ECCLESIE.

321 3770 806 3825 Ancum-:n-run.—
831 3763 892 3816 Ι).
923 3759 1120 3815 Petrus
1173 3757 1467 3813 Bantianus
1489 3757 1558 3826 in
1605 3757 1836 3826 patriam
1875 3771 1907 3811 a

394 3838 606 3893 civibus
633 3845 688 3888 et
731 3832 1141 3901 archiepiscopo
1166 3835 1390 3883 vomitus
1413 3865 1430 3891 ,
1483 3824 1543 3901 in
1585 3824 1692 3901 qua
1725 3838 1904 3880 tamen

396 3922 570 3978 neque
617 3908 672 3962 in
721 3897 934 3978 honore
953 3901 1276 3978 habebatur,
1311 3911 1490 3978 neque
1515 3897 1570 3951 in
1603 3897 1905 3978 animant-nt

397 3965 586 4048 salute
619 3971 975 4048 proﬁciebat,
1006 3969 1274 4048 _in_certus
1324 3965 1454 4048 quid
1505 3975 1710 4048 ageret,
1768 3965 1909 4048 hanc

396 4034 912 4116 epistola'tnseribit
955 4040 1040 4116 ad_
1066 4034 1466 4116 thesaurarium
1508 4034 1903 4116 Ravennatem,

399 4104 452 4171 in
501 4129 606 4184 qna
655 4113 800 4166 illum
823 4109 1088 4184 consulit,
1115 4107 1244 4176 quid
1292 4106 1408 4184 sibi
1440 4104 1745 4184 faciendum
1783 4117 1908 4157 cen-

396 4174 776 4248 seut':utrum
820 4181 874 4242 in
905 4179 1079 4248 patria
1111 4174 1521 4248 remnendum,
1556 4189 1627 4248 an.
1653 4174 1719 4235 ad
1748 4188 1906 4248 suum

401 4242 788 4317 monas’temm
834 4242 1189 4307 redeundum.
1237 4244 1479 4317 Cupidus
1528 4243 1670 4300 enim
1717 4242 1909 4300 alienae

397 4313 610 4387 salutis,
641 4336 747 4375 non
794 4326 1194 4392 poteratazquo
1234 4316 1414 4392 animo
1447 4313 1905 4392 liavennaa_esse,

399 4380 489 4449 imi
519 4380 630 4448 suae
659 4380 1028 4461 pmdicationi
1059 4380 1237 4440 nullus
1285 4384 1436 4461 locus
1467 4390 1696 4461 pateret.
1721 4381 1800 4436 Ex
1825 4380 1909 4461 ai-

401 4474 515 4520 tera
551 4454 679 4518 vero
727 4469 881 4529 parte
906 4458 952 4529 si
999 4471 1156 4529 suurn
1183 4454 1574 4529 monasterium
1612 4459 1903 4529 repeteret,

399 4534 688 4594 verebatur
713 4522 795 4586 v'ir
817 4524 1267 4594 modestissimus.
1299 4537 1367 4585 ne
1398 4522 1452 4594 in
1482 4530 1630 4594 tanta
1658 4523 1901 4594 omnium

399 4605 454 4658 in
485 4589 544 4658 se
573 4589 1177 4666 obaervationealiquid
1204 4593 1272 4666 de
1295 4607 1394 4648 sua
1433 4589 1736 4666 humilitate
1755 4590 1906 4666 peri.

398 4674 696 4728 elitaretur.
737 4666 966 4722 Videtur
1011 4659 1188 4719 tamen
1221 4662 1274 4716 in
1320 4676 1440 4717 eam
1468 4659 1789 4716 sententiam
1817 4659 1907 4713 in-

400 4743 644 4812 clinare,_
677 4747 735 4793 ut
757 4733 1324 4812 Δειιίιιιαιηηεξ-,ιιιεειυιιιξι
1360 4745 1459 4786 suo
1489 4729 1728 4812 periequ
1773 4743 1905 4800 prae-

403 4820 590 4884 ρρωιε
611 4801 1014 4884 Omnia.an
1039 4803 1206 4868 illius.
1233 4801 1302 4868 ad
1339 4815 1501 4872 eum
1529 4801 1746 4866 scribit,
1769 4814 1906 4858 cons

403 4880 527 4942 silio
569 4880 777 4949 integra
806 4880 1009 4941 fservat.

405 4975 612 5040 Damno
646 4968 712 5028 ϐ.
754 4965 1008 5040 religioso
1029 4957 1372 5034 presbytero,
1401 4959 1632 5030 Araeque
1676 4956 1833 5024 Seth,
1855 4955 1909 5012 in

333 5035 720 5137 eymiliarcho,
763 5033 980 5120 Peritos
1020 5033 1246 5119 ultimus
1291 5049 1680 5115 monachorum
1724 5061 1912 5106 servus

335 5151 748 5212 ferventissimae
773 5143 1078 5209 devotionis
1108 5140 1447 5218 obsequium.

405 5243 520 5300 Non
557 5246 797 5311 ignoras,
847 5231 1222 5300 dilectissime,
1252 5230 1378 5300 quia
1421 5236 1477 5290 et
1516 5226 1644 5284 olim
1671 5239 1702 5284 a
1730 5223 1906 5286 Gebe-

334 5336 508 5394 hardo
533 5329 960 5400 archiepiscopo,
983 5333 1037 5381 et
1063 5336 1234 5394 nuper
1255 5321 1323 5377 ab
1347 5320 1450 5380 hoc
1475 5333 1616 5378 novo
1633 5357 1649 5383 ,
1679 5315 1770 5387 qui
1793 5314 1910 5372 zelo

338 5425 507 5482 divini
533 5421 768 5491 Spiritus
794 5415 1121 5476 constitutus
1143 5417 1246 5474 est,
1274 5422 1482 5469 necnon
1503 5415 1560 5466 et
1586 5421 1616 5458 a
1637 5404 1911 5476 plerisque

338 5517 612 5578 Ravennae
651 5511 861 5574 civibus
886 5516 1028 5577 saepe
1054 5502 1390 5570 multumque
1417 5506 1656 5570 rogatus,
1696 5497 1910 5552 tandem

341 5604 586 5662 consensi
613 5594 631 5658 ε’
651 5610 706 5668 et
729 5613 970 5662 eremum
995 5598 1272 5661 deserens,
1297 5606 1392 5662 spe
1418 5587 1661 5656 lucrandi
1684 5586 1912 5650 animas,

343 5695 529 5750 urbem
585 5691 929 5753 habitaturus
991 5683 1204 5752 adveni.
1267 5681 1376 5740 Sed
1422 5692 1546 5739 cum
1598 5674 1913 5744 praedictum

346 5784 515 5849 virum
544 5796 845 5850 cernerem,
882 5793 991 5844 non
1023 5776 1196 5840 dicam
1249 5773 1316 5840 ad
1360 5771 1504 5842 quod
1556 5767 1774 5831 missus,
1820 5767 1916 5821 sed

2007 1943 2134 2014 quia
2171 1943 2254 1999 vel
2287 1945 2342 2000 in
2365 1959 2440 2006 .se
2469 1944 2767 2005 delectatos
2807 1945 2968 2024 158
2997 1946 3059 2001 in
3095 1963 3248 2007 vana:
3284 1948 3472 2019 gloriae
3497 1966 3592 2012 vo-

2007 2034 2248 2104 raginem
2279 2033 2464 2108 dejicit
2485 2074 2501 2102 ,
2533 2033 2616 2089 vel
2646 2036 2809 2098 etiam
2841 2037 3160 2096 resismntes
3182 2048 3414 2112 receptae
3441 2055 3594 2096 mer-

2005 2123 2153 2179 cedis
2187 2134 2397 2179 terrore
2425 2123 2716 2194 transﬁgit.
3402 2187 3403 2190 η

2077 2211 2368 2282 anusdam
2397 2215 2683 2270 occasione
2715 2213 3022 2276 festivitatis
3066 2217 3341 2276 nonnullis
3376 2219 3598 2292 religio-

2005 2303 2083 2359 sis
2137 2304 2494 2366 invitantibus
2541 2304 2706 2371 viris,
2758 2304 3172 2377 vehiculumque
3218 2309 3598 2377 mittentibus,

2007 2408 2129 2448 cum
2156 2393 2225 2448 ad
2265 2391 2583 2453 Urbinatetn
2628 2396 2966 2468 provinciam
3014 2399 3390 2472 repedassem,‘
3412 2411 3598 2456 tantus

2005 2501 2094 2541 me
2156 2486 2532 2544 inundantium
2583 2485 2845 2554 fratrum,
2903 2491 3293 2548 monachorum
3351 2491 3604 2548 videlicet

2006 2583 2167 2644 atque
2206 2575 2571 2642 saecularium,
2614 2575 2810 2633 ﬂuctus
2856 2578 3156 2646 absorbuit,
3204 2580 3348 2652 quod
3397 2596 3602 2650 nequa-

2005 2677 2166 2732 quam
2203 2678 2292 2722 me
2319 2664 2386 2718 ad
2417 2664 2670 2719 tutissimi
2700 2674 2892 2734 portus
2925 2666 3104 2722 sinum
3135 2677 3453 2744 retorquere
3483 2670 3612 2726 vela

2005 2748 2286 2818 permisit:
2327 2757 2383 2802 et
2427 2747 2575 2802 velut
2623 2749 2676 2803 in
2723 2749 2840 2819 ipso
2873 2765 3143 2805 marmore
3182 2765 3280 2820 per
3311 2752 3599 2809 circuitum

2006 2853 2292 2893 arenarum
2321 2839 2452 2898 mihi
2483 2853 2612 2912 ager
2637 2840 2948 2910 opponitur,
2981 2841 3107 2894 dum
3137 2855 3205 2896 ne
3234 2841 3341 2900 alio
3367 2858 3594 2914 progre-

2006 2929 2148 2994 diar,
2177 2929 2487 3000 importuna
2518 2945 2605 2985 me
2636 2940 2715 2987 tot
2739 2931 2971 2992 fratrum
3001 2933 3241 2994 charitas
3269 2935 3600 2994 obtestatur.

2009 3016 2136 3083 Sed,
2187 3027 2246 3072 ut
2286 3021 2500 3089 Opinor,
2550 3020 2755 3076 idcirco
2800 3037 2887 3078 me
2933 3023 3276 3093 omnipotens
3306 3025 3448 3082 Deus
3494 3027 3604 3084 illic

2008 3109 2252 3178 permisit
2292 3111 2574 3177 accedere,
2622 3111 2711 3166 ubi
2765 3127 2871 3166 non
2918 3113 3212 3168 debueram
3262 3129 3604 3184 permanere,

1933 3220 1980 3288 ρ
2010 3211 2277 3270 quatenus
2312 3203 2438 3258 dum
2471 3213 2774 3274 praeruptos
2811 3219 3068 3262 saxorum
3116 3207 3367 3278 scopulos
3415 3223 3606 3266 cerne-

2010 3301 2160 3357 rem,"
2180 3293 2404 3348 rarioris
2431 3293 2634 3363 segetis
2655 3309 2844 3348 arvum
2871 3311 2978 3356 non
3005 3297 3226 3352 omnino
3249 3297 3604 3366 despicabile,

2009 3397 2074 3437 ac
2110 3398 2209 3452 per
2237 3384 2340 3439 hoc
2380 3384 2696 3440 insulcabile
2723 3386 3059 3454 deputarem.
3095 3386 3163 3442 Et
3200 3388 3326 3443 dum
3356 3398 3622 3458 petrosus,

2009 3489 2138 3548 ager
2164 3477 2480 3541 attenditur,
2512 3477 2566 3530 in
2602 3478 3011 3546 comparatione
3041 3477 3160 3546 ejus
3193 3478 3455 3548 trigesimi
3486 3480 3600 3541 fru-

2009 3575 2131 3620 ctus
2176 3575 2340 3630 terra,
2377 3565 2794 3627 fecundissimus
2832 3566 3039 3626 novalis
3086 3565 3284 3622 Africa:
3305 3568 3602 3636 judicetur.

2009 3653 2289 3709 Anxiabar
2325 3655 2556 3725 denique
2593 3656 2745 3725 prius
2775 3656 2864 3711 ubi
2905 3671 3118 3726 possein
3159 3657 3438 3715 uberiores
3483 3659 3604 3713 ani-

2009 3758 2220 3798 marum
2259 3744 2466 3799 fructus
2501 3748 2806 3814 acquirere.
2838 3755 2895 3806 et
2941 3745 3057 3803 zelo
3085 3747 3458 3818 proximorum
3505 3749 3601 3807 du-

2009 3843 2145 3896 etus,
2176 3835 2421 3889 diversas
2452 3833 2617 3888 Italiae
2647 3835 2894 3905 regiones
2927 3836 3145 3892 curioso
3173 3837 3370 3890 mentis
3402 3837 3604 3892 lumine

2009 3924 2406 3994 perlustrabam
2434 3945 2448 3979 :
2478 3925 2716 3997 dumque
2745 3942 2998 3982 revocare
3029 3926 3162 3982 alios
3189 3929 3490 3984 ambiebam
3533 3933 3603 3985 ad

2010 4015 2350 4071 rectitudinis
2396 4023 2618 4078 statum,
2669 4016 2784 4086 ipse
2827 4016 2988 4086 paulo
3019 4017 3198 4072 minus
3243 4018 3391 4086 potui
3438 4030 3603 4090 vaga-

2010 4107 2172 4161 tionis
2198 4106 2474 4161 incurrere
2497 4121 2728 4160 naevum.
2753 4106 2907 4161 Nunc
2930 4114 3136 4172 autem,
3160 4118 3219 4167 ut
3244 4108 3318 4162 ita
3343 4108 3602 4175 dixerim,

2008 4199 2164 4270 quasi
2217 4199 2442 4254 saburra
2477 4199 2725 4268 quaedam
2769 4197 3004 4253 lembum
3048 4200 3247 4254 mentis
3289 4214 3422 4254 mea:
3465 4216 3605 4271 pra:-

2009 4290 2292 4358 ponderat,
2360 4289 2470 4345 imo
2517 4289 2661 4345 velut
2707 4290 2948 4345 anchora
3010 4289 3168 4348 aiiixa
3218 4291 3354 4355 solo,
3409 4292 3606 4363 triplici

2007 4379 2426 4451 perseverantia:
2455 4380 2583 4434 fune
2612 4388 2874 4435 coarctat.
2906 4379 3059 4436 Unus
3074 4379 3422 4446 solummodo
3448 4397 3599 4436 scru-

2009 4471 2167 4540 pulus
2195 4470 2326 4524 tnibi
2356 4471 2534 4525 adhuc
2559 4468 2860 4530 molestiam
2891 4469 3110 4540 ingerit,
3141 4470 3230 4540 qui
3265 4485 3373 4535 me,
3399 4471 3608 4528 charis~

1932 4568 1981 4627 ι)
2007 4563 2145 4617 sime
2173 4559 2356 4624 Pater,
2384 4560 2598 4626 consilii
2634 4561 2710 4614 tui
2752 4575 2972 4621 manum
3017 4558 3264 4632 ﬂagitare
3309 4561 3606 4632 coiupelit.

2012 4652 2112 4720 Qui
2140 4650 2388 4706 videlicet
2428 4649 2713 4727 serupulus
2738 4650 2782 4705 si
2815 4658 2922 4705 tuae
2952 4650 3319 4722 responsionis
3362 4650 3543 4704 indice
3573 4665 3608 4709 a

2011 4743 2205 4799 mentis
2235 4757 2370 4797 mea:
2417 4742 2553 4812 pede
2587 4741 2914 4807 succutitur,
2961 4756 3067 4796 non
3106 4740 3321 4817 ambigo
3364 4754 3462 4812 per
3503 4737 3605 4798 Dei

2011 4833 2446 4890 misericordiam
2486 4831 2615 4906 quin
2651 4832 2992 4903 postmodum
3021 4840 3172 4888 recto
3197 4830 3387 4886 ﬁrmus
3409 4828 3609 4888 itinere

2013 4927 2309 5001 gradiatur.
2331 4927 2675 4997 Respondeat
2700 4942 2829 4998 ergo
2860 4925 2990 4981 mihi
3014 4924 3300 4996 prudentia
3335 4934 3448 4986 tua.
3472 4925 3606 4997 quid

2014 5021 2146 5078 mihi
2177 5019 2361 5075 utilius
2389 5020 2498 5079 sit:
2540 5030 2723 5074 utrum
2753 5018 2861 5073 illic
2896 5017 3164 5082 habitare,
3198 5017 3288 5071 ubi
3314 5026 3371 5073 et
3395 5015 3605 5072 anima-

1942 5148 1945 5149 ν
2014 5129 2135 5169 rum
2165 5111 2374 5168 fructus
2402 5111 2722 5184 acquiritur,
2759 5119 2815 5172 et
2842 5110 3032 5164 devota
3061 5107 3191 5166 mihi
3220 5107 3404 5180 populi
3449 5123 3605 5166 reve-

2015 5205 2191 5260 rentia
2232 5203 2550 5259 exhibetur:
2593 5216 2660 5255 an
2710 5200 2820 5256 illic
2863 5199 3065 5270 potius,
3094 5197 3186 5253 ubi
3230 5199 3350 5258 sine
3398 5197 3604 5263 fructu,

2015 5295 2218 5367 pariter
2241 5301 2296 5348 et
2321 5293 2528 5347 honore
2567 5289 2862 5358 consistam
2886 5285 2908 5342 ἲ
2935 5286 3176 5358 Quorum
3225 5285 3357 5350 mihi
3388 5294 3600 5343 utrum-

2016 5386 2148 5442 libet
2174 5383 2534 5456 pericnlosum
2572 5380 2786 5436 videtur
2825 5397 2839 5434 :
2872 5388 2927 5435 et
2965 5378 3093 5434 dum
3129 5379 3358 5434 alterum
3392 5385 3598 5442 metuo,

2018 5451 2246 5535 alterum
2287 5451 2501 5552 quoque
2544 5470 2896 5530 nihilominus
2936 5486 2968 5526 e
3011 5470 3226 5526 diversa
3274 5468 3451 5530 fronte
3490 5467 3603 5523 for.

2021 5577 2183 5632 mido.
2219 5573 2353 5628 Nam
2377 5571 2422 5627 si
2452 5569 2819 5628 infructuosus
2841 5567 3045 5633 vixero,
3075 5563 3437 5638 evangelicam
3468 5561 3602 5622 mihi

2020 5668 2254 5726 securim
2284 5665 2352 5720 ad
2394 5663 2627 5720 radicem
2662 5659 2870 5717 arboris
2898 5659 3128 5728 positam
3169 5669 3488 5730 expavesco,
3535 5655 3604 5713 de

2020 5776 2123 5828 qua
2169 5755 2417 5813 videlicet
2457 5754 2649 5810 arbore
2677 5751 2888 5808 Veritas
2927 5746 3238 5805 terribiliter
3265 5747 3490 5812 intonatI
3522 5743 3604 5805 di-
