4170 6452
557 376 665 431 355

1083 369 1141 426 S.
1179 369 1380 424 PETRI
1423 363 1708 423 DAMIANI
1745 361 1899 420 OPP.
1948 361 2128 418 PARS
2165 361 2296 416 SEU
2340 359 2579 416 TOMUS
2620 361 2658 415 Ι.
2698 391 2768 403 -
2801 359 3022 415 EPIST.
3063 357 3191 412 LIB.
3231 357 3365 412 Vlll.
3409 434 3426 450 ν

3735 362 3842 417 556

559 505 728 546 cens:
781 505 799 538 ι
858 482 1108 544 Suocide,
1147 499 1166 533 ι
1217 480 1413 550 inquit,
1458 497 1478 531 ι
1514 478 1696 543 illam;
1745 475 1933 546 utquid
1980 475 2145 530 etiam
2176 483 2224 540 Α
2252 475 2373 544 plex
2403 463 2556 530 nubis
2581 489 2789 531 merces
2816 453 3135 545 acquiritur,
3165 473 3291 527 dum
3317 487 3384 528 ex
3413 472 3528 542 ipso
3555 473 3843 529 cha‘ritatis

560 566 761 635 terram
791 580 1024 643 occupat
1059 571 1210 640 (Luc.
1243 569 1401 641 xm)?
1431 587 1450 621 ι
1495 566 1551 623 Si
1580 575 1761 621 autem
1787 565 1914 620 dum
1942 563 2151 619 fructus

559 666 880 736 acquiritur,
921 661 1052 716 mihi
1091 659 1203 728 jam
1241 660 1413 713 honor
1438 655 1751 718 exhibetur,
1783 653 1930 708 illam
1974 652 2150 724 repul-

505 813 511 819 ,
560 757 729 814 sionis
757 753 1080 810 sententiam
1113 751 1199 804 vix
1243 748 1458 819 elfugio,
1499 763 1608 817 qua
1643 745 1874 801 dicitur:
1922 762 1942 797 α
1975 743 2150 800 Arnen

560 850 681 903 dico
693 847 867 911 vobis,
882 843 1162 914 recepistis
1177 840 1480 896 mercedem
1495 849 1727 893 vestram
1743 835 1957 908 (Matth.
1970 875 1986 902 ,
2000 835 2100 907 γι).
2125 853 2144 888 ι

560 940 690 995 Haec
714 948 799 994 est
837 937 1002 1008 igitur
1026 933 1272 1004 quaestio,
1313 945 1474 998 quam
1513 944 1543 982 a
1591 937 1644 984 te
1686 927 1821 983 solvi
1865 926 2147 982 desidero:

561 1031 664 1085 hoc
690 1030 866 1083 solum
893 1033 998 1092 est,
1027 1033 1247 1095 propter
1274 1023 1415 1092 quod
1439 1022 1533 1076 tibi
1563 1021 1806 1075 scribere
1837 1025 2032 1075 cuncta
2060 1031 2154 1071 su-

561 1123 744 1192 perius
792 1119 1182 1187 comprehensa
1231 1115 1494 1184 disposui.
1545 1111 1652 1168 Sed
1701 1114 1860 1182 quia,
1911 1110 2154 1182 iniuncto

559 1209 920 1267 ecclesiastici
953 1209 1225 1278 prioratus
1256 1205 1453 1272 ollicio,
1494 1213 1546 1259 te
1574 1211 1893 1273 occupatum
1925 1201 2070 1265 novi,
2099 1209 2156 1254 et

562 1299 897 1356 rescribendi
930 1298 1158 1354 forsitan
1189 1298 1359 1353 otium
1401 1311 1506 1351 non
1553 1294 1711 1350 facile
1749 1292 1957 1364 poteris
2002 1308 2154 1362 repe-

563 1393 698 1456 rire,
752 1405 916 1461 super
961 1390 1066 1444 hoc
1110 1387 1346 1458 capitulo
1391 1401 1493 1457 ego
1544 1385 1658 1456 ipse
1705 1385 1924 1440 interim
1975 1381 2156 1438 scribo

561 1483 705 1551 quod
733 1481 948 1536 sentio:
981 1480 1238 1534 nimirum
1267 1494 1373 1533 non
1413 1487 1473 1532 ut
1507 1475 1828 1546 magistrum
1861 1474 2156 1545 discipulus

562 1572 809 1634 doceam,
836 1569 928 1624 sed
957 1577 1140 1623 utrum
1167 1567 1270 1622 mei
1298 1565 1604 1622 intellectus
1628 1565 1896 1620 sententia
1926 1565 2154 1619 tenenda

563 1664 655 1728 sit,
680 1665 882 1718 discam
911 1679 928 1728 ;
962 1661 1266 1733 prudentizr
1291 1659 1500 1716 scilicet
1535 1669 1638 1714 tua:
1662 1658 1882 1729 optione
1911 1667 2151 1723 servata,

564 1762 623 1807 ut
647 1754 732 1808 vel
770 1752 1115 1808 abnuendum
1155 1749 1375 1821 proprio
1404 1748 1546 1820 ston
1583 1763 1862 1813 coerceas,
1911 1747 1995 1801 vel
2029 1762 2157 1818 pro-

2250 563 2448 630 officio,
2479 565 2622 634 quod
2667 565 2754 634 pie
2781 563 3046 635 proximis
3083 564 3282 620 nostris
3309 563 3692 633 impendimus,
3733 565 3845 620 bel-

2250 655 2388 710 licus
2414 654 2565 711 labor
2585 656 2781 723 oritur,
2813 671 2971 726 quem
3000 656 3349 727 repugnando
3381 655 3676 710 vincamus.

2322 745 2430 803 Sed
2477 763 2546 803 ne
2578 748 3030 819 argumentationi
3073 748 3252 819 potius
3277 763 3438 817 quam
3482 747 3668 804 solidae
3703 749 3844 803 veri-

2254 836 2349 890 tati
2377 835 2663 891 videamur
2690 837 2965 902 insistere,
2997 839 3122 902 hoc,
3147 839 3290 907 quod
3319 839 3720 909 proposuimus,
3747 854 3845 908 per

2253 941 2422 981 sacrae
2459 927 2757 996 Scriptura:
2787 944 2889 982 non
2922 927 3101 998 pigeat
3125 926 3371 997 exempla
3398 938 3720 982 monstrare.
3749 926 3841 983 Jo-

2255 1017 2386 1086 seph
2416 1017 2615 1088 quippe
2645 1018 2726 1072 vir
2759 1028 3002 1083 sanctus,
3035 1031 3093 1074 ut
3129 1018 3483 1089 periculosam
3512 1019 3690 1088 populi
3716 1019 3845 1074 Sub-

2253 1107 2463 1161 levaret
2506 1110 2781 1175 esuriem,
2823 1111 3114 1165 secundam
3180 1119 3302 1179 post
3345 1125 3526 1182 regem
3569 1110 3845 1181 suscipere

2254 1213 2360 1252 non
2393 1198 2626 1270 abnegat
2659 1199 2980 1270 dignitatem
3007 1217 3021 1253 :
3048 1209 3103 1254 et
3128 1200 3219 1268 qui
3247 1201 3397 1269 prius
3426 1199 3639 1269 augusti
3663 1215 3845 1256 caree-

2258 1288 2333 1342 n's
2357 1285 2535 1342 fuerat
2563 1288 2758 1353 cultor,
2776 1287 2889 1357 jam
2918 1291 3084 1345 totius
3113 1287 3333 1360 JEgypti
3363 1288 3537 1344 factus
3559 1298 3643 1344 est
3677 1290 3840 1344 domi-

2258 1389 2434 1433 nator.
2468 1377 2622 1434 Unde
2647 1386 2703 1432 et
2725 1377 2924 1434 fratres
2950 1378 3068 1447 ejus
3095 1379 3162 1433 ad
3185 1377 3354 1434 Jacob
3381 1379 3591 1434 alacres
3618 1379 3805 1433 dicunt
3829 1397 3841 1431 :

2265 1481 2284 1525 ἁ
2321 1471 2519 1542 Ioseph
2551 1473 2693 1528 filius
2725 1483 2848 1528 tuus
2873 1475 3023 1537 vivit,
3048 1484 3104 1530 et
3147 1475 3259 1544 ipse
3283 1475 3595 1530 dominatur
3622 1476 3845 1530 interra

2260 1563 2485 1635 Egypti
2521 1562 2674 1634 (Gen.
2715 1563 2860 1636 xtv).
2899 1583 2918 1618 ι
2965 1564 3200 1637 Moyses,
3253 1566 3344 1636 qui
3391 1567 3590 1621 dudum
3632 1565 3846 1635 ceguati

2261 1671 2476 1726 gregem
2512 1655 2568 1710 in
2606 1657 2821 1711 deserto
2849 1657 3126 1711 humiliter
3150 1657 3317 1727 pavit,
3347 1667 3404 1710 ut
3436 1655 3678 1710 melioris
3701 1665 3849 1725 post-

2261 1746 2478 1801 modum
2505 1747 2684 1816 gregis
2713 1729 2820 1801 dux
2847 1745 3023 1812 fieret,
3057 1747 3223 1800 totius
3243 1744 3519 1800 lsraelitici
3551 1745 3728 1816 populi
3756 1744 3848 1799 ob-

563 1843 799 1898 bandum
825 1840 1147 1912 gravissima
1176 1837 1458 1907 tuijudicii
1483 1838 1807 1893 auctoritate
1832 1837 2152 1892 constituas.
2189 1826 2230 1883 Β
2257 1835 2505 1906 sequium
2544 1852 2651 1890 non
2695 1835 2912 1906 refugit,
2940 1836 3031 1906 qui
3071 1836 3326 1890 nimirum
3356 1836 3425 1889 ad
3453 1835 3588 1890 tanti
3627 1836 3849 1896 honoris

632 1931 843 1986 Cuncta
896 1945 1029 1986 sane
1094 1929 1402 1985 divinarum
1456 1927 1864 1998 Scripturarum
1940 1927 2155 1997 eloquia

561 2017 629 2077 ad
685 2021 761 2076 nil
821 2019 998 2085 aliud,
1050 2019 1153 2075 nisi
1199 2019 1266 2073 ad
1317 2019 1624 2074 animarum
1673 2017 1905 2080 salutem
1947 2017 2157 2075 crebris

564 2111 729 2188 159
771 2121 897 2167 sunt
931 2110 1292 2166 voluminibus
1329 2115 1574 2165 exarata.
1615 2109 1886 2180 Quidquid
1916 2110 2060 2166 enim
2105 2111 2156 2165 in

564 2204 650 2258 his
677 2202 1011 2274 praecipitur,
1051 2201 1311 2272 quidquid
1341 2201 1692 2271 prohibetur,
1737 2209 1913 2256 totum
1969 2200 2158 2270 procul

564 2292 728 2348 dubio
752 2293 822 2347 ad
847 2299 1163 2363 provectum
1193 2290 1252 2344 fit
1286 2290 1614 2357 animarum,
1643 2288 1814 2346 Paulo
1842 2297 2156 2354 attestante,

563 2381 655 2450 qui
689 2380 802 2436 ait:
838 2398 860 2432 ‹
898 2379 1242 2449 Quaecunque
1277 2380 1480 2450 scripta
1510 2389 1656 2447 sunt,
1690 2381 1757 2436 ad
1793 2383 2037 2437 nostram
2061 2383 2159 2436 do-

564 2472 797 2526 ctrinam
837 2471 1038 2542 scripta
1080 2480 1228 2536 sunt,
1269 2480 1328 2526 ut
1355 2485 1454 2541 per
1493 2472 1833 2543 patientiam,
1861 2481 1918 2528 et
1963 2488 2192 2536 conso-.

565 2561 820 2618 lationem
874 2560 1305 2632 Scripturarum,
1358 2575 1507 2630 spem
1583 2560 1880 2618 habeamus
1951 2562 2159 2635 (Rom.

565 2654 698 2726 xv).
746 2675 766 2707 ο
817 2653 877 2709 Si
926 2668 1056 2724 ergo
1104 2662 1329 2723 propter
1379 2651 1676 2723 Scriptura:
1723 2654 1901 2709 minas
1941 2655 2020 2710 sic
2069 2656 2164 2710 im-

564 2760 766 2815 pensus
790 2743 963 2798 honor
984 2741 1284 2813 aufugitur,
1310 2751 1370 2796 ut
1389 2743 1697 2797 animarum
1719 2759 1934 2816 quoque
1959 2745 2164 2801 utilitas

566 2833 909 2903 negligatur;
965 2840 1114 2901 patet
1159 2830 1426 2902 profecto,
1468 2833 1598 2903 quia
1641 2832 1889 2900 intentio,
1920 2849 2021 2904 pro
2056 2851 2162 2907 qua

570 2923 851 2994 Scriptura
897 2923 1104 2978 servari
1146 2924 1354 2992 debuit,
1391 2940 1500 2980 non
1532 2932 1766 2981 tenetur.
1811 2925 1869 2981 Si
1911 2928 2054 2983 enim
2096 2928 2166 2983 ad

569 3018 714 3072 hunc
756 3015 922 3070 ﬁnem
950 3015 1128 3070 omnis
1168 3030 1324 3071 sacra
1354 3014 1637 3086 Scriptura
1670 3016 1931 3084 refertur,
1969 3029 2029 3073 ut
2071 3035 2167 3090 per

2256 1927 2469 1981 culmen
2497 1927 2789 1998 perductus
2811 1936 2915 1993 est,
2941 1936 2998 1980 ut
3023 1929 3200 1983 omnis
3227 1927 3314 1982 illa
3347 1927 3694 1982 Hebraeorum
3717 1925 3850 1980 tuul~

2259 2016 2433 2072 titudo
2456 2019 2522 2072 ad
2536 2017 2800 2088 jussiouis
2821 2016 2939 2087 ejus
2958 2033 3017 2073 se
3039 2019 3198 2074 verba
3221 2017 3600 2088 suspenderet,
3625 2016 3849 2087 ejusque

2257 2104 2465 2176 legibus
2485 2106 2707 2177 supplex
2729 2106 3132 2176 obtemperaret
3149 2106 3346 2178 (Exod.
3363 2106 3677 2178 ntetseqq.).
3695 2106 3849 2162 Uter—

2260 2213 2365 2266 que
2397 2207 2574 2253 tamen
2600 2207 2815 2267 quantae
2838 2199 3265 2254 mansuetudinis
3293 2199 3346 2253 in
3378 2198 3492 2270 ipsa
3518 2198 3851 2254 sublimitate

2257 2289 2586 2359 perstiterit,
2619 2289 2986 2346 indubitanter
3023 2292 3354 2360 agnoscitur,
3378 2301 3434 2346 et
3471 2291 3599 2345 dum
3631 2289 3768 2346 alter
3792 2307 3852 2346 se

2259 2381 2660 2451 agnoscendum
2684 2379 2984 2453 peregrinis
3009 2380 3284 2450 fratribus,
3311 2397 3432 2438 cum
3459 2382 3626 2438 latere
3649 2382 3871 2453 potuis-'

2262 2481 2366 2551 set,
2392 2473 2671 2528 ultroneus
2695 2473 2854 2545 160
2874 2472 3095 2541 offerat;
3121 2474 3260 2530 alter
3287 2490 3443 2530 suam
3467 2473 3851 2536 humilitatem,

2262 2565 2408 2619 velut
2423 2563 2677 2630 alienam,
2691 2564 2968 2620 humiliter
2987 2567 3215 2637 pandat:
3233 2586 3249 2618 ι
3266 2565 3415 2632 Erat,
3433 2565 3626 2637 inquit,
3641 2565 3853 2636 Moyses

2263 2653 2348 2711 vir
2371 2655 2692 2710 mitissimus
2715 2671 2880 2726 super
2908 2672 3098 2712 omnes
3132 2657 3377 2713 homines
3433 2657 3524 2728 qui
3558 2657 3850 2712 moraban-

2265 2755 2355 2802 tur
2386 2747 2442 2801 in
2474 2757 2618 2802 terra
2650 2745 2842 2818 (Num.
2881 2749 3003 2820 xtl).
3039 2767 3058 2800 ι
3099 2746 3262 2804 Josue
3288 2763 3522 2819 quoque,
3548 2750 3640 2819 qui
3680 2749 3852 2824 Moysi

2267 2840 2519 2895 minister
2563 2840 2867 2906 exstiterat,
2901 2855 2966 2895 eo
2996 2841 3292 2907 moriente,
3323 2841 3602 2911 suscipere
3636 2843 3854 2912 regimi-

2268 2930 2356 2986 nis
2393 2927 2628 2985 ofﬁcium
2661 2944 2770 2984 non
2815 2938 3035 2986 recusat
3071 2929 3206 3000 (los.
3254 2929 3315 3002 ι).
3362 2929 3463 2998 Qui
3503 2932 3761 2986 nimirum
3805 2934 3853 2988 si

2269 3035 2367 3091 pro
2396 3020 2700 3076 humilitate
2739 3021 3002 3077 servanda
3025 3021 3360 3092 principatus
3383 3020 3508 3089 jura
3539 3032 3856 3079 contemne-

473 3801 476 3803 .
575 3769 597 3802 ι
627 3750 728 3818 Qui
756 3750 929 3814 audit,
955 3750 1159 3805 .dicat:
1191 3747 1325 3803 Veni
1363 3748 1549 3820 (Apoc.
1584 3748 1744 3819 xxtt).
1782 3767 1801 3800 ι
1831 3749 1898 3804 Et
1925 3749 2016 3820 qui
2049 3765 2173 3820 pro-

568 3121 692 3161 eam
747 3106 893 3160 salus
947 3104 1143 3158 anima:
1186 3104 1528 3174 requiratur,
1573 3107 1702 3161 dum
1753 3106 2021 3179 fugientes
2065 3110 2160 3164 ho-
2201 3170 2241 3185 Α
2271 3123 2376 3180 ret,
2409 3113 2713 3169 numerosis
2749 3113 2986 3183 regibus,
3016 3128 3153 3183 quos
3179 3115 3432 3184 peremit,
3479 3115 3852 3185 perimendam

570 3210 780 3262 nonem,
836 3195 1144 3249 animarum
1195 3193 1348 3249 lucra
1401 3197 1797 3266 postponimus,
1846 3197 1901 3252 id
1949 3193 2242 3269 potissi-V
2271 3203 2454 3276 populi
2504 3203 2906 3259 multitudinem
2957 3214 3276 3260 cunctorum
3331 3219 3460 3261 reus
3512 3218 3850 3276 exponeret:

570 3307 739 3359 mum,
782 3299 1003 3362 propter
1045 3291 1190 3361 quod
1213 3290 1493 3361 Scriptura
1549 3290 1694 3347 facta
1743 3300 1848 3358 est,
1905 3306 2015 3347 non
2058 3307 2173 3346 ser-
2270 3303 2326 3350 et
2352 3296 2479 3351 dum
2531 3295 2637 3351 sibi
2681 3304 2897 3350 caveret
2924 3293 3204 3364 jactantiae
3241 3311 3450 3362 casum,
3499 3297 3729 3354 fratrum
3761 3316 3858 3355 ne-

566 3397 782 3438 vamus.
813 3383 881 3438 Et
918 3397 1175 3454 perverso
1209 3383 1392 3448 modo,
1420 3383 1547 3439 dum
1576 3384 1955 3454 obtemperare
1989 3383 2171 3439 sacris
2271 3387 2497 3460 gligeret
2544 3387 2668 3443 vita:
2705 3387 3024 3458 periculum.
3060 3389 3202 3457 Quid
3247 3391 3424 3446 dicam
3477 3390 3717 3459 Samuel,
3759 3396 3853 3464 qui

568 3474 934 3530 voluminibus
964 3475 1208 3539 nitimur,
1247 3485 1438 3530 contra
1469 3475 1584 3530 haec
1609 3478 1797 3532 eadem
1825 3490 1982 3532 sacra
2020 3475 2175 3531 volu-
2271 3477 2512 3548 quandiu
2541 3494 2648 3534 non
2684 3486 2770 3534 est
2799 3479 2884 3534 aha
2897 3480 3016 3549 ipso
3047 3479 3243 3551 populo
3263 3495 3332 3536 ex
3368 3483 3703 3554 principatus
3728 3501 3858 3541 arce

571 3567 719 3621 mina
747 3567 1109 3622 deccrtamus.
1140 3565 1242 3633 Qui
1268 3566 1416 3621 enim
1441 3565 1611 3621 dicit:
1645 3585 1665 3620 ι
1696 3565 1773 3622 Ne
1804 3569 2090 3623 recumbas
2116 3568 2170 3622 in
2271 3567 2534 3639 dejectus,
2565 3577 2622 3625 et
2665 3568 2915 3625 excelsus
2946 3569 3231 3625 videbatur
3261 3570 3319 3625 in
3357 3571 3573 3640 publico
3598 3613 3614 3638 ,
3666 3582 3723 3628 et
3756 3574 3858 3629 hu-

571 3658 752 3728 primo
793 3656 912 3711 loco
958 3655 1120 3728 (Luc.
1160 3655 1308 3726 xiv),
1371 3675 1390 3708 ι
1449 3656 1563 3726 ipse
1619 3657 1896 3728 praecipit,
1941 3659 2168 3714 dicens:
2271 3661 2416 3717 milis
2437 3670 2557 3717 erat
2577 3661 2630 3716 in
2651 3660 3006 3730 occultolQui
3028 3662 3278 3719 videlicet
3309 3667 3545 3734 suscepti
3576 3667 3858 3737 regimiuis

2270 3749 2450 3807 locum
2486 3751 2622 3807 adeo
2652 3751 2856 3808 invitus
2902 3753 3163 3818 deseruit,
3197 3761 3256 3808 ut
3301 3754 3598 3824 majoribus
3627 3767 3756 3812 natu
3786 3773 3856 3814 ex

571 3840 738 3902 hibet,
773 3856 840 3895 ne
870 3839 1134 3896 voremiui
1173 3839 1414 3910 magistri
1444 3839 1635 3910 (Matii.
1667 3839 1850 3910 χχιιι),
1881 3840 1997 3910 ipse
2020 3840 2174 3911 jubet
2271 3841 2438 3900 lsrael
2455 3841 2556 3897 sibi
2576 3855 2755 3914 regem
2771 3843 3108 3912 petentibus,
3124 3844 3192 3900 de
3214 3859 3280 3900 eo
3301 3847 3549 3915 protinus
3571 3847 3850 3918 Scriptura

576 3930 854 3999 discipulis
877 3949 890 3984 :
912 3949 931 3982 ι
955 3931 1252 3996 lte,docete
1274 3940 1659 4002 omnesgentes
1677 3930 1893 4000 (Matth.
1911 3935 2123 4004 xxvm).
2147 3954 2165 3986 ι
2272 3931 2448 3988 dicat:
2471 3950 2490 3984 ‹
2514 3932 2794 4002 Displicuit
2820 3947 3002 3990 sermo
3026 3934 3078 3988 in
3109 3935 3283 3991 oculis
3307 3933 3601 4002 Samuelis,
3624 3952 3690 3993 eo
3711 3941 3854 4010 quod

574 4021 799 4090 Oportet
824 4035 975 4091 ergo,
1007 4029 1064 4074 ut
1099 4021 1225 4074 dum
1252 4021 1562 4078 animarum
1605 4020 1813 4077 fructus
1840 4023 2170 4092 exquiritur,
2270 4021 2555 4087 dixissent,
2590 4023 2664 4077 Da
2707 4022 2864 4078 nobis
2914 4037 3118 4093 regem,
3168 4035 3226 4078 ut
3249 4025 3456 4095 judicet
3502 4042 3601 4082 nos
3631 4028 3690 4098 (Ι
3726 4028 3856 4100 Reg.

575 4127 682 4167 non
725 4114 961 4167 humana
1007 4112 1145 4176 laus,
1190 4129 1295 4168 non
1323 4114 1600 4183 popularis
1642 4113 1818 4179 favor,
1849 4129 1956 4170 non
1991 4115 2172 4186 aliqua
2272 4113 2416 4186 VIII).
2452 4133 2472 4167 ι
2507 4114 2644 4181 Quid
2691 4112 2924 4169 referam
2967 4113 3174 4168 Eliam?
3201 4115 3334 4184 quid
3362 4115 3653 4172 Elisaaum?
3684 4120 3774 4189 qui
3799 4131 3861 4174 ut

576 4201 799 4255 honoris
867 4203 1175 4256 reverentia
1251 4205 1456 4260 mentis
1522 4204 1824 4260 intentione
1875 4215 2171 4274 quaeratur.
2272 4203 2535 4274 proximis
2567 4203 2872 4274 potuissent
2905 4219 3000 4259 sua
3037 4206 3419 4274 praedicatione
3448 4207 3729 4278 prolicere,
3759 4227 3859 4265 ne-

577 4289 729 4356 Quod
774 4289 820 4344 si
860 4290 1005 4344 ultro
1033 4291 1248 4346 oblatus
1295 4293 1469 4371 honor
1496 4292 1801 4348 nolentibus
1835 4293 1992 4350 nobis
2024 4295 2176 4368 inge-
2273 4295 2545 4366 quaquam
2572 4293 2730 4349 veriti
2760 4303 2888 4349 sunt
2929 4303 2984 4349 et
3027 4295 3209 4351 multis
3237 4310 3526 4354 coruscare
3557 4300 3857 4365 miraculis,

577 4381 738 4447 ritur,
776 4381 1143 4436 necessarium
1173 4391 1275 4447 est,
1313 4391 1374 4436 ut
1418 4383 1471 4438 in
1503 4383 1813 4453 pavimento
1846 4385 2028 4441 cordis
2073 4387 2174 4441 sub
2274 4394 2330 4441 et
2355 4385 2486 4454 ipsis
2514 4383 2750 4452 regibus,
2787 4383 3044 4453 omnique
3092 4384 3290 4454 populo
3334 4387 3672 4443 venerabiles
3699 4405 3862 4460 appa-

576 4471 827 4540 districto
853 4471 1151 4541 disciplina:
1175 4473 1313 4543 pede
1341 4472 1603 4539 calcetur,
1628 4483 1682 4528 et
1705 4475 1851 4530 velut
1877 4487 2173 4533 venenatus

577 4577 806 4632 serpens
837 4563 889 4617 iu
929 4563 1044 4632 ipso
1091 4564 1453 4634 suggestionis
1497 4565 1674 4635 capite
1719 4566 1884 4620 ictum
1933 4569 2168 4635 sentiat;

578 4669 647 4708 ne
690 4668 807 4719 nos,
851 4655 995 4724 quod
1035 4653 1198 4720 absit,
1245 4654 1298 4708 in
1344 4663 1588 4711 extremo
1636 4655 1790 4711 bona:
1842 4658 2173 4726 operationis

577 4741 890 4797 calcancum
930 4744 1177 4798 mordere
1211 4753 1520 4814 praesumat.
1559 4743 1668 4800 Nec
1703 4755 1883 4800 tamen
1907 4746 1978 4801 ob
2006 4747 2058 4801 id
2090 4757 2178 4803 est

579 4835 881 4888 animarum
924 4835 1128 4890 utilitas
1157 4835 1476 4901 deserenda,
1510 4835 1604 4890 sed
1646 4844 1706 4889 ut
1750 4851 1936 4892 revera
1971 4840 2176 4893 strenui

579 4924 884 4990 bellatores,
920 4926 1048 4981 dum
1100 4927 1460 4998 nosmetipsos
1516 4926 1837 4982 humilitatis
1879 4927 2065 4998 clypeo
2107 4930 2175 4982 ab

582 5012 780 5081 injeCto
819 5015 1070 5088 elationis
1117 5017 1221 5070 telo
1261 5015 1611 5085 protegimus,
1645 5011 1922 5085 prOximos,
1959 5026 2174 5075 nostros

579 5108 644 5158 ad
698 5105 910 5176 fortiter
950 5106 1216 5175 agendum
1267 5113 1467 5161 sancta:
1514 5105 1908 5162 exhortationis
1955 5109 2174 5163 vovibus

578 5197 899 5249 excitemus.
958 5195 1336 5251 Verumtamen
1408 5197 1486 5254 sic
1521 5197 1796 5267 proximos
1875 5201 2174 5266 prudentia:

580 5296 779 5339 nostrae
807 5284 1026 5355 clypeus
1061 5293 1327 5354 protegat,
1363 5302 1432 5340 ne
1472 5287 1642 5342 hostis
1669 5297 1790 5356 post
1835 5295 2041 5357 tergum
2091 5291 2170 5344 la-

582 5375 767 5440 titans,
798 5374 1072 5430 occultum
1103 5390 1170 5429 ex
1201 5374 1411 5430 insidiis
1442 5377 1635 5432 vulnus
1670 5377 1896 5450 infligat.
1930 5378 2021 5434 Sic
2050 5396 2177 5435 con-

583 5475 666 5518 tra
699 5477 943 5520 nostrum
970 5465 1291 5520 dimicemus
1332 5466 1729 5532 adversarium,
1770 5479 1829 5522 ut
1855 5470 2178 5525 commilito-

584 5553 742 5608 nibus
764 5557 928 5610 etiam
953 5557 1156 5611 nostris
1182 5555 1558 5625 provideamus
1584 5557 1869 5614 auxilium.
1915 5557 2008 5614 Sic
2033 5562 2174 5615 circa

585 5646 981 5703 commilitones
1013 5649 1253 5705 fraterna
1297 5651 1538 5706 charitas
1566 5651 1770 5722 vigilet,
1803 5665 1871 5705 ne
1896 5653 2174 5723 pr0prium

585 5731 728 5791 latus
770 5734 965 5804 gladiis
998 5737 1282 5795 hostilibus
1325 5742 1510 5796 nudet.
1545 5739 1638 5797 Sic
1688 5741 1767 5798 sic
1797 5742 2052 5798 nimirum
2080 5744 2178 5799 duc

2276 4489 2419 4529 rere.
2447 4473 2537 4540 Et,
2565 4480 2625 4527 ut
2646 4471 2758 4541 jam
2779 4473 3158 4543 praetermissis
3183 4483 3264 4529 tot
3293 4475 3505 4532 Veteris
3527 4477 3858 4535 Testamcuti

2276 4565 2528 4622 Patribus
2573 4564 2640 4618 ad
2689 4563 3042 4635 Evangelium
3079 4574 3384 4633 transeam,
3428 4571 3667 4640 nunquid
3723 4588 3860 4641 pne-

2273 4671 2468 4712 cursor
2482 4655 2690 4711 Domini
2716 4655 2890 4712 vitare
2910 4657 3126 4726 penitus
3147 4660 3369 4716 honoris
3389 4665 3743 4718 reverentiam
3767 4679 3862 4733 po-

2277 4746 2398 4810 tuit,
2420 4744 2512 4814 qui
2543 4760 2602 4800 se
2629 4745 2904 4800 Christum
2945 4762 3051 4802 non
3074 4764 3196 4806 esse
3217 4751 3588 4822 turbis,ipsum
3606 4767 3725 4810 esse
3747 4769 3860 4810 cre-

2277 4835 2641 4906 dentibus,vix
2673 4837 2916 4906 negando
2939 4839 3112 4894 suasit
3128 4839 3310 4911 (Joan.
3336 4839 3412 4910 1)?
3433 4841 3682 4912 Nunquid
3699 4843 3862 4899 Petro

2276 4928 2552 5000 popularis
2591 4929 2907 4985 reverentia:
2948 4928 3102 4986 favor
3137 4929 3328 5000 defuit,
3355 4935 3446 5004 qui
3481 4937 3557 4989 tet
3581 4935 3862 5005 languidos

2281 5015 2564 5087 superfusa
2599 5016 2939 5073 solummodo
2965 5019 3048 5073 sui
3087 5021 3333 5090 corporis
3383 5022 3574 5078 umbra
3615 5024 3865 5078 sanavit?

2282 5105 2419 5175 (Act.
2451 5105 2529 5175 v.)
2572 5104 2823 5176 Nunquid
2849 5105 3017 5162 Paulo
3053 5123 3160 5162 non
3201 5116 3286 5163 est
3333 5110 3507 5164 honor
3551 5111 3861 5175 exhibitus,

2279 5192 2711 5267 quandoquidem
2744 5195 2796 5250 in
2814 5195 3018 5267 Lystris
3057 5211 3179 5252 mox
3219 5207 3278 5252 ut
3304 5198 3498 5254 debilis
3525 5200 3768 5270 pedibus,
3797 5217 3865 5255 eo

2281 5287 2648 5356 praecipiente,
2680 5289 2948 5354 surrexit,
2979 5287 3233 5357 protinus
3254 5291 3430 5346 omnis
3470 5293 3624 5347 turba
3658 5291 3712 5345 in
3745 5289 3865 5360 ejus

2280 5378 2494 5434 laudem
2521 5378 2821 5449 stupefacta
2842 5380 3092 5434 clamavit
3126 5398 3138 5433 :
3167 5396 3185 5431 ι
3217 5380 3318 5445 Dii,
3353 5381 3621 5450 inquiunt,
3658 5381 3866 5438 similes

2284 5468 2409 5523 facti
2441 5469 2745 5525 hominibus
2778 5471 3172 5525 descenderunt
3213 5471 3282 5525 ad
3329 5487 3429 5526 nos
3460 5472 3601 5542 (Act.
3652 5472 3798 5542 xiv);
3840 5492 3858 5524 ι

2283 5561 2424 5615 unde
2476 5562 2616 5616 sicut
2665 5562 2827 5632 paulo
2874 5573 2997 5632 post
3027 5561 3318 5617 subditur:
3359 5581 3378 5615 ι
3419 5562 3685 5618 Sacerdos
3715 5562 3868 5617 Jovis

2281 5651 2374 5721 qui
2423 5661 2542 5706 crat
2582 5661 2709 5707 ante
2739 5653 3037 5717 civitatem,
3072 5660 3256 5708 tauros
3277 5663 3334 5708 et
3364 5668 3597 5709 coronas
3631 5663 3758 5708 ante
3781 5652 3870 5722 ja-

2283 5758 2420 5800 nuas
2473 5742 2709 5799 offerens
2771 5759 2893 5800 cum
2965 5743 3218 5814 populis,
3277 5743 3491 5801 volebat
3554 5738 3882 5801 sacrificare
