4170 6502
348 389 451 445 357

1535 395 1738 451 LIBER
1776 398 2100 465 QUINTUS,
2134 400 2346 457 EPIST.
2392 401 2523 457 Xlll.

3518 407 3624 464 358

347 500 561 573 (fbid.).
599 520 618 552 ι
651 500 757 555 Sed
786 515 950 571 quam
996 500 1306 559 inﬂexibilis
1355 504 1443 562 ille
1474 507 1528 563 in
1556 523 1669 564 sua:
1707 509 1929 567 humili-
1958 527 2006 580 Α
2034 513 2186 569 vobis
2212 514 2264 568 in
2286 515 2536 582 Domino,
2570 523 2624 571 et
2652 526 2999 573 commonent
3025 533 3139 583 vos,
3166 530 3225 574 ut
3254 520 3624 577 abundantius

348 592 475 645 uitis
501 605 628 645 arce
658 589 985 660 perstiterit,
1031 590 1346 647 manifestat
1388 592 1507 665 ipse
1530 604 1588 651 et
1635 596 1931 664 Barnabas,

346 696 491 745 cum,
532 679 719 735 scissis
766 694 880 750 prae
926 679 1147 735 tristitia
1182 682 1380 739 tunicis
1403 722 1418 748 ,
1476 683 1704 741 dicunt:
1741 705 1760 739 ι
1796 688 1935 751 Viri,

345 770 475 840 quid
524 770 642 825 haac
690 768 907 824 facitis?
953 778 1008 824 et
1044 785 1142 826 nos
1199 771 1460 828 mortales
1497 788 1687 830 sumus
1731 776 1937 832 similes

343 858 498 914 vobis
524 858 774 913 homines
796 857 987 929 (lbid.)
1026 877 1046 910 ι
1078 858 1161 914 An
1188 859 1421 917 dilectus
1451 863 1664 919 Domini
1698 863 1938 923 Joannes

343 950 677 1021 evangelista
726 952 946 1021 penitus
1002 952 1234 1008 evadere
1289 953 1514 1009 honoris
1573 957 1935 1014 reverentiam

342 1040 648 1110 potuit,qui
677 1040 990 1094 universum
1012 1040 1266 1112 populum
1295 1042 1538 1099 virorum
1560 1058 1626 1099 ac
1646 1045 1935 1103 mulierum

342 1148 465 1187 cum
502 1132 719 1204 hymnis
743 1141 797 1186 et
824 1131 1073 1189 laudibus
1112 1144 1490 1191 occurrentem
1531 1136 1661 1200 sibi,
1704 1139 1835 1195 dum
1866 1140 1936 1195 ab

341 1224 539 1280 exsilio
573 1232 967 1291 reverteretur,
1019 1224 1257 1281 invenit?
1282 1225 1383 1282 Cui
1429 1226 1596 1282 etiam
1646 1227 1776 1285 illud
1828 1230 1939 1286 sit»

342 1317 531 1388 gnlare
552 1315 754 1371 Christi
794 1317 1125 1386 prteconium
1174 1334 1279 1374 non
1306 1321 1745 1391 praesumptionis
1781 1323 1931 1387 vitio,

341 1405 437 1460 sed
494 1404 665 1459 nimio
693 1405 998 1461 devotionis
1052 1406 1321 1463 desiderio
1364 1410 1731 1466 cantabatur:
1776 1431 1796 1463 ι
1835 1411 1938 1469 Be-

342 1496 608 1563 nedictus,
638 1495 811 1562 aiunt,
840 1496 934 1566 qui
960 1497 1111 1553 venit
1136 1497 1191 1553 in
1228 1499 1450 1556 nomine
1476 1500 1688 1557 Domini
1715 1501 1932 1573 (Matth.

347 1587 529 1656 χχιιι).
565 1604 586 1639 ι
617 1587 701 1642 An
733 1595 789 1642 et
820 1586 1071 1645 Andreas
1109 1589 1387 1660 apostolus
1439 1591 1623 1663 populi
1672 1592 1937 1664 obsequio

345 1685 588 1741 caruisse
612 1684 917 1741 credendus
964 1693 1068 1752 est,
1102 1700 1264 1756 quem
1299 1686 1357 1741 in
1403 1701 1566 1743 cruce
1608 1688 1935 1759 pendentem

340 1776 469 1831 dum
499 1775 721 1831 Achaici
749 1775 1212 1832 tumultuarentur
1255 1776 1485 1846 eripere,
1519 1777 1695 1848 ipsum
1721 1793 1937 1849 quoque

2038 602 2283 660 habeatis
2323 604 2441 661 illos
2492 606 2545 660 in
2586 606 2854 663 charitate
2902 617 3123 679 propter
3150 623 3286 679 opus
3330 608 3544 665 illorum
3569 610 3619 681 (1

2040 692 2221 750 Tlms.
2247 694 2324 767 v).
2350 713 2370 748 ι
2396 693 2533 751 Hinc
2560 703 2664 762 est,
2688 698 2833 766 quod
2865 696 2931 751 de
2946 696 3315 768 Epaphrodito
3333 700 3401 753 ad
3418 697 3621 769 Philip-

2036 797 2231 851 penses
2275 784 2452 840 dicit:
2500 803 2519 838 ι
2550 784 2816 858 Excipite,
2858 785 3055 856 inquit,
3098 785 3249 841 illum
3295 801 3418 842 cum
3468 790 3617 844 omni

2033 876 2232 949 gaudio
2253 878 2306 933 in
2330 877 2592 945 Domino;
2621 888 2677 934 et
2700 878 2962 949 ejusmodi
2990 893 3112 935 cum
3137 879 3343 936 honore
3361 880 3616 936 habetote

2035 963 2266 1037 (ιηιιιιρ.
2300 967 2389 1035 ιι).
2420 984 2440 1019 ι
2477 967 2534 1023 Si
2558 983 2689 1041 ergo
2718 967 3009 1039 Apostolus
3034 969 3396 1025 reverentiam
3411 969 3622 1041 fugien-

2034 1055 2162 1113 dam
2187 1057 2413 1113 omnino
2458 1058 2803 1125 deccrneret,
2824 1059 2954 1115 dum
2981 1059 3321 1117 auditoribus
3346 1062 3612 1133 praecipit,

2034 1155 2094 1202 ut
2122 1148 2332 1204 doctori
2358 1163 2460 1205 suo
2486 1148 2749 1205 honorem
2780 1148 3096 1218 exhibeant,
3132 1152 3322 1207 suadet
3353 1153 3618 1221 profecto,

2035 1246 2095 1293 ut
2124 1253 2248 1293 eum
2276 1238 2345 1294 de
2372 1239 2487 1294 suis
2523 1238 2719 1295 ﬁnibus
2763 1239 2969 1295 honore
3015 1249 3409 1311 prosequentes
3433 1242 3616 1312 expel-

2036 1327 2169 1383 lant.
2201 1328 2308 1383 Sed
2337 1327 2442 1384 hoc
2476 1343 2697 1385 monere
2735 1329 2949 1384 videtur
2984 1331 3309 1401 praedicator
3337 1330 3612 1402 egregius,

2035 1425 2097 1473 ut
2142 1418 2410 1475 discretus
2457 1419 2543 1473 vir
2574 1426 2630 1474 et
2672 1419 2934 1476 honorem
2973 1418 3078 1475 sibi
3106 1420 3347 1477 delatum
3374 1421 3617 1476 exterius

2034 1523 2136 1581 pro
2165 1506 2397 1565 fratrum
2426 1509 2658 1566 utilitate
2685 1508 2969 1580 suscipiat,
2992 1519 3050 1566 et
3074 1510 3325 1567 eumdem
3353 1510 3615 1568 honorem

2035 1602 2364 1659 intrinsecus
2389 1603 2490 1674 pro
2516 1616 2614 1659 sua
2650 1601 2961 1659 humilitate
2984 1609 3323 1668 contemnat,
3352 1612 3619 1673 quatenus

2037 1692 2280 1765 undique
2306 1694 2736 1763 circumspectus
2760 1693 2840 1750 sic
2880 1692 3095 1749 illorum
3126 1693 3284 1748 saluti
3315 1694 3615 1763 provideat,

2034 1792 2095 1836 ut
2123 1782 2239 1851 ipse
2270 1794 2449 1838 tamen
2479 1782 2730 1839 elationis
2764 1784 2901 1840 vitio
2927 1800 3036 1839 non
3063 1786 3401 1840 succumbat.
3432 1783 3619 1854 NeQuc

342 1868 636 1939 provincia:
688 1867 976 1938 praesidem
1024 1868 1338 1924 comminati
1372 1878 1501 1925 sunt
1531 1869 1843 1925 trucidare?
1868 1870 1936 1927 Et
1967 1859 2011 1919 Β
2037 1876 2202 1940 enim,
2235 1890 2296 1930 ut
2324 1891 2422 1932 nos
2442 1874 2724 1932 valeamus
2752 1875 2821 1932 ab
2850 1875 3157 1947 huiusmodi
3194 1877 3323 1931 vitio
3346 1874 3618 1931 cautiones

342 1971 402 2014 ut
425 1975 494 2015 ex
525 1959 639 2029 ipso
664 1969 976 2016 sanctorum
1008 1960 1252 2016 omnium
1274 1960 1452 2032 capite
1471 1960 1722 2033 allegatio
1746 1974 1933 2019 nostra

345 2050 560 2109 firmius
606 2051 935 2117 roboretur,
991 2042 1411 2123 Redemptor-em
1465 2063 1711 2108 nostrum
1760 2053 1931 2110 Judaei

345 2157 527 2213 regem
570 2141 862 2198 voluerunt
905 2144 1259 2209 constituere,
1310 2143 1416 2200 nisi
1468 2143 1556 2201 ille
1601 2145 1804 2201 montis
1836 2161 1932 2201 au-

343 2237 550 2312 fugium
599 2241 842 2310 petiisset
880 2240 1065 2305 (Joan.
1119 2241 1219 2311 vt).

413 2326 472 2384 Si
502 2344 635 2400 ergo
676 2330 945 2385 mediator
991 2329 1086 2386 Dei
1136 2338 1192 2387 et
1245 2329 1521 2387 hominum
1563 2330 1630 2387 ad
1671 2330 1932 2388 exhiben-

343 2420 469 2474 dum
502 2419 671 2475 solius
705 2420 1026 2476 humilitatis
1070 2421 1379 2492 exemplum
1411 2423 1490 2477 sic
1521 2422 1802 2478 hominum
1839 2438 1931 2477 re-

341 2511 644 2567 verentiam
682 2510 944 2568 voluisset
987 2511 1258 2582 abjicere,
1288 2521 1348 2567 ut
1394 2527 1497 2569 nec
1549 2512 1931 2571 miraculorum

341 2602 572 2659 virtutes
605 2604 952 2671 ostenderet,
982 2618 1157 2675 neque
1189 2604 1590 2675 praedicationis
1613 2605 1777 2660 verba
1805 2620 1932 2675 pro-

344 2690 535 2759 ferret,
574 2694 810 2748 humano
857 2694 1063 2765 generi,
1117 2694 1172 2749 in
1218 2694 1459 2765 peccatis
1502 2703 1740 2760 mortuo,
1776 2695 1930 2764 quid,

344 2804 516 2860 rogo,
570 2790 803 2854 salutis,
854 2790 985 2860 quid
1031 2789 1285 2844 utilitatis
1333 2790 1488 2861 161
1552 2788 1933 2858 impenderet?

346 2879 452 2933 Sed
482 2879 686 2935 idcirco
711 2879 880 2936 voluit
908 2880 1235 2936 reverendus
1258 2888 1313 2936 et
1357 2880 1622 2937 mirabilis
1647 2894 1928 2951 apparere,

346 2976 406 3021 ιιι
460 2967 773 3023 mirantium
825 2969 893 3049 ad
923 2984 980 3025 se
1028 2970 1193 3026 corda
1232 2978 1594 3035 converteret,
1631 2984 1930 3026 conversos

268 3090 275 3096 ν
346 3068 526 3115 autem
552 3076 650 3131 per
683 3060 849 3127 viam,
877 3076 981 3131 qua
1013 3061 1382 3132 gradiebatur,
1414 3061 1481 3116 ad
1506 3062 1740 3131 patriam
1769 3077 1931 3117 revo-

347 3161 518 3205 caret.
555 3150 670 3206 Cur
718 3165 846 3222 ergo
886 3165 1212 3222 magnopere
1250 3151 1508 3207 timemus
1534 3152 1814 3205 hominum
1842 3166 1929 3206 re-

348 3243 672 3307 verentiam,
703 3259 807 3313 qua
853 3252 911 3298 et
957 3251 1142 3299 nostra
1190 3257 1312 3299 sese
1366 3243 1539 3298 virtus
1560 3249 1838 3309 exerceat,
1873 3250 1931 3298 et

351 3348 416 3387 ex
427 3332 731 3388 bibentium
758 3334 1028 3389 devotioni
1060 3332 1268 3389 fructus
1293 3341 1571 3389 accrescat
1589 3332 1755 3400 iQuae
1778 3333 1932 3388 vide-

349 3421 477 3477 licet
499 3422 546 3477 si
575 3423 790 3492 quando
812 3431 938 3477 ante
960 3423 1155 3478 mentis
1177 3431 1374 3479 nostrae
1392 3421 1614 3491 januam
1641 3436 1794 3477 vana:
1820 3421 1935 3493 glo-

359 3513 456 3569 riae
486 3522 650 3569 vento
683 3514 1112 3579 submnrmurat,
1143 3524 1356 3570 scutum
1384 3514 1632 3585 protinus
1658 3511 1935 3568 humilita-

351 3605 425 3661 tis
474 3604 812 3674 opponitur:
843 3613 1033 3675 etquo
1075 3604 1363 3660 violentior
1405 3605 1545 3661 ictus
1593 3603 1932 3673 impingitur,

350 3709 417 3750 eo
466 3696 622 3751 nobis
676 3696 1017 3767 locupletius,
1071 3706 1289 3765 peracta
1339 3694 1589 3769 victoria,
1653 3694 1932 3764 praemium

352 3787 683 3841 cumulatur.
706 3786 876 3843 Porro
912 3795 1093 3842 autem
1123 3786 1224 3841 nisi
1258 3785 1440 3856 aliquo
1472 3784 1634 3841 modo
1655 3783 1936 3840 venerabi-

353 3877 422 3933 lis
471 3878 812 3935 auditoribus
857 3892 1091 3950 persona
1139 3878 1483 3949 praedicantis
1514 3885 1791 3949 appareat,
1827 3891 1935 3931 non

355 3969 628 4025 admissus
674 3969 1076 4040 praedicationis
1102 3984 1283 4025 sermo
1307 3969 1448 4039 apud
1474 3981 1660 4023 eorum
1692 3969 1934 4022 animum

362 4078 469 4117 non
500 4062 732 4118 laborat.
765 4063 899 4117 Nam
948 4063 993 4119 si
1032 4062 1302 4134 loquentis
1347 4074 1579 4134 persona
1615 4059 1932 4129 despicitur,

358 4163 530 4210 restat
572 4164 631 4209 ut
679 4155 796 4226 ipsa
842 4154 1043 4211 locutio
1091 4156 1232 4225 apud
1265 4153 1552 4209 audientes
1586 4150 1936 4223 despicabilis

350 4242 646 4311 iudicetur.
678 4243 865 4314 Neque
905 4244 1050 4300 enim
1100 4243 1351 4298 laborare
1392 4242 1533 4312 apud
1583 4255 1679 4296 eos
1722 4248 1938 4310 poterat

358 4333 580 4400 Paulus,
600 4335 692 4405 qui
728 4350 853 4389 eum
882 4335 1274 4405 despiciebant,
1297 4333 1576 4389 dicentes:
1607 4351 1625 4383 ι
1659 4331 1935 4403 Epistolas,

358 4427 633 4497 inquiunt,
664 4439 857 4496 graves
906 4433 1053 4490 sunt,
1085 4433 1137 4480 et
1180 4424 1385 4488 fortes,
1418 4420 1709 4493 praesentia
1756 4430 1935 4475 autem

358 4517 603 4588 corporis
618 4516 854 4582 infirma,
869 4526 924 4572 et
942 4530 1122 4571 sermo
1137 4514 1558 4585 contemptibilis
1576 4512 1661 4586 (Il
1681 4511 1803 4568 Cor.
1818 4512 1929 4585 ι).›

2036 1968 2300 2035 existere,
2328 1968 2533 2023 idcirco
2556 1968 2816 2023 debemus
2846 1967 3105 2022 fratribus
3130 1968 3330 2022 nostris
3359 1966 3617 2036 praadica-

2036 2056 2200 2113 tionis
2227 2056 2485 2113 auxilium
2508 2056 2800 2128 denegare,
2825 2073 2946 2113 cum
2962 2057 3170 2129 Moyses
3196 2058 3339 2113 dicat
3365 2074 3379 2112 :
3401 2074 3421 2108 ι
3447 2057 3616 2113 Obse-

2032 2166 2152 2215 cro,
2210 2150 2457 2216 Domine,
2492 2150 2740 2220 peccavit
2788 2149 3017 2221 populus
3061 2148 3165 2205 iste
3191 2159 3473 2219 peceatum
3502 2164 3616 2202 ma-

2034 2256 2219 2314 gnum,
2243 2239 2489 2296 fecerunt
2504 2239 2608 2296 sibi
2630 2240 2761 2296 deos
2785 2254 3009 2306 aureos;
3035 2247 3127 2294 aut
3146 2239 3359 2295 dimitte
3380 2242 3460 2294 eis
3475 2239 3614 2293 hanc

2031 2348 2253 2397 noxam,
2289 2340 2408 2397 aut,
2452 2330 2500 2387 si
2546 2346 2653 2387 non
2698 2328 2894 2398 facias,
2935 2330 3056 2386 dele
3091 2345 3181 2385 me
3227 2332 3293 2386 de
3334 2329 3474 2385 libro
3529 2341 3619 2384 tuo

2034 2439 2197 2495 quem
2222 2423 2484 2495 scripsisti
2536 2420 2735 2494 (Exod.
2765 2425 2959 2495 χχχιι).
2994 2442 3013 2475 ι
3046 2421 3161 2490 Qua
3181 2437 3311 2493 ergo
3339 2422 3619 2478 conscien-

2034 2519 2107 2572 tia
2155 2530 2439 2586 possumus
2466 2514 2677 2586 privato
2712 2515 2888 2569 amori
2936 2513 3163 2569 fratrum
3213 2512 3365 2568 lucra
3393 2520 3617 2582 postpo-

2034 2620 2188 2671 nere,
2228 2622 2351 2661 cum
2380 2605 2485 2661 iste
2536 2619 2645 2661 non
2678 2605 2888 2660 dubitet
2916 2620 3013 2673 pro
3039 2604 3213 2660 salute
3240 2605 3613 2675 proximorum

2032 2696 2099 2751 de
2129 2696 2267 2750 libro
2296 2695 2494 2750 divina:
2520 2695 2796 2750 memorias
2826 2693 3073 2749 funditus
3102 2693 3385 2764 deperire?
3404 2694 3610 2749 Dehinc

2030 2786 2197 2842 etiam
2245 2784 2446 2840 Paulus
2487 2784 2655 2839 dicit:
2691 2788 2711 2835 ι
2748 2782 3012 2855 Optabam
3050 2799 3150 2854 ego
3178 2784 3293 2853 ipse
3321 2783 3612 2838 anathema

2033 2895 2155 2937 esse
2185 2896 2215 2934 a
2243 2878 2462 2936 Christo
2490 2893 2587 2949 pro
2611 2877 2871 2933 fratribus
2899 2878 3055 2942 meis,
3091 2878 3183 2947 qui
3224 2887 3354 2933 sunt
3388 2879 3606 2948 cognati

2032 2973 2139 3027 mei
2180 2971 2477 3026 secundum
2516 2982 2755 3033 carnem,
2802 2967 2897 3037 qui
2937 2974 3066 3021 sunt
3116 2966 3374 3023 Israelita:
3416 2965 3609 3037 (Rom.

2043 3064 2142 3137 ix).
2176 3082 2196 3118 ι
2228 3064 2362 3119 Cum
2405 3063 2569 3134 igitur
2590 3063 2763 3118 sancti
2786 3061 2909 3126 viri,
2940 3069 3000 3115 ut
3027 3060 3285 3115 fratribus
3307 3058 3614 3123 consulant,

2032 3157 2195 3227 etiam
2220 3156 2519 3211 animarum
2549 3169 2769 3209 suarum
2786 3151 3297 3223 periculum'subire
3325 3150 3481 3222 162
3510 3166 3615 3203 nou

2035 3254 2303 3312 metuunt,
2337 3244 2466 3315 quid
2519 3244 2664 3300 aliud
2699 3244 2926 3309 faciunt,
2957 3259 3119 3314 qttam
3172 3244 3479 3312 exemplum
3528 3244 3615 3296 sui

2033 3339 2227 3408 capitis
2274 3336 2590 3391 imitantur?
2629 3335 2731 3402 Qui
2759 3336 3007 3390 videlicet
3039 3351 3134 3405 pro
3157 3334 3349 3389 ovibus
3377 3334 3613 3387 animam

2040 3437 2190 3479 suam
2213 3425 2391 3493 posuit
2416 3424 2594 3489 (Joan.
2619 3424 2701 3489 x),
2739 3431 2813 3486 et,
2843 3432 2903 3477 ut
2926 3438 3027 3477 nos
3048 3438 3077 3475 a
3101 3431 3273 3477 morte
3298 3424 3613 3487 redimeret,

2042 3514 2234 3568 mortis
2264 3512 2502 3580 perferre
2538 3512 2803 3583 supplicia
2838 3530 2943 3567 non
2983 3514 3221 3581 espavit.
3259 3511 3417 3566 Absit
3451 3527 3605 3582 ergo,

2039 3617 2100 3664 ut
2129 3617 2355 3679 propter
2370 3609 2629 3663 honorem
2658 3606 2748 3676 qui
2771 3606 2925 3660 nobis
2958 3603 3305 3675 impenditur,
3328 3602 3616 3657 debeamus

2036 3700 2293 3755 fratribus
2343 3699 2544 3753 nostris
2594 3695 2969 3753 aedificationis
3016 3693 3181 3749 verba
3237 3690 3609 3747 subtrahere:

2036 3794 2131 3848 sed
2165 3801 2387 3863 propter
2430 3804 2619 3845 eorum
2674 3788 2929 3851 salutem,
2980 3785 3155 3856 ipsum
3205 3782 3617 3851 acquiescamus

2038 3885 2300 3940 honorem
2326 3880 2704 3953 aequanimiter
2728 3878 2975 3957 tolerare.

2109 3979 2235 4034 Haec
2267 3986 2470 4040 autem,
2522 3971 2846 4028 venerabilis
2890 3971 3069 4033 Pater,
3124 3967 3377 4033 dixerim,
3427 3981 3532 4021 non
3561 3975 3615 4020 ut

2038 4068 2386 4140 pertinaciter
2413 4064 2614 4136 proprii
2643 4061 2948 4118 intellectus
2971 4059 3256 4113 arbitrium
3287 4072 3502 4127 sequar,
3528 4066 3619 4111 aut

2039 4161 2156 4216 haec
2182 4158 2452 4213 aliirmare
2480 4168 2837 4226 praesumam;
2884 4151 2978 4206 sed
3007 4158 3066 4205 ut
3096 4158 3150 4202 tu
3193 4149 3489 4203 secundum
3538 4149 3620 4202 in-

2042 4251 2260 4323 genium
2289 4248 2386 4303 tibi
2413 4247 2675 4303 divinitus
2704 4245 2912 4309 datum,
2944 4242 3028 4297 vel
3058 4241 3102 4296 si
3140 4253 3229 4296 res
3254 4241 3416 4295 aliter
3440 4240 3622 4305 habet,

2039 4344 2320 4398 insinues:
2351 4339 2435 4395 vel
2464 4354 2586 4409 qua:
2631 4337 2774 4393 dicta
2802 4344 2949 4400 sunt,
2980 4334 3301 4405 gravissima
3336 4332 3409 4386 tui
3436 4331 3624 4403 jndicii

2041 4434 2365 4488 auctoritate
2395 4431 2700 4485 confirmes.
2741 4425 2951 4489 Saluta,
2982 4439 3185 4496 quaeso,
3221 4440 3287 4478 ex
3318 4437 3436 4502 mea
3474 4433 3625 4492 parte

2044 4521 2426 4576 charissimam
2483 4517 2614 4572 mihi
2662 4525 2871 4585 patrem
2939 4524 2995 4568 et
3060 4513 3385 4585 magistrum
3444 4527 3625 4566 meum

356 4571 513 4679 Apud
559 4571 653 4664 eos
682 4571 862 4664 autem
902 4609 1127 4665 multmn
1164 4571 1486 4679 profecerat,
1511 4571 1709 4677 quibus
1733 4571 1939 4679 gratias
1968 4571 2017 4631 Β
2429 4571 2807 4679 presbyterum
2826 4646 2841 4671 ,
2865 4614 2921 4661 et
2949 4571 3362 4660 dilectissimum
3394 4601 3624 4656 fratrem

361 4700 646 4755 referendo
679 4700 895 4755 dicebat
922 4717 935 4752 :
976 4718 994 4752 ι
1044 4699 1196 4756 Sicut
1230 4700 1479 4769 angelum
1508 4700 1603 4755 Dei
1654 4698 1944 4768 excepistis
2044 4718 2222 4757 meum
2250 4700 2551 4756 Gerardum
2581 4700 2648 4753 de
2677 4697 2893 4752 Blanca.
2922 4696 3131 4752 Reddat
3153 4694 3258 4750 illis
3284 4693 3624 4761 omnipotens

361 4806 479 4856 me;
512 4791 885 4845 testimonium
922 4790 1068 4845 enim
1094 4790 1246 4845 vobis
1273 4790 1550 4861 perhibeo,
1578 4790 1706 4860 quia
1737 4790 1783 4844 si
1828 4788 1943 4844 fieri
2036 4790 2187 4846 “Deus
2233 4790 2415 4845 omnia
2467 4789 2607 4843 bona
2659 4802 2779 4858 qua:
2819 4786 2950 4841 mihi
2996 4784 3243 4840 fecerunt
3291 4797 3388 4851 pro
3438 4795 3625 4837 amore

360 4891 580 4951 posset.
609 4881 798 4936 oculos
840 4889 1049 4937 vestros
1092 4882 1374 4937 cruissetis
1406 4890 1461 4937 et
1487 4880 1774 4936 dedissetis
1811 4880 1941 4934 mihi
2045 4884 2181 4954 ejus.

360 4969 506 5043 (Gal.
544 4972 641 5042 tv).
665 4989 683 5023 ι
716 4971 961 5041 Nunquid
989 4972 1277 5041 Apostolus
1302 4971 1575 5040 despectui
1604 4970 1818 5025 volebat
1842 4969 1940 5024 ha-

362 5062 501 5127 beri,
546 5062 689 5116 unde
736 5060 1127 5131 conqueritur?
1154 5060 1407 5130 Nunquid
1443 5060 1746 5116 sedulitatis
1780 5058 1941 5113 obse-

362 5153 548 5223 quium
576 5152 885 5217 devitabat,
917 5153 1061 5207 unde
1106 5153 1475 5224 gratiﬁcatur?
1514 5151 1619 5207 Sed
1650 5160 1943 5220 utrumque

364 5257 469 5297 non
514 5250 737 5312 propter
762 5256 842 5297 se.
871 5240 987 5296 Non
1009 5242 1155 5296 enim
1182 5243 1465 5312 qurerebat
1490 5256 1610 5310 qua:
1637 5256 1735 5296 sua
1760 5249 1942 5305 erant,

366 5331 458 5384 sed
496 5344 619 5399 qua:
643 5329 886 5403 alterius.
920 5330 1124 5386 Idcirco
1148 5345 1345 5400 nempe
1375 5329 1587 5385 volebat
1614 5345 1645 5384 a
1672 5329 1949 5400 discipulis

366 5422 495 5489 coli,
520 5432 583 5477 ut
620 5432 827 5479 attente
854 5423 1019 5479 etiam
1050 5432 1234 5493 posset
1254 5421 1428 5477 audiri
1457 5435 1473 5475 :
1503 5421 1706 5478 idcirco
1730 5436 1946 5477 recusa-

367 5512 460 5568 bat
489 5514 558 5569 ab
580 5513 919 5569 auditoribus
941 5513 1186 5584 despici,
1208 5513 1334 5582 quia
1374 5512 1651 5566 metuebat
1689 5512 1849 5566 simul
1890 5519 1945 5566 et

364 5618 673 5659 sermonem
709 5605 982 5660 contemni
1053 5605 1189 5661 llinc
1221 5612 1305 5660 ost
1331 5603 1475 5658 enim
1495 5643 1511 5669 ,
1539 5603 1685 5673 quod
1712 5601 1945 5659 Thessa-

371 5692 733 5750 lonicensibus
774 5694 895 5749 ait:
936 5711 956 5747 ι
985 5694 1258 5765 Rogamus
1306 5702 1486 5748 autem
1546 5708 1679 5757 vos,
1725 5692 1945 5758 fratres,

372 5798 493 5842 cum
530 5784 798 5840 noveritis
824 5797 939 5850 eos,
964 5784 1055 5854 qui
1100 5783 1347 5838 laborant
1377 5784 1429 5837 in
1454 5797 1570 5845 vos,
1613 5792 1668 5836 et
1706 5790 1947 5851 praesunt

2578 4990 2909 5047 EPISTOLA
2956 4988 3090 5043 Xlll.

2349 5101 2417 5141 AD
2443 5099 2778 5141 CAPELLANOS
2800 5094 3122 5137 GOTHIFREDI
3149 5095 3321 5135 DUCIS.

2047 5207 2443 5261 Ancum-1mm.
2478 5231 2539 5241 —-
2581 5198 2829 5253 Defendit
2856 5212 2914 5249 se
2942 5211 2972 5249 a
3011 5194 3275 5250 calumnia
3323 5190 3624 5262 capellano-

2126 5260 2242 5329 rum
2269 5270 2512 5327 Gothifre
2536 5270 2567 5322 1i
2591 5267 2872 5343 ducis._qui
2901 5264 3048 5321 illum
3073 5265 3318 5343 avaritia:
3347 5260 3623 5343 laxabant,

2120 5344 2432 5398 eorumdem
2480 5352 2696 5406 quoque
2749 5335 2883 5392 duas
2935 5335 3285 5406 pravissimas
3341 5335 3625 5400 opiniones

2123 5412 2422 5484 redarguit.
2440 5407 2796 5484 Afﬁrmabant
2818 5407 2962 5462 enim
2983 5407 3210 5462 clericos
3238 5417 3396 5484 posse
3427 5415 3628 5454 uxores

2121 5474 2342 5538 dueere.
2371 5480 2492 5535 Illos
2513 5480 2603 5548 qui
2628 5478 2992 5551 episcopatus,
3014 5486 3069 5532 et
3089 5474 3389 5530 sacerdotia
3422 5485 3629 5551 merca-

2121 5563 2331 5617 rentur,
2352 5550 2645 5606 dummodo
2687 5548 3084 5618 impositionem
3118 5558 3310 5618 manus
3334 5548 3507 5612 gratis
3536 5555 3627 5593 ac-

2123 5614 2381 5692 ciperent,
2425 5614 2897 5675 Simoniacos'non
2923 5619 3061 5692 esse.
3121 5614 3291 5682 Quam
3348 5621 3630 5680 utramque

2123 5686 2371 5748 haeresim
2399 5706 2520 5746 esse
2540 5728 2555 5755 ,
2580 5698 2763 5759 aperte
2788 5686 3041 5741 ostendit.

2127 5782 2348 5841 Dilectis
2403 5782 2455 5836 in
2506 5780 2724 5835 Christo
2781 5778 3040 5835 fratribus
3095 5775 3387 5849 capellanis
3442 5772 3599 5830 Gothi
