4170 6452
1036 349 1096 407 S.
1136 346 1343 405 PETRI
1380 344 1663 405 DA‘MlANl
1697 342 1850 402 OPP.
1888 338 2072 398 PARS
2107 335 2244 395 SEU
2282 312 2520 391 ’1³0ὲὶῧὸ
2558 329 2600 385 Ι.
2630 359 2699 370 -
2738 324 2956 382 EPIST.
2994 321 3124 377 LIB.
3171 319 3279 376 Vill

3686 316 3795 375 360

541 468 680 526 (redi
709 465 908 533 ,ducis,
957 462 1174 520 Penus
1219 471 1474 533 peccatur
1520 457 1819 515 monachus
1863 453 2111 511 salutem.
2146 455 2192 513 Α
2224 448 2390 516 tibus,
2421 443 2654 517 cieptica
2703 439 2899 533 fraude,
2935 435 3229 505 subripuit,
3253 441 3309 489 et
3336 431 3490 488 vobis
3517 429 3654 487 nihil
3674 445 3797 533 om-

607 558 744 615 Cum
793 555 1118 614 servandum
1154 551 1363 623 aliquid
1410 548 1558 620 quod
1591 546 1749 603 cordi
1778 546 1851 602 sit
1875 544 2121 601 scriliere

541 649 712 714 soleo,
761 645 1045 718 multiplici
1094 644 1431 699 diversorum
1487 639 1741 695 codicum
1789 636 2123 695 bibliotheca

538 740 794 805 vallatus,
823 738 1088 808 majorum
1124 733 1430 797 sententias
1461 729 1663 793 reuna),
1690 737 1877 799 atque.
1902 727 1993 782 ubi
2020 741 2119 781 ne-

537 833 840 889 cessarium
865 829 969 893 est;
1014 831 1087 884 ad
1117 842 1305 882 eorum
1333 832 1552 899 semper
1577 821 1829 892 exempla
1853 834 2116 876 recurro:

541 938 683 977 nunc
708 930 892 977 autem
932 923 985 976 in
1027 919 1282 990 prmrupti
1317 915 1518 979 montis
1545 924 1707 984 atque
1734 912 1930 971 nivalis
1955 925 2116 966 cacu-

548 1014 694 1068 mine
719 1013 1069 1075 constitutus,
1110 1010 1237 1066 dum
1287 1004 1691 1063 monasterialis
1713 1001 1927 1058 aedilicii
1956 1000 2131 1056 labri».

540 1118 661 1157 eam
692 1111 1011 1158 construere
1045 1098 1240 1169 gestio,
1267 1112 1381 1151 non
1406 1096 1568 1151 modo
1595 1093 1859 1148 librorum
1884 1090 2119 1163 paginis,

539 1206 661 1260 qua
685 1190 871 1261 procul
892 1191 1111 1254 absunt,
1126 1188 1376 1243 insistam
1401 1199 1647 1254 nequeo;
1680 1182 1775 1237 sed
1803 1188 1860 1236 et
1887 1192 2121 1234 caemen-

542 1283 806 1337 tarlorum
838 1296 903 1336 ae
930 1280 1253 1334 latomorum
1281 1275 1745 1348 perstrepeatium
1769 1269 2122 1328 clamorede-

543 1386 783 1443 pressus,
817 1371 873 1426 id
901 1373 1075 1442 ipsum
1105 1382 1264 1439 pene,
1293 1367 1441 1437 quod
1467 1367 1608 1419 intra
1637 1375 1726 1418 me
1745 1370 1851 1426 est.
1874 1360 2124 1432 ignttrare

542 1461 838 1533 compellor
866 1478 883 1514 :
907 1459 1049 1515 unde
1072 1459 1227 1515 vobis
1253 1457 1493 1512 scribere
1518 1454 1709 1518 uinco,
1738 1466 1809 1507 ne
1827 1450 1957 1507 dum
1998 1448 2121 1520 styli

545 1550 693 1606 rudis
713 1547 1013 1605 articulum
1026 1542 1488 1617 inexpugnabilia.
1513 1542 1659 1601 sicut
1679 1539 1880 1599 talibus
1901 1536 2121 1607 dignum

544 1651 648 1705 est.
689 1658 796 1697 non
836 1639 1135 1699 munieriut
1181 1635 1497 1694 testimonia
1539 1633 1968 1704 Scriptursrum.
1997 1642 2125 1683 mox

546 1742 607 1787 ut
658 1731 801 1788 elato
844 1728 1161 1800 supercilio,
1191 1736 1248 1784 et
1277 1737 1467 1799 rugata
1499 1724 1676 1781 fronte
1704 1721 1969 1793 legeritis,
1998 1728 2123 1775 tan-

2222 542 2351 597 nino
2391 535 2765 610 peccantibus,
2811 532 2936 605 quia
2980 541 3161 585 tamen
3210 536 3394 584 vester
3433 533 3554 582 erat
3595 525 3797 592 socius,
3883 591 3887 594 ν

2220 629 2616 704 quodammodo
2654 639 2865 681 naevum
2915 631 3100 679 reatus
3135 620 3365 676 induxit.
3411 617 3514 684 Qui
3570 631 3697 673 mox
3743 618 3800 670 in

2221 722 2450 777 crimine
2471 718 2865 790 deprehensus,
2887 725 2944 770 et
2972 713 3175 769 minaci
3192 720 3399 767 terrore
3422 708 3685 763 Bcairicis
3704 722 3802 762 ex-

2220 813 2619 870 cellentissimus
2643 811 2827 874 ducis,
2857 818 2913 865 et
2957 808 3219 863 animosze
3245 804 3504 875 vit-sgittis
3535 802 3773 858 violente
3791 819 3803 831 ·

2222 917 2537 975 oppressus,
2558 914 2749 957 aurum
2774 898 2928 954 fratri
2953 906 3140 954 nostro
3153 893 3577 951 latenteruttuiit
3600 910 3615 946 :
3639 901 3803 962 atque

2221 1005 2283 1048 ut
2323 1008 2428 1063 pro
2452 1008 2519 1049 se
2565 992 2983 1063 supplicaretur,
3014 988 3211 1045 oravit.
3259 986 3432 1053 Quam
3472 998 3604 1041 sane
3648 1000 3807 1039 sum-

2224 1102 2368 1142 mam
2395 1101 2540 1153 mox,
2575 1094 2636 1140 ut
2664 1085 3002 1149 rescivimus,
3031 1083 3207 1139 eidem
3237 1080 3438 1136 clerico
3461 1078 3612 1134 reddi
3657 1090 3800 1147 prm-

2220 1179 2465 1248 cepimus
2494 1194 2508 1232 :
2543 1184 2708 1246 atque
2733 1184 2792 1230 ut
2818 1176 2887 1230 de
2918 1173 3251 1230 restituenda
3295 1170 3397 1226 sibi
3428 1169 3660 1234 dominre
3686 1182 3801 1225 suae

2222 1270 2396 1341 gratia
2421 1283 2526 1323 non
2552 1268 2838 1331 diuideret,
2863 1264 3139 1321 exhortati
3164 1277 3375 1318 sumus.
3398 1250 3685 1328 Quam'ille
3704 1273 3802 1330 pe-

2222 1359 2438 1413 cuniam
2471 1360 2599 1412 dum
2620 1357 2974 1412 vehementer
3001 1354 3298 1418 insisteret,
3329 1360 3385 1407 et
3406 1350 3566 1407 nuli's
3583 1350 3804 1406 omnino

2223 1450 2475 1519 precibus
2505 1449 2658 1504 nobis
2685 1447 2931 1517 ingerere
2952 1446 3219 1517 potuisset
3236 1486 3252 1510 ,
3278 1444 3453 1499 altero
3471 1442 3690 1499 tandem
3716 1442 3805 1497 die

2223 1541 2376 1601 fratri
2408 1538 2746 1598 nostratibus
2768 1537 2934 1604 dedit,
2958 1537 3147 1605 sicque
3160 1550 3225 1591 se
3241 1534 3508 1590 mordacis
3521 1533 3804 1591 conscien-

2225 1633 2314 1687 tiae
2353 1631 2595 1702 pondere
2631 1630 2904 1702 levigavlt.
2936 1629 3049 1685 Cur
3072 1643 3208 1699 ergo
3233 1627 3479 1682 avaritia
3504 1626 3793 1691 sententis,

2223 1738 2384 1794 quem
2415 1721 2661 1793 pecuniae
2687 1730 2953 1791 questam
2983 1728 3269 1791 tantopere
3290 1717 3681 1788 contempsisse
3708 1731 3802 1772 co-

544 1830 708 1892 quant
728 1819 931 1877 deliras
947 1817 1281 1875 somniorum
1304 1822 1572 1887 nugamet
1595 1811 1755 1873 anilis
1778 1810 1995 1880 ineptiae
2016 1823 2127 1865 πιε-
2154 1825 2199 1885 ις
2226 1812 2522 1883 gnoscitisi
2558 1810 2670 1867 Cur
2690 1810 2979 1866 adversum
3010 1822 3101 1864 me
3134 1808 3346 1879 linguas
3370 1806 3589 1871 acuitis,
3616 1813 3677 1861 et
3695 1819 3805 1861 non

557 1912 674 1968 nias
709 1908 1043 1980 conspiratis.
1080 1905 1468 1965 Verumtamen
1496 1918 1598 1974 ego
1636 1901 1781 1957 malo
1807 1915 1932 1959 cum
1953 1896 2125 1955 David

551 1998 738 2054 salivis
787 1997 841 2055 in
887 1995 1117 2058 barbam
1163 1992 1525 2051 deﬂuentibus
1548 1990 1690 2062 apud
1735 1986 1897 2053 Αὼὶ,
1940 1999 2123 2056 regem

549 2088 714 2153 Geth,
743 2083 983 2145 furiosus
1007 2085 1114 2142 dici
1139 2082 1191 2155 (1
1238 2082 1366 2155 Reg.
1396 2080 1538 2154 xxi),
1558 2089 1762 2141 etcum
1787 2077 1941 2143 Jesu.
1982 2076 2127 2133 sicut

552 2181 764 2239 Marcus
791 2178 1010 2243 asserit,
1047 2175 1190 2248 apud
1231 2174 1448 2235 intimos
1482 2172 1837 2244 phreneticus
1859 2167 2126 2240 appellari

547 2270 742 2341 (Marc.
766 2270 874 2342 ut),
896 2285 1060 2341 quam
1087 2268 1372 2339 imperitis:
1392 2276 1579 2325 notam
1602 2265 1818 2330 timens.
1849 2264 1903 2323 iu
1934 2276 2129 2333 super-

554 2376 637 2415 nae
673 2358 975 2429 maiestatis
1023 2357 1279 2415 examine
1299 2357 1368 2412 de
1398 2355 1616 2418 silentio
1639 2352 2017 2419 condemnari,L
2040 2351 2129 2408 di-

548 2465 685 2509 cens
708 2465 832 2506 cum
855 2447 995 2509 lsaia
1029 2465 1044 2504 :
1079 2466 1098 2500 ι
1140 2448 1233 2505 Vae
1254 2446 1389 2504 mihi
1414 2445 1541 2516 quia
1561 2444 1727 2510 tacui,
1749 2444 1876 2515 quia
1903 2443 1990 2501 vir
2013 2440 2129 2515 pol-

544 2539 694 2603 lutus
724 2539 885 2607 labiis
906 2554 1009 2612 ego
1032 2552 1151 2596 sum
1183 2536 1321 2608 (ha.
1349 2538 1448 2608 vt).
1482 2554 1503 2590 ι
1532 2534 1709 2592 Porro
1733 2534 1890 2607 ιω
1923 2550 1942 2586 ι
1981 2532 2127 2605 quod

548 2630 775 2687 stultum
798 2638 886 2688 est
901 2629 1018 2709 Dei,
1043 2627 1342 2699 sapientius
1362 2634 1448 2687 est
1471 2624 1782 2685 hominibus
1799 2622 1851 2694 (Ι
1880 2619 2006 2677 Cor.
2021 2621 2083 2692 ι).
2103 2639 2124 2677 ι

549 2720 617 2774 Et
644 2719 786 2775 sicut
824 2719 964 2777 idem
996 2718 1131 2774 dicit
1151 2715 1440 2788 Apostolus
1472 2731 1491 2773 ς
1524 2733 1543 2767 ι
1577 2713 1713 2783 Quia
1742 2727 1849 2772 non
1872 2709 2131 2783 cognovit

549 2810 785 2868 mundus
808 2823 905 2880 per
934 2809 1254 2880 sapientiam
1286 2808 1477 2873 Deum,
1505 2804 1709 2876 placuit
1732 2805 1851 2860 Deo
1871 2816 1969 2875 per
1989 2801 2130 2873 stulg

551 2899 729 2953 titiam
745 2897 1145 2971 praedicationis
1164 2897 1343 2953 salvos
1364 2897 1544 2951 facere
1563 2894 1851 2951 credentes
1866 2893 2080 2966 (Πρω).
2106 2912 2125 2947 ι

553 2987 666 3042 Hoc
692 2988 893 3043 ctenim
919 2996 977 3041 et
1005 2986 1241 3042 Samson
1264 2986 1355 3055 ille
1373 2986 1630 3058 signavit.
1657 2985 1895 3057 quicum
1923 2984 2133 3040 mandis-

551 3075 678 3155 bula
727 3076 866 3133 asini
909 3075 1057 3131 mille
1093 3074 1438 3133 Philisthaeos
1490 3074 1812 3155 mirabiliter
1858 3071 2135 3130 interfecit

2225 1906 2549 1977 repugnanti
2575 1904 2877 1962 mordantis
2895 1903 3133 1973 obloquii
3164 1902 3362 1958 vulnus
3388 1899 3631 1973 inﬂigere
3652 1896 3811 1955 fasti-

2223 1995 2409 2055 ηδιίεῖ
2431 1994 2567 2050 Nam
2597 2001 2654 2051 et
2681 1992 2938 2050 Salomon
2965 1992 3134 2049 dicit:
3172 2009 3192 2045 ι
3224 1989 3473 2046 iaculum
3493 1997 3550 2045 et
3570 1987 3802 2058 gladius,

2224 2093 2288 2139 et
2322 2083 2522 2156 sagitta
2562 2091 2721 2138 acuta
2768 2081 2956 2149 homo,
2980 2080 3074 2152 qui
3127 2079 3368 2151 loquitur
3402 2086 3593 2133 contra
3622 2075 3808 2147 proxi-

2225 2189 2374 2228 mum
2406 2187 2563 2229 suum
2616 2171 3003 2228 testimonium-
3041 2169 3238 2227 falsum
3267 2167 3454 2242 (Prov.
3495 2167 3646 2238 xxv).
3685 2185 3705 2220 I
3741 2166 3809 2223 Et

2225 2264 2549 2338 psalmista:
2582 2283 2601 2317 ι
2637 2263 2763 2320 Filii
2801 2263 3116 2326 hominum,
3157 2262 3352 2318 dentes
3388 2275 3578 2317 eorum
3629 2272 3804 2324 arma,

2229 2363 2286 2410 et
2302 2353 2534 2426 sagitta,
2545 2352 2727 2424 lingua
2751 2366 2940 2409 eorum
2963 2352 3236 2409 machaera
3256 2359 3419 2408 acuta
3439 2348 3617 2422 (Ριαι.
3637 2349 3802 2422 ιω.»

2228 2444 2414 2515 Egone
2434 2442 2749 2515 cupiditatis
2779 2443 3099 2515 arguendos.
3118 2458 3261 2508 sum,
3292 2443 3387 2515 qui
3411 2442 3656 2513 recipere
3679 2442 3811 2498 sub-

2229 2543 2385 2604 rwta
2440 2534 2780 2607 contempsi,
2829 2535 3039 2593 crimen
3086 2533 3287 2593 indulsi
3325 2550 3343 2585 :
3392 2548 3458 2590 ac
3500 2547 3601 2604 pro
3647 2530 3809 2588 malis

2228 2624 2371 2682 bona
2415 2625 2730 2692 restituens,
2778 2625 3005 2685 herilem
3052 2639 3146 2683 reo
3191 2624 3423 2697 gratiam
3478 2621 3808 2681 reformavi?

2228 2712 2364 2786 Ego,
2395 2715 2637 2785 inquam,
2667 2716 2919 2772 avaritiae
2937 2715 3205 2773 notandus
3238 2731 3379 2781 sum,
3414 2715 3508 2786 qui
3532 2713 3809 2783 iacturam

2229 2805 2607 2876 aequanimiter
2629 2806 2862 2877 pertuli,
2887 2821 2961 2861 an
3006 2805 3120 2871 ille,
3154 2805 3319 2878 164
3353 2806 3445 2875 qui
3487 2816 3703 2861 sacrum
3740 2803 3813 2860 de

2230 2912 2392 2957 sacro
2437 2899 2783 2969 subripiens,
2829 2900 3142 2965 sacerdotii,
3174 2914 3283 2970 quo
3331 2898 3672 2970 fuitgcbatur,
3696 2896 3812 2953 oili-

2229 2991 2375 3052 cium
2416 2988 2759 3062 profanavit?
2784 2992 3059 3055 Adversus
3091 3008 3251 3065 quem
3291 2992 3565 3058 videlicet,
3589 2990 3809 3059 fratres,

2233 3082 2338 3138 hoc
2361 3096 2462 3154 ego
2488 3097 2741 3141 sermone
2763 3099 2875 3141 non
2904 3084 3137 3140 invebor
3169 3101 3184 3138 :
3223 3085 3317 3141 sed
3342 3095 3811 3156 vestraprovoca-

470 3198 471 3201 η
562 3150 766 3236 (Judic.
810 3164 925 3239 xv).
972 3164 1199 3222 Samson
1239 3165 1386 3223 enim
1416 3204 1434 3228 ,
1477 3150 1569 3234 qui
1609 3164 2002 3235 interpretatur
2045 3160 2128 3218 sol
2158 3176 2205 3240 ο
2236 3180 2322 3232 ωε
2346 3150 2591 3242 inium.
2629 3189 2718 3231 me
2743 3175 3267 3245 tantumpurmcam
3290 3150 3813 3248 compeuo},pim-

550 3271 752 3320 eorum,
786 3255 1036 3313 Christus
1073 3263 1177 3320 est,
1208 3254 1304 3326 qui
1337 3254 1392 3310 in
1440 3252 1748 3311 mandihula
1794 3253 1953 3320 asini,
1982 3252 2132 3310 bruti

556 3345 809 3403 videlicet
833 3356 890 3402 et
931 3346 1193 3420 simplicis
1218 3343 1780 3417 animalis,'plurimos
1808 3344 2088 3407 interemit
2113 3359 2133 3402 ι

551 3439 771 3507 quando
813 3452 913 3508 per
935 3452 1029 3493 ora
1059 3438 1390 3509 piscatorum
1418 3446 1581 3509 atque
1611 3438 1934 3508 simplicium
1963 3452 2143 3510 genus

554 3525 855 3582 humanum
896 3541 927 3581 a
975 3528 1245 3597 superbia:
1295 3542 1410 3583 sua:
1438 3527 1618 3600 rigore
1641 3526 1924 3594 contrivit,
1951 3535 2018 3583 ut
2038 3527 2132 3599 qui

552 3615 621 3671 ad
642 3615 989 3679 debellandas
1016 3631 1207 3673 aereas
1232 3626 1456 3672 venerat
1483 3625 1798 3690 potestates,
1855 3633 1965 3674 non
2006 3633 2131 3674 cum

552 3708 862 3763 oratoribus
901 3723 966 3763 ac
1005 3708 1367 3778 philosophis,
1399 3707 1494 3767 sed
1531 3722 1657 3765 cum
1688 3708 1912 3766 mitibus
1943 3708 2135 3765 trium—

552 3798 746 3870 pharet
774 3809 825 3854 ct
857 3800 1141 3871 imperitis.

628 3888 760 3947 Tria
785 3887 943 3958 plane
972 3890 1169 3958 dicitis,
1194 3891 1391 3961 quibus
1441 3892 1589 3950 salva
1636 3894 1904 3951 cha'ritate
1951 3903 2134 3951 vestra

557 3993 782 4036 necesse
816 3988 896 4039 est
925 3975 1257 4050 responderi.
1283 3982 1670 4053 Dogmatizatis
1693 3984 1836 4040 enim
1863 3984 2004 4040 sacri
2029 3984 2135 4041 mi-

560 4073 764 4129 nistros
813 4071 1004 4131 altaris
1034 4074 1159 4143 jure
1203 4090 1365 4145 posse
1406 4076 1721 4135 mulieribus
1774 4078 2129 4148 permisceri:

557 4159 690 4214 illud
727 4158 948 4228 insuper
978 4159 1198 4226 additis,
1251 4170 1310 4216 et
1356 4162 1674 4233 quihusdam
1722 4164 2138 4236 allegationibus

555 4249 828 4308 nilirmare
852 4251 1091 4315 teutatis,
1123 4253 1249 4323 quia
1282 4270 1391 4311 non
1419 4255 1508 4313 ille
1532 4254 1875 4315 Simoniacus
1895 4273 2017 4314 esse
2046 4258 2133 4315 di-

554 4342 764 4401 cendus
799 4350 902 4408 est,
931 4341 1023 4410 qui
1073 4344 1173 4398 sub
1221 4345 1564 4414 przcstatione
1605 4347 1848 4419 pecunia:
1891 4349 2135 4418 regimen

558 4432 821 4505 Ecclesia
866 4433 1123 4504 suscipit;
1153 4437 1247 4493 sed
1282 4435 1370 4491 ille
1401 4437 1677 4502 duntaxat,
1701 4438 1793 4510 qui
1818 4439 1888 4495 ad
1916 4439 2136 4510 imposi-

2235 3271 2412 3323 torum
2443 3279 2565 3322 sum
2594 3264 2754 3336 plane
2791 3264 3124 3336 discipulus,
3149 3267 3374 3339 ideoque
3399 3283 3507 3324 non
3533 3281 3683 3324 mare
3707 3266 3816 3324 De-

2232 3355 2550 3422 mosthenis,
2578 3343 2682 3413 nec
2719 3364 3018 3413 torrentem
3063 3373 3380 3414 commoves
3403 3358 3706 3415 Ciceronis.
3742 3357 3815 3414 Et

2232 3447 2358 3518 quia
2386 3448 2718 3518 delinqueati
2758 3447 2917 3517 fratri
2939 3451 3373 3520 compassionem
3404 3451 3598 3517 debeo,
3624 3451 3695 3506 ad
3718 3463 3811 3506 reo

2232 3537 2513 3601 ferendam
2557 3538 2707 3611 digni
2757 3538 2977 3595 talionis
3013 3539 3267 3610 iniuriam
3296 3555 3403 3596 non
3451 3540 3664 3596 anhelo.
3696 3539 3814 3598 Hoc

2233 3637 2442 3685 tantum
2470 3629 2601 3685 mihi
2623 3631 2806 3687 dicere
2827 3631 3008 3697 liceat,
3032 3633 3157 3703 quia
3183 3632 3231 3689 si
3262 3648 3295 3688 a
3314 3632 3813 3701 contubernalibus,

2232 3730 2297 3776 et.
2314 3721 2686 3779 familiaritate
2710 3723 3037 3794 conhactis,
3078 3726 3223 3782 sicut
3252 3736 3500 3783 oratores
3529 3742 3593 3783 ac
3622 3728 3815 3784 rheto-

2235 3827 2324 3869 res
2349 3812 2657 3882 perhibeut,
2685 3813 2949 3870 trahenda
2972 3824 3458 3888 suntargumenta,
3488 3831 3597 3872 non
3619 3817 3816 3873 merito

2235 3904 2393 3961 nobis
2441 3904 2686 3961 avaritize
2733 3905 2941 3965 crimen
2982 3906 3342 3979 impingitur,
3368 3921 3600 3977 quorum
3640 3905 3817 3965 frater

2228 3996 2519 4069 pecuniam
2550 3996 2705 4066 quasi
2753 3999 3156 4068 parvipendens
3180 4008 3347 4069 atque
3389 3998 3710 4069 despiciens,
3754 3999 3814 4054 in

2238 4085 2474 4145 Ecclesia
2503 4086 2810 4157 dereliquit.
2842 4085 2975 4152 Sed,
3002 4087 3051 4144 si
3097 4087 3281 4145 dicere
3306 4088 3500 4155 licem,
3534 4088 3690 4145 vobis
3718 4103 3817 4159 po-

2238 4178 2343 4235 tius
2362 4177 2743 4233 ascribean
2764 4186 2871 4243 est,
2899 4192 3129 4248 quorum
3160 4180 3364 4248 socius,
3387 4180 3531 4248 quod
3574 4179 3814 4236 alienum

2235 4274 2378 4336 erat,
2412 4269 2605 4325 callida
2636 4270 3041 4329 machinatione
3064 4271 3355 4341 subripuit.
3381 4270 3501 4327 Jam
3525 4286 3655 4331 vero
3667 4273 3816 4343 quod

2238 4360 2582 4430 impudenter
2602 4361 2868 4428 asseritis,
2894 4362 3175 4421 ministros
3215 4363 3404 4420 altaris
3446 4365 3700 4436 coniugio
3728 4365 3818 4421 de-

2236 4453 2369 4509 bere
2397 4453 2618 4519 sociari,
2642 4455 2846 4526 proprii
2876 4456 3148 4512 sermonis
3184 4455 3467 4513 adversum
3511 4471 3609 4513 vos
3632 4457 3820 4530 θηεῖ-

556 4523 763 4579 tionem
797 4537 1007 4590 manus,
1036 4532 1095 4579 et
1118 4525 1583 4584 consecrationem
1624 4541 1723 4598 per
1744 4527 2130 4585 commercium

2237 4555 2370 4598 nare
2393 4523 2707 4598 mucronem
2736 4523 3066 4613 superﬂuum
3093 4544 3343 4601 ducimus
3358 4583 3377 4612 ,
3400 4545 3526 4601 dum
3550 4523 3792 4602 armatos

557 4613 867 4673 venalitatis
912 4613 1121 4686 irrepit.
1170 4615 1476 4683 Postremo,
1507 4618 1651 4689 quod
1701 4617 1986 4674 minimum
2028 4627 2132 4685 est,

556 4706 694 4769 mihi
730 4714 914 4762 notam
946 4707 1258 4779 cupiditatis
1309 4708 1546 4777 inuritis,
1578 4709 1725 4779 quod
1751 4710 2006 4769 nimirum
2035 4725 2137 4767 cur

449 4874 455 4881 .
558 4798 920 4873 praesumatis,
969 4800 1098 4871 quia
1162 4799 1296 4855 mihi
1348 4814 1446 4870 pro
1488 4799 1714 4855 minimo
1746 4809 1852 4865 est,
1900 4801 2138 4857 breviter

558 4886 795 4948 referam
828 4906 843 4944 :
874 4899 930 4945 et
948 4891 1028 4946 sic
1056 4891 1281 4963 reliquis
1301 4891 1511 4949 duabus
1535 4891 1950 4962 objectionibus,
1982 4906 2133 4948 com-

559 4979 814 5041 munibus
835 4981 1085 5037 videlicet
1123 4981 1378 5037 Ecelcsim
1415 4982 1669 5053 negotiis,
1700 4983 1919 5055 proprio
1944 4998 2139 5055 purga-

559 5078 670 5135 tus,
699 5084 1004 5128 occurram.
1041 5091 1059 5125 ι
1097 5073 1225 5128 Mihi
1268 5074 1415 5129 enim
1463 5088 1562 5144 pro
1610 5072 1836 5129 minimo
1884 5083 1990 5141 est,
2021 5084 2139 5130 uta

560 5161 713 5221 vobis
735 5159 970 5230 judicer,
1003 5171 1097 5217 aut
1130 5162 1199 5218 ab
1225 5163 1462 5221 humano
1485 5163 1571 5219 die
1598 5161 1652 5234 (Ι
1677 5160 1800 5217 Cor.
1838 5162 1939 5236 tv).
1976 5182 1994 5215 ι
2023 5163 2140 5236 Age

558 5251 724 5323 igitur
767 5252 1059 5309 missarum
1112 5253 1245 5311 mihi
1303 5255 1560 5326 mysteria
1589 5254 1908 5322 celebranti,
1941 5270 2139 5311 uxores

559 5348 883 5423 principum,
908 5340 1091 5404 'ducis
1118 5348 1348 5414 scilicet,
1375 5359 1431 5405 et
1475 5350 1823 5415 marchionis,
1850 5350 2138 5405 Bizanteos

556 5438 891 5497 obtulerunt.
950 5440 1099 5506 Quos
1136 5441 1324 5514 utique
1371 5442 1672 5496 monachus
1719 5448 1907 5497 noster
1939 5439 2140 5498 Paulus

436 5574 441 5577 Α
560 5529 789 5597 expletis
814 5532 1086 5602 mysteriis
1115 5531 1257 5602 apud
1291 5531 1487 5600 altare,
1527 5532 1812 5589 nobiscum
1838 5531 1986 5589 foras
2012 5549 2142 5604 pro-

559 5616 748 5683 diens.
779 5622 1083 5694 dereliquit.
1118 5622 1273 5679 Unus
1296 5632 1478 5681 autem
1503 5638 1572 5678 ex
1621 5622 1840 5689 vestris,
1871 5624 2026 5681 vobis
2058 5635 2138 5683 ta-

561 5722 684 5770 men
714 5724 818 5767 non
852 5715 1009 5769 modo
1034 5730 1146 5802 rein
1189 5716 1590 5789 ignorantibus,
1629 5716 1726 5773 sed
1749 5716 1914 5776 etiam
1942 5717 2137 5773 absen-

2236 4640 2429 4711 contra
2457 4646 2554 4688 vos
2576 4632 2740 4688 totius
2784 4633 3039 4690 Ecclesia:
3085 4649 3309 4701 cuneos,
3351 4646 3409 4691 et
3449 4637 3816 4707 constipatam

2236 4723 2477 4780 omnium
2526 4732 2837 4779 sanctorum
2883 4723 3104 4780 Patrum
3147 4725 3326 4780 aciem
3364 4726 3520 4782 vobis
3559 4726 3818 4783 resistere

2241 4812 2545 4869 videamus.
2573 4813 2643 4870 Et
2680 4814 2771 4869 ubi
2827 4823 2973 4869 tanta
3029 4829 3092 4870 se
3140 4815 3442 4872 cmlestittm
3487 4816 3816 4873 bellaton

2240 4901 2409 4959 nubes
2428 4903 2672 4973 opponit,
2702 4902 2901 4961 mirum
2922 4916 3030 4970 est,
3057 4905 3102 4960 si
3151 4921 3257 4960 non
3304 4914 3469 4973 tanta
3496 4906 3816 4963 auctoritati

2239 4991 2494 5060 quaelibet
2518 5008 2674 5049 novat
2713 4995 3156 5065 prmanmptionis
3182 4997 3463 5053 temeritas
3492 4997 3816 5068 acquiescit.

2240 5078 2348 5139 Sed
2372 5095 2684 5151 quanquam
2725 5096 2927 5152 corpus
2962 5098 3237 5151 canonum
3258 5084 3399 5141 desit
3437 5086 3509 5141 ad
3552 5100 3817 5157 pressam,

2240 5171 2488 5241 quadam
2534 5178 2717 5227 tamen
2746 5171 2968 5228 Patrum
3005 5174 3323 5231 testimonia
3363 5190 3469 5231 non
3526 5191 3819 5247 gravemur

2239 5275 2533 5332 apponere,
2572 5280 2697 5335 quae
2718 5263 2802 5319 vel
2832 5280 2901 5319 ex
2928 5267 3156 5336 repetita
3193 5260 3475 5334 memoria,
3496 5269 3585 5324 vel
3613 5270 3665 5324 in
3687 5271 3821 5341 qui-

2245 5353 2472 5411 husdam
2499 5354 2889 5413 membranulis
2913 5371 3201 5426 possumus
3226 5358 3486 5414 invenire.
3526 5359 3819 5416 Enimvero

2241 5443 2433 5501 beatus
2456 5443 2711 5501 Clemens
2732 5446 2853 5501 haec
2886 5446 2941 5500 in
2974 5461 3072 5502 sua
3093 5447 3287 5504 scribit
3306 5449 3534 5518 epistula
3557 5451 3730 5521 (epist.
3754 5450 3815 5516 2,

2241 5535 2311 5589 ad
2369 5533 2626 5591 Iacobum
2691 5535 2911 5605 fratrem
2952 5536 3191 5609 Domini)
3239 5556 3254 5592 :
3297 5556 3316 5590 ι
3351 5537 3582 5594 linistri
3627 5541 3819 5596 altaris

2242 5623 2569 5694 presbyteri,
2594 5625 2707 5680 sive
2728 5626 2960 5692 diaconi,
2989 5628 3058 5683 ad
3083 5627 3365 5685 Dominica
3383 5629 3519 5685 tal.-s
3546 5630 3819 5701 eligantur

2239 5715 2438 5784 amcis,
2464 5716 2556 5788 qui
2594 5726 2720 5774 ante
2743 5718 3142 5774 ordinationem
3177 5729 3458 5798 conjuge!!!
3484 5735 3639 5777 suam
3686 5726 3819 5777 reti-
