4170 6504
285 348 391 413 36,
1484 344 1708 404 LIBER
1748 337 2098 413 QUINTUS,
2142 337 2378 399 EPIST.
2422 337 2581 433 x111.
3678 359 3779 417 3oz

280 474 550 546 querunt.
596 465 757 536 Quod
797 466 841 523 si
885 472 1009 541 post
1042 467 1459 526 ordinationem
1504 468 1768 526 ministro
1807 466 2254 531 couti-Acatur,
2289 464 2596 522 utnullum
2622 466 2805 525 facere
2825 470 3242 531 subdiaconuin
3267 485 3641 551 praesumant,
3667 481 3779 539 nisi

281 560 427 633 gerit
456 556 701 632 propriae
731 556 950 614 nudare
987 555 1176 614 cubile
1214 558 1436 627 uxoris,
1483 558 1713 615 sacrarii
1752 572 1865 615 non
1896 556 1990 614 in-
2074 552 2175 643 qui
2207 568 2266 609 se
2293 560 2443 610 caste
2477 554 2763 614 victurum
2803 559 3163 633 promiserit;
3208 574 3494 638 quatenus
3533 578 3583 625 et
3633 586 3782 643 prie-

284 652 391 704 tret
444 644 669 716 limina,
738 659 841 701 nec
913 644 1145 702 sacrarii
1198 644 1436 718 portitor
1488 646 1604 715 fiat,
1660 660 1765 702 nec
1818 645 1993 701 altare
2077 640 2257 732 teri-ta,
2291 658 2422 715 quae
2448 659 2549 717 per
2578 648 2934 721 propositum
2963 652 3174 711 mentis
3197 657 3446 728 appetita
3477 674 3593 716 non
3622 640 3781 732 sunt,

283 735 597 808 contingat,
632 749 734 791 nec
769 734 840 791 ab
879 733 1251 792 offerentibus
1290 734 1605 793 holocausti
1641 734 1993 793 oblationem
2076 729 2357 787 violenter
2386 746 2501 789 non
2545 734 2871 807 exigantur,
2913 745 2968 795 et
3012 740 3208 800 futura
3244 751 3407 803 caute
3443 729 3776 807 caveantur.

286 825 581 901 suscipiat,
612 840 716 883 nec
753 824 826 882 ad
867 824 1151 884 Dominici
1181 825 1431 899 corporis
1470 826 1791 900 portionem
1831 841 1991 883 acce-
2078 818 2188 910 Qui
2241 836 2377 879 vero
2433 831 2556 895 post
2622 826 2882 886 eamdem
2938 832 3409 906 prohibitionem,
3462 853 3594 910 quae
3649 846 3784 899 ante

287 917 402 975 dat.
450 918 678 1004 Aquam
710 915 1069 1004 sacerdotum
1101 916 1351 988 porrigat
1389 915 1678 1004 manibus,
1718 914 1862 972 ostia
1910 914 1996 972 fo-
2080 908 2397 1004 triennium
2418 912 2573 1004 facta
2600 920 2701 985 est,
2735 919 3094 980 continenter
3123 939 3256 982 cum
3283 925 3408 985 suis
3436 908 3784 1004 conjugibus

288 1005 551 1063 rinsecus
581 1002 829 1072 claudat,
871 1003 1096 1062 minora
1134 1010 1291 1078 gerat
1330 1002 1535 1075 oﬂicia,
1582 1019 1821 1062 urceum
1860 1018 1998 1061 sane
2080 998 2370 1070 vixerant,
2414 1000 2708 1070 laudandi,
2751 1014 2924 1082 atque
2968 1017 3380 1075 remunerandi
3420 998 3559 1077 sunt
3585 998 3683 1079 :et
3718 1029 3784 1081 ut

286 1093 356 1153 ad
385 1092 697 1184 salutarem
727 1091 962 1184 calicem
986 1108 1101 1184 non
1129 1100 1414 1184 suggerat.
1461 1118 1486 1184 τι
1537 1092 1608 1150 Et
1632 1093 1806 1184 paulo
1829 1101 1955 1167 post
1981 1113 1993 1152 :
2080 1088 2141 1143 iu
2173 1088 2324 1184 bono
2350 1105 2457 1184 suo
2485 1107 2876 1167 permaneant,
2904 1101 3273 1163 exhortandi.
3298 1098 3409 1165 Eos
3437 1114 3654 1183 autem,
3680 1110 3785 1184 qui

289 1206 316 1237 ‹‹
358 1182 617 1242 Clericus
650 1198 787 1241 vero
820 1183 980 1240 solus
1017 1181 1089 1240 ad
1128 1183 1361 1240 feminae
1399 1182 1838 1241 tabernaculum
1877 1198 1993 1241 non
2079 1182 2204 1251 post
2244 1180 2690 1251 prohibitionem
2726 1185 2931 1246 factam
2962 1206 3023 1248 se
3051 1208 3085 1250 a
3117 1193 3240 1251 suis
3273 1196 3558 1258 uxoribus
3595 1180 3781 1258 conti-

287 1271 536 1343 accedat,
568 1286 673 1329 nec
704 1277 965 1344 properet
994 1271 1120 1329 sine
1146 1270 1379 1344 majoris
1411 1278 1551 1328 natu
1579 1269 1858 1343 principis
1878 1271 1998 1342 jus-
2079 1284 2218 1326 nere
2244 1272 2581 1343 noluerunt,
2613 1278 2914 1348 pervenire
2938 1281 3007 1337 ad
3036 1298 3262 1342 sacrum
3299 1287 3566 1348 ordinem
3607 1291 3783 1351 nolu-

289 1361 487 1420 sione:
516 1376 621 1419 nec
655 1359 954 1435 presbyter
992 1358 1152 1419 solus
1190 1375 1323 1417 cum
1360 1359 1481 1418 sola
1518 1360 1736 1418 femina
1774 1358 1998 1417 fabulas
2083 1371 2242 1427 mus;
2269 1359 2406 1430 quia
2442 1361 2645 1420 nullus
2670 1364 2837 1424 debet
2863 1367 2934 1425 ad
2965 1369 3355 1431 ministerium
3385 1375 3582 1437 altaris
3618 1394 3783 1438 acce-

290 1450 546 1520 misceat,
568 1464 675 1507 nec
692 1447 1150 1519 archidiaconus,
1166 1448 1560 1507 autdiaconus
1579 1450 1688 1507 sub
1709 1453 1996 1523 praetextu
2078 1443 2233 1514 dere,
2267 1447 2382 1504 nisi
2416 1449 2583 1522 cujus
2613 1452 2841 1512 castitas
2868 1462 2999 1513 ante
3028 1469 3357 1535 susceptum
3390 1465 3782 1527 ministerium

289 1537 637 1632 humilitatis
675 1545 729 1595 et
778 1535 951 1632 ofﬁcii
996 1538 1319 1632 irequentet
1368 1537 1669 1632 domicilia
1704 1548 1997 1598 matrona-
2079 1534 2256 1632 tuerit
2309 1537 2564 1632 probata.
2624 1540 2771 1632 Item
2841 1552 2895 1600 et
2963 1534 3259 1609 decretum
3332 1553 3545 1614 Leonis
3618 1573 3783 1632 papa;

288 1626 737 1717 rumzauti‘orte
762 1642 864 1715 per
887 1625 1139 1717 clericos,
1171 1634 1403 1717 autLper
1430 1627 1771 1717 domesticos
1794 1633 1999 1717 matro-
2081 1625 2257 1696 (epz'st.
2317 1624 2407 1690 82,
2463 1642 2583 1717 cap.
2644 1629 2696 1700 4,
2753 1633 2828 1687 ad
2879 1635 3143 1695 Anastas.
3212 1643 3524 1716 Thessal.):
3571 1624 3784 1715 {Nam

291 1731 384 1774 me
407 1710 984 1774 mandentseCretum
1004 1711 1994 1788 aliquid.Siagnitumfuerit,etille
2080 1727 2214 1769 cum
2258 1720 2423 1771 extra
2469 1716 2809 1777 clericorum
2862 1722 3127 1783 ordinem
3182 1710 3508 1790 constitutis
3552 1712 3785 1807 nuptia-

291 1807 635 1881 depouatur,
676 1813 731 1864 et
768 1806 869 1863 illa
917 1810 950 1863 a'
990 1805 1298 1864 liminibus
1331 1813 1594 1865 arceatur
1630 1806 1923 1866 Ecclesiae.
1971 1832 1991 1855 ι»
2019 1810 2214 1887 Brom
2266 1801 2541 1875 societati,
2590 1813 2646 1863 et
2698 1811 3081 1880 procreationi
3123 1814 3380 1876 ﬁliorum
3437 1801 3667 1882 studere
3710 1825 3786 1883 sit

292 1893 357 1952 In
386 1895 625 1953 Nicaano
654 1894 827 1952 etiam
865 1894 1111 1953 concilio
1145 1894 1356 1953 dicitur
1383 1915 1394 1953 :
1429 1917 1448 1943 ι
1484 1890 1997 1968 Innuptis'autem,
2044 1912 2049 1915 ·
2086 1891 2352 1964 liberum,
2384 1893 2455 1951 ad
2480 1894 2873 1957 exhibendam
2902 1907 3090 1961 tamen
3119 1906 3383 1977 perfectae
3411 1911 3785 1971 continentia;

292 1986 393 2061 qui
428 1987 501 2044 ad
540 1986 760 2045 clerum
802 1985 1051 2059 provecti
1086 1990 1242 2057 sunt,
1280 1986 1651 2060 praecipimus
1689 1993 1772 2056 ut,
1814 1986 1864 2043 si
1897 2002 2001 2044 vo-
2082 1981 2411 2052 Ρυΐίίθῑθωι
2446 1996 2553 2040 nec
2580 1984 2949 2046 SUbdiaCODiS
2987 1990 3224 2062 (ιυὶἀθιῖι
3263 1997 3625 2057 οοηηυδίυω
3661 2016 3787 2059 Cal"

296 2075 526 2145 luerint,
569 2090 783 2134 uxores
828 2072 1128 2148 accipiant,
1182 2074 1277 2132 sed
1340 2073 1576 2133 lectores
1619 2081 2003 2150 cantoresque
2084 2069 2214 2161 pale
2242 2070 2615 2144 conceditur;
2651 2081 2796 2133 utet
2824 2078 2924 2150 qui
2959 2078 3338 2155 habentgsint
3361 2092 3636 2161 tanquam
3672 2105 3789 2149 non

299 2163 717 2224 tantummodo.
771 2183 797 2217 »
839 2162 929 2221 Ex
982 2162 1226 2221 concilio
1278 2178 1509 2238 quoque
1565 2162 2002 2237 Carthaginensi
2086 2156 2483 2229 habentes;et
2508 2161 2608 2234 qui
2645 2179 2763 2222 non
2791 2165 3025 2240 habent,
3058 2181 3434 2243 permaneant
3463 2156 3788 2249 singulares

298 2253 451 2322 (Can.
504 2257 681 2325 apost.
721 2251 789 2309 ‘25
816 2268 833 2323 ;
874 2268 1017 2308 conc.
1055 2251 1240 2308 Carth.
1275 2262 1335 2323 V,
1373 2266 1496 2324 cap.
1531 2250 1583 2318 3)
1612 2270 1623 2308 :
1651 2271 1680 2304 ‹‹
1722 2249 2005 2309 Praeterea
2087 2251 2136 2317 (Ι
2164 2249 2281 2338 cor.
2313 2254 2441 2338 v11).
2474 2271 2501 2304 »
2526 2249 2688 2321 Quod
2709 2255 2843 2312 siin
2874 2255 2981 2315 hoc
3005 2258 3230 2332 ordine,
3255 2264 3355 2335 qui
3385 2273 3626 2338 quartus
3652 2274 3790 2326 θεῖε

297 2358 431 2401 cum
507 2341 578 2399 de
646 2341 1032 2414 quorumdam
1083 2339 1447 2411 clericorum,
1507 2338 1778 2414 quamvis
1831 2337 2003 2398 lecto-
2087 2335 2287 2428 capite,
2320 2337 2566 2412 dignum
2602 2347 2688 2399 est
2715 2344 3013 2418 custodiri,
3050 2356 3267 2421 quanto
3303 2335 3486 2426 magis
3515 2370 3549 2412 a
3576 2354 3789 2428 primo,

300 2447 450 2503 rum,
513 2446 649 2505 erga
720 2445 934 2489 uxores
1002 2429 1265 2504 proprias
1334 2428 1789 2520 incontinentiaﬂ
1826 2430 2006 2486 refer-
2088 2427 2179 2485 ve'l
2208 2430 2481 2520 secundo,
2515 2432 2755 2495 tertiove
2781 2437 3132 2499 servandum
3161 2447 3281 2499 est:
3308 2457 3382 2503 ne
3408 2450 3511 2504 aut
3536 2427 3790 2520 levitico,

302 2526 478 2592 retur,
525 2521 738 2596 placuit
776 2521 1093 2594 episcopos,
1137 2526 1192 2577 et
1226 2518 1606 2593 presbyteros,
1643 2525 1700 2577 et
1738 2518 2008 2577 diaconos
2092 2523 2194 2574 aut
2240 2519 2616 2594 presbyterali
2656 2523 2893 2595 honore,
2951 2532 3052 2585 aut
3098 2529 3407 2604 episcopali
3450 2518 3795 2594 excellentia

300 2613 623 2673 secundum
664 2612 889 2687 propria
928 2615 1139 2669 statuta
1182 2610 1354 2667 etiam
1394 2608 1466 2667 ab
1498 2608 1788 2666 uxoribus
1824 2607 2011 2666 conti-
2093 2605 2342 2695 quisque
2371 2607 2617 2668 idoneus
2649 2612 2988 2686 aestimetur,
3028 2616 3132 2689 qui
3161 2633 3222 2677 se
3249 2636 3284 2676 a
3321 2619 3614 2695 voluptate
3642 2638 3794 2683 uxo-

303 2720 439 2762 nere
464 2727 476 2762 :
502 2703 659 2778 quod
698 2702 812 2760 nisi
857 2701 1113 2770 fecerint,
1149 2699 1222 2757 ab
1252 2697 1634 2757 ecclesiastico
1669 2714 2008 2757 removean-
2054 2778 2061 2785 _
2094 2693 2181 2752 ria
2226 2695 2475 2754 necdum
2515 2698 2769 2760 frenasse
2805 2702 3124 2778 detegitur?
3152 2706 3296 2766 Item
3334 2693 3481 2784 papa
3520 2710 3796 2773 Silvester

305 2799 398 2851 tur
426 2793 634 2851 cilicio.
663 2812 691 2844 »
724 2791 867 2848 Item
898 2805 972 2846 ex
1000 2787 1115 2846 alio
1143 2785 1391 2845 concilio
1420 2785 1573 2860 apud
1604 2786 2009 2861 Carthaginem
2094 2785 2247 2856 (Syn.
2277 2787 2440 2844 ~Rom.
2474 2802 2522 2845 c.
2559 2787 2608 2861 8)
2638 2813 2650 2846 :
2685 2816 2711 2839 α
2753 2789 2913 2848 Nulli
2957 2799 3149 2852 autem
3186 2796 3677 2860 subdiaconorum
3723 2803 3796 2860 ad

306 2882 490 2949 (Cone.
540 2882 799 2949 Carthag.
840 2891 902 2947 11,
945 2892 1067 2951 cap.
1109 2876 1164 2965 2)
1206 2873 1482 2934 Aurelius
1522 2875 1825 2965 episcopus
1862 2876 2012 2935 inter
2095 2874 2323 2947 nuptias
2355 2876 2597 2933 transire
2624 2878 3041 2952 permittentes,
3072 2884 3466 2959 praecipimus,
3495 2904 3570 2947 ne
3599 2888 3798 2965 aliqua

308 2976 515 3029 caetera
570 2968 784 3026 dixit:
848 2990 874 3017 α
932 2964 1155 3053 Placuit
1208 2978 1395 3023 sacros
1454 2964 1736 3023 antistites
1788 2981 1855 3024 ac
1909 2967 2011 3025 Dei
2095 2965 2202 3022 hoc
2244 2966 2719 3040 praevaricatione
2762 2975 3220 3047 przesumpserit.
3278 2999 3305 3027 υ
3356 2976 3617 3048 Quodsi
3659 2964 3798 3040 cen-

307 3060 649 3129 sacerdotes,
709 3071 936 3115 necnon
982 3062 1038 3115 et
1089 3055 1317 3126 levitas,
1371 3053 1466 3113 vel
1520 3054 1623 3127 qui
1682 3070 2010 3114 sacramen-
2095 3056 2402 3113 temnenda
2429 3063 2509 3114 tot
2535 3058 2981 3132 apostblicorum
3008 3065 3272 3124 virorum
3301 3065 3525 3127 decreta
3560 3068 3803 3130 duxeri-

308 3147 380 3206 tis
432 3145 650 3205 divinis
705 3143 1052 3215 inserviunt,
1110 3142 1470 3201 continentes
1517 3157 1640 3200 esse
1695 3142 1756 3200 in
1817 3143 2188 3245 omni-etis,
2238 3157 2304 3200 ac
2347 3158 2444 3217 per
2489 3156 2691 3204 eorum
2738 3163 2836 3206 ora
2878 3156 3153 3225 tanquam
3195 3154 3427 3214 totidem
3459 3172 3676 3231 organa
3716 3157 3804 3218 lo-

305 3237 435 3309 bus,
478 3232 621 3311 165
650 3249 765 3310 quo
797 3231 1019 3307 possint
1043 3231 1400 3305 simpliciter,
1437 3232 1589 3306 quod
1621 3248 1653 3288 a
1682 3230 1797 3289 Deo
1826 3230 2329 3306 postu-“quentis
2368 3231 2621 3308 Spiritus
2662 3236 2843 3294 sancti
2881 3246 3089 3299 statuta
3127 3243 3477 3317 spreveritis,
3516 3230 3693 3320 quam
3736 3246 3808 3304 de

308 3324 447 3396 lant,
480 3323 821 3397 impetrare;
872 3328 935 3381 ut
978 3320 1132 3396 quod
1160 3319 1404 3395 apostoli
1434 3320 1776 3388 docuerunt,
1810 3328 1864 3378 et
1892 3321 2016 3394 ipsa
2102 3322 2263 3380 vobis
2334 3322 2534 3382 beatus
2590 3340 2735 3399 papa
2796 3326 3081 3388 Damasus
3142 3333 3491 3393 sententiam
3536 3319 3804 3410 iprofert,

310 3415 563 3475 servavit
607 3413 940 3488 antiquitas,
993 3429 1099 3471 nos
1136 3427 1367 3487 quoque
1414 3411 1823 3470 custodiamus.
1863 3436 1887 3462 »
1925 3412 2015 3469 Ad
2099 3412 2343 3486 dignum
2374 3418 2459 3470 est
2482 3413 2766 3472 audiatis:
2796 3437 2823 3468 «
2852 3416 3188 3489 Violatores,
3224 3421 3438 3498 inquit,
3487 3424 3807 3484 voluntarii

312 3508 437 3566 haec
464 3504 779 3564 Faustinus
813 3503 1112 3578 episcOpus
1149 3501 1420 3560 Ecclesiae
1453 3499 1748 3559 Pontianaa
1779 3501 2014 3575 provin-
2101 3519 2391 3563 canonum
2429 3503 2683 3576 graviter
2719 3521 2753 3562 a
2797 3508 3007 3566 sanctis
3050 3507 3319 3570 Patribus
3350 3512 3709 3588 judicantur,
3756 3526 3812 3575 et

310 3598 415 3656 ciae
443 3593 659 3664 Piceni,
684 3591 907 3666 lcgatus
932 3591 1211 3651 Romana:
1240 3591 1530 3664 Ecclesiae,
1562 3592 1746 3650 dixit:
1772 3615 1799 3645 (ι
1828 3591 2018 3651 Placet
2102 3609 2135 3651 a
2166 3600 2359 3652 sancto
2392 3591 2611 3667 Spiritu
2648 3595 2818 3669 cujus
2845 3596 3126 3658 instinctu
3163 3616 3227 3658 ac
3273 3600 3425 3661 dono
3466 3603 3632 3664 ditati
3665 3603 3808 3662 166

314 3695 377 3746 ut
422 3685 743 3760 episcopus,
787 3684 1085 3757 presbyter
1122 3690 1176 3741 et
1211 3683 1510 3752 diaconus,
1552 3682 1641 3739 vel
1681 3682 1784 3756 qui
1829 3700 2019 3742 sacra-
2103 3688 2259 3754 sunt,
2291 3681 2681 3756 damnantur;
2715 3706 2742 3735 υ
2777 3686 3051 3760 quoniam
3092 3687 3494 3762 blasphemare
3524 3691 3811 3766 Spiritum

316 3781 513 3835 menta
538 3777 911 3844 contrectant,
936 3771 1232 3848 pudicitia)
1261 3770 1522 3831 custodes
1547 3769 1620 3829 ab
1650 3772 1934 3832 uxoribus
1961 3790 2021 3833 se
2105 3777 2368 3831 sanctum
2397 3788 2515 3831 non
2544 3772 2862 3848 incongrue
2890 3774 3182 3849 videntur,
3213 3777 3314 3852 qui
3339 3787 3537 3839 contra
3574 3783 3811 3841 eosdem

313 3865 662 3926 abstineant.
725 3886 745 3916 ι
800 3863 891 3921 Ab
942 3862 1233 3922 universis
1291 3860 1572 3935 episcopis
1621 3860 1842 3920 dictum
1897 3870 2016 3923 est:
2106 3870 2330 3921 sanctos
2356 3877 2604 3920 canones
2628 3856 2752 3920 non'
2785 3864 3119 3924 necessitate
3156 3869 3459 3943 compulsi,
3490 3872 3591 3930 sed
3620 3871 3813 3933 liben-

320 3981 347 4011 α
376 3956 571 4017 Placet
600 3962 664 4016 ut
690 3957 749 4014 in
778 3954 1071 4027 omnibus,
1103 3960 1161 4014 et
1188 3953 1259 4013 ab
1287 3953 1563 4012 omnibus
1605 3954 1882 4026 pudicitia
1921 3972 2022 4015 cu-
2107 3956 2210 4021 ter,
2239 3957 2305 4009 ut
2330 3950 2643 4024 praeﬁxum
2669 3957 2773 4021 est,
2808 3950 3027 4027 aliquid
3058 3962 3159 4013 aut
3185 3964 3446 4030 proterve
3470 3967 3672 4035 agunt,
3714 3969 3815 4021 aut

317 4038 617 4117 stodiatur,
650 4049 752 4125 qui
781 4047 950 4107 altari
1005 4046 1285 4105 serviunt.
1324 4069 1343 4095 ιι
1386 4043 1467 4103 Ne
1502 4059 1638 4104 vero
1679 4043 1748 4102 dc
1788 4045 2025 4105 subdia-
2106 4038 2266 4127 loqui
2281 4045 2662 4127 [359511011th
2678 4039 2977 4127 θμιῑαοθπθ
2998 4042 3329 4104 volentibus
3349 4055 3550 4120 sponte
3568 4065 3814 4110 consen-

316 4137 500 4209 conis,
542 4124 696 4211 quod
732 4135 1020 4194 abstinere
1057 4132 1342 4209 conjugiis
1380 4131 1643 4204 debeant,
1692 4132 1815 4191 ulla
1848 4136 2025 4208 possit
2110 4126 2276 4186 tiunt.
2309 4124 2465 4184 Talis
2497 4126 2653 4185 enim
2678 4124 3052 4203 praesumptio
3082 4134 3386 4195 manifeste
3412 4151 3606 4197 unum
3632 4154 3819 4213 genus

320 4244 623 4289 remanere
651 4225 934 4297 dubietas,
956 4225 1109 4284 idem
1137 4222 1410 4282 Aurelius
1432 4229 1556 4297 post
1582 4222 1765 4281 multa
1784 4222 2030 4297 subjun:
2113 4222 2197 4277 est
2221 4213 2746 4288 blasphemaﬂlium
2776 4214 3057 4290 Spiritum
3087 4229 3386 4295 sanctum;
3417 4226 3717 4299 quoniam.
3749 4236 3815 4287 ιιι

322 4320 443 4396 git:
471 4342 498 4370 α
541 4315 765 4377 Placuit
798 4315 949 4389 quod
978 4321 1033 4373 et
1070 4314 1128 4372 in
1169 4313 1416 4372 diversis
1444 4313 1706 4373 conciliis
1737 4313 2030 4373 firmatum
2109 4309 2228 4384 jam
2259 4307 2630 4384 praelibatum
2660 4317 2762 4380 est,
2804 4318 3001 4370 contra
3032 4328 3169 4373 eum
3201 4314 3340 4389 agit,
3373 4315 3543 4390 cujus
3566 4317 3738 4391 jussu
3767 4324 3824 4377 et

322 4411 429 4475 est,
476 4410 542 4463 ut
593 4402 954 4475 subdiaconi,
998 4402 1102 4476 qui
1139 4418 1298 4460 sacra
1344 4402 1618 4476 mysteria
1655 4408 2028 4474 contrectant,
2113 4398 2296 4473 gratia
2321 4398 2498 4457 iidem
2528 4399 2712 4457 sancti
2739 4399 2878 4459 editi
2905 4411 3042 4460 sunt
3068 4417 3340 4463 canones.
3373 4406 3633 4466 Audiant
3661 4421 3821 4480 ergo,

322 4500 380 4552 et
406 4492 657 4563 diaconi,
697 4497 751 4551 et
778 4484 1112 4567 presbyteri,
1155 4490 1252 4549 sed
1294 4497 1349 4549 et
1385 4491 1658 4564 episcopi,
1707 4492 2024 4550 secundum
2048 4551 2095 4570 ἢ
2114 4490 2214 4563 qui
2239 4489 2406 4548 nobis
2429 4489 2737 4561 obsistunt,
2762 4491 2864 4566 qui
2883 4490 3161 4552 adversus
3188 4510 3294 4553 nos
3319 4511 3492 4569 super
3517 4496 3644 4555 haec
3667 4511 3825 4570 quaa-

322 4583 555 4659 pr0pria
603 4551 830 4650 statuta,
872 4551 1044 4640 etiam
1074 4579 1147 4638 ab
1185 4551 1470 4638 uxoribus
1499 4595 1559 4638 se
1580 4551 1934 4651 abstineant,
1968 4551 2299 4638 utDstione
2342 4577 2657 4652 conﬂigunt
2692 4551 2870 4655 :quia
2908 4581 3051 4641 dum
3095 4583 3264 4642 nobis
3311 4551 3447 4642 sunt
3485 4551 3821 4657 adversarii,

323 4679 597 4746 tanquam
626 4686 742 4731 non
771 4670 1048 4731 habentes
1079 4669 1389 4729 videantur
1414 4685 1573 4739 esse;
1611 4668 1765 4744 quod
1807 4667 1920 4727 nisi
1947 4669 2030 4728 fe-
2116 4666 2173 4723 in
2209 4664 2488 4739 Spiritum
2516 4673 2780 4725 sanctum
2822 4669 3127 4728 manifesta
3164 4672 3301 4729 sunt
3332 4669 3649 4729 rebellione
3676 4671 3825 4731 blas-

322 4764 526 4833 cerint,
556 4761 629 4822 ab
657 4758 928 4820 Ecclesiae
958 4768 1362 4821 removeantur
1399 4758 1607 4820 oﬂicio.
1642 4781 1669 4812 »
1708 4758 1857 4835 Papa
1888 4775 2033 4834 quo-
2114 4756 2311 4831 pltemi
2359 4775 2373 4813 :
2419 4764 2475 4814 et
2529 4755 2700 4815 illum
2754 4756 3220 4832 blasphemantcs
3268 4759 3590 4833 oﬂ‘endunt,
3657 4761 3825 4836 cujus

321 4866 437 4927 que
466 4850 778 4929 Gregorius
805 4850 968 4909 Petro
995 4849 1351 4929 subdiacono
1383 4848 1534 4907 inter
1563 4856 1770 4908 caetera
1809 4848 2028 4920 scribit,
2114 4844 2355 4904 offensio
2381 4862 2498 4905 non
2539 4846 2851 4905 remittitur
2893 4864 3083 4921 neque
3129 4848 3244 4917 hic,
3284 4863 3472 4923 neque
3503 4849 3563 4908 in
3603 4849 3823 4909 futuro.

320 4926 519 5000 dicens
550 4939 760 5010 (GnEG.
792 4944 958 5012 Reg.;
994 4926 1094 4999 lib.
1121 4952 1226 4999 VIII
1250 4943 1409 5014 epist.
1432 4939 1520 5011 42,
1549 4938 1680 4996 dist.
1711 4939 1799 5008 31,
1824 4940 2028 5009 Ante):
2118 4932 2229 4994 Sed
2281 4932 2405 5007 jam
2459 4933 2658 5007 plures
2709 4942 3037 4994 sanctorum
3075 4930 3432 5009 pontificum
3488 4937 3827 4998 subnectere

326 5050 354 5084 α
387 5030 542 5088 Ante
583 5028 901 5088 triennium
941 5029 1283 5088 subdiaconi
1319 5027 1588 5086 omnium
1644 5026 2029 5086 Ecclesiarum
2114 5022 2437 5082 sanctiones
2474 5022 2816 5094 omittimus,
2860 5040 2933 5081 ne
2970 5022 3292 5097 epistolaris
3339 5026 3663 5100 compendii
3704 5042 3826 5105 me-

325 5117 544 5178 Siciliaa
583 5117 855 5191 prohibiti
884 5119 1134 5189 fuerant,
1166 5124 1231 5177 ut
1263 5132 1421 5176 more
1447 5116 1728 5175 Romanae
1759 5114 2031 5175 Ecclesia)
2115 5116 2230 5170 tam
2261 5112 2539 5170 excedere
2568 5111 2917 5183 judicemur.
2960 5110 3111 5171 Parit
3149 5114 3310 5172 enim
3353 5114 3655 5188 prolixitas
3688 5114 3828 5174 laci-

322 5209 445 5268 suis
493 5208 777 5268 uxoribus
813 5208 1147 5268 nullatenus
1186 5209 1586 5268 miscerentur.
1622 5232 1647 5259 ι›
1690 5206 1852 5276 Quod
1885 5207 2032 5265 mihi
2115 5204 2278 5264 niosa
2317 5203 2636 5262 fastidium.
2680 5203 2749 5260 Et
2783 5211 2933 5262 certe
2980 5202 3075 5262 cui
3120 5211 3452 5264 sanctorum
3504 5204 3831 5264 testimonia

286 5296 541 5358 .durum
597 5304 770 5372 atque
823 5296 1221 5372 incompetens
1277 5297 1526 5369 videtur,
1586 5303 1651 5355 ut
1706 5297 1809 5374 qui
1856 5312 2031 5355 usum
2113 5311 2237 5354 non
2263 5292 2569 5364 sufﬁcient,
2598 5291 2990 5368 undecunque
3013 5300 3281 5368 congesta
3307 5293 3543 5366 fuerint,
3570 5310 3676 5354 nec
3703 5294 3833 5369 plu-

325 5385 587 5462 ejusdem
627 5387 1002 5446 continentia).
1044 5402 1158 5446 non
1196 5386 1443 5454 invenit,
1483 5402 1671 5462 neque
1711 5386 2033 5444 castitatem
2116 5383 2279 5444 ribus
2305 5380 2647 5459 acquiescet.
2688 5380 2753 5441 Id
2790 5389 3069 5463 praeterea
3106 5383 3261 5459 quod
3298 5383 3564 5458 objicitis,
3597 5389 3836 5444 cautum

324 5481 456 5535 ante
497 5476 817 5563 proposuit,
872 5474 1249 5550 compellatur
1285 5491 1318 5534 a
1362 5490 1468 5535 sua
1506 5490 1693 5534 uxore
1737 5475 2028 5551 separari:
2114 5489 2239 5533 esse
2290 5471 2634 5545 canonibus,
2680 5478 2745 5531 ut
2792 5472 3129 5547 quicunque
3174 5473 3462 5548 conjugati
3522 5474 3834 5543 sacerdotis

324 5576 496 5645 atque
520 5560 621 5647 per
644 5569 779 5651 hoc,
821 5568 976 5644 quod
1009 5560 1177 5640 absit,
1222 5566 1473 5627 deterius
1503 5566 1682 5626 cadat.
1725 5564 1890 5627 Unde
1941 5565 2033 5627 vi-
2116 5562 2374 5625 ofﬁcium
2400 5562 2738 5639 spreverint,
2763 5561 3011 5624 debeant
3036 5564 3448 5626 communione
3478 5565 3730 5641 privari;
3764 5573 3837 5635 ,ut

320 5658 686 5747 detur‘miihi,
714 5666 785 5745 hut
814 5674 848 5717 a
875 5659 1146 5749 pressant}
1178 5658 1273 5718 die
1313 5657 1587 5749 omnibus
1624 5655 1906 5745 episc0pis
1943 5655 2032 5717 di-
2114 5671 2252 5732 pace
2286 5660 2474 5717 vestra
2518 5654 2742 5731 loquar,
2785 5654 2927 5716 dum
2965 5655 3292 5718 litterarum
3328 5656 3693 5733 superﬁciem
3730 5673 3837 5723 ne-

611 5776 869 5837 PATROL.
912 5774 1161 5835 CXLIV.
3478 5777 3543 5836 12
