4170 6484
396 352 500 411 363

920 345 977 402 S.
1022 341 1245 402 PETRI
1284 339 1606 400 DAMIANI
1644 336 1803 398 OPP.
1847 335 2036 396 PARS
2077 334 2214 396 SEU
2256 335 2507 397 TOMUS
2547 337 2592 396 Ι.
2636 371 2697 381 —
2741 338 2974 400 EPIST.
3018 341 3157 400 LIB.
3203 341 3356 401 VIII.

3787 343 3890 407 364

395 476 674 550 gligenter
713 468 1025 533 attenditis,
1077 467 1439 525 sobrietatem
1481 464 1876 523 ecclesiasticae
1923 460 2159 523 intel-A
2187 462 2537 521 matrimonii
2582 464 2793 523 fmdera
2835 467 3203 541 reputabunt,
3254 470 3353 543 qui
3397 470 3610 528 cubilia
3654 480 3888 545 paterna

401 565 651 635 lieentize
674 576 787 617 non
825 559 1045 615 tenetis.
1079 556 1185 617 Ille
1217 555 1492 613 nimirum
1529 553 1789 611 sacerdos
1826 552 2101 624 coniuga-

399 665 487 715 tus
534 655 764 721 dicitur,
818 667 929 707 non
978 649 1073 723 qui
1124 664 1275 707 nunc
1326 648 1491 705 habet
1538 659 1800 713 uxorem,
1852 643 1950 701 sed
1996 643 2101 717 qui

394 748 585 823 potius
610 744 809 802 habuit
826 749 958 799 ante
982 747 1301 816 perceptam
1326 738 1694 797 sacerdotalis
1715 736 1883 795 oﬁicii
1909 734 2101 807 digni-

394 843 590 897 tatem.
661 832 844 903 Quem
909 831 1158 905 profecto
1203 829 1251 887 si
1305 828 1655 904 spernimus,
1725 824 2103 898 consequitur

396 929 590 991 etiam,
627 930 693 983 ut
728 930 784 981 et
814 923 1043 980 beatum
1087 920 1334 979 Paulum
1366 918 1709 993 apostolum,
1747 915 1901 990 quod
1943 916 2100 974 dictu

398 1017 560 1076 nefas
589 1019 695 1084 est,
726 1018 1091 1070 contemnere
1129 1009 1461 1067 debeamus.
1506 1005 1904 1064 Nihilominus
1937 1010 1993 1062 et
2024 1004 2100 1061 il-

395 1107 501 1167 lud
539 1105 610 1163 de
644 1103 794 1161 beati
832 1099 1084 1174 Epistola
1118 1099 1190 1157 ad
1236 1096 1563 1155 Corinthios
1604 1094 1763 1153 velut
1803 1094 2101 1168 egregium

394 1199 452 1253 et
492 1192 783 1264 insignem
833 1187 1062 1247 Goliath
1107 1184 1367 1259 gladium
1406 1182 1647 1243 versatis
1695 1183 1755 1240 in
1804 1182 2096 1253 manibus,

395 1297 651 1357 eumque
690 1279 982 1338 vibrantes
1017 1274 1346 1336 Israeliticae
1383 1274 1566 1349 plebis
1603 1274 1786 1333 aciem
1820 1273 2102 1333 ventilare

397 1371 661 1433 tentatis:
698 1397 722 1419 «
754 1368 991 1442 Propter
1030 1366 1487 1434 fornicationem,
1525 1363 1737 1436 inquit,
1780 1361 2100 1437 unusquis-

390 1478 505 1538 que
547 1475 710 1518 suam
754 1471 1001 1516 uxorem
1038 1454 1282 1512 habeat:
1311 1453 1486 1511 uxori
1534 1452 1625 1510 vir
1666 1452 1927 1511 debitum
1971 1451 2099 1509 red-

391 1550 504 1616 dat,
559 1554 614 1607 et
664 1561 817 1605 uxor
865 1544 992 1602 viro
1039 1547 1091 1613 (Ι
1134 1545 1253 1602 Cor.
1305 1547 1429 1609 VII).
1470 1565 1496 1591 κ
1530 1541 1597 1599 In
1646 1557 1760 1614 quo
1816 1539 2100 1598 nimirum

388 1638 587 1707 verbo,
618 1635 774 1709 quod
812 1632 1043 1704 dicitur,
1089 1658 1116 1682 «
1140 1630 1566 1705 unusquisque,
1605 1651 1633 1683 »
1663 1646 1796 1689 cum
1829 1628 1992 1687 laicis
2017 1629 2099 1688 si-

318 1726 323 1729 “
390 1726 517 1785 mul
555 1723 754 1783 altaris
792 1721 1090 1781 ministros
1122 1719 1567 1792 comprehensos
1605 1734 1729 1777 esse
1766 1718 2050 1792 conjicitis
2081 1736 2095 1775 :

2180 552 2621 616 commaculant.
2658 554 2755 628 qui
2788 572 3110 630 germanas.
3143 558 3216 615 ah
3248 560 3470 617 scelus!
3507 562 3764 619 uterinas
3793 563 3882 619 in-

2181 642 2438 699 cestant?
2506 641 2652 700 Eant
2703 660 2837 717 ergo
2875 645 2992 718 jam
3050 646 3339 713 monachi,
3394 647 3612 705 dotales
3666 649 3891 709 tabulas

2184 732 2412 807 publice
2450 734 2759 806 proferant,
2804 735 3033 808 nuptias
3069 736 3440 794 contrahant:
3467 743 3522 793 et
3545 738 3715 811 juxta
3753 754 3887 797 san-

2180 820 2388 879 ctionis
2427 828 2635 879 vestras
2679 822 3021 880 sententiam
3070 821 3364 896 vagientes
3413 840 3618 898 pueros
3678 828 3888 886 teneris

2181 909 2427 967 delinire
2473 911 2875 983 complexibus
2913 910 3247 970 nullatenus
3285 912 3645 971 erubescant.
3684 913 3753 972 Et
3793 931 3885 973 re-

2182 1014 2318 1056 vera
2359 1014 2490 1056 cum
2531 1001 2841 1058 monachos
2875 1017 2940 1059 ac
2972 1001 3190 1070 levitas,
3226 1001 3318 1059 vel
3357 1002 3418 1059 in
3453 1002 3757 1075 peccando,
3794 1004 3885 1063 vel

2179 1087 2239 1145 in
2271 1088 2602 1162 paenitendo
2640 1090 2915 1149 canonica
2956 1091 3290 1164 frequenter
3329 1099 3516 1166 aequet
3554 1095 3883 1165 auctoritas,

2181 1192 2299 1249 quo
2345 1183 2505 1251 pacto
2540 1178 2775 1251 potestis
2819 1180 3150 1254 coniugales
3188 1180 3421 1254 copulas
3459 1181 3724 1242 inhibere
3759 1200 3887 1243 mo-

2182 1265 2400 1336 nachis,
2447 1281 2592 1339 quas
2633 1268 2833 1340 utique
2864 1268 3122 1327 diaconis
3159 1268 3519 1344 indulgetis?
3559 1272 3703 1332 Nam
3739 1289 3885 1348 quo-

2182 1355 2352 1412 modo
2400 1354 2459 1412 in
2509 1354 2629 1413 sola
2676 1355 2989 1415 mulierum
3025 1358 3395 1431 permistione
3442 1368 3579 1419 sunt
3629 1361 3887 1436 dispares

2182 1446 2284 1520 qui
2322 1446 2382 1503 in
2416 1445 2638 1504 caeteris
2666 1447 3000 1506 excessibus
3039 1448 3409 1522 reperiuntur
3437 1451 3737 1526 aequales?
3775 1452 3888 1511 De-

2182 1533 2539 1593 cernendum
2581 1542 2665 1594 est
2712 1551 2867 1609 ergo,
2911 1543 2975 1595 ut
3011 1543 3113 1595 aut
3146 1540 3437 1611 monachi,
3469 1539 3624 1615 quod
3654 1541 3766 1600 dici
3794 1559 3889 1600 sa-

2181 1624 2460 1699 crilegum
2492 1632 2597 1697 est,
2636 1628 2871 1700 nuptias
2911 1628 3143 1698 ineant;
3176 1637 3275 1688 aut
3311 1628 3539 1688 diaconi
3570 1647 3631 1689 se
3658 1633 3889 1704 penitus

2180 1717 2253 1775 ab
2290 1716 2467 1789 hujus
2508 1715 2909 1788 ignominiosae
2940 1718 3317 1792 turpitudinis
3343 1719 3694 1779 obscenitate
3730 1738 3889 1781 com-

390 1820 446 1874 et
475 1814 615 1874 dum
639 1813 697 1870 in
730 1810 1036 1886 apostolica
1061 1808 1343 1867 sententia
1371 1807 1691 1865 litterarum
1716 1805 1907 1880 paleas
1933 1806 2158 1881 quasi};
2183 1817 2435 1885 pescaut.
2467 1808 2630 1877 Quod
2669 1808 3060 1868 nihilominus
3096 1818 3152 1868 et
3178 1810 3250 1868 de
3278 1809 3646 1869 subdiaconis
3696 1813 3887 1872 scien-

383 1907 784 1979 jumentorum
815 1902 987 1959 dente
1013 1898 1334 1968 corroditis,
1365 1896 1649 1955 medullas
1669 1896 1989 1971 spiritualis
2009 1898 2090 1954 in-

385 1994 717 2067 telligentiae
759 1989 957 2064 pietati
984 1989 1278 2059 humanae
1325 1986 1592 2045 faucibus
1640 2001 1757 2044 non
1813 1988 2092 2059 gustatis:

383 2085 503 2142 imo
542 2094 777 2156 prorsus
812 2093 846 2136 a
882 2077 1080 2148 granis
1116 2074 1463 2150 quisquilias
1509 2089 1627 2132 non
1673 2073 1986 2143 secernitis,
2043 2079 2096 2130 et

382 2169 744 2231 discretionis
783 2166 1045 2241 regulam
1083 2171 1492 2240 postponentes
1523 2163 1699 2223 simul
1732 2164 1927 2222 omnia
1964 2179 2096 2238 per-

385 2262 655 2321 miscetis.
690 2259 816 2317 Illis
838 2273 1042 2332 nempe
1071 2256 1296 2315 dicebat
1324 2256 1630 2330 Apostolus
1658 2281 1669 2313 :
1708 2277 1735 2309 «
1762 2255 2096 2328 Unusquis-

384 2366 497 2424 que
552 2363 721 2407 snam
773 2361 1018 2405 uxorem
1075 2345 1304 2415 habeat,
1362 2368 1388 2395 ιδ
1447 2345 1662 2420 quibus
1719 2344 2091 2418 loquebatur;

383 2438 523 2514 quia
560 2451 696 2495 vero
734 2449 852 2494 non
891 2433 1305 2504 sacerdotibus,
1339 2433 1431 2491 vel
1468 2433 1963 2508 praedicatoribus,
1997 2434 2095 2492 sed

380 2526 598 2601 populo
648 2525 838 2599 potius
899 2524 957 2581 in
1014 2525 1121 2582 hac
1165 2523 1502 2598 loqueretur
1552 2523 1808 2597 epistola,
1860 2523 1922 2582 in
1969 2524 2095 2597 ipso

381 2617 638 2691 ejusdem
677 2615 936 2692 epistolae
979 2614 1263 2688 principio
1305 2615 1430 2673 luce
1478 2614 1691 2673 clarius
1735 2614 2088 2673 manifestat:

383 2730 411 2762 α
465 2708 865 2783 Signiﬁcatum
911 2712 1014 2776 est,
1061 2705 1272 2778 inquit,
1333 2705 1480 2763 mihi
1527 2707 1599 2762 de
1640 2705 1826 2775 vobis,
1894 2704 2094 2764 fratres

383 2798 518 2869 mei,
548 2797 622 2855 ab
648 2797 762 2866 his,
796 2795 897 2869 qui
930 2803 1067 2853 sunt
1103 2794 1287 2866 Cloes,
1328 2794 1465 2866 quia
1505 2793 1902 2852 contentiones
1942 2792 2095 2851 inter

378 2900 482 2943 vos
506 2891 662 2944 sunt.
688 2885 812 2942 Hoc
837 2889 1031 2942 autem
1049 2883 1193 2951 dico,
1217 2882 1373 2955 quod
1400 2883 1805 2957 unusquisque
1830 2888 2090 2940 vestrum

376 2971 700 3044 dicit:Ego
757 2971 991 3044 quidem
1047 2978 1181 3029 sunt
1236 2969 1425 3038 Pauli,
1473 2985 1577 3044 ego
1625 2978 1818 3028 autem
1864 2969 2087 3042 Apollo,

375 3075 481 3134 ego
543 3074 676 3116 vero
734 3057 963 3130 Cephea,
1017 3073 1122 3130 ego
1180 3064 1375 3115 autem
1435 3056 1663 3115 Christi.
1718 3057 1953 3115 Divisus
2007 3064 2092 3115 est

2177 1898 2319 1956 dum
2351 1903 2453 1967 est,
2496 1897 2641 1955 sicut
2671 1896 2899 1955 diversa
2937 1904 3268 1957 sanctorum
3311 1898 3566 1971 Patrum,
3610 1907 3674 1959 ut
3706 1917 3886 1977 supe-

2178 1987 2302 2046 rius
2330 1991 2625 2044 ostensum
2651 1993 2756 2055 est,
2785 1985 3009 2045 decreta
3030 1988 3391 2047 conﬁrmant.
3420 1989 3574 2060 Quos
3602 1991 3886 2050 nimirum

2178 2073 2445 2134 nonnulli
2535 2074 2976 2134 Nathinaaorum
3064 2082 3259 2135 tenere
3346 2078 3659 2153 Opinantur
3755 2081 3884 2141 oﬂi-

2177 2162 2370 2221 cium:
2397 2162 2548 2235 quod
2582 2177 2699 2220 non
2742 2163 3011 2236 procedit.
3063 2164 3352 2224 Nathinaai
3395 2166 3701 2241 siquidem,
3735 2168 3886 2227 sicut

2177 2250 2573 2325 Hieronymus
2593 2251 2655 2309 in
2686 2251 2986 2310 Hebraicis
3013 2253 3433 2326 quaestionibus
3461 2256 3682 2328 asserit,
3712 2257 3886 2315 inter-

2174 2347 2474 2415 pretantur
2515 2342 2725 2399 donati.
2764 2340 2910 2400 Sunt
2942 2343 3099 2401 enim
3130 2343 3484 2417 Gabaonitaa,
3515 2361 3581 2404 eo
3621 2346 3775 2420 quod
3813 2347 3885 2406 ad

2179 2430 2553 2489 serviendum
2602 2430 2717 2488 dati
2755 2430 2875 2489 sint
2911 2430 3281 2491 tabernaculo
3312 2431 3544 2492 Domini
3583 2435 3654 2493 ab
3686 2436 3882 2496 Josue.

2178 2519 2337 2578 Inter
2367 2519 2473 2578 hos
2496 2519 2699 2593 igitur,
2732 2529 2787 2579 et
2814 2519 2943 2579 illos
2973 2521 3098 2578 haec
3140 2523 3413 2594 probatur
3435 2538 3559 2581 esse
3589 2523 3878 2593 distantia,

2178 2607 2453 2679 quoniam
2484 2607 2570 2664 illi
2599 2606 2985 2678 tabernaculo,
3015 2607 3108 2665 vel
3144 2608 3355 2683 templo
3381 2609 3611 2667 Domini
3635 2612 3875 2671 famula.

2135 2732 2142 2739 -
2175 2704 2407 2775 bantur,
2439 2710 2505 2761 ut
2530 2705 2680 2762 servi
2704 2722 2718 2775 ;
2753 2704 2846 2762 isti
2866 2711 3069 2780 quarto
3094 2705 3421 2778 funguntur
3449 2703 3645 2762 altaris
3672 2702 3880 2771 ofﬁcio,

2175 2793 2549 2852 diaconorum
2608 2794 2823 2851 scilicet
2872 2808 3166 2867 suppares,
3229 2809 3294 2851 ac
3360 2792 3611 2851 ministri
3653 2816 3665 2850 :
3709 2798 3886 2868 atque

2176 2881 2326 2952 ideo,
2369 2881 2519 2940 sicut
2558 2897 2687 2939 cum
2731 2880 3142 2951 sacerdotibus,
3176 2897 3242 2939 ac
3271 2880 3490 2938 Levitis
3527 2880 3704 2939 sacris
3740 2880 3885 2938 mis-

2175 2987 2371 3029 sarum
2417 2971 2836 3045 praecipiuntur
2893 2971 3170 3030 interesse
3215 2971 3525 3046 mysteriis,
3564 2971 3645 3030 sic
3680 2986 3880 3029 eorum

2176 3072 2406 3133 quoque
2453 3058 2756 3133 participes
2799 3075 2923 3117 esse
2969 3074 3201 3117 necesse
3247 3065 3348 3129 est,
3401 3059 3462 3117 in
3509 3057 3885 3118 custodienda

377 3145 682 3206 Christus?
720 3145 999 3239 Nunquid
1038 3144 1256 3239 Paulus
1292 3144 1607 3239 cruciﬁxus
1643 3150 1728 3203 est
1766 3161 1866 3218 pro
1902 3145 2147 3239 vobisc
2175 3153 2465 3221 perpetuas
2500 3147 2787 3206 munditia
2818 3148 3110 3206 castitatis.

374 3244 478 3297 aut
505 3237 565 3294 in
600 3236 834 3295 nomine
860 3234 1025 3293 Pauli
1048 3233 1312 3308 baptizati
1342 3232 1524 3292 estis?
1558 3262 1583 3284 ››
1618 3240 1671 3299 (I
1699 3236 1820 3293 Cor.
1853 3239 1918 3305 Ι.)
1946 3234 2090 3305 Qui-

2248 3237 2557 3309 Postremo,
2605 3237 2758 3313 quod
2817 3236 3028 3307 dicitis,
3084 3237 3155 3295 ad
3211 3237 3543 3296 simoniacae
3597 3237 3886 3295 haereseos

374 3324 484 3382 bus
522 3323 725 3399 utique
761 3322 951 3381 verbis
993 3320 1213 3395 liquido
1247 3321 1441 3391 claret,
1488 3321 1629 3397 quia
1672 3338 1789 3380 non
1829 3321 2093 3380 sacerdo-
2178 3345 2545 3405 nequaquam
2574 3329 2862 3404 pertinere
2884 3328 3199 3402 piaculum,
3227 3329 3276 3387 si
3295 3330 3584 3405 quispiam
3612 3328 3886 3387 Ecclesiae

376 3422 478 3485 tes,
525 3412 624 3471 sed
670 3411 951 3487 populum
993 3411 1333 3483 corripiebat
1387 3410 1716 3485 Apostolus,
1773 3413 1871 3484 qui
1914 3418 2094 3470 sectas
2176 3418 2433 3491 regimen
2485 3433 2597 3475 non
2643 3418 2768 3475 sine
2812 3416 3121 3475 venalitate
3176 3416 3469 3491 suscipiat,
3530 3416 3579 3475 si
3623 3422 3884 3475 tantum-

378 3500 618 3558 faciebat
654 3498 1054 3565 schismatum,
1095 3496 1236 3555 dum
1276 3497 1641 3557 diversorum
1680 3515 1740 3557 se
1778 3499 2093 3573 discipulos
2179 3506 2347 3565 modo
2378 3522 2585 3563 manus
2615 3504 3047 3579 impositionem
3077 3504 3255 3580 gratis
3283 3504 3561 3579 acquirat,
3596 3513 3884 3580 quantum

375 3595 697 3647 assererent
724 3604 847 3647 esse
872 3588 1193 3647 doctorum.
1233 3586 1377 3646 Cum
1408 3604 1543 3661 ergo
1572 3589 1805 3660 diceret,
1841 3615 1866 3638 ‹‹
1902 3606 2093 3648 nnus-
2177 3594 2237 3651 in
2295 3592 2549 3651 Ecclesia
2593 3591 2928 3651 scandalum
2968 3598 3220 3665 generet,
3273 3600 3555 3667 quantum
3606 3600 3755 3650 certe
3810 3591 3887 3650 ab

378 3680 629 3753 quisque
663 3694 829 3738 suam
862 3693 1108 3737 uxorem
1150 3677 1375 3749 habeat,
1409 3697 1437 3731 »
1470 3677 1588 3736 illis
1618 3694 1852 3753 quoque
1891 3683 2096 3752 conju-
2178 3681 2577 3740 ecclesiasticae
2606 3679 2931 3754 disciplinae
2961 3680 3186 3738 tramite
3223 3680 3421 3754 procul
3454 3680 3697 3749 aberret,
3737 3696 3888 3754 quo—

379 3767 542 3840 gium
581 3766 938 3841 indulgebat,
988 3764 1056 3823 ad
1098 3779 1242 3839 quos
1283 3765 1584 3839 eloquium
1622 3766 1921 3839 dirigebat.
1968 3766 2097 3826 Huc
2180 3769 2337 3826 niam
2358 3767 2633 3825 omnibus
2651 3772 2736 3824 est
2758 3766 3150 3840 perspicuum,
3176 3783 3289 3825 non
3314 3767 3532 3840 indiget
3556 3765 3892 3841 prolixitate

384 3852 526 3910 167
569 3856 807 3926 accedit,
875 3855 1014 3928 quia
1072 3869 1186 3912 non
1237 3869 1463 3928 semper
1513 3856 1941 3931 unusquisque,
2003 3856 2095 3913 vel
2177 3857 2506 3916 verborum.
2549 3855 2824 3930 Quisquis
2862 3854 3021 3913 enim
3059 3854 3371 3914 Ecclesiam
3411 3855 3593 3928 pretio
3632 3854 3889 3927 redimit,

377 3943 570 4001 omnis
621 3941 1059 4001 multitudinem
1113 3941 1512 4000 universitatis
1560 3942 1967 4017 amplectitur:
1998 3943 2096 4001 sed
2179 3946 2352 4005 simul
2393 3952 2447 4005 et
2484 3944 2970 4004 consecrationem
3013 3960 3345 4018 comparare
3383 3947 3767 4017 convincitur,
3813 3946 3889 4004 ad

384 4030 723 4104 plerumque
760 4032 911 4088 intra
944 4046 1279 4088 mensuram
1320 4038 1491 4089 certa;
1530 4032 1886 4104 quantitatis,
1926 4038 2099 4107 prout
2178 4052 2351 4111 quam
2388 4035 2600 4094 scilicet
2638 4050 2738 4108 per
2774 4034 3164 4108 acceptionem
3205 4034 3464 4109 ejusdem
3508 4032 3649 4090 168
3685 4034 3891 4093 Eccle-

389 4120 534 4179 ratio
565 4120 882 4191 dictaverit,
917 4119 1235 4179 cohibetur.
1274 4119 1430 4179 Sicut
1472 4129 1555 4179 est
1605 4122 1750 4181 illud
1787 4124 1943 4196 quod
1987 4122 2099 4181 Do-
2172 4126 2282 4199 βίω
2331 4131 2721 4200 promovetur.
2764 4124 2829 4183 In
2875 4124 3147 4183 Ecclesiae
3189 4124 3403 4199 quippe
3441 4125 3787 4183 commercio
3832 4132 3891 4184 et

383 4208 585 4267 minus
623 4210 740 4267 ait:
772 4230 798 4261 ‹‹
846 4208 966 4282 Ego
1004 4223 1140 4265 cum
1170 4210 1458 4267 exaltatus
1498 4210 1662 4269 fuero
1702 4227 1735 4268 a
1767 4218 1935 4282 terra,
1973 4212 2100 4269 uni-
2178 4214 2663 4271 consecrationem
2694 4210 2897 4287 procul
2926 4210 3105 4270 dubio
3134 4218 3446 4285 comparat,
3480 4212 3606 4271 sine
3641 4229 3756 4286 qua
3796 4213 3892 4271 vi-

386 4314 550 4358 versa
601 4297 820 4356 traham
863 4297 931 4354 ad
978 4297 1265 4371 meipsum
1308 4299 1480 4370 (Joan.
1524 4301 1648 4372 xu).
1695 4321 1721 4348 π
1764 4299 1887 4356 Non
1940 4299 2096 4357 enim
2178 4303 2384 4360 delicet
2413 4302 2600 4360 eidem
2627 4300 2898 4359 Ecclesiae
2924 4300 3231 4375 przesidere
3257 4316 3317 4359 se
3342 4316 3505 4375 posse
3528 4316 3643 4360 non
3672 4311 3887 4376 sperat.

383 4388 455 4446 ad
498 4404 558 4446 se
601 4386 808 4447 Judam
850 4387 1199 4460 proditorem
1245 4388 1439 4457 traxit,
1481 4405 1596 4447 non
1645 4389 1755 4447 sibi
1817 4389 2094 4447 latronem
2180 4391 2224 4448 Ε
2250 4398 2445 4448 contra
2469 4389 2836 4460 contenditis,
2857 4389 3135 4463 quoniam
3161 4389 3567 4449 investituram
3596 4390 3695 4448 il-le
3718 4391 3895 4450 susci-

384 4478 635 4553 impium
671 4476 934 4545 sociavit;
973 4475 1072 4534 sed
1109 4475 1326 4551 omnia,
1356 4475 1409 4533 id
1444 4484 1549 4548 est,
1584 4492 1786 4536 omnes
1815 4476 2157 4554 duntaxat“
2180 4482 2260 4554 pit
2289 4480 2689 4538 ecclesiastica;
2717 4479 3021 4546 facultatis,
3059 4494 3169 4537 non
3203 4479 3402 4537 minus
3425 4479 3665 4552 percipit
3690 4479 3895 4554 gratiae

384 4533 590 4626 electos
619 4566 691 4625 ad
715 4533 934 4639 proprii
963 4533 1328 4624 contubernii
1349 4533 1579 4624 culmen
1604 4566 1818 4625 evexit.
1846 4565 1915 4623 Et
1938 4533 2158 4640 Apo-D
2181 4533 2516 4640 spiritualis.
2566 4568 2830 4641 Acquirit
2875 4533 3144 4626 Ecclesiae
3187 4533 3493 4641 praedium,
3550 4533 3663 4627 non
3691 4533 3897 4628 ceccle-

386 4658 567 4716 stolus
618 4655 896 4731 perhibet.
943 4655 1081 4728 quia
1126 4654 1283 4712 Deus
1326 4670 1529 4712 omnes
1575 4656 1700 4713 vult
1744 4655 1931 4714 salvos
1972 4657 2098 4715 fieri
2180 4658 2388 4716 siastici
2450 4657 2817 4715 charismatis
2876 4664 3323 4715 sacramentum.
3393 4656 3668 4731 Quisquis
3722 4659 3898 4732 plane

388 4751 436 4817 (Ι
462 4750 601 4803 Tim.
631 4750 712 4813 Il),
755 4753 810 4802 et
847 4742 1143 4801 neminem
1188 4742 1319 4800 vult
1358 4744 1566 4815 perire.
1618 4745 1727 4803 Sed
1774 4760 1907 4802 cum
1959 4745 2098 4803 Pro-
2181 4765 2282 4823 per
2314 4748 2669 4823 salsuginem
2703 4748 2881 4822 huius
2920 4755 3181 4807 tartareae
3210 4747 3526 4821 sapientiae,
3566 4747 3685 4807 imo
3716 4764 3894 4806 vene-

387 4838 559 4911 pheta
601 4834 787 4892 dicat:
823 4857 842 4882 ι
894 4833 1181 4901 Quoniam
1242 4831 1437 4889 omnia
1494 4848 1860 4908 quaecunque
1912 4836 2101 4895 voluit
2182 4847 2333 4897 natae
2362 4837 2632 4895 versutia:
2674 4837 2989 4896 Ecclesiam
3027 4835 3254 4907 dividit,
3293 4851 3428 4895 cum
3471 4852 3572 4910 per
3609 4835 3896 4895 venalita-

390 4924 674 4984 Dominus
697 4921 830 4979 fecit
858 4923 1027 4989 (Psal.
1056 4925 1350 4991 CXXXIV);
1403 4942 1424 4972 ι
1471 4937 1576 4979 cur
1619 4923 1887 4995 reprobos
1914 4925 2101 4998 perire
2184 4936 2299 4986 tem
2339 4929 2643 4987 haereticus
2681 4928 2774 4994 sit,
2820 4944 2918 5001 per
2956 4927 3305 4986 divisionem
3340 4943 3571 5002 quoque
3608 4927 3893 4986 schisma-

390 5017 710 5097 permittit?
742 5015 969 5076 Scilicet
1005 5031 1138 5074 cum
1165 5022 1218 5073 et
1252 5014 1546 5072 neminem
1596 5015 1783 5088 perire
1830 5016 1991 5088 velit,
2047 5025 2103 5077 et
2186 5016 2278 5074 tici
2312 5017 2531 5075 crimen
2564 5017 2827 5074 incurrit.
2863 5016 3128 5074 Fuerunt
3163 5029 3302 5072 sane
3340 5014 3613 5074 nonnulli
3645 5018 3897 5075 sincerae

394 5110 594 5170 omnia
623 5121 988 5183 quaecunque
1022 5106 1167 5174 vult,
1211 5104 1429 5178 absque
1464 5102 1640 5162 dubio
1686 5107 1882 5178 possit.
1938 5106 2103 5165 Unde
2186 5105 2340 5176 tidei,
2384 5112 2440 5163 et
2473 5104 2769 5163 catholicae
2819 5103 3194 5163 confessionis
3233 5103 3443 5176 ignari,
3482 5104 3583 5179 qui
3622 5105 3703 5162 sic
3740 5105 3898 5163 inter

395 5215 529 5259 cum
555 5198 784 5267 dicitur,
819 5196 973 5271 quod
1007 5194 1160 5252 Deus
1197 5209 1399 5252 omnes
1427 5193 1551 5251 ﬁeri
1584 5194 1773 5252 salvos
1801 5195 1958 5265 velit,
1999 5214 2100 5255 ne-
2188 5196 2499 5253 humanam
2543 5201 2715 5269 atque
2749 5193 3009 5251 divinam
3039 5191 3291 5251 divisere
3328 5197 3612 5263 naturam,
3651 5201 3713 5252 ut
3742 5193 3897 5252 duas

397 5305 553 5349 cesse
585 5293 688 5359 est,
715 5294 779 5345 ut
805 5287 875 5344 de
904 5287 1041 5343 solis
1079 5284 1439 5357 intelligatur
1469 5284 1683 5342 electis.
1718 5284 1899 5344 Juxta
1924 5281 2101 5359 quam
2185 5295 2504 5345 assererem
2552 5287 2610 5343 in
2658 5284 2968 5343 mediatore
3011 5283 3114 5341 Dei
3161 5292 3216 5341 et
3266 5283 3571 5343 hominum
3627 5293 3895 5344 constare

356 5384 371 5389 “
399 5375 1082 5452 regulam,etApostolus
1100 5389 1231 5432 cum
1255 5373 1411 5444 dicit,
1446 5395 1471 5423 α
1502 5373 1916 5448 Unusquisque
1936 5390 2100 5433 suam
2188 5380 2478 5451 personas.
2512 5377 2560 5434 Ii
2592 5392 2745 5446 vero,
2775 5377 2991 5451 quibus
3020 5375 3220 5434 datum
3259 5384 3344 5435 est
3379 5376 3691 5451 perspicaci
3722 5392 3893 5435 men-

399 5482 645 5525 uxorem
687 5466 912 5532 habeat,
948 5486 976 5519 »
1016 5478 1127 5521 non
1169 5476 1370 5520 omnes
1412 5460 1780 5535 amplectitur
1812 5463 2100 5536 homines,
2189 5469 2261 5527 tis
2289 5468 2509 5527 intuitu
2534 5468 2815 5526 incarnati
2847 5466 3021 5525 Verbi
3052 5473 3353 5541 penetrare
3391 5468 3756 5543 mysterium,
3789 5483 3894 5525 ve-

400 5557 501 5618 sed
547 5557 677 5615 illos
719 5564 964 5626 tantum,
1014 5553 1230 5628 quibus
1267 5552 1435 5628 juxta
1474 5551 1751 5626 legitima:
1791 5557 2104 5616 sanctionis
2189 5559 2393 5616 raciter
2429 5562 2805 5618 astruxerunt
2847 5556 2910 5613 in
2962 5563 3077 5615 tam
3127 5555 3571 5629 inseparabilem
3608 5556 3899 5617 unionem

401 5662 669 5709 normam
696 5646 908 5707 habere
932 5644 1066 5704 licet
1092 5657 1324 5704 uxores.
1351 5641 1635 5718 Alioquin
1660 5660 1776 5719 quo
1802 5651 1964 5721 pacto
1990 5647 2104 5708 sibi
2187 5655 2496 5723 utramque
2532 5650 2893 5709 concurrisse
2940 5654 3227 5720 naturam,
3281 5655 3344 5706 ut
3402 5664 3478 5707 ne
3530 5647 3593 5705 in
3646 5654 3898 5707 mortem
