4170 6478
342 271 447 330 365
1547 263 1771 323 LIBER
1810 263 2156 341 QUINTUS,
2202 271 2437 333 EPIST.
2478 274 2637 338 XIII.
3731 293 3835 353 366

333 397 571 472 quidem
611 394 823 456 Christi
862 394 1136 453 divinitas
1172 411 1219 483 (ξ
1242 408 1412 452 carne
1449 393 1726 483 potuisset
1756 392 2421 483 ahjungi;Acontrarii,
2469 405 2660 466 alieno
2705 415 2877 483 atque
2922 410 3238 472 adventitio
3292 414 3441 475 inter
3494 434 3593 476 eos
3638 423 3835 483 animo

330 484 595 582 alioquin
618 498 750 582 .nop
791 489 941 540 esset
981 498 1151 582 vertis
1188 481 1361 582 Des},
1396 483 1447 540 si
1476 482 1570 582 vel
1599 483 1656 540 in
1675 480 1814 582 ipse
1821 482 2045 582 plenis
2130 500 2511 562 perseverant.
2558 494 2740 554 Gebal
2782 480 2994 556 dicitur
3021 503 3187 557 υαιιεε
3221 520 3386 569 υαηα,
3421 521 3520 576 per
3547 510 3701 582 quod
3733 480 3836 570 de;

330 573 579 664 {inicﬂlo
603 572 890 664 deSiljeret
918 569 1419 664 933?_D908;_Hi_09
1436 568 1698 664 θεῖαιωᾲ
1718 568 2047 628 θίῑΒιΑιΙΙ·
2127 577 2430 649 signantur
2476 583 2519 640 ii
2571 586 2673 659 qui
2722 585 2991 646 simulate
3041 599 3178 649 sunt
3222 568 3509 664 mites-et
3564 568 3841 660 fallaciter

329 661 612 720 brosius:
660 684 681 712 ι
725 660 868 718 Caro
920 657 1157 732 quidem
1211 657 1424 716 Christi
1475 658 1727 730 gustavit
1777 665 2042 730 mortem,

331 750 430 809 sed
471 749 847 824 impassibilis
883 747 988 805 Dei
1028 748 1212 806 virtus
1248 763 1364 805 non
1402 746 1586 805 exivit
1624 747 1695 804 de
1725 763 1977 821 corpore.
2017 771 2039 799 ι

330 837 577 910 Magnus
605 836 779 894 etiam
808 836 925 894 Leo
955 849 1095 907 papa
1124 850 1236 892 non
1268 833 1555 907 disparem
1591 834 1768 908 hujus
1797 835 1880 892 rei
1909 849 2044 907 pro-

332 927 463 985 tulit
487 926 546 983 in
579 941 686 983 suo
716 939 979 982 sermone
1002 922 1348 981 sententiam
1376 946 1388 980 :
1426 948 1450 973 α
1488 922 1613 980 Nisi
1644 922 1918 995 Verbum,
1949 923 2045 980 in—

330 1016 480 1091 quit,
529 1028 662 1072 caro
710 1013 889 1081 fieret,
941 1017 998 1069 et
1045 1017 1162 1069 tam
1206 1011 1386 1069 solida
1431 1011 1702 1069 existeret
1741 1011 1937 1068 unitas
1983 1013 2043 1069 in

333 1114 578 1177 utraque
636 1107 862 1171 natura,
932 1106 992 1159 ut
1043 1116 1077 1157 a
1137 1099 1484 1173 suscipiente
1538 1106 1880 1172 susceptam,
1942 1115 2047 1157 nec

334 1196 522 1268 ipsum
554 1191 727 1249 breve
758 1189 955 1247 mortis
989 1197 1212 1261 tempus
1238 1188 1596 1261 abjungeret,
1618 1202 1923 1260 nunquam
1955 1202 2046 1244 va-

338 1286 478 1343 leret
512 1284 584 1341 ad
623 1281 1000 1340 aeternitatem
1037 1280 1226 1337 redire
1268 1278 1601 1336 mortalitas.
1640 1302 1665 1328 ι»
1696 1277 1857 1336 Idem
1895 1293 2043 1351 quo—

337 1370 625 1447 quelalibi
659 1394 671 1427 :
711 1394 731 1418 ι
769 1368 979 1439 Deitas,
1020 1384 1155 1442 quae
1192 1367 1264 1426 ab
1310 1372 1555 1440 utraque
1582 1367 1827 1440 suscepti
1861 1367 2046 1425 homi-

343 1461 432 1518 nis
479 1460 800 1519 substantia
841 1474 957 1516 non
1000 1458 1249 1530 recessit,
1299 1458 1454 1531 quod
1506 1463 1777 1531 potestate
1826 1456 2044 1526 divisit,

343 1556 614 1626 potestate
659 1549 985 1623 conjunxit.
1046 1573 1071 1596 ››
1128 1547 1302 1606 Porro
1352 1553 1543 1605 autem
1601 1561 1705 1605 vos
1754 1546 2048 1604 Christum

341 1664 456 1707 non
498 1644 774 1715 dividitis,
816 1644 914 1701 sed
952 1642 1287 1714 Ecelesiam,
1328 1658 1461 1715 quae
1510 1657 1719 1716 corpus
1768 1643 1892 1717 ejus
1939 1651 2045 1712 est,

2129 667 2399 726 humiles.
2433 671 2687 730 Ammon
2718 674 3126 746 interpretatur
3161 684 3402 758 populus
3438 686 3711 753 turbidus,
3744 687 3840 747 vel

2122 758 2362 851 populus
2398 763 2678 828 maeroris;
2724 763 2939 834 quibus
2969 765 3187 827 scilicet
3216 768 3303 827 illi
3332 770 3540 831 debent
3568 775 3838 851 intelligi,

2128 848 2396 938 quidam
2430 865 2577 909 nova
2605 852 2864 912 doctrina
2895 858 3170 930 populum
3202 861 3417 928 scilicet
3445 865 3697 938 turbant,
3727 848 3841 928 Ec;

2128 934 2450 1026 clmingei
2479 955 2783 999 mcerorem
2811 950 2984 1020 atque
3015 947 3302 1007 tristitiam
3332 960 3629 1026 generant.
3659 934 3839 1015 Ama-

2133 1023 2252 1113 lech
2285 1024 2494 1084 dicitur
2514 1031 2752 1100 populus
2782 1033 3011 1100 lingens,
3046 1050 3147 1107 per
3196 1023 3359 1109 quos
3383 1039 3587 1113 utique
3625 1042 3841 1104 Christi

2130 1110 2508 1184 designantur
2534 1114 2778 1187 inimici,
2810 1117 2881 1176 de
2906 1120 3121 1193 quibus
3147 1125 3206 1180 in
3233 1126 3453 1197 psalmo
3476 1110 3694 1188 dictum
3716 1138 3836 1192 est:

2133 1220 2160 1251 «
2196 1199 2264 1257 Et
2292 1199 2517 1260 inimici
2546 1203 2670 1276 ejus
2702 1213 2909 1263 terram
2948 1207 3167 1281 lingent
3192 1215 3583 1286 (PsaLLXXI).
3618 1238 3646 1271 υ
3677 1219 3839 1279 Alie-

2133 1288 2359 1361 nigente
2398 1292 2665 1364 quamvis
2700 1299 2756 1350 et
2798 1295 2922 1366 ipso
2961 1297 3196 1357 nomine
3241 1301 3443 1361 Latino
3470 1300 3542 1363 3e
3584 1306 3840 1366 indicent

2129 1376 2366 1442 alienos,
2404 1385 2458 1437 et
2503 1381 2576 1437 ob
2620 1381 2728 1440 hoc
2763 1393 3177 1458 consequenter
3213 1388 3500 1461 inimicos,
3544 1401 3736 1454 tamen
3776 1397 3840 1455 in

2133 1464 2381 1524 Hebraeo
2416 1466 2691 1527 dicuntur
2719 1469 3094 1545 Philisthiim,
3128 1477 3281 1547 quod
3311 1479 3718 1554 interpretatur
3743 1503 3841 1540 ca-

2132 1556 2329 1647 dentes
2364 1561 2665 1647 potatione.
2722 1559 2829 1618 Per
2879 1576 3024 1636 quos
3079 1567 3491 1638 exprimuntur
3541 1568 3650 1642 illi,
3695 1587 3840 1647 quos

2134 1642 2371 1702 luxuria
2393 1646 2583 1703 carnis
2607 1647 2874 1716 inebriat,
2906 1658 2960 1708 et
2994 1653 3161 1726 quasi
3191 1671 3311 1728 prie
3348 1657 3526 1716 nimia
3550 1642 3841 1733 potatione

342 1735 601 1795 dividere
637 1748 755 1791 non
776 1732 1022 1823 timetis.
1064 1730 1163 1823 Ait
1197 1731 1355 1789 enim
1374 1730 1699 1823 ‘Apostolus
1731 1755 1744 1788 :
1785 1755 1803 1779 υ
1841 1730 2048 1789 Adim-
2070 1733 2420 1817 Bcadentes,
2450 1736 2513 1793 in
2545 1737 2661 1795 ima
2686 1739 3021 1814 praecipitat.
3069 1743 3263 1816 Tyrus
3300 1747 3498 1816 etiam,
3543 1730 3676 1823 quae
3720 1749 3840 1809 Hec

344 1826 471 1899 pleo
501 1840 567 1882 ea
595 1838 727 1896 quze
761 1821 970 1880 desunt
998 1819 1574 1913 passionnmtlhristi
1603 1821 1665 1878 in
1698 1835 1884 1913 carne
1897 1835 2046 1913 mea,
2138 1823 2326 1883 braice
2365 1839 2486 1883 sors
2523 1825 2757 1898 dicitur,
2798 1835 3057 1899 angustia
3093 1832 3216 1892 sive
3249 1838 3535 1895 tribulatio
3560 1819 3844 1913 interpre-

345 1931 446 1989 pro
483 1928 715 2003 corpore
753 1911 896 2003 ejus,
924 1911 1093 2003 quod
1120 1919 1205 2003 est
1233 1911 1485 2003 Ecclesia
1506 1914 1653 2003 _(C_ol.
1691 1915 1752 1980 ι).
1789 1935 1808 1961 ι
1842 1910 2051 2003 Enim-
2142 1918 2293 1970 tatur
2324 1933 2336 1971 :
2368 1928 2484 1987 quo
2512 1914 2602 1973 illi
2634 1916 2905 1976 videntur
2932 1923 3234 1994 perspicue
3268 1924 3579 1999 designari,
3610 1910 3846 2003 qui—per

346 2019 481 2061 vero
519 2001 733 2060 milites
774 2000 935 2058 veriti
974 2007 1109 2093 sunt
1154 2000 1395 2093 Domini
1442 1999 1699 2093 scindere
1752 1999 2048 2093 tunicam}
2138 2003 2449 2076 impietatis
2488 2021 2660 2078 opera
2700 2018 2990 2082 perpetuae
3026 2012 3386 2073 tribulationi
3427 2018 3516 2075 vel
3562 1999 3849 2093 angus—tias

349 2109 450 2152 vos
482 2092 804 2164 discerpere
840 2106 959 2148 non
1003 2090 1319 2149 formidatis
1354 2090 1711 2157 Ecclesiam,:
1742 2089 1844 2163 qui
1885 2087 2056 2145 nimi-
2141 2093 2457 2168 probantur
2509 2093 2769 2153 obnoxii.
2831 2096 3056 2157 Madian
3109 2094 3518 2174 interpretatur
3567 2087 3849 2162 declinans

336 2200 480 2242 .rum
508 2198 626 2240 non
655 2181 866 2240 idcirco
898 2180 1283 2239 Ecclesiarum
1312 2180 1470 2239 lucra
1495 2178 1857 2252 conquiritis,
1893 2185 1956 2236 ut
1982 2176 2054 2268 ad
2135 2184 2430 2253 judicium.
2464 2182 2560 2242 Illi
2584 2184 2756 2256 plane
2775 2186 3063 2259 judicium
3090 2189 3401 2263 declinant,
3433 2194 3536 2267 qui
3565 2193 3851 2268 dogmati-

348 2271 793 2332 consecrationis
836 2271 1083 2343 gratiam
1135 2272 1528 2331 conscendatis
1583 2292 1597 2328 :
1655 2272 1755 2329 sed
1816 2267 2057 2331 necessi-
2145 2269 2325 2328 zando
2351 2284 2641 2343 perversa,
2668 2271 2885 2330 divinae
2915 2273 3627 2349 legisjustitiam'violant.
3654 2267 3854 2339 Sisara

352 2368 462 2419 tate
503 2358 805 2433 compulsi,
846 2359 975 2417 ideo
1011 2359 1281 2432 patimini
1319 2360 1830 2429 consecrationem,
1867 2366 1930 2416 ut
1965 2374 2059 2417 ec-
2144 2358 2357 2416 dicitur
2385 2362 2624 2416 emclusio
2652 2362 2887 2431 gaudii;
2926 2368 2981 2420 et
3020 2367 3371 2439 quicumque
3408 2381 3469 2426 se
3506 2366 3760 2428 lasciviis
3803 2374 3858 2428 et

355 2452 730 2512 clesiasticam
772 2466 877 2508 vos
914 2466 1029 2511 non
1073 2452 1366 2525 contingat
1402 2450 1663 2509 amittere
1710 2449 2093 2507 facultatem.’
2147 2449 2474 2508 carnalibus
2504 2451 2808 2512 lenociniis
2831 2453 3155 2526 petulanter
3178 2456 3551 2532 immergunt,
3577 2458 3858 2532 gaudium

354 2542 470 2600 Nec
502 2541 571 2598 ad
608 2541 715 2598 hoc
743 2539 1044 2608 anhelatis,
1088 2547 1151 2598 ut
1188 2540 1522 2598 etﬁciamini
1562 2539 1834 2598 Ecclesia:
1873 2554 2061 2596 saeer—
2147 2555 2182 2596 a
2214 2554 2274 2595 se
2306 2554 2573 2611 supernas
2615 2539 2896 2598 felicitatis
2932 2541 3271 2602 excludunt.
3312 2544 3484 2603 Jabin
3524 2545 3736 2605 dicitur
3773 2563 3862 2603 sa-

354 2634 514 2692 dotes
548 2653 560 2690 :
594 2632 693 2690 sed
719 2631 792 2690 ad
829 2632 937 2689 hoc
970 2637 1211 2697 tantum.
1245 2639 1310 2690 ut
1341 2631 1496 2689 velut
1528 2627 1893 2689 haereditario
1916 2644 2063 2702 quo-
2143 2633 2323 2700 piens,
2371 2629 2522 2701 quod
2571 2644 2668 2700 per
2714 2629 3095 2704 antiphrasim
3146 2632 3216 2690 de
3258 2632 3378 2691 illis
3414 2633 3858 2708 intelligendum

357 2724 488 2782 dam
532 2723 661 2798 jure
701 2722 827 2780 sitis
862 2722 1173 2780 sanctuarii
1214 2736 1583 2794 possessores.
1628 2719 1764 2777 Illos
1799 2716 2067 2775 videlicet
2150 2726 2253 2786 est,
2304 2715 2374 2773 de
2418 2715 2631 2787 quibus
2676 2716 2815 2775 dicit
2857 2718 3207 2792 Apostolus:
3251 2748 3268 2771 -
3305 2720 3417 2780 Ubi
3464 2723 3713 2796 sapiens,
3757 2725 3863 2784 ubi

359 2813 670 2883 imitantes,
724 2814 825 2885 qui
868 2813 1039 2885 juxta
1089 2811 1273 2869 David
1318 2811 1685 2868 vaticinantis
1737 2807 2062 2875 oraculum,
2151 2805 2357 2876 scriba,
2409 2805 2513 2864 ubi
2562 2806 2917 2878 conquisitor
2955 2807 3133 2881 hujus
3177 2808 3427 2868 szeculi?
3471 2838 3497 2862 ››
3546 2813 3592 2885 (Ι
3636 2814 3757 2871 Cor.
3805 2814 3864 2884 ι.)

359 2903 635 2961 dixerunt
686 2926 698 2959 :
750 2923 777 2951 ιι
828 2900 1176 2959 Haereditate
1222 2901 1618 2973 possideamus
1671 2897 2067 2957 sanctuariam
2154 2895 2357 2952 Nonne
2389 2895 2622 2952 stultam
2655 2894 2787 2952 fecit
2823 2894 2977 2954 Deus
3014 2897 3355 2970 sapientiam
3394 2900 3572 2975 hujus
3610 2902 3865 2961 saeculi?

361 2991 462 3049 Dei
485 2992 662 3062 (Psal.
689 2998 948 3056 LXXXII).
981 3009 1007 3041 »
1037 2988 1118 3046 De
1144 2988 1361 3062 quibus
1386 2990 1449 3048 in
1474 2988 1673 3047 eodem
1709 2988 1926 3060 psalmo
1952 2985 2070 3043 Deo
2154 2985 2302 3042 Oreb
2336 2986 2744 3055 interpretatur
2774 2986 3026 3052 siccitas;
3057 2993 3112 3044 et
3140 2985 3243 3060 qui
3271 2995 3419 3047 testu
3449 2989 3866 3064 concupiscen-

360 3082 573 3141 dicitur
628 3100 641 3139 :
707 3104 729 3131 ιι
791 3079 1075 3149 Quoniam
1147 3079 1542 3151 cogitaverunt
1596 3092 1945 3137 consensum
2005 3076 2064 3132 in
2093 3078 2253 3165 Gtiae
2283 3073 2529 3135 carnalis
2553 3075 2842 3147 exuritur,
2869 3076 3054 3134 imbre
3079 3076 3262 3135 sancti
3293 3076 3541 3150 Spiritus
3572 3079 3867 3140 madeﬁeri

366 3185 550 3231 unum
575 3214 589 3241 ,
663 3168 973 3227 adversum
1044 3176 1098 3226 te
1179 3172 1585 3225 testamentum
1669 3166 2076 3239 disposuerunt
2106 3163 2123 3165 ⁷
2162 3182 2273 3224 non
2310 3171 2580 3223 meretur.
2615 3163 2731 3223 Zeb
2759 3165 2973 3223 dicitur
3001 3168 3201 3239 lupus;
3251 3166 3433 3226 Zebee
3467 3171 3715 3225 victima.
3753 3167 3867 3226 Re-

366 3260 575 3330 (Ibid.).
611 3279 637 3310 »
672 3257 787 3315 Vos
822 3257 980 3314 enim
1023 3257 1148 3314 haec
1184 3256 1470 3314 sententia
1508 3255 1771 3329 percutit,
1811 3253 1913 3327 qui
1952 3268 2076 3311 con-

368 3361 603 3405 sensum
642 3346 702 3403 in
745 3360 933 3404 unum
968 3343 1247 3419 cogitatis,
1282 3344 1425 3403 dum
1475 3345 1534 3402 in
1581 3360 1648 3403 eo
1690 3342 1844 3419 quod
1883 3351 2078 3400 contra

365 3452 554 3496 sacros
590 3451 837 3495 canones
873 3436 1084 3506 dicitis,
1130 3451 1247 3494 non
1308 3436 1522 3509 dispari
1559 3434 1749 3493 studio
1788 3435 1939 3491 inter
1980 3447 2080 3490 vos

370 3525 724 3584 unanimiter
755 3524 1144 3596 concordatis;
1175 3533 1349 3598 atque
1377 3525 1656 3583 adversus
1695 3524 1877 3581 Deum
1908 3529 2079 3580 testa-

370 3622 632 3672 mentum
666 3613 967 3687 disponitis
995 3614 1135 3671 dum
1164 3628 1373 3671 novam
1402 3612 1608 3686 legem,
1639 3620 1812 3684 atque
1849 3621 2077 3668 contra-

374 3703 517 3761 riam
549 3701 962 3761 Ecclesiasticze
984 3702 1203 3776 regulae
1226 3700 1623 3775 promulgatis.
1657 3700 1769 3770 Qui
1801 3714 1931 3757 vero
1960 3698 2080 3755 sint

372 3791 483 3862 illi,
511 3790 614 3867 qui
648 3791 773 3848 hac
804 3797 1002 3849 contra
1030 3791 1345 3850 Dominum
1373 3791 1604 3861 faciant,
1636 3791 1912 3864 propheta
1941 3788 2082 3847 sub-

373 3885 679 3954 sequenter
727 3895 1095 3949 enumerans,
1149 3878 1481 3938 manifestat
1534 3902 1547 3936 :
1607 3901 1629 3930 «ε
1688 3876 2083 3936 Tabernacula

374 3967 794 4038 Idumzeorum,
830 3974 885 4025 et
913 3966 1240 4038 Ismaelitaa,
1271 3966 1458 4038 Moab,
1489 3971 1544 4024 et
1571 3964 1846 4039 Agareni,
1880 3963 2081 4033 Gebal,

376 4061 431 4114 et
469 4058 743 4127 Ammon,
785 4056 1085 4128 Amalech,
1125 4059 1180 4113 et
1215 4055 1560 4130 alienigente
1594 4070 1727 4112 cum
1766 4052 2083 4112 habitanti-

376 4144 489 4204 bus
544 4144 784 4219 Tyrum.
843 4144 1075 4203 Etenim
1111 4146 1296 4203 Assur
1332 4143 1509 4203 simul
1555 4142 1717 4200 venit
1764 4157 1897 4200 cum
1945 4139 2080 4197 illis.

378 4234 534 4294 Facti
571 4241 707 4294 sunt
743 4234 805 4292 in
846 4231 987 4290 169
1025 4234 1446 4308 susceptionem
1499 4232 1637 4290 ﬁliis
1677 4232 1804 4290 Lot.
1858 4230 1967 4289 Fac
2012 4228 2086 4287 i1-

377 4322 450 4382 lis
494 4324 641 4382 sicut
680 4322 931 4396 Madian,
970 4328 1025 4381 et
1066 4323 1295 4392 Sisarze,
1338 4323 1487 4381 sicut
1526 4320 1699 4381 Jabin
1736 4321 1801 4377 in
1841 4327 2089 4378 torrente

2163 3254 2324 3325 probi
2358 3268 2629 3327 namque,
2677 3253 2779 3326 qui
2825 3260 2961 3311 sunt
2997 3269 3229 3328 rapaces
3262 3255 3325 3313 in
3372 3255 3607 3328 saeculo,
3648 3265 3703 3315 et
3742 3256 3871 3331 lupi

2162 3350 2320 3410 sunt,
2372 3348 2428 3401 et
2474 3343 2583 3416 ipsi
2634 3351 2771 3401 sunt
2822 3342 3093 3413 victima;
3147 3343 3285 3417 quia
3335 3343 3476 3403 dum
3520 3344 3873 3403 inﬁrmiores

2162 3447 2422 3505 quosque
2452 3431 2725 3488 devorare
2754 3430 3131 3503 contendunt,
3159 3440 3215 3489 et
3242 3432 3353 3506 ipsi
3378 3432 3697 3506 spiritualis
3724 3433 3872 3506 lupi,

2165 3524 2271 3580 hoc
2321 3528 2422 3590 est,
2479 3519 2695 3578 diaboli
2744 3520 3012 3579 dentibus
3054 3530 3446 3594 exponuntur.
3503 3521 3612 3582 Sed
3659 3530 3721 3581 ut
3768 3523 3877 3582 hu-

2158 3608 2418 3685 jusmodi
2452 3609 2763 3667 nominum
2802 3608 3084 3683 expositio
3127 3611 3200 3669 ab
3242 3610 3420 3682 hujus
3466 3610 3877 3685 disputationis

2164 3697 2369 3756 ordine
2402 3713 2517 3755 non
2545 3697 2862 3769 dissentiat,
2900 3699 3066 3773 quasi
3096 3698 3219 3772 lupi
3251 3704 3389 3756 sunt
3423 3699 3590 3758 silvae
3618 3699 3877 3773 perversi

2164 3784 2423 3843 doctores
2454 3785 2744 3844 Ecclesiae.
2779 3786 2888 3857 Qui
2932 3788 3213 3845 nimirum
3251 3794 3305 3845 et
3343 3787 3466 3861 lupi
3506 3795 3666 3858 sunt,
3698 3788 3878 3848 simul

2164 3880 2221 3933 et
2244 3875 2498 3933 victimae
2524 3895 2536 3932 :
2571 3878 2712 3951 quia
2737 3876 2881 3935 dum
2909 3880 3244 3936 innocentes
3272 3893 3538 3952 quosque
3563 3878 3723 3938 velut
3739 3894 3878 3939 oves

2166 3964 2418 4022 cruentis
2454 3980 2647 4037 pravae
2692 3965 3116 4038 prtedicationis
3153 3967 3423 4025 dentibus
3465 3974 3735 4040 mactant,
3763 3968 3891 4047 ipsi,

2166 4069 2400 4127 quoque
2427 4054 2627 4127 rapina
2656 4055 2808 4127 facti,
2835 4064 2891 4115 et
2914 4056 2975 4114 in
3009 4056 3223 4116 diaboli
3252 4057 3582 4117 devorantis
3608 4058 3881 4119 intestina

2169 4143 2406 4216 trajecti,
2454 4143 2846 4203 insatiabilem
2898 4145 3024 4220 ejus
3079 4147 3401 4221 ingluviem
3460 4156 3738 4209 recreant.
3798 4150 3882 4208 De

2168 4231 2385 4305 quibus
2432 4240 2487 4289 et
2535 4249 2633 4306 per
2683 4232 3048 4294 Psalmistam
3088 4235 3299 4294 dicitur
3331 4254 3343 4293 :
3383 4256 3412 4289 ι(
3446 4233 3607 4296 Sicut
3645 4253 3782 4297 oves
3817 4237 3879 4297 in

2171 4322 2399 4388 inferno
2452 4322 2623 4396 positi
2674 4330 2850 4393 sunt,
2916 4333 2973 4382 et
3029 4340 3182 4383 mors
3240 4323 3505 4399 depascet
3560 4341 3659 4385 eos
3711 4328 3878 4397 (Psal.

380 4413 600 4473 Cisson.
632 4413 1033 4489 Disperierunt
1055 4415 1118 4472 in
1141 4414 1337 4473 Eudor
1367 4416 1539 4483 (Psal.
1573 4416 1830 4481 LXXXII),
1864 4434 1882 4461 ι
1909 4418 1965 4468 et
1996 4418 2401 4489 Pe-nXLVlIl).
2447 4435 2467 4463 ι
2520 4412 2800 4471 Diabolus
2852 4412 2991 4469 170
3041 4415 3196 4472 enim
3246 4432 3390 4471 mors
3436 4414 3684 4487 dicitur;
3735 4416 3884 4476 sicut

2108 4465 2157 4521 D

382 4503 559 4578 liqua.
591 4502 846 4574 Quorum
888 4502 1105 4560 scilicet
1143 4502 1452 4560 nominum
1495 4500 1542 4558 Si
1593 4498 2156 4572 interpretationes“
2178 4501 2241 4559 in
2266 4500 2610 4575 Apocalypsi
2636 4501 2912 4574 scriptum
2942 4511 3028 4560 est
3058 4527 3071 4560 ε
3109 4524 3136 4556 ς(
3168 4502 3316 4573 Quia
3349 4510 3468 4561 erat
3497 4518 3688 4578 equus
3714 4504 3885 4578 palli-

383 4592 751 4668 exponimus,
790 4592 996 4651 vestris
1039 4593 1165 4651 haec
1201 4591 1546 4651 concordare
1596 4588 1855 4647 moribus
1892 4583 2086 4660 procul

384 4679 562 4739 dubio
583 4679 917 4752 reperimus.
944 4679 1470 4753 Idumaei-namque
1489 4676 1763 4734 dicuntur
1783 4675 2091 4744 sanguinei,

387 4768 479 4826 vel
512 4771 730 4826 terreni.
766 4766 929 4837 Quod
959 4769 1124 4827 vobis
1150 4768 1351 4842 utique
1380 4764 1665 4840 congruit,
1693 4763 1797 4837 qui
1823 4761 1961 4820 dum
1990 4761 2098 4818 ista

385 4856 747 4927 contenditis,
777 4872 1007 4916 carnem
1048 4866 1103 4915 et
1146 4857 1488 4931 sanguinem
1538 4869 1636 4912 vos
1684 4868 1827 4920 esse,
1869 4858 1924 4909 et
1970 4864 2098 4907 om-

388 4946 525 5005 nino
572 4953 828 5004 terrenos
865 4945 1225 5020 apertissime
1272 4944 1698 5005 demonstratis.
1734 4941 1884 4999 Estis
1924 4939 2099 4996 etiam

386 5032 716 5105 Ismaelitze,
756 5033 812 5091 id
860 5040 963 5103 est,
1009 5034 1330 5099 obedientes,
1374 5048 1488 5090 non
1532 5031 1669 5102 Deo,
1711 5031 1807 5089 sed
1842 5028 2096 5099 mundo;

393 5137 507 5179 non
552 5121 771 5180 divinae
815 5121 947 5195 legi,
1002 5123 1099 5179 sed
1151 5124 1329 5181 carni.
1384 5122 1548 5180 Moab
1598 5136 1732 5179 vero
1777 5118 1989 5178 dicitur
2034 5135 2101 5173 ea:

387 5218 565 5285 patre,
599 5227 701 5287 per
730 5212 904 5286 quod,
933 5210 1215 5286 quoniam
1261 5217 1536 5285 paternus
1580 5210 1836 5268 incestus
1880 5205 2103 5265 intelli-

391 5301 567 5375 gitur,
599 5305 788 5361 vestra
817 5316 1049 5377 quoque
1079 5299 1318 5358 luxuria
1353 5299 1794 5358 condemnatur.
1826 5294 2101 5370 Agareni,

396 5388 454 5446 id
502 5394 608 5461 est,
655 5392 942 5461 proselyti,
991 5387 1081 5447 vel
1131 5389 1370 5453 advenae,
1416 5404 1533 5461 quo
1579 5386 1954 5461 designantur
1997 5399 2106 5443 no—

402 5479 577 5551 mine,
623 5479 725 5553 qui
766 5494 866 5552 per
904 5478 1250 5538 exteriorem
1299 5476 1534 5551 quidem
1579 5477 1903 5535 societatem
1949 5470 2111 5531 Chri-

2179 4588 2309 4659 dus,
2363 4596 2418 4646 et
2465 4587 2568 4661 qui
2617 4589 2847 4646 sedebat
2893 4606 3066 4663 super
3111 4606 3268 4659 eum,
3328 4604 3541 4647 nomen
3589 4590 3677 4649 illi
3730 4608 3887 4650 mors

2181 4678 2367 4749 (Apoc.
2397 4680 2496 4746 VI).
2530 4695 2557 4727 »
2586 4674 2923 4733 Cavendum
2951 4693 3084 4749 ergo
3116 4677 3299 4747 vobis,
3331 4693 3400 4735 ue
3429 4675 3570 4735 dum
3603 4678 3888 4737 mortibus

2184 4764 2562 4850 parvulorum
2592 4771 2839 4823 vestram
2864 4764 3082 4823 satiatis
3111 4765 3385 4834 esuriem,
3434 4775 3490 4823 et
3530 4765 3640 4839 ipsi
3677 4766 3889 4826 occulti

2183 4854 2425 4928 raptoris
2450 4852 2781 4911 eﬂlciamini
2818 4854 3086 4924 victimae,
3119 4868 3263 4924 quos
3296 4851 3394 4911 ille
3425 4869 3607 4913 vorax
3639 4863 3693 4913 et
3730 4854 3887 4913 insa-

2186 4942 2399 5001 tiabilis
2426 4941 2717 4999 homicida
2743 4942 2804 4999 in
2827 4957 2930 4999 sua
2962 4940 3261 4997 transferat
3286 4939 3579 5000 alimenta.
3615 4940 3889 5001 Salmana

2185 5031 2395 5089 dicitur
2424 5033 2617 5088 umbra
2656 5032 3056 5097 commotionis;
3088 5036 3143 5086 et
3167 5030 3413 5089 carnalis
3443 5031 3710 5106 quisquis
3743 5030 3888 5089 dum

2186 5120 2567 5180 umbraticam
2600 5120 2927 5176 felicitatem
2963 5118 3242 5192 sequitur,
3274 5120 3508 5179 veritate
3543 5128 3887 5195 contempta,

2189 5229 2287 5287 per
2306 5214 2494 5270 varias
2514 5210 2722 5269 mundi
2743 5209 3231 5283 concupiscentias
3252 5218 3667 5271 commovetur.
3691 5210 3892 5270 Cisson

2187 5308 2401 5371 autem,
2458 5302 2521 5358 iu
2570 5316 2686 5376 quo
2742 5298 2961 5358 scilicet
3003 5307 3248 5359 torrente
3295 5317 3496 5360 omnes
3542 5298 3633 5360 illi
3683 5301 3895 5361 devicti

2190 5396 2348 5463 sunt,
2379 5391 2592 5446 duritia
2632 5405 2814 5445 eorum
2843 5389 3273 5463 interpretatur.
3315 5388 3385 5448 In
3429 5388 3643 5448 duritia
3682 5390 3896 5465 quippe

2191 5497 2296 5540 sua
2327 5480 2666 5555 depereunt,
2709 5478 2814 5557 qui
2859 5497 3032 5553 prava
3070 5479 3355 5551 docentes,
3390 5478 3614 5539 veritati
3648 5481 3901 5554 pertina-

402 5567 590 5627 stiano
626 5567 840 5641 populo
876 5583 937 5625 se
971 5567 1237 5627 concives
1281 5565 1577 5638 simulant,
1607 5565 1704 5625 sed
1747 5565 1858 5640 legi
1897 5562 2110 5625 Christi
2192 5568 2334 5629 citer
2367 5576 2423 5627 et
2456 5568 2740 5629 obstinate
2776 5568 3069 5627 resistunt.
3114 5567 3307 5629 Eudor
3344 5568 3537 5641 etiam,
3580 5569 3681 5629 ubi
3718 5570 3905 5645 perie-
