4170 6484
359 350 461 410 367
883 344 942 402 S.
985 340 1209 400 PETRI
1249 337 1571 397 DAMIANI
1610 336 1765 398 OPP.
1810 336 2003 398 PARS
2043 335 2184 397 SEU
2226 337 2478 399 TOMUS
2516 341 2562 398 Ι.
2604 371 2671 382 --
2714 340 2947 400 EPIST.
2995 341 3133 400 LIB.
3179 341 3335 401 VIII.
3754 347 3863 402 358

361 479 519 544 runt,
548 471 956 544 interpretatur
994 469 1135 536 fons
1165 469 1551 535 generationis,
1583 464 1681 523 sed
1711 465 1912 539 utique
1946 462 2254 523 car-Ania
2290 466 2465 539 possit
2501 468 2696 539 procul
2728 467 2904 526 dubio
2944 468 3116 533 Deus,
3160 476 3343 540 posset
3385 469 3583 543 utique
3617 470 3689 527 ab
3726 487 3866 541 agro

358 565 547 635 nalis,
622 562 719 621 cui
772 559 1051 618 nimirum
1105 556 1517 617 delectabiliter
1560 556 1777 629 dediti,
1844 558 2071 616 funesta
2151 551 2598 611 Mediolanensis
2650 554 2921 635 Ecclesia
2991 555 3256 613 omnium
3327 557 3616 615 liareseon
3682 568 3866 631 pestes

357 631 881 713 merueruntcade
902 645 1183 722 prosterni
1213 670 1223 701 :
1254 660 1372 703 non
1417 652 1745 719 quaerentes
1789 645 1910 704 illic
1938 661 2069 719 ger-
2150 640 2350 714 procul
2388 641 2652 715 abjicere,
2694 650 2749 699 et
2799 631 2982 701 illaesa
3040 645 3334 702 vernantis
3388 645 3520 702 ﬁdei
3569 646 3864 706 frumenta

357 743 600 812 minare,
628 738 730 798 ubi
756 752 947 812 neque
971 736 1214 806 nubent,
1243 748 1433 809 neque
1459 749 1673 793 uxores
1698 735 1930 805 ducent,
1964 749 2070 792 nec

352 830 634 903 incipient
663 828 810 885 mori
838 844 852 882 :
885 824 986 883 sed
1025 823 1148 882 illic
1183 823 1391 896 potius,
1427 823 1530 883 ubi
1559 824 1847 899 quidquid
1874 824 2065 898 gigni-

355 928 467 989 tur,
503 918 564 976 in
605 922 848 975 mortem
890 928 1120 973 necesse
1160 918 1245 971 est
1280 911 1615 970 resolvatur.
1647 911 1763 971 Vos
1790 912 1972 987 igitur
2003 914 2066 971 in

351 1004 546 1065 Endor
586 1001 793 1062 intima
832 999 1020 1059 divini
1057 998 1234 1072 gladii
1270 997 1425 1057 cade
1466 998 1751 1070 corruitis,
1788 999 1889 1074 qui
1918 1001 2065 1058 sacri

348 1093 648 1154 ministros
678 1090 874 1148 altaris
901 1089 1106 1147 incesti
1138 1087 1398 1160 conjugii
1425 1087 1777 1147 consciscere
1805 1089 2060 1162 copulas,

347 1190 404 1242 et
436 1181 664 1257 spurios
695 1179 937 1254 gignere
966 1177 1115 1236 ﬁlios
1152 1176 1417 1236 edocetis.
1456 1176 1748 1236 Postremo
1784 1179 1889 1251 qui
1929 1193 2061 1236 san-

347 1271 636 1332 ctuarium
680 1269 783 1328 Dei
825 1284 943 1327 non
984 1268 1270 1339 spirituali
1306 1268 1716 1337 moderamine,
1763 1276 1819 1326 et
1866 1268 2058 1341 provi-

345 1361 509 1420 sione
545 1357 887 1433 gerendum,
928 1357 1027 1415 sed
1069 1356 1231 1415 velut
1266 1356 1635 1415 hareditario
1685 1357 1817 1430 jure
1873 1357 2057 1430 possi-

344 1450 604 1509 dendum
652 1446 935 1516 asseritis,
988 1445 1265 1504 omnibus
1328 1445 1421 1505 his
1488 1446 2059 1520 interpretationibus

344 1538 675 1610 nominum,
700 1551 834 1613 qua
855 1536 1143 1594 succincte
1168 1536 1438 1610 superius
1457 1543 1597 1595 sunt
1614 1537 1911 1611 exposita,
1935 1552 2059 1611 per-

343 1628 543 1702 Spicue
594 1624 920 1699 subjacetis.
968 1623 1080 1683 Sed
1126 1638 1265 1683 cum
1298 1624 1664 1683 revincendis
1703 1626 2056 1686 thematibus

344 1717 482 1788 illis,
538 1716 753 1789 quibus
791 1713 1043 1772 breviter
1078 1712 1456 1787 celeriterque
1492 1714 1912 1787 respondimus,
1949 1715 2052 1773 ad-

2148 745 2378 789 servare
2409 754 2422 789 :
2461 731 2558 788 sed
2599 731 2723 790 vult
2750 731 3012 789 ﬁdelium
3046 747 3289 790 suorum
3322 733 3563 805 probare
3589 742 3861 794 constan-

2149 820 2309 890 tiam,
2337 834 2513 892 quam
2538 820 2823 879 violenter
2847 820 3113 880 videlicet
3135 837 3297 881 arma
3321 822 3655 897 corripiant,
3682 840 3860 897 quam

2146 908 2382 966 robusta
2412 923 2619 967 manus
2649 910 2920 968 manibus
2939 917 3264 982 conserant,
3293 926 3469 985 quam
3493 910 3747 986 denique
3774 912 3860 971 in-

2146 995 2427 1070 fatigabili
2464 1002 2660 1055 contra
2699 996 3017 1067 diabolum,
3051 999 3293 1072 ejusque
3322 999 3594 1059 satellites
3625 1002 3854 1060 animo-

2144 1084 2311 1143 sitate
2331 1086 2658 1160 confligant.
2686 1087 2952 1146 Poterant
2971 1087 3127 1145 enim
3150 1093 3205 1145 et
3226 1088 3469 1147 istorum
3493 1090 3852 1163 magistrum,

2143 1174 2409 1233 videlicet
2448 1175 2744 1234 Simonem
2782 1176 2919 1234 olim
2963 1176 3087 1235 suis
3125 1176 3395 1250 apostolis
3430 1177 3849 1250 adversantem,

2142 1280 2216 1323 ne
2255 1263 2315 1320 in
2357 1280 2489 1323 aera
2524 1264 2809 1324 levaretur
2842 1264 3116 1323 obsistere
3152 1286 3166 1322 :
3207 1267 3306 1324 sed
3338 1265 3409 1323 ad
3449 1267 3556 1325 hoc
3595 1268 3854 1340 permisit

2140 1354 2362 1424 extolli,
2394 1360 2459 1412 ut
2483 1354 2556 1413 ad
2587 1355 2680 1413 sui
2712 1357 2984 1430 majorem
3025 1356 3268 1430 gloriam
3307 1363 3362 1415 et
3399 1356 3559 1415 illius
3596 1356 3849 1430 ignomi-

2139 1446 2296 1505 niam
2338 1446 2703 1520 compelleret
2740 1447 2803 1505 in
2841 1446 2959 1506 ima
2997 1448 3251 1521 demergi
3283 1452 3363 1517 (In
3390 1451 3528 1505 actis
3557 1452 3622 1505 B.
3658 1448 3847 1520 Petri).

2139 1534 2545 1606 Quamobrem,
2607 1535 2988 1604 dilectissimi,
3037 1534 3376 1594 dimicantes
3422 1536 3700 1593 adversus
3752 1551 3848 1607 ge-

2137 1624 2359 1681 minam
2397 1622 2698 1682 diabolica
2734 1623 2983 1698 legionis
3026 1624 3230 1693 aciem,
3265 1623 3442 1682 nolite
3467 1639 3708 1695 cessare,
3742 1639 3848 1682 not-

2135 1712 2237 1772 lite
2271 1713 2539 1786 degeneri
2588 1712 3059 1787 pusillanimitate
3103 1712 3348 1771 deﬁcere
3380 1714 3531 1772 :lsed
3573 1719 3845 1786 tanquam

342 1808 459 1866 huc
483 1810 825 1878 argumenta
854 1801 1209 1875 perplurima
1233 1809 1572 1875 suppetant;
1597 1818 1837 1861 manum
1863 1810 2049 1861 tamen
2074 1818 2274 1885 Bvere
2301 1801 2407 1860 ﬁlii
2438 1802 2764 1877 Benjamin,
2804 1800 2907 1875 qui
2941 1801 3195 1860 dextera
3232 1801 3390 1860 ﬁlius
3426 1799 3656 1871 dicitur,
3690 1805 3846 1859 utra-

332 1895 454 1969 jam
491 1910 526 1952 a
563 1891 851 1951 scribendi
895 1890 1155 1949 libertate
1200 1890 1640 1961 compescimus,
1700 1897 1765 1949 ut
1810 1892 2051 1951 uberius

339 1982 593 2042 dictandi
633 1982 804 2051 vires,
854 1979 904 2037 si
951 1985 1145 2038 tamen
1191 1979 1383 2038 adhuc
1425 1994 1657 2038 necesse
1705 1979 1901 2053 fuerit,
1950 1996 2052 2054 per

336 2071 675 2146 respirantis
704 2069 944 2144 spiritus
971 2068 1156 2127 otium
1196 2083 1549 2144 reparemus.
1592 2069 1812 2129 Parcite
1849 2086 2050 2145 proca-

338 2161 507 2220 cibus
552 2159 740 2229 labiis,
784 2156 1166 2229 dilectissimi,
1212 2163 1268 2214 et
1313 2157 1363 2215 si
1410 2173 1589 2232 quam
1635 2158 1939 2233 asperioris
1987 2160 2050 2219 in

338 2265 441 2310 vos
477 2248 643 2308 verbi
682 2247 1040 2319 salsuginem
1077 2248 1358 2307 scaturire
1395 2248 1745 2322 conspicitis,
1778 2264 1894 2307 non
1933 2264 2046 2325 me,

337 2340 438 2400 sed
495 2353 598 2397 vos
657 2337 850 2411 potius
905 2336 1245 2410 redarguite,
1300 2336 1401 2409 qui
1458 2338 1708 2397 scribere
1764 2340 2049 2415 compuli-

338 2429 459 2488 stis.

338 2534 343 2537 ν
922 2503 1289 2565 EPISTOLA
1315 2505 1470 2565 XIV.

338 2617 415 2664 AD
464 2613 844 2672 RODULPHUM,
886 2612 1167 2672 VITALEM,
1211 2612 1540 2673 ARIALDUM,
1585 2614 2045 2676 ERLEMBALDUM,

1043 2700 1348 2756 ALIOSQUE.

337 2792 778 2865 ARGUMENTUM.
817 2831 873 2871 -ί
902 2797 1240 2871 Gratulatur
1287 2799 1544 2871 primum
1594 2801 1665 2859 de
1715 2815 1935 2863 eorum.
1975 2803 2047 2861 ad

406 2887 553 2947 quos
586 2872 824 2947 scribit,_
843 2870 957 2947 ﬁde
999 2879 1062 2947 et.
1091 2869 1447 2947 fortitudine.
1488 2871 1701 2947 Deinde
1727 2872 1797 2929 de
1825 2872 2045 2947 Medio-

406 2939 660 3017 lanensis
697 2939 968 2999 Eculesia
1008 2940 1308 3017 discordiis
1337 2947 1399 3017 et
1427 2943 1710 3017 scandalis
1737 2944 2044 3017 conqueri-

409 3023 520 3074 tur.
565 3012 859 3071 Postremo
904 3010 1287 3070 constantiam
1332 3011 1396 3068 in
1446 3014 1658 3071 tuenda
1696 3010 1949 3081 veritate,
1991 3021 2046 3073 et

404 3082 720 3159 caelestem
745 3081 1076 3159 felicitatem
1113 3081 1445 3159 non_mo_do_
1477 3085 1713 3159 precari,
1756 3085 1854 3143 sed
1894 3101 2044 3159 pra-

402 3152 1618 3244 dicasrideteﬂaeurraParisiis?
1634 3152 1767 3244 911m
1794 3152 2042 3244 minae
2064 3182 2109 3244 ο

404 3226 692 3306 plerique“
715 3240 917 3306 eorum
972 3226 1358 3306 pugnassent,
1417 3227 1693 3301 martyrio
1750 3230 2037 3301 coronati,

402 3296 619 3358 aterna
650 3296 754 3356 Dei
781 3296 1004 3356 visione
1035 3297 1332 3356 fruuntur.

400 3413 624 3474 Sanctis
671 3411 946 3472 fratribus
989 3412 1332 3485 RODULPHO,
1373 3413 1606 3486 VITALI,
1652 3422 1705 3474 et
1751 3417 2037 3489 ARIALDO,

322 3509 496 3578 atque
524 3500 940 3571 ERLEMBALDO,
968 3508 1024 3559 et
1059 3501 1281 3560 cateris
1321 3517 1424 3575 pro
1460 3504 1658 3562 castris
1696 3503 1904 3563 Christi
1936 3506 2037 3564 'in-

324 3594 473 3655 victa
525 3591 635 3651 ﬁde
687 3590 1058 3661 certantibus,
1117 3591 1349 3673 Peritos
1403 3598 1663 3666 peccator
1718 3595 2039 3655 monachus

322 3683 571 3744 salutem
596 3684 655 3741 in
684 3679 929 3741 Christo.
966 3680 983 3689 ‘

392 3772 784 3848 Omnipotenti
813 3771 930 3831 Deo
960 3772 1172 3847 gratias
1199 3773 1448 3847 agimus,
1479 3772 1857 3844 dilectissimi,
1895 3774 2036 3850 quia

318 3878 440 3934 vos,
494 3862 647 3921 fama
695 3861 1076 3934 discurrente,
1124 3860 1457 3935 frequenter
1506 3862 1781 3922 audimus
1832 3864 1893 3921 in
1943 3879 2031 3936 eo,

316 3969 492 4027 quem
529 3953 599 4010 de
638 3952 891 4025 Spiritus
928 3951 1111 4011 sancti
1154 3949 1288 4007 171
1331 3950 1513 4026 gratia
1549 3951 1907 4026 concepistis,
1939 3953 2034 4028 pio

318 4043 543 4099 fervore
582 4040 904 4113 persistere,
949 4047 1003 4098 et
1058 4040 1334 4099 adversus
1390 4041 1582 4100 hostes
1635 4041 2032 4102 ecclesiastica

315 4130 641 4203 disciplina
676 4129 1059 4189 indeﬁcientis
1096 4130 1279 4188 animi
1318 4131 1538 4190 viribus
1572 4130 1865 4191 dimicare.
1901 4133 2030 4192 Non

313 4220 471 4278 enim
498 4222 680 4276 cessat
708 4218 976 4291 trapezita
1002 4218 1401 4292 nequissimus
1430 4218 1723 4278 ofﬁcinam
1749 4235 1871 4279 sua
1897 4236 2028 4293 per-

313 4306 603 4367 versitatis
639 4306 789 4365 intra
815 4306 1089 4365 Ecclesia
1114 4317 1271 4381 septa
1290 4314 1642 4377 construere,
1677 4325 1793 4368 non
1816 4310 2028 4369 desinit

314 4404 574 4457 tartarea
624 4403 868 4454 moneta
921 4411 1195 4456 nummos
1255 4397 1480 4456 malleis
1531 4399 1881 4458 cudentibus
1942 4403 2024 4458 fa-

309 4488 549 4546 bricare.
584 4486 997 4546 Nicolaitarum
1030 4503 1259 4563 quoque
1296 4489 1531 4548 haresis
1559 4505 1691 4565 qua
1719 4489 1886 4548 nobis
1920 4506 2023 4549 vo-

2042 4542 2094 4602 D

2137 1907 2252 1965 que
2289 1907 2467 1949 manu
2510 1890 2677 1948 solito
2720 1891 2940 1948 fervore
2969 1888 3278 1961 conﬂigite,
3309 1895 3366 1947 et
3394 1888 3645 1962 bicipitis
3678 1903 3845 1947 mon-

2137 1980 2241 2039 stri
2307 1987 2478 2055 caput
2548 1979 2734 2038 divini
2808 1978 2966 2037 verbi
3028 1978 3239 2053 gladiis
3293 1979 3646 2037 obtruncate.
3703 1978 3846 2037 Ecce

2138 2068 2418 2128 nimirum
2444 2069 2476 2128 J
2480 2084 2634 2141 esus,
2659 2084 2733 2127 ex
2758 2068 2925 2141 cujus
2947 2083 3044 2126 ore
3064 2067 3293 2141 gladius
3316 2083 3389 2125 ex
3417 2075 3656 2142 utraque
3684 2067 3846 2126 lima-

2135 2165 2251 2231 tus,
2283 2163 2339 2217 et
2375 2167 2578 2218 acutus
2610 2167 2769 2232 parte
2806 2158 3060 2232 procedit
3091 2183 3103 2218 :
3136 2165 3192 2218 et
3228 2158 3398 2217 obvia
3436 2174 3687 2234 quaque
3724 2175 3842 2219 me-

2137 2253 2281 2318 tens,
2309 2253 2606 2306 cruentam
2638 2247 2894 2306 hostium
2919 2247 3243 2307 barbariem
3274 2250 3477 2308 sternit
3500 2250 3700 2319 (ludio.
3735 2254 3842 2320 III).

2135 2336 2299 2406 Quod
2333 2337 2381 2395 si
2416 2337 2671 2395 fortassis
2707 2353 2781 2395 ex
2816 2338 3057 2397 adverso
3094 2337 3476 2412 multiplicata
3513 2339 3844 2412 malignano

2134 2426 2280 2486 tium
2308 2426 2483 2485 verba
2513 2426 2785 2485 videntur
2813 2427 3104 2502 ingruere,
3136 2426 3284 2487 illud
3310 2427 3486 2486 Elisei
3514 2428 3757 2487 verbum
3779 2428 3842 2486 ﬁ-

2132 2516 2434 2575 ducialiter
2468 2515 2774 2575 inclamate
2802 2540 2814 2573 :
2849 2536 2877 2571 α
2910 2516 3112 2577 Plures
3149 2516 3451 2577 nobiscum
3489 2525 3627 2577 sunt
3662 2533 3843 2593 quam

2131 2621 2265 2666 cum
2307 2605 2427 2664 illis
2470 2607 2571 2678 (IV
2611 2609 2742 2675 Reg.
2783 2607 2882 2678 v1).
2928 2626 2955 2660 ››
2996 2604 3147 2675 Quid
3190 2606 3358 2680 plura
3400 2606 3640 2667 dicam?
3689 2607 3841 2669 Illud

2130 2697 2507 2773 apostolicum
2550 2696 2784 2756 insero:
2823 2718 2850 2751 α
2883 2696 3041 2756 Licet
3082 2698 3326 2772 angelus
3366 2699 3436 2757 de
3478 2699 3627 2757 calo
3662 2714 3840 2758 evan-

2130 2790 2333 2864 gelizet
2380 2789 2547 2849 vobis
2585 2795 2794 2862 prater
2828 2804 3006 2863 quam
3049 2788 3207 2862 quod
3250 2788 3662 2862 evangelizavi,
3699 2805 3843 2848 ana-

2132 2881 2322 2937 thema
2372 2879 2448 2937 sit
2498 2880 2701 2948 (Galat.
2762 2886 2823 2944 Il.
2882 2900 2908 2932 »
2964 2877 3111 2936 Nam
3163 2893 3313 2949 ecce,
3361 2879 3462 2953 qui
3505 2879 3844 2952 jamprius

2134 2970 2541 3028 Nicolaitarum
2570 2976 2627 3028 et
2653 2969 2999 3029 Simoniaca
3024 2968 3308 3027 bareseos
3328 2967 3844 3042 laqueisteneban-

2132 3069 2225 3116 tur
2253 3058 2489 3127 astricti,
2518 3073 2679 3116 nunc
2712 3058 2783 3116 ad
2816 3057 3152 3130 perditionis
3183 3073 3306 3116 sua
3333 3056 3639 3117 cumulum
3667 3058 3840 3117 etiam

2124 3156 2252 3220 post
2304 3147 2509 3205 violata
2557 3146 2943 3221 jurisjurandi
3003 3155 3138 3206 sunt
3183 3154 3541 3207 sacramenta
3583 3148 3837 3222 perjuri;

2127 3243 2193 3296 ut
2227 3237 2285 3295 in
2328 3238 2412 3296 eis
2456 3238 2584 3295 luce
2622 3236 2834 3296 clarius
2873 3235 3181 3310 impleatur
3209 3237 3365 3308 quod
3397 3236 3457 3295 in
3493 3238 3841 3312 Apocalypsi

2122 3342 2223 3401 per
2258 3326 2542 3386 Joannem
2586 3326 2798 3385 dicitur
2830 3349 2843 3384 :
2889 3351 2913 3375 σι
2947 3325 3056 3395 Qui
3095 3332 3277 3395 nocet,
3310 3330 3509 3384 noceat
3540 3326 3750 3395 adhuc,
3781 3333 3837 3385 et

2120 3415 2225 3490 qui
2266 3414 2330 3474 in
2374 3414 2640 3473 sordibus
2676 3420 2781 3484 est,
2821 3414 3109 3473 sordescat
3143 3414 3334 3473 adhuc
3364 3416 3557 3488 (Apoc.
3594 3420 3766 3485 XXII).
3802 3435 3831 3468 »

2118 3503 2189 3562 In
2219 3502 2384 3562 vobis
2408 3513 2601 3563 autem
2624 3520 2656 3563 e
2675 3503 2924 3575 diverso,
2953 3504 3107 3580 quod
3133 3503 3393 3578 sequitur
3417 3522 3429 3562 :
3454 3523 3482 3557 ‹‹
3504 3501 3615 3573 Qui
3634 3502 3832 3576 justus

2118 3600 2220 3663 est,
2252 3582 2600 3667 justiﬁcetur
2629 3593 2838 3663 adhuc,
2879 3598 2933 3651 et
2977 3594 3081 3668 qui
3119 3600 3350 3652 sanctus
3379 3597 3481 3665 est,
3514 3589 3833 3650 sanctiﬁca-

2118 3690 2212 3743 tur
2252 3683 2442 3742 adhuc
2484 3683 2687 3756 (Ibid).
2728 3709 2755 3733 »ι
2797 3683 3104 3743 Familiare
3146 3684 3365 3744 scilicet
3401 3690 3458 3743 et
3507 3683 3834 3759 genuinum

2117 3772 2534 3831 Mediolanensi
2575 3773 2688 3831 fuit
2731 3788 2959 3848 semper
2998 3771 3289 3843 Ecclesia,
3321 3781 3386 3832 ut
3421 3774 3484 3833 in
3520 3789 3585 3832 ea
3615 3771 3835 3832 diversi

2115 3861 2399 3937 dogmatis
2447 3861 2714 3921 homines
2758 3869 2814 3921 et
2862 3863 3216 3934 Auxentius,
3259 3862 3439 3922 simul
3480 3869 3536 3921 et
3583 3860 3833 3921 Ambro-

2115 3952 2236 4013 sius
2295 3968 2412 4011 non
2468 3953 2732 4011 deessent
2788 3972 2801 4011 :
2860 3952 2960 4011 ille
3021 3953 3237 4011 scilicet
3298 3958 3567 4026 tanquam
3635 3950 3834 4010 rabida

2113 4043 2377 4102 canicula
2431 4040 2702 4101 ﬁdelibus
2750 4040 3092 4111 oblatraret;
3146 4041 3252 4100 iste
3307 4040 3530 4100 Veteris
3576 4046 3630 4098 et
3682 4039 3834 4098 Novi

2113 4131 2467 4191 Testamenti
2522 4130 2867 4189 testimoniis
2922 4146 3055 4189 eum
3087 4132 3345 4189 "cornuta
3402 4129 3832 4204 quodammodo

2111 4223 2274 4280 furca
2353 4220 2652 4294 repelleret
2723 4244 2735 4278 :
2819 4218 2919 4278 ille
2993 4219 3245 4295 viperini
3325 4218 3476 4278 fellis
3557 4220 3829 4294 propina-

2111 4318 2196 4371 ret
2278 4327 2569 4383 errorem;
2647 4311 2754 4369 iste
2812 4311 3049 4386 superni
3128 4311 3305 4370 fontis
3374 4310 3658 4384 irriguam
3732 4309 3831 4369 in-

2112 4403 2313 4461 ﬂueret
2369 4398 2511 4456 172
2562 4400 2876 4474 puritatem
2931 4425 2943 4458 :
3005 4400 3107 4459 ille
3157 4416 3431 4475 sequaces
3478 4416 3614 4460 suos
3663 4398 3829 4460 viru-

2110 4490 2265 4548 lento
2309 4489 2447 4547 lacte
2491 4489 2758 4560 nutritos,
2799 4497 2854 4547 et
2896 4505 2996 4563 per
3033 4489 3307 4548 astutiam
3342 4489 3563 4549 fraudis
3605 4490 3833 4550 illectos

310 4576 535 4636 hiscum
565 4576 742 4636 simul
773 4576 1261 4637 collaborantibus
1289 4578 1588 4639 videbatur
1614 4581 1833 4650 evulsa,
1867 4581 2022 4640 redi-
2043 4576 2168 4639 “in
2210 4587 2485 4640 tartarum
2530 4586 2848 4653 mergeret;
2890 4580 2997 4640 iste
3038 4597 3139 4656 per
3174 4580 3502 4654 apostolica
3547 4579 3829 4639 doctrina

306 4665 461 4726 vivis
492 4667 682 4726 adhuc
720 4667 1083 4740 germinibus
1120 4667 1389 4741 pullulat,
1430 4677 1485 4726 et
1516 4675 1769 4739 segetem
1809 4668 2021 4727 Christi

308 4762 538 4815 maturo
580 4758 700 4832 jam
747 4758 947 4816 decore
1004 4758 1310 4817 ﬂaventem
1357 4759 1710 4818 zizaniorum
1769 4759 2023 4818 feraliter

304 4846 728 4919 emergentium
772 4847 1212 4907 adumbratione
1260 4849 1520 4907 suﬁ'ocat.
1577 4848 1739 4907 Unde
1780 4849 2024 4923 procidi-

306 4952 438 4997 mus
475 4936 724 4995 Domino
770 4936 1015 5011 querula
1063 4936 1473 4997 lamentatione
1515 4937 1769 4996 dicentes
1800 4961 1813 4996 :
1846 4958 1874 4992 «
1905 4938 2021 4996 Do-

304 5027 484 5099 mine,
528 5041 722 5085 nonne
759 5025 981 5084 bonum
1021 5043 1218 5086 semen
1257 5026 1555 5086 seminasti
1594 5027 1655 5085 in
1697 5043 1835 5101 agro
1876 5027 2022 5086 tuo?

302 5118 460 5177 unde
488 5132 623 5191 ergo
658 5116 829 5175 habet
860 5116 1076 5176 zizania
1100 5116 1129 5176 ?
1164 5140 1190 5170 η
1228 5118 1553 5191 Adjicimus
1581 5116 1754 5175 etiam
1783 5141 1795 5175 :
1833 5138 1861 5171 κ
1895 5116 2017 5189 Vis,

303 5212 476 5281 imus,
512 5216 567 5268 et
604 5209 933 5284 colligimus
970 5226 1037 5269 ea
1062 5211 1089 5267 ἵν
1127 5232 1154 5265 ››
1190 5210 1301 5268 Sed
1341 5209 1718 5270 consolatoria
1757 5208 2020 5282 protinus

305 5299 471 5357 nobis
521 5314 659 5358 voce
716 5299 1020 5372 respondet
1080 5318 1093 5358 :
1147 5319 1174 5352 «
1228 5298 1412 5357 Sinite
1466 5305 1711 5372 utraque
1765 5312 2018 5356 crescere

304 5402 487 5460 usque
513 5390 583 5446 ad
617 5404 881 5459 messem,
914 5394 968 5446 ct
1002 5388 1062 5445 in
1106 5393 1360 5460 tempore
1399 5387 1602 5444 messis
1641 5386 1828 5444 dicam
1865 5402 2017 5444 mes-

268 5466 530 5534 ”soribus
560 5500 572 5533 :
607 5476 869 5549 Colligite
912 5478 1172 5551 primum
1220 5472 1458 5545 zizania,
1498 5481 1553 5530 et
1588 5473 1818 5546 alligata
1853 5489 1917 5532 ea
1956 5476 2016 5533 in

300 5562 604 5622 fasciculos
630 5565 703 5621 ad
730 5563 1229 5636 comburendum;
1268 5563 1520 5622 triticum
1553 5570 1746 5622 autem
1780 5578 2015 5636 congre-

302 5661 428 5727 gate
459 5653 519 5713 in
552 5654 821 5715 horreum
855 5671 1051 5716 meum
1082 5658 1296 5729 (Matth.
1327 5656 1469 5728 xm).
1508 5674 1534 5707 »
1564 5652 1709 5714 Nam
1736 5669 1871 5715 cum
1897 5668 2016 5713 om-

2109 4671 2475 4730 dulcedinem
2522 4671 2593 4728 ad
2635 4672 2883 4730 caelestis
2920 4670 3122 4746 gloria
3166 4672 3407 4746 pramia
3454 4670 3822 4730 sublevaret:

2109 4762 2209 4820 ille
2269 4760 2381 4818 sibi
2429 4760 2795 4821 credentibus
2844 4764 3109 4821 tenebras
3160 4761 3432 4821 cacitatis
3485 4762 3823 4829 induceret;

2108 4854 2214 4912 iste
2262 4850 2712 4910 sacerdotalibus
2751 4851 3083 4911 obedientes
3119 4853 3396 4927 imperiis,
3439 4852 3509 4910 ad
3553 4848 3827 4924 splendo-

2108 4954 2226 4997 rem
2276 4955 2427 4997 vera
2470 4938 2605 4997 ﬁdei
2644 4945 2701 4997 et
2750 4940 2951 4999 lumen
2993 4948 3228 5000 aterna
3268 4940 3470 5013 gratia
3509 4946 3823 4999 revocaret.

2107 5030 2461 5105 Quapropter
2491 5030 2631 5089 libet
2668 5031 2730 5088 in
2761 5031 2887 5105 ejus
2915 5033 3276 5106 praconium
3301 5032 3520 5105 quibus
3547 5046 3648 5104 pro
3677 5037 3822 5088 tem-

2105 5136 2241 5195 pore
2302 5120 2462 5179 valeo
2518 5121 2811 5195 gaudere,
2873 5122 3144 5182 laudibus
3217 5122 3540 5180 exclamare
3597 5139 3608 5177 :
3668 5118 3824 5178 Deus

2106 5208 2489 5283 omnipotens,
2527 5210 2910 5283 dilectissimi,
2947 5218 3002 5269 et
3043 5228 3143 5286 per
3170 5212 3359 5270 claves
3400 5210 3462 5269 Β.
3501 5209 3650 5268 Petri
3679 5224 3819 5281 apo-

2105 5299 2231 5357 stoli
2271 5298 2433 5356 vobis
2468 5300 2707 5373 januam
2749 5301 2913 5374 regni
2944 5300 3191 5359 calestis
3215 5299 3449 5373 aperiat,
3480 5305 3535 5355 et
3562 5313 3665 5372 per
3697 5312 3822 5355 ora-

2107 5392 2323 5447 tionem
2352 5389 2416 5448 B.
2454 5388 2747 5448 Ambrosii
2791 5389 3081 5463 pontiﬁcis
3111 5388 3285 5447 vestri
3315 5388 3624 5446 clementer
3650 5402 3684 5445 a
3714 5399 3813 5444 vo-

2102 5477 2191 5536 bis
2237 5477 2434 5537 omnia
2478 5478 2763 5537 tenebrosi
2803 5479 3041 5552 spiritus
3070 5477 3511 5551 inquinamenta
3538 5476 3811 5549 detergat.

2102 5567 2206 5626 Det
2241 5567 2401 5626 vobis
2444 5568 2503 5625 iu
2539 5584 2624 5640 ea,
2661 5584 2835 5643 quam
2878 5568 3053 5626 semel
3084 5568 3357 5642 capietis,
3399 5566 3672 5625 inviolata
3713 5580 3814 5623 ve-

2103 5656 2264 5713 ritate
2304 5655 2605 5729 persistere
2646 5680 2657 5713 :
2694 5662 2748 5714 et
2788 5656 2847 5713 in
2880 5655 3209 5728 apostolica
3250 5654 3381 5713 ﬁdei
3412 5660 3568 5728 petra
3599 5653 3812 5713 funda-
