4170 6462
393 281 498 341 369
1569 289 1794 349 LIBER
1831 290 2179 361 QUINTUS,
2222 294 2455 356 EPIST.
2497 297 2706 356 XVIII.
3781 295 3884 353 370

390 407 756 496 tos,_cunctis
784 423 1093 480 pravorum
1133 410 1464 483 dogmatum
1514 414 1808 473 erroribus
1857 413 2269 489 inSUpe-Ailli
2307 422 2509 480 merito
2559 429 2828 480 notantur
2859 421 3134 494 haeretici,
3177 423 3279 496 qui
3323 428 3684 495 prasumunt
3724 420 3878 492 quod

385 494 644 553 rabiliter
706 497 1003 555 resultare.
1077 502 1318 558 Anuuat
1377 501 1540 560 vobis
1605 502 1665 560 in
1731 504 1908 576 hujus
1961 504 2093 563 vita
2175 506 2282 562 sibi
2326 508 2535 567 melius
2577 511 2803 570 videtur
2840 511 3091 584 eligere:
3142 494 3530 584 dedignantur
3580 515 3774 568 autem
3818 511 3877 567 in

384 584 632 642 transitu
660 585 742 642 sic
769 601 867 658 per
907 589 1104 646 omnia
1137 591 1356 659 vivere,
1392 597 1454 648 ut
1494 605 1626 649 cum
1667 607 1732 650 eo
1763 592 1960 665 simul,
1992 593 2094 667 qui
2175 594 2285 665 his,
2328 613 2461 671 qua
2505 616 2536 657 a
2579 599 2791 658 sanctis
2837 606 2975 659 sunt
3035 599 3296 658 instituta
3347 598 3697 670 doctoribus,
3746 614 3878 671 per-

382 678 582 762 auctor
618 681 702 731 est
728 674 883 762 vita,
913 674 975 732 in
1014 676 1115 734 illa
1153 678 1369 736 calesti
1399 678 1719 738 Jerusalem
1753 682 2090 739 mereamini
2173 700 2428 744 manere.
2473 687 2592 760 Ego
2630 697 2824 748 autem
2879 689 3016 762 quia
3066 703 3184 746 non
3229 691 3398 749 modo
3431 697 3691 748 veterum
3741 703 3878 746 san—

383 759 511 818 sine
534 760 651 818 line
677 760 948 832 gaudere.
978 763 1188 821 Amen.
2172 779 2416 845 ctorum,
2448 759 2547 834 sed
2573 783 2628 835 et
2652 759 3028 851 praesentium
3075 792 3168 834 me
3197 777 3548 852 discipulum
3587 793 3710 836 esse
3741 794 3879 852 pro-

969 877 1337 940 EPISTOLA
1370 882 1494 941 xv.
2173 862 2357 934 liteor,
2429 872 2491 922 et.
2544 866 2792 926 doctoris
2846 869 2993 926 mihi
3054 869 3381 928 cathedram
3430 884 3548 927 non
3606 883 3826 941 usurpo
3867 913 3880 938 ,

1057 984 1136 1029 AD
1173 984 1422 1034 EOSDEM.

2170 968 2286 1012 non
2342 956 2441 1015 tibi
2508 975 2718 1018 novam
2770 976 2942 1034 super
3021 961 3134 1031 his,
3185 977 3321 1037 qua
3386 961 3661 1031 consulis,
3716 976 3881 1035 regu-

381 1069 827 1128 ARGUMENTUM.
867 1100 919 1151 -_—
954 1071 1184 1153 Eadem.
1213 1074 1275 1132 in
1305 1075 1711 1153 hac_epislola,
1744 1095 1876 1153 qua
1905 1080 1963 1139 in
1991 1097 2084 1141 su-
2169 1041 2542 1153 EE‘jf’P‘IO’
2779 1048 2933 1153 legi:
2952 1049 3104 1153 1.9m.
3140 1049 3444 1148 ΡῨΟΠῨΠἮΟ
3503 1075 3520 1153 ἶ
3568 1051 3669 1153 ﬁed
3721 1049 3878 1153 qugd

783 1141 995 1213 periori
1025 1131 1261 1202 brevius
1293 1131 1711 1207 οοῆιίῄἓῖῖίῇξῗ
1748 1131 1872 1153 ν’*
1905 1131 1963 1139 ““
1992 1131 2058 1141 ”“
2169 1131 2262 1188 vel
2301 1132 2423 1206 ipse
2475 1135 2534 1192 in
2590 1137 2851 1195 Romana
2889 1137 3144 1196 Ecclesia
3188 1139 3328 1212 ipsis
3369 1139 3692 1212 apostolica
3728 1138 3880 1196 sedis

453 1239 684 1298 pETRUS
734 1241 1034 1314 DAMIANI,
1093 1243 1448 1318 RODULPHO’
1514 1248 1745 1321 VITALI,
1799 1253 2084 1321 ARIALDO.
2169 1219 2396 1321 aedituis
2422 1237 2514 1281 me
2540 1223 3317 1321 docen-tibus‘consuevi,vel
3344 1225 3408 1321 in
3447 1227 3578 1321 aliis
3609 1227 3882 1321 Ecclesiis

381 1329 779 1388 ERLEMBALDO
809 1299 1448 1394 frétpibbs’éél'u'tégni"
1530 1299 1745 1321 ”’“”’⁷
1799 1299 2084 1324 ““’““⁴””’
2169 1307 2386 1380 didici,
2450 1326 2516 1368 ac
2590 1312 2802 1386 sapius
2865 1313 3245 1388 frequentavi,
3310 1314 3646 1388 simpliciter
3707 1315 3881 1372 inno-

451 1419 675 1478 Gratias
720 1420 947 1494 agimus
991 1422 1125 1493 Deo,
1182 1425 1335 1498 quod
1379 1428 1663 1486 constanti
1716 1428 1886 1486 fama
1928 1431 2090 1488 audi-
2169 1405 2339 1498 lem
2401 1399 2767 1498 sacros‘lmm
2835 1405 3042 1498 “mine-
3093 1405 3449 1498 baptismatis
3478 1406 3724 1498 -layacm
3775 1421 3879 1480 ego

381 1523 511 1567 mus
584 1523 685 1566 vos
741 1515 1065 1569 constanter
1117 1493 1397 1573 adversus
1454 1516 1644 1574 hostes
1689 1517 2087 1578 ecclesiastica
2164 1493 2331 1563 Ῐυχίδ
2360 1505 2580 1550 morem
2606 1493 2885 1553 Romana
2916 1494 3186 1553 ΕεθΙθδίῖθ
3217 1495 3407 1553 δοΙυιΠ
3445 1495 3697 1554 Chrisma
3725 1510 3877 1553 sem"

377 1596 707 1670 disciplina
737 1605 971 1658 certare.
1004 1599 1420 1662 Nicolaitarum
1461 1605 1721 1680 haresis,
1755 1623 1890 1682 qua
1920 1609 2087 1669 vobis
2167 1595 2269 1654 per
2318 1582 2637 1682 immiscPi»,
2691 1583 2896 1682 Vinum
2932 1599 3089 1682 AV???
3137 1583 3492 1682 limini-“erit
3542 1583 3635 1642 V91
3681 1585 3877 1682 .019“?

378 1669 684 1746 nobiscum
755 1687 1170 1762 laborantibus,
1243 1692 1548 1752 videbatur
1608 1669 1826 1767 evulsa,
1894 1699 2085 1772 repul-
2116 1684 2471 1772 _nu"quaf{1
2693 1670 2855 1772 ,NaFl
2894 1677 2949 1728 et
2999 1670 3100 1728 illa
3147 1669 3460 1772 Sﬁripm“?'
3503 1686 3636 1772 ‘19?
3785 1672 3879 1730 die

379 1774 540 1835 lulat.
585 1775 738 1835 Deus
778 1777 902 1835 vult
937 1759 1179 1851 probare
1206 1784 1585 1842 constantiam
1631 1759 1891 1846 suorum.
1924 1759 2088 1860 Ecce,
2114 1768 2359 1864 BE‘BM’
2411 1759 2652 1864 Domini
2693 1759 2926 1864 legitur,
2970 1774 3107 1864 ξωξὲ
3149 1761 3322 1864 eum?
3355 1759 3454 1863 ,δίε
3494 1759 3876 1864 ξηίίξλίθωνί

377 1863 477 1938 qui
529 1866 688 1938 prius
732 1849 1146 1928 Nicolaitarum
1193 1877 1247 1928 et
1297 1872 1629 1933 simoniaca
1674 1876 1960 1935 hareseos
2009 1849 2108 1936 la;
2170 1849 2355 1948 §W°
2400 1852 2678 1948 βίηῗναίίδ
2729 1851 2797 1948 ῗῖθ
2861 1851 3189 1948 “mmmam
3246 1851 3578 1948 θῆνίδπδαίίδτ
3628 1850 3733 1908 hoc
3762 1849 3880 1948 ;Vi,'

377 1936 545 2034 queis
577 1960 937 2034 tenebantur,
970 1977 1130 2020 nunc
1153 1964 1225 2022 ad
1254 1965 1594 2038 perditionis
1620 1984 1743 2027 sua
1783 1968 2089 2028 cumulum
2171 1936 2354 2040 detur,
2393 1936 2535 2040 .174
2577 1940 2922 2040 “Erigere’
2953 1946 3016 2040 Ψ
3051 1937 3384 2040 ΠίξῬΓδῨίθΫ
3421 1945 3685 2040 sanct‘l‘?
3729 1938 3878 2040 ch.ri'

377 2027 508 2107 sunt
544 2049 716 2108 etiam
760 2027 974 2109 violato
1021 2027 1378 2113 sacramento
1410 2056 1649 2129 perjuri.
1691 2056 1853 2128 Quod
2171 2042 2295 2129 βίῳ
2323 2027 2634 2129 debemus
2667 2027 3197 2129 foniibaptismaus
3217 2029 3692 2129 amist‘em-é“
3717 2029 3876 2129 enifn

377 2137 435 2194 in
470 2137 889 2198 Mediolanensi
922 2140 1178 2200 Ecclesia
1217 2158 1334 2201 non
1364 2115 1739 2204 estnovum:
1775 2161 1907 2220 qua
1935 2162 2085 2204 sem-
2169 2115 2322 2220 mite"
2374 2123 2584 2220 cate”,
2625 2136 2638 2173 ⁵
2688 2140 2720 2220 ἶ
2750 2116 2894 2220 me“),
2933 2131 3070 2220 vero
3111 2116 3266 2220 339$
3312 2116 3669 2220 “Erisma‘ié,
3693 2118 3876 2175 conﬁ'

375 2244 475 2301 per
529 2229 745 2287 diversi
795 2229 1079 2303 dogmatis
1154 2233 1423 2292 homines
1493 2236 1718 2308 habuit,
1794 2205 1962 2296 initio
2015 2237 2089 2296 ab
2169 2206 2320 2308 Et?”
2371 2222 2522 2308 aquﬂ‘
2572 2206 3034 2308 baptismag§’et
3073 2205 3317 2306 emat!"
3353 2208 3482 2308 ἕψε
3529 2207 3728 2308 θητίῳ
3757 2221 3876 2308 ea?

374 2319 668 2378 Auxentio
695 2323 867 2394 atque
896 2320 1205 2380 Ambrosio
1235 2323 1523 2383 inchoato.

970 2436 1339 2497 EPISTOLA
1373 2440 1494 2498 XV.

538 2541 614 2587 AD
647 2542 1048 2590 LANDULPHUM
1077 2545 1370 2591 CLERICUM
1400 2546 1917 2594 MEDIOLANENSEM.

602 2622 867 2687 (Habet-ur
894 2628 1019 2680 tom.
1052 2627 1150 2689 III,
1181 2631 1364 2694 estque
1399 2629 1715 2697 opusculum
1743 2625 1859 2696 42.)

934 2731 1299 2792 EPISTOLA
1339 2734 1524 2792 XVII.

905 2833 982 2879 AD
1019 2835 1068 2880 S.
1102 2835 1545 2882 PRESBYTEBUM.

712 2913 978 2973 (Habetur
1009 2917 1136 2970 tom.
1171 2916 1267 2979 III,
1303 2917 1361 2970 in
1387 2919 1642 2988 opusculo
1672 2916 1749 2986 8.)

813 3023 955 3082 173
1001 3027 1368 3088 EPISTOLA
1413 3029 1623 3088 XVIII.

797 3129 830 3172 A
841 3127 874 3172 D
903 3127 1178 3176 UBERTUM
1207 3130 1645 3180 PRESBYTERUM.

370 3217 812 3293 AttGUMENTUM.
839 3248 907 3259 —
928 3216 1016 3273 Ad
1035 3219 1396 3293 quaestiones
1442 3219 1634 3293 Uberti
1658 3219 1975 3293 presbyteri
2003 3220 2076 3277 de

439 3287 798 3431 bggltligutiate,
857 3296 912 3346 et
969 3287 1162 3348 missa
1215 3290 1493 3349 sacriﬁcio
1546 3287 1674 3350 hac'
1698 3287 1933 3364 epistola
1988 3307 2074 3350 re-

439 3374 464 3413 s
625 3374 655 3416 e
687 3405 698 3416 .

439 3456 661 3514 Domno
702 3456 936 3517 UBERTO
980 3457 1248 3532 religioso
1275 3459 1624 3534 presbytero,
1667 3461 1897 3520 PETRUS
1940 3476 2073 3534 pec-

364 3550 519 3604 cator
573 3547 893 3606 monachus
946 3546 1270 3606 individua
1321 3548 1617 3622 glutinum
1656 3550 1950 3610 charitatis
2009 3551 2072 3609 in

363 3636 628 3696 Domino.

434 3727 884 3798 Questiunculas
954 3737 1101 3802 tuas,
1173 3729 1522 3789 venerabilis
1580 3729 1772 3803 frater,
1830 3730 1901 3788 de
1953 3732 2071 3805 spi-

366 3816 592 3876 ritualis
653 3819 856 3891 studii,
910 3819 1066 3894 quod
1117 3820 1180 3878 in
1236 3825 1291 3878 te
1343 3817 1616 3878 nobiliter
1673 3826 1897 3892 astuat,
1952 3836 2070 3880 non

364 3907 593 3980 ambigo
644 3907 865 3967 fervore
912 3909 1258 3983 procedere:
1311 3910 1526 3983 quibus
1583 3911 1764 3969 latore
1827 3926 2073 3985 prasen-

365 3997 514 4056 tium
569 3999 818 4057 reditum
874 3999 1199 4071 festinante,
1253 4014 1481 4058 necesse
1535 4007 1620 4058 est
1671 4015 1763 4058 me
1817 4000 2071 4060 breviter

362 4087 735 4161 respondere;
787 4089 1105 4161 prasertim
1157 4105 1290 4148 cum
1333 4105 1529 4148 earum
1578 4089 1788 4148 solutio
1841 4090 2070 4164 prolixo

361 4188 624 4234 sermone
688 4191 804 4234 non
851 4184 1042 4260 egeat,
1079 4177 1224 4235 dum
1289 4177 1370 4235 sic
1423 4183 1619 4250 aperta
1673 4178 1787 4236 sint
1847 4179 2064 4252 omnia,

2169 2293 2346 2352 lestis.
2384 2318 2408 2344 ν
2472 2295 2618 2352 Nam
2672 2311 2807 2354 cum
2858 2294 2961 2352 ille
3013 2297 3299 2354 sermonis
3348 2297 3518 2354 istius
3567 2302 3768 2356 auctor
3807 2295 3879 2354 de

2168 2384 2293 2443 oleo
2369 2385 2724 2444 sanctilicato
2794 2384 3147 2446 sufﬁcienter
3203 2385 3472 2458 superius
3549 2385 3875 2460 eloquatur,

2168 2473 2398 2547 quando
2459 2489 2595 2532 vero
2650 2475 2720 2532 ad
2781 2473 3073 2550 Baptisma
3129 2473 3442 2546 descendit,
3500 2473 3664 2532 tacito
3729 2473 3874 2545 oleo,

2168 2565 2288 2624 solo
2342 2563 2492 2622 illud
2548 2565 2810 2638 perhibet
2860 2565 3171 2624 chrismate
3231 2563 3474 2636 confici;
3535 2570 3686 2636 patet
3741 2580 3873 2638 pro-

2163 2654 2258 2712 cul
2289 2653 2465 2712 dubio
2489 2653 2625 2725 quia
2651 2654 2803 2726 quod
2839 2654 3182 2724 nominavit,
3210 2653 3267 2710 id
3299 2653 3489 2712 solum
3529 2651 3715 2713 voluit
3741 2670 3874 2727 per-

2165 2742 2416 2801 misceri.
2452 2742 2597 2800 Nam
2633 2743 2681 2800 si
2727 2742 2956 2814 vinum,
2989 2741 3078 2800 vel
3117 2741 3308 2801 oleum
3351 2740 3714 2802 fundendum
3749 2760 3875 2804 esse

2162 2831 2515 2902 decerneret,
2588 2831 2884 2890 nominato
2954 2830 3282 2903 chrismate,
3333 2831 3442 2892 hoc
3506 2831 3679 2892 etiam
3754 2850 3870 2894 non

2165 2925 2392 2979 taceret.

2234 3008 2315 3066 De
2349 3008 2709 3066 celebrandis
2739 3023 2876 3066 vero
2916 3008 3226 3068 missarum
3265 3010 3562 3070 solemniis
3585 3027 3690 3072 nos
3720 3013 3870 3072 hanc

2102 3097 2602 3189 Cconsuetudinis
2651 3097 2913 3172 regulam
2963 3097 3026 3156 in
3071 3098 3463 3189 disc‘iplinatis
3503 3100 3773 3161 Ecclesiis
3814 3109 3868 3160 et

2162 3185 2490 3259 didicimus,
2544 3194 2599 3245 et
2656 3193 2937 3259 tenemus,
2992 3193 3057 3246 ut
3119 3187 3356 3246 calicem
3413 3187 3750 3248 diﬂ'eramus
3806 3189 3868 3249 in

2163 3276 2473 3334 missarum
2539 3277 2654 3335 tine
2710 3277 3074 3351 perfundere,
3138 3278 3187 3336 si
3241 3279 3618 3352 nosmetipsos
3669 3280 3868 3339 eodem

2160 3365 2254 3424 die
2311 3368 2655 3426 sacrilicinm
2704 3368 2894 3427 denuo
2949 3384 3248 3442 speramus
3301 3369 3548 3428 oﬂ‘erre:
3603 3371 3864 3446 alioquin

2159 3456 2625 3529 quandocumque
2673 3473 2859 3515 sacras
2907 3457 3121 3516 hostias
3191 3458 3582 3529 immolemus,
3637 3460 3700 3518 in
3751 3461 3867 3519 fine

2158 3544 2394 3603 calicem
2439 3561 2666 3620 semper
2717 3563 2790 3604 ex
2838 3562 2998 3605 more
3039 3547 3468 3621 perfundimus.
3521 3548 3697 3608 Porro
3744 3549 3868 3608 sive

2152 3637 2512 3711 jejunamus,
2565 3638 2686 3695 sive
2759 3638 3073 3710 reficimur,
3137 3638 3288 3696 hanc
3336 3639 3723 3712 perfundendi
3783 3655 3868 3697 re-

2158 3725 2353 3800 gulam
2408 3743 2525 3786 non
2566 3735 2878 3787 mutamus.
2922 3727 3083 3798 Quod
3120 3735 3310 3786 autem
3351 3728 3639 3801 perhibes,
3683 3744 3866 3802 quos-

2157 3818 2290 3876 dam
2325 3819 2515 3876 dicere
2561 3819 2697 3893 quia
2732 3825 3037 3892 postquam
3089 3817 3390 3891 perfundit
3426 3817 3716 3891 quispiam
3765 3833 3862 3876 ca-

2157 3907 2346 3979 licem,
2401 3924 2514 3966 non
2572 3914 2658 3966 est
2701 3907 2984 3966 dicendus
3018 3922 3143 3966 esse
3189 3907 3448 3981 jejunus,
3485 3912 3541 3966 et
3575 3923 3694 3983 per
3755 3908 3860 3968 has

2155 3996 2391 4056 frivolas
2441 4003 2725 4056 conantur
2770 3997 3016 4070 ineptias
3070 3996 3239 4070 quasi
3285 3995 3676 4069 quastionum
3732 4011 3859 4055 mo-

2154 4102 2289 4144 vere
2341 4086 2633 4159 litigium:
2678 4086 2774 4145 hic
2825 4085 2968 4144 illud
3019 4084 3123 4144 tibi
3173 4085 3502 4144 cavendum
3550 4091 3657 4155 est,
3703 4087 3859 4162 quod

2154 4177 2293 4236 dicit
2337 4177 2646 4251 Apostolus
2679 4198 2691 4236 :
2744 4198 2770 4230 ‹‹
2801 4175 3020 4236 Stultas
3058 4183 3254 4236 autem
3284 4183 3340 4235 et
3382 4177 3511 4236 sine
3553 4176 3861 4253 disciplina

361 4269 422 4323 ut
454 4264 517 4323 in
564 4264 660 4324 bis
696 4265 934 4324 omnino
972 4281 1090 4325 non
1129 4268 1342 4325 hareat
1387 4266 1654 4340 quisquis
1697 4267 2068 4330 ecclesiastici
2151 4266 2501 4340 quastiones
2546 4267 2753 4337 devita,
2788 4266 2974 4325 sciens
3014 4266 3153 4341 quia
3192 4273 3467 4340 generant
3509 4264 3639 4326 lites
3673 4285 3684 4325 :
3736 4283 3856 4327 ser-

359 4355 579 4413 ordinis
612 4356 870 4429 regulam
908 4373 1025 4415 non
1062 4356 1303 4430 ignorat.
1347 4357 1464 4415 Nos
1493 4357 1653 4415 enim
1682 4372 1901 4417 novum
1935 4375 2063 4420 mo-
2152 4372 2290 4414 vum
2336 4362 2529 4416 autem
2553 4349 2805 4414 'Domini
2851 4371 2967 4414 non
3011 4360 3232 4428 oportet
3280 4354 3524 4437 litigare,
3559 4356 3656 4415 sed
3689 4371 3856 4415 man-

359 4461 481 4504 rem
540 4445 814 4506 Ecclesia
865 4462 983 4505 non
1043 4447 1377 4506 inducimus
1408 4465 1423 4518 ;
1485 4447 1581 4506 sed
1631 4463 1697 4506 ea
1744 4464 1878 4522 qua
1930 4458 2126 4522 sunt“
2151 4451 2384 4503 suetum
2415 4443 2639 4521 esse‘ad
2662 4459 2864 4503 omnes
2898 4447 2974 4513 (II
2999 4446 3138 4500 Tim.
3177 4448 3259 4514 II).
3296 4469 3322 4492 ››
3367 4443 3622 4503 Snﬂiciat
3659 4444 3856 4520 itaque

359 4549 391 4591 a
427 4534 692 4593 Patribus
735 4535 999 4594 instituta
1042 4551 1359 4595 servamus.
1408 4536 1480 4594 Et
1517 4538 1794 4612 quoniam
1825 4538 1897 4596 ab
1935 4533 2126 4612 apo-“
2154 4533 2257 4591 tibi
2315 4534 2624 4620 succincte,
2654 4533 2931 4605 digestam
2989 4533 3212 4602 audire,
3263 4548 3438 4607 quam
3494 4547 3654 4620 nunc
3702 4539 3856 4595 tenet

358 4624 522 4684 stolis
562 4625 758 4696 ﬁdem,
807 4624 879 4682 ab
912 4622 1238 4697 apostolicis
1267 4631 1461 4682 autem
1504 4623 1648 4684 viris
1683 4626 2063 4686 conversandi
2149 4621 2422 4690 Ecclesia,
2489 4619 2991 4704 consuetudinem,
3079 4636 3185 4680 nec
3252 4620 3356 4680 tibi
3434 4619 3596 4679 reddi
3659 4637 3856 4681 conse-

356 4714 415 4772 in
467 4713 720 4772 Ecclesia
767 4712 1127 4787 percepimus
1181 4713 1466 4784 ordinem,
1523 4713 1603 4772 ita
1645 4716 2061 4790 propemodum
2149 4718 2393 4787 quenter
2438 4712 2638 4785 exigas
2692 4713 3015 4786 rationem,
3068 4711 3346 4787 quoniam
3396 4710 3694 4786 negotium
3745 4712 3855 4772 hoc

358 4821 468 4864 non
515 4813 812 4865 mutamus
857 4803 1180 4877 disciplina
1223 4804 1460 4863 modum
1501 4820 1536 4862 a
1585 4804 1902 4879 majoribus
1945 4812 2059 4865 tra-

353 4895 560 4965 ditum,
602 4895 749 4953 sicut
791 4894 1080 4952 illibatum
1115 4900 1380 4952 tenemus
1419 4894 1611 4968 ipsum
1647 4908 1879 4968 quoque
1922 4895 2060 4955 ﬁdei

352 4983 817 5044 fundamentum.
881 4983 1046 5043 Unde
1088 4986 1159 5043 ad
1215 4983 1585 5042 Timotheum
1635 4983 1772 5042 dicit
1814 4985 2059 5058 Aposto-

350 5072 441 5131 lus
492 5097 508 5131 :
572 5099 596 5121 «
645 5071 718 5132 Ut
768 5072 912 5131 scias
969 5073 1258 5146 quomodo
1306 5079 1561 5146 oporteat
1610 5073 1671 5131 in
1719 5072 1890 5132 domo
1955 5075 2058 5134 Dei

351 5163 694 5233 conversari,
753 5179 886 5238 qua
945 5172 1029 5224 est
1082 5165 1333 5223 Ecclesia
1387 5164 1488 5222 Dei
1568 5165 1710 5239 vivi,
1759 5165 2054 5240 columna,

349 5259 402 5310 et
452 5254 882 5312 ﬁrmamentum
933 5254 1189 5313 veritatis
1231 5257 1282 5325 (Ι
1320 5257 1460 5311 Tim.
1511 5259 1618 5324 III).
1658 5280 1678 5307 ι
1724 5255 1849 5314 Non
1897 5257 2056 5315 enim

343 5345 460 5417 jam
503 5345 632 5403 licet
670 5345 892 5403 ultimis
937 5345 1205 5405 Ecclesia
1248 5347 1545 5417 membris,
1593 5349 1748 5421 quod
1794 5348 1900 5406 sibi
1951 5366 2056 5423 po-

349 5434 638 5492 tissimum
693 5433 945 5502 videtur,
1005 5435 1257 5508 eligere;
1309 5435 1405 5493 sed
1463 5450 1694 5496 necesse
1758 5443 1842 5496 est
1899 5439 2055 5497 anti-

347 5522 543 5598 quitus
570 5523 851 5597 ordinata,
884 5527 1140 5585 maxime
1169 5531 1335 5602 prout
1366 5525 1625 5586 Romana
1666 5535 1818 5587 tenet
1859 5529 2054 5588 Eccle-

348 5615 451 5690 sia,
510 5631 872 5678 conservare.
925 5616 1178 5678 Haresis
1230 5616 1389 5680 enim
1439 5618 1641 5680 electio
1695 5618 1930 5681 dicitur.
1987 5620 2057 5679 Et

2147 4802 2417 4877 pluribus
2483 4793 2704 4877 indiget
2763 4803 2974 4872 verbis,
3028 4807 3084 4860 et
3134 4799 3362 4860 facilius
3407 4801 3472 4859 ﬁt
3514 4800 3853 4861 confabula-

2148 4893 2304 4952 tione
2345 4894 2672 4968 communis
2718 4893 2949 4969 eloquii,
2982 4907 3157 4966 quam
3203 4897 3267 4950 ut
3300 4890 3568 4952 dictantis
3608 4891 3851 4953 articulo

2146 4984 2323 5058 possit
2370 4983 2612 5058 expleri.
2654 4984 2771 5042 Nec
2813 4981 3060 5052 mireris,
3093 4979 3141 5039 si
3188 4995 3320 5039 cum
3367 4988 3523 5040 tanta
3565 4982 3852 5041 celeritate

2145 5073 2390 5132 decursa
2418 5071 2832 5148 scriptiuncula
2864 5071 2963 5130 tibi
3003 5071 3112 5129 ista
3143 5087 3260 5130 non
3286 5071 3517 5144 suﬂicit,
3556 5071 3645 5130 vel
3673 5072 3846 5132 etiam

2145 5163 2288 5222 vitio
2342 5161 2677 5222 rusticitatis
2744 5159 3013 5234 ostendit.
3073 5159 3365 5234 Interroga
3414 5159 3685 5233 gerulum
3754 5159 3849 5219 lit-

2144 5259 2420 5324 terarum,
2476 5250 2613 5324 quia
2666 5265 2798 5309 cum
2839 5264 2984 5324 pene
3026 5249 3316 5310 mediante
3352 5250 3473 5324 jam
3522 5249 3614 5308 die
3667 5253 3849 5312 nostri

2143 5343 2360 5400 montis
2409 5355 2685 5400 cacumen
2738 5339 3077 5414 ascenderit,
3127 5343 3274 5398 hanc
3343 5338 3667 5398 chartulam
3711 5350 3847 5401 ante

2143 5446 2409 5492 occasum
2465 5430 2602 5489 solis
2655 5429 2888 5504 accepit.
2955 5429 3162 5489 Adhuc
3227 5436 3418 5486 tamen
3473 5428 3705 5503 inquire
3774 5430 3846 5490 de

2142 5524 2447 5599 baptismo,
2499 5522 2549 5581 si
2598 5522 2740 5597 quid
2793 5520 2940 5580 mihi
2992 5517 3246 5579 fortassis
3289 5517 3526 5590 excidit,
3583 5518 3727 5594 quid
3780 5519 3845 5579 in

2142 5618 2402 5681 Romana
2447 5621 2705 5676 teneatur
2743 5612 3014 5672 Ecclesia.
3049 5609 3319 5670 Divinam
3343 5625 3543 5686 quaso
3587 5610 3846 5669 clemen-
