4170 6456
355 358 455 419 371

880 362 937 421 S.
980 362 1200 422 PETRI
1240 364 1565 425 DAMIANI
1603 367 1761 428 OPP.
1806 369 1998 429 PARS
2039 369 2087 431 Si

2171 368 2178 416 ἴ
2218 364 2471 427 TOMUS
2510 365 2554 424 Ι.
2598 394 2666 407 -
2703 361 2937 422 EPIST.
2984 360 3124 419 LIB.
3168 357 3325 418 VIII.

3745 357 3852 419 37'2

360 483 521 555 tiam,
571 486 919 545 venerabilis
970 487 1156 558 frater,
1204 496 1269 547 ut
1316 490 1401 550 tui
1461 494 1705 565 pectoris
1752 492 2518 562 sacrariumAclauduntur,
2559 489 2774 563 aperiat
2814 512 2825 545 :
2881 494 2935 546 et
2987 503 3120 564 quae
3162 485 3337 559 ligata
3385 490 3544 558 sunt,
3590 490 3853 559 potenter

360 573 575 644 visitet,
606 582 661 633 et
698 575 873 636 radiis
907 575 1053 634 illud
1097 592 1220 636 suae
1261 579 1536 639 claritatis
1579 582 1827 641 illustret
1863 608 1875 642 :
1925 600 2064 660 qua-
2144 582 2424 641 absolvat.

363 669 532 722 tenus
555 663 735 721 clavis
763 663 863 722 ille
894 665 1097 725 David.
1128 666 1231 740 qui
1261 666 1470 726 librum
1505 668 1801 742 signatum
1844 679 2063 747 septem

359 750 572 823 sigillis
616 752 842 825 aperuit
883 755 1073 827 (Apoc.
1102 757 1182 827 v),
1235 755 1337 814 tibi
1388 772 1639 831 quoque,
1693 775 1826 834 quae
1876 762 2067 820 adhuc

2721 647 3087 707 EPISTOLA
3116 645 3247 705 XIX
3262 689 3274 700 .

2577 753 2653 799 AD
2678 752 2952 802 CLERICOS
2977 752 3049 797 ET
3076 751 3423 799 CANONICOS.

2366 833 2626 903 (Habetur
2652 836 2779 890 tom.
2824 834 2921 895 III,
2950 835 3134 900 estque
3161 831 3479 901 opusculum
3514 827 3632 902 ‘28.)

1606 1179 1988 1266 LIBER
2074 1179 2625 1268 SEXTUS.

1543 1365 1646 1424 AD
1702 1364 2044 1427 ABBATES

2108 1366 2204 1425 ET
2264 1365 2694 1427 MONACHOS.

696 1734 907 1793 175-1
919 1735 1014 1794 '76
1064 1738 1431 1800 EPISTOLA
1480 1740 1746 1800 PRIMA.

2157 1737 2506 1797 venerabilis
2556 1737 2739 1809 Pater,
2797 1736 2935 1811 quia
2986 1751 3119 1795 cum
3157 1736 3279 1810 jam
3331 1750 3425 1793 me
3472 1742 3737 1794 senectus
3767 1735 3854 1793 in-

368 1839 447 1886 an
489 1839 804 1887 uomenos
845 1839 1011 1887 sacer
1052 1841 1407 1918 Menasjraan
1444 1843 1491 1889 s.
1526 1842 1831 1890 BENEDICTI
1861 1842 2136 1918 MONTISB
2157 1842 2334 1886 curva
2385 1826 2751 1901 deprimeret,
2806 1832 2863 1883 et
2910 1825 3099 1883 eﬂ‘teto
3145 1823 3369 1882 viribus
3416 1839 3649 1899 corpore
3693 1832 3863 1884 nuta-

670 1989 936 2055 (Habetur
959 1994 1088 2049 tom.
1116 1911 1427 2063 (13:1:th
1447 2008 1632 2064 opusc.
1660 1990 1775 2059 43.)

988 2077 1355 2139 EPISTOLA
1375 2079 1450 2138 ΙΙ.

475 2179 551 2225 ΑΙ)
579 2178 825 2226 UGONEM
848 2180 1120 2227 ABBATEM
1148 2182 1504 2229 MONASTERII
1531 2181 1969 2231 CLUNIACENSIS.

369 2258 815 2316 ABGUMENTUM.
844 2287 913 2299 --
960 2258 1367 2318 Cluniacenses
1409 2260 1675 2318 monachi
1723 2259 1998 2317 maximis
2045 2276 2079 2316 a

446 2327 505 2387 S.
527 2328 757 2387 doctore
780 2328 1295 2405 beneﬁciisaﬁ‘ecti,
1319 2347 1453 2405 cum
1472 2348 1573 2405 pro
1597 2332 2077 2405 eoruprcausain

440 2414 546 2457 sua
578 2405 869 2458 senectute
898 2401 1072 2474 Alpes
1093 2401 1517 2473 transcendere,
1544 2411 1600 2461 et
1628 2402 1691 2461 in
1718 2401 1964 2474 Galliam
1993 2402 2078 2460 ire

443 2485 557 2553 non
600 2479 949 2553 recusasset,
976 2472 1171 2553 eidem.
1210 2472 1625 2544 concesserant,
1658 2482 1724 2553 ut
1763 2473 2076 2553 in_perpe:

444 2547 610 2615 tuum
635 2543 764 2615 ejus
782 2543 985 2615 mortis
1013 2543 1136 2601 dies
1154 2543 1213 2615 in
1243 2558 1349 2615 suo
1371 2543 1722 2603 monasterio
1751 2551 1804 2601 et
1830 2543 2076 2615 fusis'ad

443 2612 940 2686 Deumprecihus,
972 2620 1028 2686 et
1047 2614 1283 2686 funebri
1313 2617 1675 2674 solemnitate
1704 2614 1951 2686 singulis
1971 2631 2074 2673 an-

442 2684 536 2759 nis
562 2682 965 2759 celebraretur.
992 2685 1257 2758 Idipsum
1301 2703 1463 2746 nunc
1495 2686 1682 2759 Ugoni
1707 2682 2101 2759 Cluniacensi.

441 2754 634 2838 abbati
650 2756 714 2836 in
732 2758 1070 2838 memoriam
1089 2754 1319 2838 revocat
1340 2782 1352 2816 :
1376 2766 1451 2838 et,
1474 2754 1622 2838 utin
1644 2758 1783 2838 reliq
1795 2758 1885 2838 uis
1903 2758 2077 2838 etiam

440 2825 1134 2970 gcggtrtélgitsufluniacensi
1180 2825 1455 2904 subjectis
1505 2830 1659 2888 idem
1709 2825 1835 2887 tiéri
1894 2834 2077 2900 curet,

2158 1916 2355 1976 bunda
2392 1918 2704 1993 gradientis
2744 1916 2980 1988 vestigia
3019 1916 3127 1975 sub
3165 1916 3401 1974 incertis
3438 1917 3732 1990 gressibus
3760 1933 3863 1976 va-

2159 2008 2441 2081 cillarent,
2485 2024 2590 2082 ego
2642 2008 2715 2066 ad
2770 2012 2884 2065 tuae
2927 2005 3206 2080 jussionis
3250 2004 3557 2078 imperium
3606 2006 3861 2064 animam

2159 2113 2371 2169 meam,
2399 2104 2464 2158 ut
2490 2098 2567 2156 ita
2608 2098 2832 2172 loquar,
2868 2096 2927 2155 in
2956 2095 3227 2155 manibus
3257 2096 3401 2154 meis
3433 2096 3618 2171 posui,
3651 2096 3865 2156 aestivis

2160 2190 2429 2264 adoperta
2482 2188 2737 2246 nivibus.
2792 2187 3029 2261 Alpium
3085 2192 3373 2260 praerupta
3416 2186 3744 2256 conscendi,
3808 2193 3865 2244 et

2159 2293 2262 2352 pro
2314 2278 2563 2335 utilitate
2619 2275 2971 2335 venerabilis
3024 2275 3359 2333 monasterii
3407 2274 3491 2333 tui
3538 2275 3867 2352 propinqua

2160 2365 2297 2424 satis
2336 2366 2562 2425 Oceano
2594 2364 2914 2425 Galliarum
2954 2363 3161 2423 intima
3197 2364 3516 2438 penetravi.
3548 2363 3658 2422 Pro
3699 2363 3869 2436 cujus

2157 2454 2521 2528 impensione
2559 2453 2769 2512 laboris
2808 2454 2915 2511 hoc
2954 2453 3322 2526 potissimum
3367 2452 3527 2526 petii,
3581 2458 3869 2526 quatenus

2159 2541 2628 2615 incomparabilis
2679 2541 2779 2599 ille
2820 2547 2974 2610 tuus,
3029 2547 3376 2614 sanctusque.
3417 2547 3740 2598 conventus
3784 2547 3870 2598 te-

2160 2648 2293 2691 cum
2325 2631 2503 2691 simul
2544 2647 2642 2705 per
2680 2630 3019 2689 litteralium
3049 2629 3527 2701 astipulationum
3565 2629 3704 2687 mihi
3747 2635 3869 2686 rata

2162 2723 2534 2798 promitteret,
2586 2720 2736 2795 quod
2794 2736 2895 2793 per
2947 2735 3148 2778 omnes
3208 2719 3641 2778 succedentium
3696 2718 3870 2775 vicis-

2163 2814 2445 2874 situdines
2491 2820 2815 2886 temporum
2859 2811 3325 2869 anniversarium
3381 2810 3495 2869 mei
3538 2809 3731 2869 obitus
3781 2824 3874 2866 re-

2159 2905 2356 2964 diviva
2408 2920 2633 2979 semper
2682 2904 2958 2962 memoria
3018 2902 3248 2979 coleret,
3310 2917 3519 2977 meque
3571 2898 3875 2959 tremendo

442 2986 669 3045 Domno
726 2985 796 3044 U.
837 2988 1182 3046 venerandae
1229 2988 1546 3047 sanctitatis
1586 2988 1802 3059 abbati,
1853 2989 2081 3048 PETRUS
2155 2995 2336 3069 judici
2365 2995 2475 3069 piis
2504 3010 2736 3068 precum
2766 2994 3062 3067 exsequiis
3102 2992 3551 3055 commendaret.
3590 2992 3697 3049 Cui
3730 2996 3875 3048 tunc

371 3079 634 3149 peccator
659 3074 979 3133 monachus
1009 3075 1292 3149 quidquid
1335 3093 1558 3135 servus.

445 3164 597 3222 Dum
652 3176 836 3220 unum
899 3163 1038 3236 quid
1091 3165 1394 3238 quaeritur,
1449 3172 1505 3224 et
1561 3165 1717 3224 aliud
1760 3165 2077 3238 invenitur,

374 3268 747 3327 nequaquam
778 3260 982 3311 votum
1009 3254 1256 3327 petentis
1284 3254 1576 3330 impletur.
1622 3256 1840 3315 Paulus
1876 3273 2081 3331 nempe

372 3340 796 3417 conqueritur:
839 3340 984 3411 Quia
1026 3341 1167 3401 dum
1214 3344 1426 3403 auferri
1470 3345 1579 3404 sibi
1630 3345 1857 3405 Satanae
1901 3362 2079 3421 ange-

375 3434 502 3492 lum
544 3430 815 3506 postulat,
848 3448 966 3491 non
1015 3432 1126 3491 sibi
1172 3434 1445 3493 stimulus
1488 3437 1699 3506 carnis,
1728 3446 1793 3493 ut
1836 3437 2078 3511 petebat,

372 3523 678 3582 aufertur:
719 3520 817 3579 sed
864 3522 1003 3596 quia
1042 3522 1224 3596 gratia
1266 3523 1377 3582 sibi
1422 3525 1624 3583 divina
1668 3526 1937 3600 sufﬁciat,
1977 3526 2081 3584 ad-

373 3619 644 3673 monetur
688 3616 766 3683 (H
801 3614 918 3671 Cor.
972 3620 1100 3682 XII).
1142 3613 1369 3690 Moyses
1407 3630 1638 3692 quoque
1686 3618 1868 3691 petiit,
1923 3624 1988 3675 ut
2026 3617 2081 3675 ei

371 3701 579 3761 faciem
664 3717 831 3760 suam
914 3701 1218 3776 Dominus,
1282 3704 1387 3778 qui
1456 3720 1649 3763 secum
1721 3706 2080 3782 loquebatur,

375 3794 719 3864 ostenderet,
750 3798 805 3851 et
833 3809 947 3852 non
975 3793 1227 3853 obtinuit
1252 3795 1452 3868 (Exod.
1483 3796 1716 3869 XXXIII).
1747 3794 1900 3853 Alibi
1928 3811 2081 3865 vero,

379 3882 517 3956 quia
565 3883 847 3940 Dominus
882 3897 1017 3941 eum
1056 3883 1116 3941 in
1167 3889 1395 3956 gentem
1444 3899 1711 3958 magnam
1764 3886 1990 3956 faceret,
2039 3886 2088 3943 si

380 3972 504 4046 ipse
547 3970 740 4042 vellet,
788 3970 1011 4029 audivit
1050 3991 1063 4029 :
1117 3996 1143 4020 ιι
1174 3972 1409 4031 Dimitte
1462 3989 1575 4044 me,
1626 3974 1839 4048 inquit,
1883 3980 1948 4033 ut
1984 3974 2089 4032 ira-

383 4072 577 4124 scatur
602 4064 766 4123 furor
795 4080 960 4124 meus
996 4073 1193 4124 contra
1223 4066 1504 4140 populum
1546 4068 1749 4137 istum,
1779 4073 1835 4125 et
1867 4066 2089 4125 deleam

383 4168 502 4223 eos,
535 4150 857 4226 faciamque
887 4158 938 4209 te
957 4154 1017 4209 in
1040 4158 1270 4225 gentem
1295 4170 1563 4227 magnam
1592 4158 1787 4227 (Emod.
1825 4157 2040 4214 XXXII).
2060 4179 2084 4203 η

385 4241 474 4301 Ad
516 4240 668 4315 quod
709 4240 936 4314 Moyses
978 4239 1156 4299 libera
1196 4257 1330 4300 voce
1371 4245 1663 4317 respondit
1714 4264 1726 4302 :
1778 4269 1802 4292 «
1835 4245 1953 4302 Aut
1999 4243 2092 4301 di-

387 4329 551 4389 mitte
593 4328 678 4387 eis
723 4330 872 4387 hanc
918 4343 1152 4400 noxam,
1205 4338 1323 4403 aut,
1371 4332 1419 4391 si
1462 4349 1579 4391 non
1626 4333 1786 4403 facis,
1822 4332 1948 4390 dele
2000 4348 2095 4389 me

387 4421 459 4480 de
507 4419 657 4478 libro
709 4424 828 4490 tuo,
870 4434 1043 4493 quem
1098 4420 1377 4495 scripsisti
1419 4424 1628 4495 (Ibid).
1665 4444 1692 4475 »
1730 4422 1839 4481 Hic
1879 4422 2092 4496 itaque,

389 4508 543 4583 quod
598 4508 822 4583 Moyses
879 4507 1126 4579 nolebat,
1172 4510 1349 4583 gratis
1395 4510 1543 4568 illud
1587 4511 1788 4568 divina
1842 4509 2093 4567 liberali-

2161 3084 2453 3159 sponsioni
2487 3089 2541 3141 et
2587 3084 2694 3141 hoc
2730 3082 2995 3140 additum
3034 3088 3137 3151 est,
3171 3086 3236 3139 ut
3267 3096 3452 3138 unum
3506 3079 3633 3137 sine
3690 3079 3871 3135 inter-

2161 3174 2439 3232 missione
2465 3188 2568 3246 pro
2599 3187 2692 3229 me
2737 3185 3047 3244 pauperem
3074 3176 3129 3227 et
3158 3168 3451 3227 alimentis
3479 3167 3655 3226 simul
3687 3173 3742 3225 et
3782 3167 3876 3223 in-

2161 3264 2452 3323 dumentis
2479 3263 2694 3337 jugiter
2717 3265 3075 3319 sustentaret.
3105 3258 3213 3317 Hic
3247 3259 3359 3316 mei
3389 3257 3603 3316 laboris
3647 3264 3731 3315 est
3759 3256 3879 3314 fru-

2162 3360 2307 3426 ctus,
2346 3355 2469 3411 haec
2505 3367 2724 3410 merces
2752 3349 2959 3424 operis,
2984 3349 3107 3407 haec
3140 3348 3451 3407 redhibitio
3471 3348 3722 3406 talionis.
3758 3346 3874 3407 Sed

2162 3443 2304 3500 dum
2336 3447 2411 3499 tot
2438 3439 2681 3513 copiosis
2706 3454 2772 3495 ac
2793 3436 3055 3510 pretiosis
3081 3435 3429 3495 muneribus
3448 3434 3763 3494 liberalitas
3785 3450 3879 3492 me

2164 3540 2353 3590 vestra
2389 3528 2777 3603 prosequitur,
2829 3541 2945 3583 non
2992 3525 3119 3583 sine
3158 3541 3333 3583 causa
3366 3525 3568 3592 timeo;
3624 3540 3694 3582 ne
3734 3523 3877 3581 dum

2166 3620 2306 3677 177
2342 3625 2567 3693 peracto
2612 3616 2815 3686 labori,
2858 3616 3022 3690 quasi
3069 3615 3330 3687 praeﬁxae
3384 3622 3623 3672 terrenas
3659 3627 3881 3671 merce-

2165 3709 2255 3768 dis
2279 3708 2571 3784 quantitas
2602 3706 2880 3777 redditur,
2914 3704 3163 3763 salutare
3191 3703 3339 3761 mihi
3369 3703 3642 3761 orationis
3673 3710 3883 3759 vestrae
3966 3712 3973 3719 ‘

2168 3798 2517 3858 beneﬁcium
2538 3796 2931 3855 subtrahatur.
2946 3794 3090 3852 Nam
3106 3793 3207 3852 ubi
3225 3792 3439 3851 diurno
3450 3792 3605 3865 operi
3623 3790 3878 3849 diarium

2172 3887 2449 3957 redditur,
2492 3885 2577 3943 nil
2627 3890 2798 3943 restat
2841 3882 2993 3957 quod
3040 3883 3159 3955 spei
3205 3879 3493 3955 operantis
3545 3879 3616 3937 de
3677 3884 3885 3937 cetero

2174 3976 2576 4050 relinquatur;
2617 3973 2732 4031 nisi
2776 3973 2919 4031 forte
2961 3987 3091 4028 cum
3138 3968 3444 4028 Salomone
3485 3984 3578 4026 me
3613 3984 3735 4026 sors
3782 3967 3889 4025 illa

2172 4067 2485 4141 contingat.
2510 4080 2629 4139 qua
2648 4062 2928 4122 nimirum
2956 4069 3010 4119 et
3030 4060 3110 4132 id,
3141 4059 3297 4135 quod
3320 4058 3567 4133 optabat,
3596 4058 3884 4129 obtinuit;

2173 4166 2226 4219 et
2261 4160 2371 4217 hoc
2407 4159 2663 4232 insuper,
2697 4156 2846 4231 quod
2880 4170 2995 4213 non
3036 4153 3279 4226 petebat,
3309 4151 3523 4226 accepit
3561 4153 3712 4223 (Sap.
3757 4152 3885 4220 VII).

2175 4249 2396 4307 Verum
2443 4262 2547 4317 ego
2591 4250 2893 4304 contentus
2943 4258 3079 4313 uno,
3126 4255 3492 4315 nequaquam
3532 4238 3783 4297 delector
3830 4237 3885 4295 in

2175 4340 2352 4398 altero
2389 4358 2401 4396 :
2434 4345 2490 4395 et
2515 4337 2655 4395 dum
2696 4340 2906 4395 saneta:
2935 4332 3212 4393 orationis
3249 4336 3453 4389 vestrae
3482 4344 3701 4388 munus
3728 4328 3885 4388 ema-

2178 4429 2323 4503 gito,
2395 4428 2640 4501 totisque
2715 4423 3016 4482 desideriis
3100 4420 3434 4480 avidissime
3511 4418 3883 4490 concupisco,

2179 4515 2555 4592 quantumvis
2578 4513 2852 4583 arduum,
2883 4508 3312 4584 quantumlibet
3336 4513 3741 4578 sumptuosum
3772 4512 3874 4562 ter-

390 4608 475 4659 tas
503 4598 712 4658 obtulit
751 4619 762 4657 :
797 4597 938 4669 illic,
977 4598 1131 4672 quod
1168 4599 1348 4658 anxie
1386 4601 1762 4674 ﬂagitaverat.
1808 4599 1968 4658 nulla
2007 4587 2339 4665 ra-Drcnaa
2390 4603 2678 4662 facultatis
2733 4601 3098 4658 commodum
3161 4595 3535 4670 parvipendo.
3607 4592 3889 4663 Quamvis

392 4687 546 4746 tione
601 4686 910 4746 consensit.
964 4685 1236 4746 Salomon
1281 4694 1475 4746 autem
1536 4688 1594 4745 in
1662 4688 1936 4762 petitione
1997 4705 2101 4747 sua

390 4776 676 4835 duntaxat
710 4783 957 4849 utroque
997 4776 1217 4836 felicior
1253 4777 1494 4847 exstitit,
1537 4777 1637 4851 qui
1679 4783 1734 4835 et
1768 4792 1863 4834 cor
1895 4778 2095 4849 docile,

393 4864 548 4941 quod
592 4864 836 4935 volebat,
894 4869 949 4923 et
991 4864 1234 4937 gloriam
1277 4870 1450 4938 atque
1504 4864 1754 4934 divitias,
1799 4880 1942 4938 quas
1984 4880 2100 4923 non

391 4953 650 5029 petierat,
693 4952 1042 5026 impetravit.
1087 4954 1190 5012 Cui
1243 4951 1520 5011 nimirum
1574 4952 1775 5009 divina
1813 4967 1929 5011 vox
1966 4953 2043 5010 ait
2084 4977 2096 5011 :

399 5066 420 5092 ε
468 5043 609 5102 Ecce
656 5041 763 5101 feci
812 5042 916 5100 tibi
966 5042 1293 5101 secundum
1332 5057 1627 5100 sermones
1674 5048 1821 5111 tuos,
1872 5049 1939 5115 et
1973 5041 2105 5101 dedi

396 5134 502 5193 tibi
545 5150 643 5193 cor
679 5134 932 5208 sapiens,
964 5140 1021 5192 et
1058 5133 1421 5206 intelligens,
1456 5134 1514 5191 in
1553 5138 1774 5191 tantum
1805 5138 1868 5191 ut
1906 5131 2105 5191 nullus

393 5236 527 5287 ante
578 5237 629 5288 te
677 5228 887 5288 similis
946 5229 1028 5287 tui
1092 5229 1288 5299 fuerit,
1339 5244 1445 5286 nec
1486 5235 1610 5298 post
1646 5234 1701 5285 te
1744 5230 2106 5286 surrecturus

402 5318 477 5376 sit
536 5343 548 5378 :
605 5319 702 5377 sed
761 5326 817 5377 et
870 5320 1011 5389 haec,
1068 5334 1204 5394 quae
1260 5333 1371 5375 non
1428 5318 1744 5392 postulasti,
1800 5316 1927 5375 dedi
1980 5316 2101 5388 tibi,

398 5406 630 5466 divitias
675 5408 890 5467 scilicet
937 5413 991 5465 et
1028 5406 1306 5479 gloriam;
1356 5413 1418 5463 ut
1466 5419 1639 5464 nemo
1689 5405 1865 5465 fuerit
1896 5403 2105 5464 similis

399 5494 483 5552 tui
537 5494 597 5551 in
646 5497 882 5569 regibus
927 5495 1154 5555 cunctis
1207 5500 1358 5553 retro
1403 5493 1607 5553 diebus
1659 5498 1762 5563 (III
1810 5498 1941 5565 Reg.
2002 5506 2099 5564 III;

402 5588 537 5659 Sap.
572 5597 675 5657 vn,
720 5590 918 5645 Matth.
953 5592 1054 5659 Vl).
1096 5610 1115 5638 ι
1160 5584 1278 5646 Cur
1323 5591 1516 5645 autem
1554 5584 1659 5643 ista
1695 5584 2102 5660 prazmiserim,

400 5677 600 5753 paucis
645 5678 856 5753 aperio.
910 5679 1038 5738 Non
1085 5678 1302 5740 excidit
1352 5685 1566 5739 sanctae
1605 5677 1927 5754 prudentiae
1965 5684 2103 5752 tute,

2182 4694 2337 4751 enim
2380 4691 2627 4750 charitas
2673 4696 2859 4748 vestra
2908 4695 3021 4746 tam
3070 4685 3238 4760 plena
3287 4687 3357 4743 sit
3398 4688 3573 4756 atque
3618 4682 3886 4756 perfecta.

2183 4791 2248 4843 ut
2288 4784 2400 4850 his,
2429 4783 2525 4856 qui
2569 4782 2679 4839 sibi
2711 4780 3025 4839 familiares
3063 4794 3185 4836 esse
3228 4784 3543 4845 merentur,
3573 4783 3891 4848 utrumque

2184 4889 2405 4933 munus
2475 4872 2660 4931 libens
2726 4870 3033 4929 afﬂuenter
3098 4869 3429 4942 impertiat;
3491 4867 3633 4925 mihi
3697 4874 3885 4925 tamen

2189 4965 2329 5023 tanti
2372 4968 2455 5019 est
2489 4978 2698 5033 unum,
2728 4966 2792 5021 ut
2839 4961 3083 5019 alterum
3126 4976 3238 5018 non
3292 4958 3600 5033 requiram.
3642 4956 3891 5016 Sinistra

2188 5052 2404 5128 quippe
2457 5051 2706 5125 suspicio
2758 5050 2985 5125 pavida:
3043 5050 3252 5108 mentis
3303 5064 3513 5107 arcana
3565 5046 3890 5116 conturbat,

2187 5158 2262 5199 ne
2311 5141 2450 5199 dum
2510 5146 2732 5198 terrena
2787 5139 2931 5197 mihi
2994 5138 3234 5197 facultas
3276 5138 3534 5207 offertur,
3589 5136 3895 5211 spirituale

2187 5245 2404 5289 munus
2448 5229 2512 5286 in
2559 5228 2756 5301 aliquo
2808 5228 3125 5286 minuatur.
3180 5227 3323 5285 Nam
3371 5228 3427 5285 in
3490 5226 3898 5287 aestimationis

2189 5334 2335 5377 mese
2379 5317 2642 5377 lancibus
2679 5316 2916 5389 gravius
2952 5324 3149 5390 pensat
3180 5321 3391 5374 sanctae
3443 5316 3719 5374 orationis
3751 5313 3897 5373 obo-

2190 5408 2302 5478 lus,
2354 5422 2525 5481 quam
2584 5406 2711 5464 auri
2767 5406 3074 5473 talentum,
3128 5404 3211 5461 vel
3267 5404 3493 5478 copiosa
3548 5404 3895 5463 micantium

2189 5498 2499 5557 multitudo
2536 5511 2919 5571 gemmarum.
2963 5494 3115 5552 Illud
3163 5493 3381 5551 scilicet
3410 5510 3619 5552 aurum
3667 5508 3892 5568 qurere,

2188 5586 2331 5647 illud
2394 5585 2537 5644 mihi
2585 5586 2708 5644 dari
2758 5584 3211 5644 desiderabiliter
3256 5584 3617 5658 concupisco,
3658 5582 3727 5640 de
3775 5597 3896 5659 quo

2188 5677 2465 5753 scriptum
2504 5682 2589 5737 est
2628 5695 2641 5733 :
2689 5698 2709 5727 ι
2750 5675 2893 5747 Quia
2934 5675 3188 5734 seniores
3216 5673 3505 5733 habebant
3533 5671 3757 5747 phialas
3780 5686 3894 5731 au-
