4170 6462
363 241 471 303 373

1616 251 1841 315 LIBER
1881 254 2190 333 SEXTUS,
2231 257 2466 320 EPIST.
2510 259 2608 320 Iv.

3754 262 3857 321 374

365 379 493 427 reas
557 367 756 442 plenas
815 368 1338 444 odoramentorum,
1395 391 1529 450 qua:
1592 387 1727 437 sunt
1782 381 2132 444 orationesA
2223 386 2562 456 nasterium,
2615 390 2671 443 et
2723 385 3130 446 Cluniacenses
3191 390 3503 448 monachos
3571 388 3882 453 beneﬁcia

364 463 696 517 sanctorum
751 460 944 531 (Apoc.
998 463 1106 533 VI).
1147 485 1167 514 ι
1224 464 1349 523 Hoc
1391 482 1600 525 aurum
1649 469 1892 541 cunctis,
1941 487 2073 543 quze

366 548 678 608 desiderari
722 556 975 634 possunt,
1025 554 1508 627 acquisitionibus
1549 559 1810 632 praefero,
1845 561 1950 619 hoc
1979 563 2074 620 in-

368 637 597 696 hianter
643 637 974 712 amplector,
1033 641 1091 697 in
1155 641 1330 716 hujus
1388 647 1812 719 comparatione
1870 657 2075 708 cuncta

369 725 581 785 terreni
642 733 900 800 quastus
950 730 1250 788 commoda
1299 732 1669 805 ﬂoccipendo.
1723 737 1888 796 Unde
1938 754 2072 796 san-

369 819 474 871 ctae
534 813 827 871 charitatis
877 820 1012 876 tuae.
1042 819 1390 877 venerabilis
1445 821 1627 894 Pater,
1655 823 1906 898 imploro
1956 826 2074 884 cle-

372 904 668 972 mentiam,
701 911 762 961 ut
789 902 938 962 illud
969 911 1176 964 vestrze
1197 908 1524 980 sponsionis
1551 912 1899 985 indiculum,
1926 915 2075 972 sicut

371 993 434 1050 in
491 998 684 1049 sancto
726 991 1089 1052 Cluniacensi
1140 997 1486 1056 monasterio
1533 1000 1808 1074 scriptum
1859 1009 1959 1068 est,
1997 1004 2074 1062 ita

374 1081 781 1154 nihilominus,
832 1089 884 1140 et
919 1084 981 1141 in
1025 1084 1282 1159 reliquis,
1311 1103 1443 1162 quas
1485 1091 1807 1164 disciplinze
1868 1097 2075 1150 vestrae

372 1170 763 1245 subjiciuntur
825 1172 1086 1246 imperio,
1143 1177 1554 1238 conscribatur.
1615 1180 1822 1238 Adhuc
1879 1181 2076 1253 pietati

371 1268 487 1321 tua:
534 1261 835 1322 humiliter
881 1265 1077 1336 prodo,
1132 1267 1368 1340 vestigia
1419 1276 1513 1328 tua
1565 1275 1757 1328 sancta
1811 1271 1955 1330 fusis
1998 1272 2076 1330 la-

370 1354 587 1428 crymis
650 1354 990 1428 provolutus
1063 1357 1394 1433 amplector,
1445 1367 1511 1420 ut
1564 1363 1716 1437 quod
1775 1363 1918 1420 mihi
1976 1379 2077 1436 per

372 1444 580 1501 seriem
652 1444 1004 1504 memorialis
1065 1449 1292 1505 articuli
1355 1451 1623 1525 dignatus
1676 1469 1736 1512 es
1792 1454 2073 1528 polliceri,

365 1533 572 1606 jubeas
617 1533 789 1592 etiam
822 1551 922 1609 per
949 1536 1169 1611 reliqua
1226 1543 1587 1613 monasteria,
1621 1560 1752 1618 quae
1790 1546 1904 1604 tuis
1939 1551 2075 1604 sunt

2227 456 2564 534 contulerat.
2625 456 2733 516 Pro
2793 459 3027 534 quibus,
3085 466 3148 518 ut
3196 461 3460 534 aliquam,
3506 461 3564 534 _ei_
3609 460 3852 534 gratiam

2230 530 2526 606 referrent,
2560 545 2676 606 uno
2703 530 2966 606 omnium
2997 530 3567 606 consensu'polliciti
3603 530 3852 606 fuerant,

2229 601 2745 674 sibippsterisque
2795 601 2915 674 suis
2959 603 3084 674 ejus
3129 601 3346 661 obitus’
3367 602 3543 672 diem,
3592 601 3857 674 precibus

2227 671 2602 747 apudDeum
2640 671 2802 739 fusis,
2836 671 3155 747 solemnem
3192 675 3331 747 fore.
3363 674 3555 747 Hujus
3593 671 3857 745 promissi

2229 743 2386 818 (quia
2434 759 2770 819 supremum
2831 745 2940 803 sibi
2997 745 3150 803 diem
3205 745 3418 819 instare
3458 743 3854 819 praesenserat)

2228 816 2389 872 nunc
2437 829 2534 872 eos
2583 817 2852 875 admonet
2902 835 2915 873 :
2974 823 3049 888 et,
3100 823 3162 874 ut
3213 816 3385 874 ﬁdem
3420 816 3709 944 praestare.
3744 831 3858 873 non

2232 885 2524 944 negligant
2589 889 2958 944 vehementer
3028 889 3361 944 obtestatur.
3447 889 3559 944 {aee
3624 887 3858 944 epistola

2232 885 2524 958 negligant
2589 889 2958 946 vehementer
3028 885 3361 946 eb’testatur.
3420 885 3559 945 Haec
3624 885 3861 958 epistola

2226 957 2592 1029 potissimum
2630 958 2688 1015 in
2723 960 3242 1018 commemorandis
3279 959 3616 1018 eorumdem
3658 957 3860 1014 mona-

2227 1029 2468 1085 chorum
2530 1029 2819 1100 laudibus,
2878 1040 2932 1090 et
2988 1032 3093 1088 loci
3158 1031 3318 1088 illius
3371 1031 3668 1088 sanctitate
3726 1045 3857 1086 ver-

2229 1106 2404 1157 satur.

2229 1189 2453 1248 Domno
2515 1189 2583 1250 U.
2634 1191 2978 1265 archangelo
3046 1193 3482 1263 monachorum,
3549 1200 3863 1266 sanctoque

2156 1278 2488 1349 conventui,
2547 1278 2775 1338 PETHUS
2847 1288 3100 1353 peccator
3186 1281 3502 1340 monachus
3575 1278 3858 1356 quidquid

2157 1382 2381 1427 servus.
3544 1446 3546 1448 ν

2231 1455 2536 1530 Postquam
2621 1457 2803 1514 feram
2878 1459 3055 1516 semel
3141 1466 3376 1516 venator
3457 1458 3751 1531 illaqueat,
3814 1457 3863 1514 si

2159 1560 2378 1602 nexum
2411 1544 2535 1617 ejus
2573 1544 2815 1618 pedibus
2852 1545 3055 1620 injicit,
3093 1547 3213 1618 jam
3252 1547 3379 1604 sine
3430 1547 3706 1619 perdendi
3748 1545 3864 1604 for-

371 1623 599 1699 legibus
647 1626 918 1701 subjecta,
964 1630 1286 1690 transcribi.
1317 1632 1479 1701 Quod
1523 1635 1573 1692 si
1624 1635 1915 1709 petitionis
1958 1637 2076 1695 hu-
2160 1633 2378 1691 midine
2426 1632 2657 1706 longius
2708 1649 2832 1692 eam
2878 1635 3107 1706 evagari
3151 1635 3258 1692 sub
3305 1636 3553 1708 quadam
3607 1634 3866 1693 libertate

367 1713 464 1786 jus
503 1715 768 1807 effectum
815 1717 1064 1807 rusticus
1114 1735 1299 1778 sermo
1342 1738 1458 1780 non
1505 1723 1787 1798 impetrat,
1825 1724 2136 1807 SpiritusB
2166 1720 2458 1794 permittit.
2491 1721 2545 1778 Is
2586 1722 2780 1792 etiam,
2811 1722 2913 1798 qui
2951 1721 3199 1795 aucupio
3237 1723 3566 1792 delectatur,
3597 1722 3738 1782 dum
3776 1723 3869 1780 in-

371 1811 606 1862 sanctus
649 1806 749 1878 qui
795 1805 875 1865 tui
923 1809 1166 1879 pectoris
1213 1811 1528 1870 sacrarium
1576 1814 1847 1887 possidet,
1888 1805 2123 1888 preci:
2155 1811 2305 1884 jecto
2344 1811 2604 1869 funiculo
2642 1810 2882 1884 pedibus
2925 1818 3074 1868 tenet
3102 1813 3417 1882 volucrem,
3452 1827 3689 1870 securus
3729 1827 3869 1870 avo-

372 1892 483 1952 bus
539 1902 590 1952 te
642 1895 784 1953 meis
836 1911 1092 1956 annuere
1142 1899 1453 1959 clementer
1499 1902 1758 1977 inspiret.
1814 1904 1886 1962 Ut
1933 1905 2082 1963 sicut
2161 1900 2320 1959 landi
2384 1901 2573 1958 datam
2637 1901 2873 1958 simulat
2930 1900 3299 1971 facultatem;
3354 1908 3408 1960 et
3473 1902 3574 1959 illa
3637 1901 3868 1975 quidem

371 1997 476 2052 ego
510 1998 612 2055 pro
637 1983 801 2042 vobis
829 2001 944 2044 non
977 1985 1238 2045 dubitavi
1265 2003 1473 2062 corpus
1505 2004 1701 2048 meum
1747 1991 2080 2050 crudelibus
2161 1989 2356 2063 fugam
2399 1995 2594 2059 tentat,
2623 1989 2850 2047 alarum
2893 1989 3060 2046 librat
3083 2006 3159 2047 ex
3189 2006 3349 2048 moro
3387 1991 3698 2063 remigium
3726 2011 3738 2048 :
3772 1991 3871 2049 sed

371 2071 576 2128 offerre
620 2073 930 2144 periculis;
969 2074 1044 2134 ita
1088 2092 1188 2149 per
1217 2093 1319 2136 vos
1364 2095 1610 2152 superna
1647 2080 1950 2138 clementia
1999 2081 2082 2138 di-
2159 2079 2302 2137 dum
2340 2078 2578 2136 exsilire
2618 2086 2878 2148 conatur,
2919 2094 3141 2151 aucupe
3180 2079 3506 2138 funiculum
3558 2080 3872 2153 stringente

369 2166 580 2232 gnetur
620 2161 876 2220 animam
913 2181 1097 2223 meam
1127 2166 1198 2224 ab
1231 2167 1619 2228 infernalibus
1670 2170 1916 2229 liberare
1962 2176 2079 2228 tor-
2161 2168 2490 2226 retrahitur.
2525 2167 2640 2224 Vos
2696 2167 2865 2224 etiam
2923 2183 3012 2224 me
3076 2172 3198 2225 tuto
3245 2167 3316 2224 ad
3377 2168 3602 2241 propria
3652 2167 3874 2226 remisi-

373 2249 603 2319 mentis,
636 2257 691 2307 et
723 2267 823 2325 per
854 2260 1055 2330 vestrze
1082 2255 1408 2329 scriptionis
1445 2257 1756 2318 articulum
1793 2259 2081 2319 conscribi
2161 2257 2284 2327 stis,
2323 2271 2500 2330 quem
2539 2256 2805 2314 videlicet
2840 2255 3068 2329 glutino
3118 2264 3325 2314 vestrae
3361 2257 3656 2315 charitatis
3701 2257 3870 2315 astri-

371 2351 595 2396 merear
621 2338 681 2398 in
718 2348 868 2400 sorte
893 2341 1207 2416 justorum.

957 2432 1322 2494 EPISTOLA
1378 2435 1479 2494 III.

746 2515 821 2560 AD
855 2515 1101 2563 EUMDEM
1131 2518 1374 2565 UGONEM
1407 2522 1700 2567 ABBATEM.

369 2591 813 2674 Aseumss'ruivi.
865 2625 908 2674 —_
958 2594 1239 2668 Ugonem,
1298 2607 1357 2654 ut
1404 2597 1569 2656 facile
1619 2600 1826 2672 conjici
1877 2606 2078 2674 potest,

441 2663 706 2746 abbatem
744 2663 1178 2746 Qluniare‘nsem
1215 2663 1661 2746 quantoamore
1689 2663 2078 2746 prosequitur,

439 2735 706 2805 ostendit,
739 2737 1031 2811 simulque
1060 2735 1248 2796 eidem
1288 2740 1636 2798 Damianum
1673 2735 1848 2801 suum
1874 2735 1951 2800 ’ex
1985 2735 2078 2800 80-3

441 2820 568 2889 rore
652 2815 936 2889 nepotem,
1003 2826 1181 2889 quem
1244 2811 1301 2889 in
1370 2811 1613 2870 Galliam
1679 2814 1748 2871 ad
1793 2813 2080 2889 liberales

441 2882 634 2958 artes.
685 2879 1089 2958 perdiscendus
1179 2881 1433 2952 miserat,
1503 2885 1907 2958 commendat;
2016 2891 2081 2943 ut

440 2951 565 3018 ejus
621 2951 699 3032 in_
742 2951 1035 3032 omnibus,
1072 2959 1212 3032 ‘tam
1277 2951 1425 3032 qua?
1465 2955 1535 3012 ad
1592 2957 1845 3030 corporis
1896 2951 2076 3031 quam

440 3034 576 3093 quae
631 3022 702 3078 ad
754 3023 937 3080 animi
994 3023 1216 3082 cultum
1271 3022 1584 3097 pertinent,
1643 3022 1843 3086 curam
1895 3022 2073 3101 gerat.

443 3110 853 3179 (94)....

368 3199 685 3270 obliterata,
744 3219 920 3277 quam
974 3221 1046 3262 ex
1102 3205 1347 3275 intimis,
1405 3213 1468 3263 ut
1519 3207 1600 3264 ita
1650 3208 1870 3282 loquar,
1927 3208 2074 3266 ceris

373 3288 514 3349 1'78
572 3295 678 3350 mei
734 3295 978 3366 pectoris
1029 3296 1241 3354 abolita
1283 3297 1460 3355 :imo
1513 3299 1572 3354 in
1619 3305 1834 3372 quanta
1892 3299 2074 3357 bene-

369 3385 621 3445 dictione
658 3400 869 3444 nomen
915 3392 1081 3444 tuum
1113 3387 1186 3444 sit
1218 3387 1280 3444 in
1310 3402 1407 3444 ore
1441 3402 1586 3456 meo,
1627 3386 1864 3461 quantis
1901 3387 2071 3445 etiam

368 3473 666 3547 angelicus
717 3481 852 3533 tuus
906 3474 1003 3532 ille
1056 3481 1376 3534 conventus
1427 3477 1578 3548 apud
1634 3492 1726 3534 me
1770 3474 2075 3549 praeconiis

371 3565 711 3634 celebretur,
746 3570 914 3623 testes
943 3570 1080 3624 sunt
1110 3572 1167 3622 et
1205 3565 1306 3639 qui
1355 3565 1499 3623 mihi
1540 3565 1601 3622 in
1647 3565 1859 3624 Christi
1893 3565 2075 3624 servi-

374 3658 495 3711 tute
534 3653 881 3724 cohabitant,
911 3659 966 3711 et
1003 3653 1101 3726 qui
1145 3667 1235 3709 me
1273 3668 1374 3725 pro
1411 3652 1536 3725 ejus
1574 3669 1767 3712 amore
1802 3654 2076 3730 frequen-

373 3746 513 3798 tant.
546 3741 702 3814 Bogo
757 3747 1034 3814 praeterea
1088 3742 1402 3800 sanctitatis
1452 3748 1658 3801 vestrae
1705 3743 2076 3801 clementiam

372 3845 545 3902 super
595 3829 1017 3889 adolescentulo
1085 3831 1215 3900 isto,
1284 3832 1528 3889 uterinaa
1592 3831 1859 3889 videlicet
1934 3847 2077 3889 meae

373 3921 584 3976 sororis
622 3919 763 3990 ﬁlio,
795 3927 857 3976 ut
894 3919 980 3977 illi
1019 3920 1379 3993 magistrum,
1421 3919 1592 3978 simul
1625 3927 1680 3977 et
1720 3920 1935 3980 victum
1975 3935 2076 3994 pa-

372 4011 534 4065 terna
589 4008 795 4081 pietate
855 4009 1146 4081 provideat
1200 4033 1212 4066 :
1264 4016 1320 4067 et
1365 4009 1590 4078 rudem,
1622 4009 2078 4082 imperitumque

373 4096 711 4169 suscipiens,
759 4112 826 4155 ac
863 4099 1021 4156 velut
1063 4098 1238 4156 Jacob
1287 4099 1493 4156 baculo
1534 4096 1874 4172 simpliciter
1915 4099 2076 4157 inni-

374 4193 589 4244 tentem
647 4189 797 4259 (Gen.
856 4190 1071 4260 XXXII),
1120 4188 1190 4244 ad
1238 4187 1466 4260 propria
1522 4187 1886 4260 postmodum
1943 4205 2075 4250 cum

373 4277 604 4350 gemina
638 4276 814 4344 trivii,
851 4278 942 4335 vel
981 4277 1293 4352 quadrivii,
1333 4293 1514 4335 uxore
1553 4278 1820 4337 remittat.
1861 4279 1926 4337 In
1972 4280 2081 4341 hoc

374 4364 554 4438 igitur
594 4381 771 4438 puero
812 4366 1122 4440 imaginem
1175 4382 1363 4424 meam
1416 4368 1735 4440 respice,in
1795 4369 1902 4427 hoc
1951 4385 2078 4442 spe-

374 4457 517 4514 ciem
561 4455 670 4513 mei
729 4456 927 4514 vultus
975 4456 1203 4514 attende
1245 4480 1256 4512 :
1298 4464 1351 4514 et
1386 4457 1668 4531 quidquid
1717 4457 1799 4514 illi
1851 4457 2151 4531 pietatisD

374 4546 704 4620 impensum
733 4546 928 4615 fuerit,
959 4562 1073 4604 non
1103 4546 1232 4615 sibi,
1269 4547 1367 4604 sed
1397 4547 1541 4604 mihi
1574 4563 1808 4620 prorsus
1832 4549 2073 4606 ascribe.

374 4635 418 4694 O
479 4637 699 4694 utinam
763 4635 986 4693 mittere
1045 4635 1148 4693 tibi
1205 4651 1446 4709 possem,
1492 4652 1628 4710 quas
1681 4636 1892 4694 sanctis
1939 4636 2077 4695 Clu-

377 4724 744 4783 niacensibus
824 4724 1044 4798 scripsi,
1123 4725 1210 4781 vel
1278 4725 1390 4782 alia
1468 4725 1670 4793 multa,
1747 4741 1882 4798 quae
1953 4730 2080 4799 post

374 4813 578 4872 Gallia:
630 4813 881 4871 reditum
931 4829 1002 4871 ex
1065 4813 1311 4872 diversis
1375 4814 1722 4873 thematibus
1794 4813 2074 4872 exaravi!

373 4903 750 4976 Omnipotens
787 4901 943 4961 Deus
979 4907 1052 4971 te,
1085 4903 1431 4960 venerabilis
1462 4903 1645 4976 Pater,
1674 4903 1742 4960 ad
1774 4917 2079 4961 servorum

374 5008 615 5051 suorum
635 4991 952 5050 custodiam
977 4990 1202 5049 diutius
1226 5001 1415 5051 servet
1441 4993 1816 5061 incolumem,
1835 4999 1890 5050 et
1914 5008 2082 5065 ange-

376 5081 544 5139 licam
574 5081 771 5139 vultus
801 5081 884 5138 tui
911 5081 1157 5154 speciem
1183 5097 1274 5139 me
1302 5081 1468 5139 faciat
1497 5081 1690 5140 videre
1716 5089 2077 5154 praesentem.

373 5257 450 5304 AD
505 5255 748 5302 EUMDEM
802 5169 1668 5372 ΠρΟΝέΜΡὲΞΞςῖϐΞΞζᾶυερυε
1731 5254 2084 5302 MONASTERII

1153 5329 1231 5371 iA
1387 5359 1399 5372 .

1153 5329 1399 5372 NACHOS.

920 3157 932 3171 .
996 3111 1276 3172 Sanctitas
1331 3115 1552 3187 intulit,
1615 3133 1791 3190 quam
1839 3103 2132 3191 prorsusC

2160 2352 2318 2403 ctum
2363 2343 2755 2402 insolubiliter
2799 2342 3075 2401 retinetis.
3111 2343 3257 2400 Nam
3313 2344 3578 2402 recedere
3630 2343 3870 2419 quidem

2161 2450 2394 2508 corpore
2447 2434 2625 2508 potui,
2679 2433 2777 2492 sed
2825 2441 3017 2491 mente
3063 2433 3133 2491 de
3182 2434 3388 2492 vestris
3437 2433 3709 2493 manibus
3759 2449 3872 2492 non

2161 2522 2340 2581 exivi.
2375 2522 2458 2579 Ita
2495 2538 2700 2596 nempe
2733 2521 3012 2580 mirandae
3046 2523 3503 2582 conversationis
3541 2531 3746 2582 vestrae
3780 2541 3873 2583 me

2162 2614 2355 2669 viscus
2403 2611 2738 2681 obstrinxit,
2787 2611 3065 2682 angelicae
3121 2611 3254 2668 vitae
3302 2611 3579 2684 coagulus
3626 2611 3872 2685 aggluti-

2161 2701 2341 2772 navit,
2381 2701 2624 2759 sincerae
2679 2700 2971 2758 charitatis
3023 2701 3265 2774 laqueus
3312 2700 3580 2770 irretivit,
3613 2709 3674 2759 ut
3727 2701 3871 2760 faci-

2161 2790 2276 2850 lius
2313 2791 2525 2848 suimet
2559 2789 2842 2859 oblivisci,
2896 2805 3072 2863 quam
3109 2806 3142 2846 a
3175 2796 3360 2849 vestra
3392 2791 3672 2850 memoria
3708 2806 3874 2850 mens

2161 2896 2290 2938 mea
2351 2876 2491 2934 1'79
2549 2879 2726 2953 possit
2780 2879 2974 2937 avelli.
3010 2878 3143 2937 Vidi
3197 2878 3486 2954 siquidem
3539 2879 3869 2954 paradisum

2160 2978 2410 3044 quatuor
2448 2969 2899 3041 Evangeliorum
2947 2969 3184 3026 ﬂuentis
3229 2969 3536 3042 irriguum,
3581 2969 3700 3027 imo
3737 2970 3867 3028 toti-

2161 3062 2293 3119 dem
2351 3057 2738 3131 spiritualium
2793 3058 2934 3116 rivis
2988 3057 3306 3116 exuberare
3374 3059 3703 3116 virtutum:
3753 3057 3873 3116 vidi

2167 3150 2398 3208 hortum
2455 3147 2796 3206 deliciarum
2853 3146 3111 3204 diversas
3176 3161 3438 3205 rosarum
3492 3162 3557 3204 ac
3613 3146 3873 3206 liliorum

2163 3240 2375 3314 gratias
2427 3239 2872 3313 germinantem,
2943 3246 2998 3294 et
3058 3237 3368 3296 melliﬂuas
3430 3244 3754 3297 aromatum
3809 3254 3876 3297 ac

2165 3329 2591 3402 pigmentorum
2633 3326 2976 3400 fragrantias
3014 3325 3268 3384 suaviter
3305 3326 3678 3398 redolentem,
3709 3333 3774 3384 ut
3805 3327 3875 3385 de

2165 3416 2268 3474 illo
2322 3433 2454 3475 vere
2507 3416 2689 3473 valeat
2744 3415 2894 3472 Deus
2949 3417 3312 3488 omnipotens
3362 3414 3553 3472 dicere
3601 3437 3613 3471 :
3671 3438 3690 3464 ι
3732 3415 3874 3473 Ecce

2165 3507 2305 3565 odor
2361 3504 2470 3562 ﬁlii
2526 3503 2639 3561 mei
2688 3503 2836 3561 sicut
2888 3503 3028 3561 odor
3070 3504 3193 3576 agri
3236 3503 3414 3577 pleni,
3445 3503 3539 3562 cui
3574 3503 3874 3562 benedixit

2165 3594 2451 3654 Dominus
2501 3595 2652 3665 (Gen.
2691 3594 2904 3663 XXVII).
2940 3614 2960 3642 ι
3001 3591 3072 3649 Et
3115 3591 3252 3664 quid
3291 3591 3453 3650 aliud
3497 3592 3873 3652 Cluniacense

2166 3680 2604 3752 monasterium,
2655 3679 2767 3736 nisi
2806 3695 3009 3751 agrum
3047 3678 3281 3737 Domini
3320 3677 3560 3752 plenum
3597 3679 3872 3753 dixerim,

2165 3771 2269 3832 ubi
2323 3771 2484 3828 velut
2529 3785 2770 3826 acervus
2827 3777 2910 3825 est
2965 3767 3284 3826 ccelestium
3314 3757 3618 3841 'segetum,
3661 3769 3874 3828 chorus

2167 3869 2247 3922 tot
2288 3864 2348 3920 in
2386 3860 2660 3919 charitate
2697 3857 3030 3931 degentium
3081 3857 3541 3916 monachorum?
3569 3860 3725 3932 Ager
3771 3860 3872 3918 ille

2165 3953 2503 4030 quotidiano
2528 3958 2738 4008 sanctae
2763 3948 3188 4022 praedicationis
3227 3948 3420 4022 ligone
3448 3949 3870 4022 praescinditur,

2166 4051 2222 4101 et
2279 4043 2341 4100 in
2407 4057 2472 4099 eo
2526 4039 2774 4098 cmlestis
2827 4037 3043 4112 eloquii
3108 4037 3329 4096 semina
3389 4047 3872 4111 consperguntur.

2165 4133 2292 4192 Illic
2336 4130 2723 4206 spiritualium
2779 4130 3013 4203 frugum
3065 4135 3378 4202 proventus
3427 4130 3738 4202 aggeritur,
3809 4137 3874 4188 ut

2166 4222 2390 4280 horreis
2431 4220 2800 4294 postmodum.
2837 4217 3168 4277 coelestibus
3205 4218 3503 4276 inferatur.
3536 4217 3701 4276 Unde
3738 4235 3872 4276 cum

2165 4317 2242 4382 te,
2279 4311 2418 4370 felix
2458 4311 2748 4381 Cluniace,
2792 4309 3111 4377 considero,
3154 4309 3259 4366 hoc
3296 4308 3400 4366 tibi
3437 4324 3650 4367 nomen
3689 4309 3874 4382 impo-

2167 4400 2342 4459 situm
2403 4416 2519 4458 non
2577 4401 2702 4457 sine
2759 4398 2943 4456 divini
2995 4397 3258 4471 praesagii
3318 4397 3690 4471 dispositione
3749 4413 3873 4471 per-

2163 4490 2369 4564 pendo.
2403 4489 2525 4547 Hoc
2578 4489 2790 4563 quippe
2845 4487 3192 4545 vocabulum
3238 4503 3309 4544 ex
3363 4487 3636 4546 clunibus
3670 4494 3724 4544 et
3767 4502 3874 4544 acu

2161 4578 2549 4652 componitur,
2608 4592 2708 4650 per
2771 4575 2923 4650 quod
2995 4575 3256 4633 videlicet
3329 4575 3620 4632 arantium
3695 4575 3874 4634 boum

2161 4667 2505 4726 exercitium
2545 4666 2896 4738 designatur.
2938 4664 3048 4723 Bos
3077 4664 3236 4722 enim
3268 4663 3330 4721 in
3359 4662 3636 4721 clunibus
3671 4663 3872 4722 aculeo

2162 4757 2442 4833 puugitur
2492 4763 2557 4815 ut
2613 4764 2871 4813 aratrum
2932 4755 3137 4824 trahat,
3195 4760 3249 4811 et
3307 4767 3445 4809 arva
3520 4751 3866 4825 proscindat.

2163 4845 2290 4904 Illic
2331 4845 2490 4903 enim
2516 4842 2757 4903 humani
2783 4841 2970 4901 cordis
2998 4857 3133 4914 ager
3160 4839 3464 4909 excolitur,
3521 4839 3678 4898 unde
3713 4855 3875 4912 seges

2162 4934 2266 4994 illa
2303 4933 2614 5009 colligitur,
2647 4949 2779 5008 quae
2817 4929 3195 5005 proniptuarii
3233 4927 3480 4987 ccelestis
3515 4929 3739 4988 aedibus
3779 4929 3872 4987 in-

2165 5023 2504 5082 sarcinatur.
2538 5021 2666 5081 Illic
2703 5021 2938 5079 aculeus
2973 5018 3072 5075 ille
3103 5018 3290 5077 bobus
3329 5018 3630 5092 infligitur,
3661 5018 3731 5076 de
3759 5034 3878 5092 quo

2167 5111 2522 5186 superbienti
2567 5110 2759 5168 adhuc
2799 5107 2974 5167 Saulo
3009 5106 3229 5166 dictum
3260 5115 3344 5165 est
3384 5132 3394 5164 :
3446 5134 3473 5156 ‹‹
3507 5107 3735 5165 Durum
3792 5113 3879 5165 est

2167 5203 2273 5260 tibi
2317 5208 2513 5259 contra
2560 5197 2862 5257 stimulum
2911 5196 3208 5256 calcitrare
3260 5199 3400 5271 (Act.
3442 5199 3545 5268 IX).
3595 5218 3616 5247 ι
3655 5195 3761 5254 Ille
3801 5196 3878 5255 si-

2169 5291 2405 5366 quidem
2464 5298 2738 5361 tanquam
2789 5287 3074 5361 superbus
3128 5294 3184 5344 et
3228 5287 3392 5344 ferox
3433 5286 3623 5346 adhuc
3675 5293 3876 5347 taurus

373 5408 820 5466 ARGUMENTUM.
853 5436 914 5447 __
949 5404 1151 5461 Dm“.
1189 5401 1586 5461 sanctissimus
1631 5419 1762 5462 cum
1802 5403 1863 5462 in
1902 5401 2089 5464 Gallia
2169 5398 2362 5441 aream
2403 5380 2652 5451 Domini,
2687 5395 2818 5455 quae
2847 5385 2930 5438 est
2969 5377 3241 5443 Ecclesia,
3283 5376 3570 5466 superbiae
3602 5377 3876 5437 cornibus

446 5465 597 5537 sedis
632 5477 954 5552 apostolirar
1004 5479 1219 5546 ετ-μιιςς
1264 5481 1603 5548 versaretur,
1643 5475 1828 5536 multa
1866 5475 1928 5535 in
1963 5490 2088 5535 mo-
2171 5469 2528 5542 ventilabat;
2560 5469 2658 5530 sed
2681 5469 2823 5545 jugo
2847 5468 2986 5529 ﬁdei
3013 5466 3296 5528 divinitus
3329 5465 3622 5539 subditur,
3654 5473 3720 5527 ut
3748 5483 3879 5526 ara-

440 5577 890 5644 (9-t)_PrincipiunI
925 5578 1262 5630 desideratur
1284 5573 1340 5630 in
1363 5573 1484 5631 M88.
