4170 6462
349 269 457 327 375

873 268 932 326 S.
975 266 1197 327 PETRI
1235 260 1559 323 DAMIANI
1596 230 1752 318 QPP.
1797 230 1989 319 PARS
2031 227 2171 318 SEU
2208 224 2462 325 ‘TOM‘U‘S
2488 226 2548 325 VI.
2597 299 2657 309 —
2699 267 2934 330 EPIST.
2979 266 3121 328 LIB.
3166 263 3323 324 VIII.

3746 260 3850 324 376

354 386 510 455 truIn
563 394 627 454 in
681 408 818 468 agro
873 392 1107 452 Domini
1162 391 1385 479 trahere
1439 385 1830 479 compellatur.
1889 356 2520 479 UndeAlisadversus
2551 374 2856 465 potestates
2886 374 3080 452 aereas
3108 366 3677 479 colluctat'urnvaon
3702 368 3786 465 est
3823 415 3842 439 ι

350 482 720 559 postmodum
746 481 817 540 de
848 477 1400 554 evangelizantibus,
1430 483 1708 550 tanquam
1735 474 1807 532 de
1837 474 2057 533 aranti-

344 572 465 631 'bus
499 571 638 630 dicit
669 589 682 628 :
718 593 740 622 ι
776 567 953 628 Debet
980 568 1139 626 enim
1183 566 1245 624 in
1284 581 1400 639 spe,
1449 562 1551 636 qui
1587 565 1730 632 arat,
1768 576 1972 631 arare;
2006 565 2061 619 et

350 661 452 737 qui
496 660 741 729 triturat,
773 658 833 715 in
875 672 972 731 spe
1012 657 1231 715 fructus
1264 650 1615 728 percipiendi
1655 655 1704 718 (1
1737 652 1855 708 Cor.
1884 657 1995 708 1111.
2029 674 2055 702 ιι

354 750 436 810 De
483 749 591 807 hoc
642 754 829 805 aratro
879 745 1208 804 Dominus:
1244 742 1497 811 «Nemo,
1555 739 1766 814 inquit,
1829 738 2062 811 mittens

353 851 597 897 manum
633 850 794 896 suam
839 836 903 893 in
939 840 1217 901 aratrum,
1248 837 1304 890 et
1339 827 1649 903 respiciens
1686 834 1858 898 retro,
1898 835 2064 902 aptus

353 934 440 986 est
483 940 660 999 regno
705 923 809 984 Dei
854 927 1008 994 (Luc.
1036 927 1152 992 ix).
1198 940 1225 973 ι)
1277 917 1442 992 Legis
1491 923 1749 975 aratrum
1808 917 2064 974 trahebat

353 1016 703 1077 Israeliticus
759 1013 1010 1089 populus
1058 1027 1158 1086 per
1210 1011 1522 1080 desertum,
1554 1023 1687 1066 cum
1745 1007 1879 1065 hinc
1925 1022 2060 1065 eum

354 1107 577 1168 Pharao
618 1105 949 1165 durissimae
996 1101 1291 1161 servitutis
1326 1099 1525 1158 aculeo
1567 1104 1866 1172 pungeret,
1900 1095 2063 1156 illinc

354 1204 549 1260 autem
597 1196 824 1270 Moyses
872 1191 1168 1267 praeceptis
1219 1188 1567 1257 ccelestibus,
1603 1187 1767 1261 quasi
1819 1185 2061 1260 quibus-

354 1288 489 1346 dam
535 1285 777 1346 funibus
832 1286 1179 1359 provocaret.
1212 1279 1320 1337 Ille
1375 1277 1758 1338 construendo
1812 1276 1934 1333 luto
1977 1283 2061 1332 at-

353 1391 468 1451 que
506 1374 782 1433 lateribus
818 1371 1011 1442 urbes,
1042 1385 1180 1429 eum
1218 1368 1380 1443 quasi
1417 1373 1538 1441 post
1572 1373 1727 1438 terga
1762 1364 2013 1424 cadebat
2045 1389 2058 1423 :

351 1465 462 1524 iste
518 1460 908 1538 promittendo
960 1466 1168 1519 terram
1221 1458 1382 1516 lactis
1434 1472 1501 1515 ac
1553 1455 1766 1525 mellis,
1808 1452 2064 1528 prmvius

354 1553 674 1613 attrahebat
716 1572 730 1609 :
768 1568 875 1611 nos
913 1558 1108 1610 autem
1146 1549 1248 1625 qui
1285 1547 1348 1606 in
1395 1563 1530 1622 agro
1567 1545 1858 1616 Ecclesiae,
1899 1545 2064 1618 quasi

353 1644 641 1704 Dominici
689 1642 864 1702 boves
908 1656 1161 1711 aramus,
1194 1646 1332 1699 tunc
1376 1638 1436 1696 in
1482 1637 1892 1713 posterioribus
1925 1652 2064 1695 acu-

2141 478 2295 536 enim
2339 502 2367 534 «
2398 481 2565 555 nobis
2595 483 3229 563 colluctatioadversus
3267 474 3583 549 carnemlel
3612 480 3849 555 εθυὲιὶί·

2142 582 2306 639 110111,
2371 570 2469 628 sed
2543 572 2822 632 adversus
2888 566 3093 632 mundi
3163 577 3409 630 rectores
3484 570 3849 653 tenebrarum

2144 657 2373 731 harum,
2428 667 2627 720 contra
2680 664 3001 737 spiritualia
3075 662 3355 736 nequitiae
3408 662 3470 722 in
3526 658 3854 721 coelestibus

2146 747 2363 818 (Ephes.
2394 749 2491 821 v1).
2532 775 2550 798 υ
2584 736 2912 810 11110108110
2933 767 3049 810 11011
3077 750 3177 810 1110
3203 750 3452 820 Βο1111111,
3477 748 3576 806 sed
3607 736 3855 808 ccclesiis

2144 834 2346 893 ductor
2396 838 2704 911 exercitus,
2736 846 2792 899 et
2837 841 2938 916 qui
2983 840 3377 912 spiritualium,
3413 838 3726 898 instructor
3770 843 3851 896 est

2144 921 2511 996 bellatorum,
2563 942 2699 985 suos
2732 928 2929 987 edocet
2977 928 3212 1001 milites,
3272 927 3549 1002 superbas
3593 927 3854 1001 quinque

2144 1029 2343 1087 regum
2421 1015 2640 1075 calcare
2712 1019 2965 1077 cervices
3022 1039 3034 1077 :
3094 1034 3267 1093 super
3335 1033 3483 1092 quos
3567 1014 3852 1097 nimirum

2147 1106 2558 1180 triumphalem
2632 1116 2953 1169 noscuntur
3030 1110 3291 1168 obtinere
3360 1106 3687 1183 lvictoriam,
3748 1105 3852 1179 qui

2148 1196 2381 1255 totidem
2444 1213 2650 1273 sensus
2704 1215 3016 1274 corporum
3052 1215 3180 1277 ,per
3232 1197 3507 1279 districtze
3576 1193 3853 1279 custodia}

2146 1286 2416 1344 cohibent
2466 1272 2852 1361 diSciplinam.
2885 1288 3012 1347 Illic
3052 1272 3273 1347 moenia
3304 1272 3535 1346 Jericho
3579 1272 3853 1367 tubarum

2145 1373 2513 1447 clangoribus
2539 1382 2838 1450 corruunt,
2872 1386 2927 1436 et
2952 1377 3297 1437 habitatores
3321 1376 3446 1449 ejus
3466 1373 3855 1433 Israelitarum

2145 1463 2354 1539 gladiis
2405 1464 2811 1541 perimuntur.
2861 1464 2987 1524 Illic
3039 1464 3212 1537 Josue
3263 1463 3594 1539 terribiliter
3638 1460 3856 1535 impre-

2145 1557 2319 1613 catur,
2364 1571 2377 1609 :
2439 1573 2458 1603 α
2512 1551 2872 1625 Maledictus,
2932 1552 3147 1627 inquit,
3207 1551 3300 1609 vir
3351 1566 3542 1609 coram
3585 1550 3854 1619 Domino,

2138 1639 2248 1717 qui
2303 1642 2686 1716 suscitaverit,
2732 1649 2787 1701 et
2830 1643 3206 1702 aediﬁcaverit
3257 1641 3549 1701 civitatem
3602 1636 3852 1701 Jericho.

354 1733 446 1794 leo
483 1733 819 1809 pungimur,
861 1747 992 1793 cum
1033 1726 1240 1790 ultima
1292 1727 1564 1802 postremi
1597 1726 1799 1803 judicii
1837 1726 2641 1815 discus-'BIn‘primogenito
2690 1748 2795 1792 suo
2840 1732 3217 1815 fundamenta
3262 1731 3439 1791 illius'
3463 1724 3652 1805 jaeiat,
3684 1737 3740 1787 et
3795 1736 3858 1787 in

355 1825 519 1884 sione
562 1828 865 1883 terremur.
908 1820 975 1879 In
1019 1817 1427 1892 posterioribus
1467 1833 1571 1876 nos
1607 1816 1849 1876 aculeus
1880 1821 2060 1874 terro-

353 1913 435 1972 ris
485 1912 757 1987 exagitat,
810 1919 876 1971 ut
924 1911 1123 1969 cervix
1178 1914 1371 1967 nostra
1428 1910 1570 1982 jugo
1637 1907 1856 1966 divinae
1922 1906 2065 1980 legis

351 2003 541 2064 attrita
586 2000 877 2077 [astricta],
916 2000 979 2058 in
1024 1997 1317 2057 laboribus
1355 2012 1473 2056 non
1513 1996 1797 2056 lassescat.
1841 1995 2064 2055 Conve-

350 2094 578 2153 nienter
624 2093 819 2166 itaque
876 2088 1221 2151 Cluniacum
1272 2102 1499 2161 agrum,
1543 2086 1816 2157 dixerim,
1846 2087 1904 2144 in
1951 2100 2066 2159 quo

352 2183 625 2245 videlicet
673 2180 953 2243 Dominici
996 2179 1174 2238 boves
1224 2177 1657 2251 infatigabiliter
1693 2183 1878 2247 arant,
1921 2176 2063 2233 dum

350 2289 450 2332 eos
504 2272 689 2331 divini
746 2271 981 2347 terroris
1030 2269 1266 2328 aculeus
1321 2268 1581 2327 stimulat
1612 2291 1624 2326 :
1655 2272 1710 2325 et
1749 2266 1907 2325 velut
1954 2281 2061 2323 acu

350 2360 619 2421 clunium
669 2375 797 2432 pars
843 2366 1129 2432 postrema
1178 2356 1638 2432 transpungitur,
1683 2371 1816 2414 cum
1868 2355 2059 2413 ultimi

352 2457 565 2511 terrore
602 2448 814 2522 judicii
859 2462 1023 2506 mens
1067 2446 1324 2505 humana
1374 2452 1635 2505 terretur.
1677 2444 1741 2502 In
1782 2445 2058 2518 posterio-

352 2541 516 2601 ribus
581 2538 878 2614 pungitur,
942 2544 1008 2598 ut
1060 2539 1123 2597 in
1175 2537 1460 2596 anteriora
1524 2538 1850 2603 contendat,
1921 2537 2060 2612 quia

355 2638 637 2691 transacta
702 2645 799 2689 cor
860 2636 1124 2688 nostrum
1193 2628 1306 2687 vita
1369 2628 1654 2697 terrificat,
1710 2635 1773 2686 ut
1834 2627 2057 2686 discus-

351 2722 592 2791 sionem,
660 2720 854 2780 ultimi
933 2718 1225 2779 examinis
1305 2726 1586 2793 pavescat.
1647 2717 1769 2777 Hoc
1845 2718 2059 2778 Paulus

351 2810 554 2871 aculeo
631 2810 1015 2884 pungebatur,
1049 2844 1055 2850 -
1086 2815 1145 2867 ut
1214 2807 1273 2867 in
1338 2809 1629 2869 anteriora
1698 2809 2063 2867 contenderet

354 2915 493 2961 cum
537 2898 762 2959 dicebat
821 2914 835 2953 :
903 2921 924 2951 ι
991 2896 1141 2970 Ergo
1200 2912 1292 2956 me
1344 2912 1459 2956 non
1509 2897 1758 2956 arbitror
1804 2912 2059 2971 compre~

357 2989 676 3049 hendisse:
711 3001 895 3046 unum
962 2992 1176 3057 autem,
1233 3003 1366 3062 quae
1419 2994 1569 3047 retro
1618 2990 1799 3061 [sunt]
1848 2989 2065 3047 oblitus

358 3092 572 3153 sequor
626 3075 699 3134 ad
752 3074 1019 3134 bravium
1073 3090 1341 3149 supernas
1398 3076 1716 3137 vocationis
1767 3095 1779 3133 :
1833 3093 2062 3151 sequor,

356 3168 405 3226 si
441 3163 935 3241 comprehendam
964 3165 1127 3237 (Phil.
1164 3166 1261 3235 111).
1297 3188 1323 3215 η
1352 3164 1528 3222 Datus
1559 3164 1718 3224 enim
1749 3164 1835 3223 illi
1882 3166 2067 3224 fuerat

352 3253 635 3314 stimulus
679 3252 890 3323 carnis,
938 3260 1001 3312 ut
1052 3267 1190 3313 ,11011
1249 3254 1310 3312 111
1382 3253 1575 3312 labore
1645 3254 2063 3325 succumberet,

354 3343 455 3404 sed
510 3343 573 3401 in
632 3357 770 3413 agro
816 3340 1151 3419 Dominicae‘
1208 3342 1414 3416 segetis
1478 3341 1807 3404 indefessus
1858 3350 2060 3402 araret.

360 3430 501 3490 180
535 3433 645 3493 Hic
692 3432 797 3493 bos
837 3432 1085 3507 insignis
1126 3441 1299 3509 atque
1352 3434 1635 3493 mirabilis
1686 3435 1802 3494 duo
1838 3434 2068 3507 gerebat

350 3523 413 3585 in
459 3523 640 3597 capite
682 3537 919 3593 cornua,
942 3523 1077 3598 quia
1120 3523 1241 3582 duo
1288 3523 1602 3581 ventitabat
1650 3539 1750 3598 per
1788 3522 2067 3598 praedica-

355 3611 528 3671 tionis
593 3609 848 3670 oﬂicium
914 3617 1290 3681 testamenta;
1349 3611 1450 3684 qui
1504 3627 1641 3669 cum
1701 3612 1773 3670 ad
1838 3610 2067 3671 Galatas

352 3703 564 3763 diceret
592 3704 797 3775 (Galat.
824 3706 903 3772 ιν)
940 3722 950 3761 :
988 3702 1183 3763 Unum
1222 3702 1473 3761 Abrahae
1510 3701 1702 3761 lilium
1745 3716 1817 3759 ex
1857 3700 2066 3760 ancilla

352 3800 587 3863 natum,
609 3792 857 3852 alterum
889 3809 965 3852 ex
997 3792 1179 3852 nobili
1224 3791 1469 3865 legitimi
1509 3791 1763 3865 conjugii
1804 3791 2067 3849 libertate

355 3882 745 3958 progenitum,
791 3883 1059 3957 protinus
1103 3881 1361 3942 addidit:
1397 3906 1423 3934 α
1454 3881 1594 3940 Haec
1619 3905 1641 3930 ι
1675 3881 1831 3940 0111111
1869 3903 1889 3931 α
1928 3887 2067 3940 811111

354 3972 471 4031 duo
502 3977 838 4029 testamenta
868 3974 1027 4042 (Ibid.
1048 3973 1118 4044 1).
1142 3994 1173 4033 ,υ
1202 3970 1311 4030 Hic
1340 3972 1513 4029 etiam
1545 3986 1703 4030 more
1734 3970 1895 4041 bovis
1920 3970 2066 4044 liga-

338 4065 692 4137 .tusarabat,
722 4065 825 4140 qui
858 4066 1091 4125 vincula
1119 4083 1225 4125 sua
1252 4082 1404 4140 saepe
1426 4072 1854 4125 commemorat.
1888 4067 2069 4126 Num-

357 4156 501 4232 quid
531 4155 690 4214 enim
719 4161 858 4215 tunc
882 4156 944 4212 in
971 4155 1224 4213 vinculis
1253 4171 1369 4215 non
1408 4156 1623 4227 arabat,
1659 4171 1792 4215 011111
1825 4156 1897 4215 ad
1929 4156 2066 4214 Phi-

361 4246 654 4305 lemonem
710 4248 908 4301 catena
960 4244 1304 4301 constrictus
1356 4243 1547 4317 aiebat
1583 4263 1594 4302 :
1644 4266 1664 4293 κ
1717 4243 1962 4303 Obsecro
2018 4251 2069 4302 te

2146 1821 2463 1881 novissimo
2506 1822 2823 1881 liberorum
2869 1828 3041 1897 ponat
3097 1812 3285 1897 portas
3335 1821 3462 1896 ejus
3524 1823 3647 1891 (Jos.
3694 1819 3793 1889 v1).
3828 1842 3852 1868 »ι

2146 1910 2253 1969 Ille
2308 1911 2528 1970 scilicet
2571 1912 2803 1991 Jericho
2849 1914 2909 1989 in
2962 1909 3342 1984 primogenito
3394 1924 3500 1967 suo
3552 1908 3859 1966 suscitator

2147 2000 2412 2074 aedificat,
2447 1999 2552 2077 qui
2600 2002 2886 2060 mundum
2931 2001 3089 2058 hunc
3124 1997 3448 2073 apostolicae
3493 1998 3648 2056 tuba:
3692 1996 3856 2055 clan-

2147 2109 2283 2165 gore
2327 2090 2665 2166 collapsum,
2714 2092 3109 2166 principaliter
3145 2095 3318 2148 amat.
3347 2088 3454 2147 Ille
3494 2103 3631 2146 vero
3665 2092 3858 2162 portas

2145 2185 2270 2259 ejus
2314 2185 2475 2260 ponit
2520 2184 2578 2242 in
2639 2184 2956 2242 novissimo
2995 2170 3308 2261 liberorum
3356 2180 3504 2254 ejus,
3537 2177 3637 2254 qui
3682 2193 3857 2236 mun-

2143 2275 2287 2332 dum
2316 2272 2657 2347 despiciens,
2702 2272 3084 2346 parvipendit,
3116 2272 3216 2346 qui
3251 2285 3385 2329 eum
3421 2268 3695 2328 omnibus
3720 2283 3858 2342 quae

2142 2380 2278 2423 vere
2327 2369 2463 2423 sunt
2508 2362 2775 2433 amanda,
2803 2360 3131 2435 postponit.‘
3160 2358 3270 2431 Qui
3314 2360 3530 2418 scilicet
3581 2360 3687 2417 hoc
3745 2372 3857 2417 810-

2141 2453 2342 2513 011111111
2374 2453 2445 2512 ad
2478 2468 2651 2512 usum
2690 2450 2881 2522 habet,
2913 2450 2975 2509 in
3012 2466 3208 2509 amore
3247 2464 3359 2507 non
3400 2449 3591 2519 habet,
3622 2454 3678 2506 et
3712 2447 3857 2506 dum

2139 2560 2395 2603 amorem
2441 2543 2688 2607 cmlestis
2725 2543 2889 2616 regni
2929 2550 3202 2617 tanquam
3245 2541 3693 2615 primogenitum
3744 2538 3857 2595 sibi

2140 2633 2325 2692 nutrit
2371 2634 2681 2704 haeredem,
2718 2633 3004 2693 mundum
3044 2632 3281 2708 despicit
3317 2633 3481 2691 velut
3533 2630 3859 2690 sordentem

2140 2738 2387 2796 puerum
2440 2723 2501 2781 in
2544 2722 2852 2781 cunabulis
2900 2722 3243 2797 vagientem.
3295 2745 3320 2771 οι
3384 2719 3666 2787 Primum,
3714 2740 3736 2769 ι
3777 2716 3861 2775 ait

2144 2810 2449 2881 Dominus,
2519 2833 2538 2859 ι
2588 2810 2831 2884 quaerite
2885 2825 3127 2884 regnum
3186 2808 3311 2881 Dei,
3378 2815 3432 2867 et
3482 2808 3605 2865 haec
3662 2802 3860 2864 omnia

2145 2899 2491 2973 adjicientur
2538 2898 2702 2958 vobis
2747 2902 2968 2968 (Matth.
3028 2902 3127 2967 Vi).
3173 2922 3194 2951 ι
3233 2898 3307 2957 Ut
3344 2912 3590 2973 regnum
3635 2893 3737 2954 Dei
3792 2892 3857 2952 in

2145 2992 2316 3050 corde
2346 2996 2543 3051 nostro
2586 2991 2657 3050 sit
2697 2991 3170 3065 primogenitum,
3202 2998 3257 3051 et
3288 2983 3542 3050 mundus
3582 2987 3863 3048 habeatur

2148 3078 2399 3151 quadam
2464 3080 2846 3139 extremitatis
2908 3080 3225 3153 adjectione
3295 3078 3668 3138 novissimus.
3732 3073 3863 3133 Illic

2148 3167 2321 3246 etiam
2366 3166 2767 3225 Adonibezech
2810 3183 3092 3227 manuum
3142 3183 3209 3226 ac
3258 3168 3471 3242 pedum
3526 3165 3863 3226 summitate

2151 3256 2501 3331 praeciditur,
2538 3257 2677 3315 dum
2728 3257 3021 3329 malignus
3059 3258 3209 3317 inter
3261 3264 3485 3316 sanctos
3530 3256 3688 3314 viros
3741 3253 3863 3328 spi-

2152 3345 2316 3415 ritus,
2372 3353 2428 3403 et
2477 3344 2800 3417 incedendi,
2853 3352 2908 3403 et
2963 3346 3236 3422 Operandi
3304 3345 3514 3404 virtute
3578 3344 3861 3418 privatur.

2150 3435 2264 3505 Qui
2304 3435 2585 3495 nimirum
2622 3435 2761 3494 dum
2801 3452 2909 3495 sua
2947 3437 3190 3495 vulnera
3225 3435 3459 3509 patitur,
3500 3436 3627 3493 haec
3660 3434 3860 3493 eadem

2148 3541 2274 3585 sese
2310 3524 2442 3584 aliis
2476 3525 2740 3584 intulisse
2777 3525 3104 3598 gloriatur:
3144 3548 3171 3576 α
3210 3524 3605 3599 Septuaginta,
3647 3522 3858 3597 inquit,

2148 3628 2329 3687 reges,
2371 3612 2682 3684 amputatis
2721 3628 3003 3672 manuum
3050 3629 3116 3670 ac
3153 3613 3366 3687 pedum
3406 3609 3857 3676 summitatibus,

2148 3703 2488 3777 colligebant
2522 3702 2631 3763 sub
2661 3719 2859 3765 mensa
2888 3718 3016 3760 mea
3060 3701 3318 3761 ciborum
3361 3701 3674 3775 reliquias;
3716 3698 3864 3757 sicut

2151 3790 2375 3863 feci,ita
2395 3790 2641 3851 reddidit
2665 3791 2811 3850 mihi
2840 3791 3122 3850 Dominus
3143 3792 3339 3865 (Judic.
3372 3792 3431 3863 1).
3462 3813 3487 3841 η
3522 3787 3859 3862 Septuagin-

2150 3890 2205 3943 ta
2233 3883 2450 3945 scilicet
2469 3897 2630 3956 reges
2650 3883 3011 3957 septuaginta
3023 3891 3159 3944 sunt
3179 3883 3510 3956 linguarum
3536 3882 3865 3954 discrepan-

2150 3975 2299 4034 tium
2326 3972 2461 4031 181
2496 3974 2779 4044 nationes,
2821 3973 3037 4049 quibus
3075 3990 3260 4049 usque
3295 3973 3364 4032 ad
3410 3971 3723 4033 Salvatoris
3759 3969 3864 4027 ad-

2150 4071 2391 4124 ventum
2442 4065 2719 4137 antiquus
2758 4064 2938 4122 hostis
2976 4072 3033 4123 et
3070 4072 3220 4124 recte
3257 4063 3581 4137 gradiendi,
3621 4069 3675 4120 et
3713 4060 3865 4120 bona

2153 4155 2399 4214 faciendi
2430 4170 2670 4228 prorsus
2704 4153 3020 4213 abstulerat
3057 4153 3402 4214 facultatem.
3437 4152 3542 4212 Cui
3582 4151 3864 4210 nimirum

2155 4244 2390 4317 utrique
2419 4242 2650 4315 gemino
2680 4242 2908 4301 vulneri
2942 4241 3203 4309 medetur
3236 4242 3561 4303 animarum
3606 4236 3865 4297 medicus

360 4349 464 4410 pro
514 4331 639 4392 ﬁlio
690 4346 838 4401 meo,
898 4345 1071 4403 quem
1127 4331 1302 4403 genui
1356 4333 1416 4390 in
1473 4331 1744 4402 vinculis,
1800 4331 2111 4391 0110811110-
2156 4332 2397 4404 Paulus,
2437 4348 2572 4391 cum
2609 4332 2791 4391 dicit:
2831 4356 2852 4385 α
2894 4331 3184 4390 Remissas
3224 4346 3454 4400 manus,
3494 4338 3545 4389 et
3584 4327 3865 4387 dissoluta

359 4425 613 4491 (Philem.
652 4419 775 4489 10).~
803 4442 823 4471 ιν
856 4419 965 4490 Qui
1013 4420 1186 4478 etiam
1220 4426 1498 4495 tanquam
1540 4422 1642 4480 bos
1692 4422 1956 4497 egregius
2001 4422 2346 4497 ad“genua
2394 4422 2614 4497 erigite,
2650 4428 2706 4481 et
2755 4437 2982 4497 gressus
3035 4430 3215 4480 rectos
3267 4422 3432 4481 facite
3470 4421 3717 4497 pedibus
3763 4436 3865 4478 ve-

358 4511 655 4572 victimam
697 4508 1033 4581 ducebatur,
1066 4524 1197 4569 cum
1228 4509 1449 4570 dicebat
1480 4531 1493 4570 :
1528 4533 1556 4565 «
1597 4511 1715 4583 Ego
1763 4511 1921 4571 enim
1953 4489 2137 4585 jamD
2158 4515 2291 4573 stris
2316 4533 2330 4585 ;
2367 4530 2440 4573 ne
2472 4489 2805 4574 claudicans
2831 4513 2962 4587 quis
2992 4521 3159 4585 erret,
3197 4513 3378 4587 magis
3408 4489 3602 4571 autem
3632 4516 3866 4569 sanetur

361 4601 661 4672 immolor,
715 4606 770 4658 et
822 4606 1047 4675 tempus
1109 4616 1255 4660 meae
1333 4598 1704 4661 resolutionis
1772 4601 1947 4659 instat
2001 4605 2079 4671 (II
2159 4606 2342 4675 (Hebr.
2402 4608 2531 4674 x11).
2594 4628 2614 4655 ι
2671 4603 3071 4663 Adonibezech
3116 4603 3330 4678 quippe
3371 4605 3633 4660 Dominus
3675 4603 3869 4669 fulmi-

367 4694 644 4762 Tim.1v).
681 4715 702 4742 ιο
736 4690 938 4749 Merito
965 4706 1101 4763 ergo
1123 4690 1479 4763 venerabilis
1524 4691 1682 4752 locus
1723 4692 1956 4750 sortitus
1988 4697 2073 4749 est
2152 4699 2259 4761 nis,
2294 4693 2383 4751 vel
2418 4695 2678 4750 Dominus
2723 4697 2999 4749 contentus
3049 4695 3183 4748 vani
3240 4690 3662 4762 interpretatur.
3725 4688 3865 4747 Ful-

364 4780 737 4852 vocabulum,
768 4779 870 4838 ubi
904 4795 1064 4838 nunc
1086 4784 1142 4838 et
1168 4778 1560 4853 spiritualium
1604 4780 1779 4839 boum
1826 4781 2073 4840 trahitur

362 4875 641 4942 aratrum,
675 4878 732 4927 et
752 4868 1077 4927 cmlestium
1127 4875 1385 4941 segetum
1416 4883 1599 4942 usque
1620 4868 1691 4927 ad
1721 4886 1907 4929 unum
1938 4886 2068 4942 gra-

363 4974 530 5030 num,
562 4958 716 5033 quod
767 4964 852 5017 est
894 4956 1159 5017 Christus
1210 4957 1397 5027 Jesus,
1435 4958 1833 5017 accuminatur
1882 4963 2068 5033 [accu-

364 5048 642 5125 mulatur]
693 5063 953 5107 acervus.
998 5046 1112 5118 Qui
1172 5046 1244 5105 de
1293 5048 1598 5123 semetipso
1647 5047 1825 5106 dicit:
1862 5070 1890 5103 «
1950 5049 2073 5109 Nisi

361 5156 615 5214 granum
649 5139 919 5198 frumenti
950 5138 1162 5197 cadens
1188 5138 1250 5196 in
1276 5144 1485 5196 terram
1534 5147 1826 5199 mortuum
1878 5140 2070 5213 fuerit,

366 5233 561 5307 ipsum
585 5229 773 5291 solum
798 5236 1019 5300 manet;
1042 5229 1091 5287 si
1116 5244 1252 5288 vero
1280 5237 1573 5291 mortuum
1600 5230 1791 5305 fuerit,
1819 5232 2074 5291 multum

369 5322 621 5381 fructum
649 5321 814 5379 affert
834 5321 986 5394 (Joan
1006 5326 1135 5385 xu).
1170 5341 1196 5368 ν

2155 4801 2285 4843 men
2321 4801 2455 4843 mox
2492 4790 2556 4842 ut
2585 4784 2796 4842 micare
2827 4783 3050 4857 incipit,
3081 4782 3272 4842 subito
3311 4781 3521 4841 deﬁcit.
3560 4781 3665 4839 Per
3709 4781 3863 4856 quod

2151 4874 2427 4934 Judaicus
2461 4879 2643 4948 potest
2670 4872 2916 4948 intelligi
2956 4874 3227 4948 populus,
3263 4872 3365 4947 qui
3392 4871 3676 4931 nimirum
3713 4887 3862 4947 quo-

2157 4965 2290 5023 dam
2335 4963 2498 5039 quasi
2537 4964 2763 5037 fulgore
2802 4964 3039 5037 micant,
3071 4980 3203 5023 cum
3250 4964 3505 5022 dicerent
3539 4982 3550 5021 :
3587 4983 3616 5017 ‹‹
3653 4962 3865 5022 Omnia

2157 5070 2291 5129 quas
2319 5055 2592 5128 praecepit
2627 5054 2794 5113 nobis
2832 5054 3134 5125 Dominus,
3165 5061 3219 5112 et
3246 5052 3576 5125 audiemus,
3607 5058 3663 5110 et
3686 5049 3863 5109 facie-

2156 5160 2286 5203 mus
2331 5147 2507 5214 (Deut.
2554 5149 2651 5213 V);
2709 5168 2735 5197 π
2782 5143 2880 5203 sed
2919 5158 3055 5203 mox
3095 5143 3369 5202 deficiens
3416 5141 3516 5199 lux
3554 5140 3659 5199 ista
3694 5138 3866 5198 cade—

2154 5233 2271 5306 bat,
2304 5250 2434 5293 cum
2467 5235 2718 5294 cervices
2755 5249 2888 5293 suas
2922 5232 3241 5293 tenebrosis
3281 5231 3645 5292 daamonibus
3689 5229 3870 5288 incli-

2162 5323 2392 5380 nabant.
2448 5324 2556 5382 Per
2609 5323 2668 5381 id
2721 5338 2875 5393 vero,
2905 5323 3055 5397 quod
3108 5322 3320 5382 dicitur
3366 5326 3668 5380 contentus
3705 5318 3867 5389 vani,

443 5407 754 5467 Gluniacus
827 5416 1103 5482 prmterea
1180 5405 1498 5482 spiritualis
1552 5409 1789 5483 quidam
1840 5426 2077 5485 campus
2158 5410 2447 5488 gentilitas
2497 5411 2848 5485 designatur,
2891 5427 3023 5486 quae
3065 5417 3330 5469 contenta
3370 5408 3702 5491 visibilibus
3739 5406 3868 5465 ido-

372 5500 477 5567 est,
510 5494 608 5554 ubi
651 5496 865 5555 coelum
896 5504 950 5554 et
988 5503 1135 5556 terra
1183 5496 1569 5570 congreditur,
1596 5514 1662 5557 ac
1700 5499 1861 5557 velut
1903 5515 2075 5557 arena
2163 5500 2250 5571 lis,
2290 5517 2406 5561 non
2441 5501 2717 5569 curabant
2761 5500 2973 5561 reverti
3018 5500 3087 5559 ad
3132 5500 3587 5560 misericordiam
3614 5496 3869 5557 Creato-

372 5584 725 5659 certaminis,
757 5585 860 5646 ubi
906 5586 1224 5662 spiritualis
1260 5603 1419 5648 more
1448 5587 1710 5663 palestrae
1737 5605 1867 5650 caro
1898 5588 2075 5665 fragi-
2159 5591 2274 5662 ris;
2305 5597 2360 5650 et
2386 5592 2530 5653 dum
2567 5590 2823 5652 veritatis
2860 5591 3202 5667 ignorabant
3240 5590 3483 5662 cultum,
3512 5588 3681 5649 vanis
3720 5585 3868 5645 insi-
