4170 6462
250 300 359 377 37‘7
1522 313 1744 375 LIBER
1787 313 2101 386 SEXTUS,
2128 313 2378 373 EPIST.
2427 314 2491 372 v.
3647 324 3754 389 37,3

246 438 481 506 stehant
516 442 877 503 caeremoniis
903 442 1221 501 'idolorum.
1264 444 1346 502 De
1384 442 1604 517 quibus
1641 443 1779 503 dicit
1812 444 2109 516 Apo-t'A-et
2135 442 2288 516 quod
2316 459 2348 500 a
2376 442 2541 501 vobis
2579 441 2722 501 mihi
2766 459 2866 517 per
2901 444 3340 507 intentationem
3373 449 3759 509 anathematis

248 534 439 594 stolus
462 554 474 592 :
501 556 527 583 α
558 532 705 603 Quia
733 531 917 591 Deum
948 546 1064 591 non
1088 530 1577 603 glorificaverunt,
1618 539 1718 590 aut
1757 532 1969 605 gratias
2052 533 2331 606 scriptum
2361 537 2463 600 est,
2506 532 2787 590 veraciter
2831 532 3140 607 impleatis,
3186 536 3364 610 quod,
3419 543 3480 597 ut
3513 537 3757 609 faciatis,

247 630 518 702 egerunt,
591 622 689 681 sed
759 628 1124 681 evanuerunt
1195 621 1255 679 in
1301 620 1769 695 cogitationibus
1845 621 1969 680 suis

251 721 431 787 (Rom.
486 723 550 784 ι).
599 732 627 766 »
667 711 893 770 Horum
941 708 1118 785 igitur
1171 710 1425 769 duorum
1481 710 1825 784 populorum
1892 727 1967 769 ex

249 805 515 865 maxima
545 807 705 879 parte
732 802 1065 860 dominatus
1089 806 1171 860 est
1198 800 1626 874 Adonibezech,
1653 801 1709 861 id
1738 808 1842 870 est,
1872 817 1963 859 re-

246 894 469 969 probus
493 891 771 966 nequitiae
801 890 1076 967 spiritus;
1118 890 1256 964 quia
1294 896 1348 948 et
1385 891 1492 949 iste
1528 890 1695 965 quasi
1740 890 1962 948 fulmen

254 984 473 1043 micare
509 981 699 1055 coepit,
737 986 793 1038 et
838 979 1041 1050 desiit;
1081 985 1135 1037 et
1163 978 1263 1037 ille
1298 979 1442 1037 dum
1471 978 1721 1037 vanitate
1748 980 1966 1038 daemo-

256 1089 407 1133 num
448 1077 755 1131 contentus
796 1069 1034 1139 exstitit,
1082 1068 1298 1144 proprii
1346 1067 1626 1128 Creatoris
1676 1070 1968 1129 auxilium

253 1176 376 1222 non
423 1161 713 1236 quaesivit.
770 1160 859 1228 Et,
912 1166 977 1219 ut
1024 1161 1096 1218 ad
1142 1160 1499 1233 propositum
1543 1160 1792 1232 redeam,
1852 1160 1972 1218 illic

252 1251 441 1326 Eglon
471 1250 533 1308 in
565 1257 699 1324 typo
728 1249 1001 1313 luxuriae,
1030 1247 1194 1307 fortis
1226 1248 1375 1306 Aoth
1410 1248 1595 1306 inﬁxa
1620 1250 1811 1308 ventri
1854 1250 1970 1309 sica

240 1338 576 1415 ‘perfodirur
610 1338 802 1411 (Judic.
840 1339 961 1409 Ill);
1001 1336 1126 1395 illic
1156 1337 1321 1396 clavo
1349 1337 1701 1398 tabernaculi
1733 1339 1967 1413 superbi

234 1426 474 1487 'Sisaraa
504 1426 801 1486 cerebrum
840 1427 1162 1500 perforatur
1199 1428 1394 1498 (Judic.
1428 1430 1546 1500 Iv);
1587 1427 1709 1486 illic
1736 1429 1798 1485 in
1827 1444 1967 1487 ava-

251 1514 404 1575 ritia:
439 1514 695 1589 signum,
729 1515 920 1574 Achar
947 1514 1133 1573 ﬁlium
1165 1514 1399 1573 Charmi
1431 1516 1649 1590 lapides
1682 1516 1961 1589 obruunt,

251 1605 641 1679 omniumque
673 1603 950 1663 vitiorum
1002 1610 1208 1676 pestes,
1250 1608 1526 1678 tanquam
1566 1603 1808 1664 rebelles
1858 1607 1964 1665 ho-

230 1695 432 1753 stium
478 1693 649 1764 acies,
703 1692 939 1752 fortium
972 1691 1362 1751 Israelitarum
1403 1693 1624 1767 gladios
1669 1709 1783 1753 non
1830 1710 1963 1753 eva-

2053 621 2230 694 hujus
2286 618 2522 693 quidem
2564 620 2729 679 vobis
2782 621 3177 683 obtestationis
3216 624 3509 699 adjurium
3559 641 3754 700 pono:

2052 709 2100 769 si
2130 725 2266 768 vero
2291 724 2404 767 non
2436 708 2705 779 feceritis,
2731 725 2864 768 cum
2888 727 2990 786 per
3013 714 3408 773 auctoritatem
3433 715 3763 789 apostolica)

2050 798 2204 858 sedis
2235 803 2620 871 competenter
2661 798 2715 856 id
2754 814 2997 871 possem,
3041 806 3233 859 tamen
3270 816 3447 877 super
3482 804 3761 874 angelicas

2051 886 2280 945 militia)
2333 887 2574 944 chorum
2638 892 2749 943 tam
2815 887 3089 947 terribilis
3145 890 3447 950 sententiae
3494 891 3758 963 iaculum

2051 994 2170 1037 non
2222 978 2461 1036 intento.
2537 977 2624 1036 Sit
2692 982 2937 1049 tantum,
2988 978 3091 1052 qui
3140 979 3287 1039 mihi
3338 980 3403 1039 in
3459 980 3564 1039 hac
3610 980 3759 1056 peti-

2054 1068 2205 1127 tione
2259 1083 2385 1125 mea
2442 1067 2632 1126 favere
2674 1067 3242 1141 contempserit:sit,
3291 1069 3561 1144 inquam,
3620 1085 3754 1130 reus

2051 1156 2360 1228 mendacii,
2411 1156 2483 1214 sit
2518 1156 2741 1214 debitor
2783 1156 3010 1215 violatas
3063 1156 3390 1231 sponsionis
3437 1158 3501 1218 iu
3553 1158 3762 1218 ultimo
3812 1198 3829 1221 ρ

2046 1246 2264 1321 judicio
2302 1246 2577 1305 veritatis.
2618 1245 2860 1319 Titillat,
2909 1254 2969 1306 ut
3004 1248 3230 1320 addam,
3272 1249 3533 1309 deleatur
3566 1250 3638 1308 de
3683 1249 3759 1309 li-

2049 1337 2153 1396 bro
2178 1357 2191 1396 :
2216 1338 2314 1396 sed
2364 1337 2507 1396 dum
2549 1338 2930 1397 reverentiam
2977 1347 3226 1398 vestram
3264 1357 3383 1414 prae
3417 1340 3603 1401 oculis
3648 1341 3759 1400 ba-

2050 1427 2177 1499 beo,
2221 1428 2493 1501 proferre,
2538 1426 2691 1497 quod
2753 1441 2915 1484 meus
2956 1427 3234 1501 suggerit,
3283 1444 3401 1487 non
3448 1444 3756 1503 praesumo.

2048 1513 2212 1584 Quod
2258 1515 2307 1573 si
2353 1512 2617 1587 petitioni
2662 1528 2808 1571 mea:
2847 1528 2962 1572 non
3016 1514 3314 1589 denegatis
3362 1515 3653 1587 effectum,
3704 1522 3762 1576 et

2048 1610 2175 1678 post
2201 1603 2424 1662 obitum
2457 1617 2654 1661 meum
2684 1618 2786 1675 per
2815 1602 3288 1662 anniversarium
3316 1619 3564 1678 semper,
3605 1604 3754 1664 sicut

2047 1695 2378 1755 condictum
2424 1701 2510 1753 est
2551 1700 2722 1767 atque
2759 1695 3179 1767 praescriptum,
3225 1702 3437 1755 sanctae
3484 1694 3760 1754 orationis

250 1782 403 1842 dunt
430 1785 563 1851 (Jos.
591 1783 740 1852 VII);
770 1779 892 1838 illic
929 1796 1098 1839 verus
1126 1780 1331 1853 David,
1361 1781 1522 1840 velut
1548 1781 1609 1840 in
1640 1782 1788 1841 arcis
1821 1777 2034 1867 SionB'
2047 1793 2253 1844 vestrae
2292 1785 2439 1843 mihi
2467 1783 3179 1859 prtebueritis‘auxilium,
3214 1785 3625 1859 omnipotentis
3655 1785 3760 1844 Dei

250 1871 512 1931 culmine
558 1870 908 1929 constitutus
938 1868 1161 1945 bicipiti
1203 1871 1415 1945 gladio,
1453 1873 1554 1946 qui
1584 1889 1657 1931 ex
1698 1873 1824 1946 ejus
1860 1889 1960 1932 ore

251 1960 530 2037 procedit,
552 1960 813 2035 undique
833 1959 942 2019 sibi
969 1961 1315 2019 reluctantes
1331 1960 1690 2021 adversarios
1705 1961 1957 2037 jugulat,

249 2051 521 2110 omnium
566 2049 677 2108 sibi
707 2049 1101 2109 resistentium
1128 2049 1379 2107 cervices
1416 2048 1754 2123 obtruncat;
1790 2052 1849 2108 in
1875 2051 1968 2109 his

250 2139 529 2213 Galgalis,
575 2154 707 2213 quae
751 2137 1023 2200 revelatio
1069 2136 1388 2211 [revolutio]
1429 2139 1660 2211 dicitur,
1717 2155 1750 2197 a
1800 2139 2005 2199 nobis.

247 2226 529 2286 Israelitis
549 2227 783 2301 Aﬂgypti
798 2226 1166 2301 opprobrium
1186 2226 1423 2297 tollitur,
1437 2227 1577 2286 dum
1597 2243 1697 2301 per
1717 2227 1965 2302 lapideos

248 2313 467 2376 cultros
486 2316 749 2375 secunda
777 2315 1141 2374 circumcisio
1176 2316 1541 2388 celebratur;
1573 2316 1696 2375 illic
1719 2319 1963 2393 pascha-

252 2403 322 2463 lis
352 2403 692 2463 solemnitas
720 2403 949 2476 colitur,
980 2411 1034 2463 et
1059 2419 1092 2461 a
1113 2405 1404 2463 velamine
1430 2404 1615 2481 Moysi
1644 2407 1716 2464 ad
1748 2408 1964 2467 revela-

249 2492 424 2552 tionis
452 2492 774 2567 speculum,
815 2493 952 2553 Jesu
978 2492 1142 2566 duce,
1184 2493 1464 2552 transitur
1492 2495 1686 2569 (Exod.
1722 2498 1957 2570 XXXIV).

320 2583 513 2642 Nostis
570 2590 865 2657 praeterea,
916 2582 1294 2653 dilectissimi,
1355 2599 1457 2657 pro
1518 2583 1733 2643 tuenda
1777 2585 1961 2643 salute

248 2681 437 2732 vestra
469 2679 723 2747 quantus
760 2689 852 2733 me
886 2672 1046 2732 labor
1087 2673 1388 2746 attriverit,
1439 2676 1591 2749 quod
1641 2675 1702 2733 in
1750 2674 1956 2734 ultima

214 2768 547 2822 'senectute
594 2778 726 2822 mea
762 2768 844 2822 tot
882 2770 1172 2839 praerupta
1205 2765 1511 2835 montium,
1561 2770 1644 2825 tot
1687 2766 1956 2825 inhorre-

212 2853 538 2912 ‘scentium
590 2850 829 2927 Alpium
856 2852 997 2927 juga
1034 2854 1514 2926 transcenderim;
1564 2860 1638 2927 et,
1678 2861 1744 2914 ut
1792 2857 1954 2915 brevi

210 2950 455 3003 ’cuucta
484 2944 847 3018 complectar,
874 2960 991 3019 'ego
1030 2944 1231 3005 mortis
1264 2944 1591 3005 acredinem
1625 2947 1858 3022 pertuli,
1892 2956 1959 3010 ut

248 3042 357 3092 vos‘
404 3035 661 3093 suaviter
716 3033 1009 3105 viveretis,
1072 3033 1252 3093 vitam
1320 3050 1510 3095 meam
1565 3034 1627 3094 in
1682 3038 1957 3098 manibus

245 3122 394 3181 meis
422 3122 632 3197 ‘posui,
678 3128 734 3181 et
780 3138 883 3183 vos
927 3136 1030 3197 per
1064 3123 1208 3197 ejus,
1247 3122 1340 3182 cui
1379 3124 1607 3184 servitis
1638 3126 1951 3199 auxilium,

202 3216 207 3223 '
247 3212 329 3270 de‘
374 3214 843 3287 persequentium
910 3212 1186 3272 manibus
1242 3212 1519 3272 liberavi.
1567 3214 1954 3286 Quamobrem

245 3310 451 3361 omnes
493 3302 559 3360 iu
601 3301 851 3376 capitulo
891 3301 1209 3360 residentes
1253 3303 1550 3361 communi
1581 3304 1800 3378 judicio
1839 3312 1954 3364 sta—

244 3390 460 3462 tuistis,
491 3396 551 3449 et
570 3391 861 3451 schedulis
890 3390 1070 3449 inseri
1098 3405 1200 3464 per
1227 3391 1618 3464 rescriptionis
1642 3394 1952 3454 articulum

244 3478 581 3539 decrevistis
631 3502 645 3538 :
692 3485 757 3539 ut
828 3484 882 3538 et
944 3494 1066 3548 vos,
1123 3483 1178 3537 et
1227 3480 1439 3553 posteri
1493 3481 1667 3540 vestri
1725 3497 1953 3556 semper

198 3570 305 3628 “in
339 3569 740 3629 anniversario
774 3570 889 3628 mei
918 3569 1111 3628 obitus
1140 3568 1371 3642 insigne
1406 3569 1626 3644 aliquid
1664 3572 1946 3643 ageretis:

194 3654 211 3687 ’λ
243 3660 537 3730 quatenus
590 3664 646 3715 et
691 3657 846 3716 tubae
901 3671 1106 3715 omnes
1170 3656 1436 3715 festivius
1485 3660 1837 3730 clangerent,
1899 3665 1952 3718 et

245 3744 451 3803 fratres
494 3760 597 3819 pro
645 3746 819 3804 fratre
854 3745 1141 3804 solemnes
1178 3745 1503 3805 orationum
1551 3754 1724 3818 atque
1773 3747 1951 3806 sacri—

2046 1875 2304 1935 custodia
2346 1891 2518 1949 super
2563 1874 2672 1933 hoc
2719 1872 3139 1932 monasterium
3195 1890 3422 1948 semper
3470 1874 3759 1948 invigilat,

2043 1981 2178 2039 quae
2211 1958 2393 2023 et'vos
2422 1962 2495 2020 ab
2521 1962 2908 2020 invisibilium
2936 1962 3193 2020 hostium
3213 1963 3480 2022 defendat
3506 1963 3756 2035 insidiis,

2050 2061 2105 2112 et
2157 2054 2309 2112 bona
2373 2058 2563 2111 vestra
2620 2051 2692 2109 ab
2742 2051 3127 2109 exterioribus
3197 2058 3426 2111 tueatur
3475 2051 3753 2110 adversis.

2048 2142 2428 2217 Omnipotens
2475 2138 2722 2215 Spiritus
2759 2140 2926 2198 corda
2977 2145 3167 2198 vestra
3212 2140 3516 2213 possideat,
3555 2147 3610 2199 et
3638 2141 3758 2200 fer-

2048 2248 2187 2291 vore
2248 2231 2524 2290 continuo
2576 2244 2702 2287 suae
2758 2228 3083 2288 dilectionis
3139 2229 3756 2304 accendatztemplum

2048 2322 2161 2382 sibi
2212 2336 2369 2381 nunc
2419 2320 2477 2377 in
2524 2320 2733 2378 vestris
2770 2318 3100 2392 pectoribus
3142 2325 3458 2391 construat,
3497 2328 3557 2379 et
3599 2326 3757 2394 post-

2046 2411 2287 2472 modum
2313 2424 2415 2468 vos
2445 2423 2714 2483 supernae
2742 2406 3060 2467 Jerusalem
3085 2407 3378 2467 moenibus
3406 2408 3751 2469 iutroducat.

2043 2502 2256 2559 Amen.

2140 2621 2149 2632 .
2673 2565 3041 2626 EPISTOLA
3065 2567 3133 2626 V.

2255 2652 2334 2698 AD
2364 2649 2681 2698 MONACHOS
2711 2650 3072 2699 MONASTEBII
3099 2649 3535 2698 GLUNIACENSIS.

2037 2730 2486 2788 ARGUMENTUM.
2515 2760 2585 2801 -τ
2604 2726 3015 2801 Cluniacenses
3036 2727 3367 2801 monachos,
3398 2726 3753 2801 quibuscum

2111 2815 2327 2871 magna,
2379 2806 2500 2857 erat
2570 2797 2973 2871 benevolentia
3030 2797 3750 2871 conjunctus,'propterea

2110 2868 2276 2946 quod
2290 2870 2424 2946 illos
2455 2887 2489 2929 a
2529 2868 3007 2946 sede_apostoli_ca
3061 2868 3754 2946 in'Galliamiegatusa

2110 2940 2421 3015 cupiditate
2487 2940 2815 3015 cujusdam
2853 2940 3105 3015 episcopi
3163 2940 3627 3015 jurisdictiodem
3687 2940 3751 2999 in

2111 3010 2208 3088 eos
2258 3029 2543 3088 usurpare
2557 3010 3244 3088 'conantis,'liberasset,
3301 3010 3641 3088 sanctitatis,
3676 3018 3755 3088 _et

2110 3085 2338 3159 pietatis
2389 3082 2624 3159 nomine
2659 3084 2739 3159 in
2792 3082 2899 3141 hac
2952 3082 3193 3159 epistola
3249 3082 3754 3159 collaudat:ord_i-

2113 3154 2362 3230 nemque
2392 3162 2444 3215 et
2473 3154 2859 3230 disciplinam,
2889 3154 3061 3228 quam
3085 3154 3148 3211 in
3176 3169 3381 3230 eorum
3403 3154 3755 3230 monasterio

2113 3224 2335 3286 servari
2386 3224 2642 3301 praesens
2673 3227 2796 3299 ipse
2843 3224 3163 3299 aspexerat,
3206 3225 3266 3283 in
3310 3224 3526 3301 malum
3566 3226 3749 3296 effert,

2109 3297 2398 3371 tauquam
2427 3297 2820 3366 utilissimam,
2871 3297 3318 3371 sanctorumque
3378 3297 3635 3366 Patrum,
3685 3305 3751 3371 et

2108 3368 2284 3430 sacrae
2350 3370 2660 3444 Scriptura:
2739 3370 3041 3444 praeceptis
3116 3368 3581 3444 consentaneum.
3647 3368 3752 3444 _Ad

2108 3438 2705 3519 extremum__'eosdem
2739 3438 3025 3519 obsecrat,
3068 3445 3131 3496 ut
3160 3438 3254 3519 sui
3291 3454 3575 3497 memores
3613 3439 3754 3510 sint,

2106 3520 2161 3571 et
2199 3529 2260 3570 se
2289 3511 2589 3642 Iprecibus,
2643 3527 2709 3569 ac
2763 3511 2811 3568 si
2861 3517 3010 3569 esset
3056 3525 3129 3567 ex
3183 3511 3442 3583 ipsorum
3487 3525 3752 3581 numero,

2106 3584 2262 3642 apud
2340 3600 2476 3642 eum
2506 3584 2784 3642 adiuvare
2810 3596 2926 3640 non
2959 3585 3202 3640 cessent.

2105 3584 2262 3658 apud
2289 3584 2476 3643 Deum
2506 3584 2784 3658 adjuvare
2810 3596 2926 3640 non
2959 3585 3202 3640 cessent.

2121 3670 2263 3729 183
2292 3674 2439 3732 Vere
2466 3674 2699 3743 sanctis,
2727 3678 2782 3731 et
2813 3672 3073 3747 angelica
3101 3670 3469 3731 veneratione
3495 3668 3751 3728 colendis

2036 3762 2435 3821 Cluniacensis
2485 3762 2822 3822 monasterii
2872 3762 3167 3832 fratribus,
3219 3760 3451 3819 PETRUS
3492 3768 3751 3834 peccator

192 3844 213 3849 ‘
246 3833 514 3925 ﬁciorum
559 3835 866 3910 exsequias
916 3835 1289 3925 celebrarent.
1352 3835 1475 3895 Hoc
1530 3835 1953 3909 astipulationis
2035 3852 2658 3925 monachugjugemin
2684 3850 2928 3909 Domino
2950 3849 3307 3908 servitutem,

222 3933 465 3984 'vestrae‘
486 3924 799 3997 decretum,
843 3941 917 3984 ne
954 3924 1331 4001 quandolibet
1382 3924 1723 3999 intercipere
1776 3928 1954 3999 possit

2107 3939 2254 3999 Nolo
2293 3924 2395 3999 vos
2442 3924 2631 4007 lateat,
2672 3936 3054 4009 dilectissimi,
3101 3935 3239 4013 quia
3284 3941 3669 3995 revertentem
3717 3951 3752 3994 a

245 4012 487 4085 oblivio,
518 4015 581 4073 in
607 4015 781 4074 vestri
819 4015 1006 4074 cordis
1041 4015 1301 4089 margine
1332 4016 1615 4089 reperitur
1644 4017 1947 4076 insertum.
2034 4028 2218 4098 vobis,
2262 4028 2458 4101 grang
2495 4043 2588 4086 me
2627 4028 2780 4087 “odii
2832 4041 3047 4085 ωαῃιοι·
3087 4024 3388 4085 absorbuit
3412 4048 3426 4083 ε
3449 4039 3517 4082 ac
3562 4022 3747 4082 multa

248 4101 414 4162 Unde
470 4110 683 4163 sanctas
734 4104 1029 4163 charitatis
1085 4110 1294 4164 vestrae
1346 4105 1716 4165 dulcedinem
1764 4106 1951 4184 lacry-
2032 4116 2450 4190 cogitationum
2505 4115 2692 4189 caligo
2748 4112 3228 4189 pusillanimitate
3294 4111 3583 4185 dejectum
3650 4127 3750 4171 cor

244 4191 540 4251 mabiliter
565 4193 820 4266 obsecro,
857 4206 1068 4269 meque
1094 4194 1303 4253 vestris
1342 4210 1523 4270 prono
1558 4195 1728 4255 corde
1775 4197 1949 4256 vesti-
2033 4205 2342 4280 impatiens
2383 4205 2664 4264 tabefecit.
2717 4204 2896 4263 Plane
2928 4203 3069 4261 dum
3110 4218 3204 4261 me
3240 4201 3547 4261 recolerem
3590 4201 3751 4262 velut

242 4283 373 4369 ἔίξεέ
429 4288 748 4356 Ρΐοεῑτὶιῖιιε
809 4284 1093 4356 εάνοὶνοδ
1156 4290 1223 4342 ιιι
1294 4284 1447 4359 (111οά
1526 4299 1693 4343 θεῖ’νο
1765 4290 1951 4365 vestro
2033 4311 2282 4369 puerum
2314 4311 2425 4354 ovo
2454 4295 2777 4363 seductum,
2816 4301 2872 4351 et
2905 4292 2984 4350 ita
3023 4290 3346 4350 deleuiﬁcis
3383 4290 3576 4349 verbis
3622 4296 3748 4348 tan-

239 4367 390 4428 '1-‘82
420 4372 785 4447 promisistis,
814 4388 952 4439 mox
976 4378 1042 4432 ut
1065 4372 1426 4431 vocationem
1456 4388 1642 4431 meam
1670 4389 1772 4448 pro
1798 4380 1951 4434 certo

2072 4401 2208 4443 uam
2241 4384 2535 4454 blattinis,‘
2557 4383 2650 4442 vel
2677 4382 2905 4441 delicati
2942 4381 3243 4456 hyacinthi
3275 4380 3549 4439 mollibus
3589 4380 3751 4438 insti-

241 4465 542 4536 noveritis,
576 4464 1535 4540 eﬂicaciterimpleatis:Dominus
1563 4466 1737 4526 etiam
1757 4474 2107 4545 meus,_tis
2163 4473 2505 4545 obligatum,
2558 4472 2717 4531 aliud
2766 4471 3018 4545 denique
3064 4485 3329 4529 sermone
3373 4469 3746 4543 promissum,

243 4569 309 4612 ac
358 4552 705 4612 venerabilis
753 4552 920 4612 Pater
955 4537 1131 4613 abbas
1166 4561 1358 4613 V6519?
1407 4552 1549 4629 Ug0,
1599 4556 1748 4614 sicut
1802 4537 2188 4622 mihiDaliud
2234 4537 2689 4620 omnino'rebus
2725 4537 3078 4629 exhibi-tum,
3125 4537 3478 4617 ﬂuctuabam
3529 4537 3745 4629 animo,

243 4643 535 4720 pollicitus
575 4651 679 4714 est,
714 4644 873 4703 hunc
900 4645 1167 4703 eumdem
1208 4660 1331 4704 suae
1361 4646 1690 4719 sponsionis
1720 4646 1945 4707 indicu-
2031 4658 2088 4709 et
2122 4651 2451 4710 aberrantes
2500 4650 2744 4726 quilibet
2774 4665 2809 4708 a
2849 4648 3105 4707 veritatis
3144 4647 3299 4705 linea
3336 4654 3492 4717 tunc,
3546 4647 3745 4719 fateor,

246 4737 368 4797 lum
398 4737 531 4797 vivo
556 4753 821 4797 sermone
847 4754 948 4812 per
976 4738 1203 4813 propria
1230 4739 1401 4798 faciat
1427 4741 1775 4799 monasteria
1799 4757 1949 4814 prm-
2034 4740 2166 4814 plus
2193 4739 2362 4799 solito
2389 4738 2793 4813 displicebant.
2827 4736 2994 4808 Nam,
3028 4743 3094 4795 ut
3120 4750 3308 4795 unum
3335 4738 3619 4794 duntaxat
3638 4736 3745 4795 ad-

242 4825 445 4898 dicari,
497 4832 553 4885 et
602 4827 663 4885 in
719 4842 921 4886 eorum
967 4827 1190 4886 codices
1234 4827 1383 4900 stylo
1430 4828 1629 4901 jubeat
1683 4837 1950 4888 currente
2032 4835 2231 4887 notare
2279 4828 2546 4909 sufficiat,
2586 4842 2703 4900 quo
2736 4833 2944 4886 caetera
2981 4824 3350 4897 colligantur,
3393 4825 3743 4897 promissum

246 4914 585 4986 transcribi;
627 4920 693 4973 ut
741 4915 997 4973 veritatis
1040 4914 1282 4974 omnino
1311 4915 1635 4989 discipulus
1663 4922 1852 4977 teneat
1876 4919 1947 4977 fi-
2035 4917 2181 4976 mihi
2212 4922 2314 4985 est,
2346 4916 2501 4991 quod
2531 4917 2590 4974 in
2619 4914 2898 4976 Kalendis
2937 4913 3183 4987 Augusti
3225 4913 3409 4971 forem
3444 4927 3743 4986 regressus

244 5002 395 5072 dem,
443 5016 549 5061 nec
593 5002 851 5078 stipulati
894 5002 1128 5061 foederis
1172 5003 1351 5063 violet
1392 5004 1738 5065 cautionem.
1791 5006 1951 5080 Rogo
2031 5008 2102 5066 ad
2136 5007 2386 5082 propria,
2428 5005 2525 5065 sed
2570 5004 2870 5080 proﬂigato
2908 5002 3275 5076 postmodum
3316 5002 3588 5062 trimestri
3628 5002 3747 5062 fere

245 5109 347 5169 per
387 5093 607 5166 Jesum,
650 5094 752 5169 qui
795 5095 905 5154 sub
942 5093 1146 5154 Pontio
1181 5094 1365 5155 Pilato
1393 5096 1789 5157 testimonium
1823 5099 1947 5157 red-
2032 5096 2340 5164 curriculo,
2381 5103 2437 5156 et
2475 5102 2695 5171 quanta
2737 5091 2899 5168 potui
2933 5091 3220 5150 celeritate
3260 5090 3511 5162 cucurri,
3561 5098 3617 5150 et
3658 5098 3738 5149 ta-

244 5182 327 5242 dit
353 5185 401 5255 (Ι
430 5186 569 5241 Tim.
594 5186 677 5257 v1)
706 5207 719 5243 :
745 5199 848 5257 per
878 5182 1137 5243 terribile
1155 5183 1443 5257 judicium
1467 5185 1612 5259 ejus,
1643 5200 1758 5260 quo
1788 5186 1952 5246 vivos
2035 5202 2168 5244 men
2209 5186 2305 5244 vix
2341 5185 2545 5261 quinto
2580 5191 2712 5242 ante
2741 5181 3028 5242 Kalendas
3067 5180 3413 5240 Novembris
3449 5178 3563 5250 die,
3606 5181 3741 5238 fou-

244 5280 310 5331 ac
357 5278 615 5333 mortuos
651 5272 970 5348 judicabit;
1023 5288 1125 5348 per
1174 5273 1407 5347 angelos
1451 5280 1507 5332 et
1556 5275 1947 5349 archangelos,
2034 5275 2107 5334 tis
2156 5276 2439 5345 Avellani,
2501 5274 2657 5334 unde
2706 5287 3096 5347 processeram
3148 5286 3430 5330 cacumen
3484 5268 3736 5328 ascendi.
3834 5279 3840 5287 ‘

245 5378 345 5437 per
375 5363 606 5423 Petrum
639 5370 698 5422 et
725 5363 995 5436 Paulum,
1032 5371 1086 5423 et
1114 5357 1315 5425 omnes
1352 5364 1641 5439 apostolos
1685 5380 1750 5423 ac
1794 5381 1947 5424 mar-
2034 5367 2200 5426 Unde
2247 5373 2438 5427 noster
2474 5365 2709 5425 animus
2752 5366 2894 5424 dum
2941 5380 3045 5439 per
3100 5370 3183 5423 tot
3232 5361 3738 5423 intumescentium

245 5458 399 5526 tyres
458 5453 730 5527 deprecor
771 5473 784 5512 :
821 5469 921 5527 per
990 5461 1203 5512 sanctae
1253 5454 1600 5513 homousion
1648 5454 1950 5514 Trinitatis
2032 5457 2180 5515 vada
2213 5455 2577 5527 torrentium,
2612 5471 2713 5530 per
2740 5461 2820 5513 tot
2844 5451 3131 5512 nivalium
3172 5451 3411 5525 Alpium
3442 5452 3739 5525 scopulosa

244 5555 459 5599 nomen
504 5541 775 5615 obtestor,
829 5547 894 5601 ut
943 5547 999 5601 et
1050 5558 1173 5616 vos,
1226 5549 1281 5602 et
1335 5543 1547 5617 posteri
1607 5545 1782 5604 vestri
1832 5546 1947 5605 mei
2029 5544 2319 5621 praeripia,
2354 5560 2456 5619 per
2495 5550 2575 5603 tot
2616 5544 2809 5615 etiam,
2851 5542 3005 5617 quod
3048 5542 3214 5616 pejus
3266 5546 3405 5611 erat,
3452 5539 3737 5600 Cadaloici

246 5632 585 5694 memoriam
627 5633 690 5692 in
737 5634 945 5694 vestris
991 5635 1201 5695 sanctis
1242 5635 1598 5696 orationibus
1642 5636 1941 5697 habeatis:
2026 5636 2244 5696 furoris
2309 5635 2676 5713 conglobatae
2754 5632 3015 5703 insidias,
3077 5636 3376 5707 suspectus
3427 5631 3736 5706 incederet,
