4170 6482
495 307 602 369 379
1019 308 1078 369 S.
1122 306 1344 367 PETRI
1380 306 1707 366 DAMIANI
1744 304 1899 365 OPP.
1945 302 2136 364 PARS
2181 299 2319 363 SEU
2358 298 2610 359 TOMUS
2649 299 2697 357 Ι.
2749 331 2800 341 -
2845 297 3080 358 EPIST.
3124 295 3269 356 LIB.
3312 294 3470 356 VIII.
3892 299 3994 360 380

495 435 754 506 densam,
802 439 870 495 ut
898 434 977 493 ita
1015 434 1237 508 loquar,
1284 433 1547 492 intestini
1592 431 1924 491 certaminis
1963 429 2340 505 grandi-Aet
2367 426 2582 499 gentile
2618 425 3026 500 prostibulum,
3070 424 3135 483 in
3162 424 3558 483 Israelitarum
3587 430 3674 482 est
3721 425 3996 486 translata

492 540 626 584 nem
670 523 923 600 pertulit.
974 523 1043 581 Et
1079 538 1411 598 quanquam
1462 522 1521 579 in
1562 523 1668 580 hoc
1705 520 1924 595 rigidus
1975 534 2199 593 semper
2280 513 2655 586 consortium,
2692 515 2834 573 dum
2863 529 3064 573 eorum
3108 513 3334 573 nuntiis
3363 512 3556 570 vitalis
3580 512 3812 588 aufugii
3844 531 3992 589 prae

490 600 914 672 etinﬂexibilis
958 618 1358 687 permaneret;
1397 620 1452 669 et
1490 611 1641 685 quod
1684 610 1963 668 nimirum
2001 608 2192 665 decre-
2279 603 2407 662 buit
2460 609 2868 679 argumentum
2925 606 3050 677 (Jos.
3115 606 3193 667 Ill.
3252 603 3369 677 Ego
3424 602 3620 669 etiam,
3686 609 3753 662 ut
3805 620 3991 678 spero,

494 710 673 773 verat,
720 703 943 761 malum
992 717 1095 776 pro
1145 702 1295 760 male
1346 716 1460 760 non
1506 700 1779 768 reddere;
1840 697 2198 756 oblivionem
2283 692 2504 751 meritis
2558 708 2651 749 me
2711 700 2915 751 vestra
2970 691 3287 751 sanctitatis
3346 691 3561 765 ingessi
3617 690 3760 750 dum
3821 692 3992 752 Mati-

492 799 685 848 tamen
732 790 965 863 injuria
1010 790 1437 863 quantumlibet
1484 790 1783 859 niteretur,
1839 802 1956 845 non
2012 785 2198 858 potuit
2280 780 2467 837 censis
2488 780 2762 839 Ecclesia
2780 781 3190 855 jugum,quod
3215 780 3379 839 vobis
3402 779 3624 855 imponi
3646 780 3992 851 tentabatur,

492 878 753 937 funditus
789 878 1069 939 obtinere.
1104 882 1177 937 At
1204 885 1506 952 postquam
1536 875 1608 933 ad
1637 875 1911 934 cellulam
1950 889 2197 948 perven-
2278 869 2472 941 abegi;
2530 869 2929 942 tuendumque
2973 885 3065 927 me
3114 868 3282 928 credo
3338 885 3437 943 per
3493 885 3594 929 vos
3639 887 3672 928 a
3719 871 3995 932 versutiis

493 973 621 1026 tum
678 973 782 1037 est,
835 967 954 1026 imo
1019 973 1322 1041 postquam
1372 967 1434 1025 in
1485 982 1597 1037 me,
1652 966 1775 1040 ipse
1822 963 1924 1038 qui
1975 964 2197 1022 fueram
2279 958 2634 1027 daemonum,
2664 957 2768 1031 qui
2794 958 3076 1016 vibratam
3108 957 3167 1015 in
3210 973 3313 1016 vos
3346 958 3570 1015 clavam
3599 957 3869 1017 Herculis
3900 976 3994 1017 ra-

489 1057 787 1126 exclusus,
816 1056 1049 1125 intravi,
1080 1072 1216 1114 mox
1238 1054 1540 1114 astuantis
1563 1055 1748 1112 animi
1774 1053 1962 1111 fervor
1983 1051 2199 1110 exstin-
2279 1047 2381 1120 pui
2411 1045 2483 1103 de
2511 1046 2781 1104 manibus
2808 1045 3184 1115 clericorum;
3235 1053 3288 1104 et
3338 1051 3613 1121 tanquam
3643 1046 3995 1106 Jesbibenob

490 1148 721 1220 guitur;
769 1146 1108 1205 contentiosi
1162 1146 1334 1220 litigii
1390 1145 1627 1220 querela
1687 1144 1934 1218 sopitur;
1984 1150 2194 1212 tumor,
2279 1137 2341 1195 in
2392 1137 2572 1194 David
2618 1136 3014 1211 insurgentem
3057 1141 3128 1210 (II
3163 1141 3294 1206 Reg.
3338 1138 3491 1207 XXI),
3523 1136 3764 1210 perculi,
3809 1153 3876 1196 ac
3920 1153 3993 1195 ne

489 1235 724 1303 clamor,
774 1242 830 1292 et
884 1233 1209 1308 indignatio
1249 1240 1457 1309 prasto
1512 1234 1841 1307 deponitur,
1898 1238 1953 1291 et
2004 1246 2194 1297 omne,
2280 1225 2516 1286 lucerna
2541 1224 2717 1284 Israel
2746 1224 3234 1298 exstingueretur,
3268 1224 3512 1284 occurri.

490 1324 644 1400 quod
681 1325 743 1382 in
778 1323 925 1382 meis
966 1324 1287 1383 visceribus
1336 1339 1602 1382 amarum
1660 1323 1865 1392 fuerat,
1919 1321 2201 1380 divinitus
2356 1315 2530 1373 Porro
2578 1321 2790 1384 autem.
2845 1314 2986 1373 dum
3037 1321 3149 1372 tam
3199 1313 3545 1385 districtum,
3601 1322 3833 1391 tamque
3874 1317 3991 1374 ΓΓθ·

489 1412 851 1473 obdulcatur.
894 1413 1039 1471 Nam
1076 1412 1237 1471 velut
1276 1413 1346 1470 ad
1403 1412 1655 1471 tribunal
1694 1412 1910 1486 judicis
1959 1416 2199 1471 conten-
2282 1410 2557 1477 queotem
2604 1410 2821 1464 sancta
2860 1411 3066 1464 vestra?
3100 1406 3552 1464 conversationis
3590 1406 3855 1465 ordinem
3897 1422 3991 1465 ro-

490 1504 673 1561 tiosus
732 1502 984 1576 litigator
1040 1502 1342 1571 adductus,
1410 1501 1705 1577 querelam
1762 1500 2031 1560 inutilem
2084 1515 2200 1558 non
2281 1490 2425 1562 colo,
2456 1507 2569 1549 non
2597 1492 3035 1550 adinventionis
3062 1493 3341 1550 humanae
3374 1493 3781 1563 studium.sed
3807 1495 3990 1552 sancti

490 1607 626 1650 sum
655 1607 834 1650 ausus
872 1607 1161 1665 exponere
1200 1598 1331 1649 ante
1369 1590 1641 1649 districta
1677 1590 1902 1650 cellulae
1933 1589 2198 1663 majesta-
2286 1577 2535 1652 Spiritus
2589 1581 2986 1653 magisterium
3032 1581 3222 1639 inesse
3273 1581 3580 1654 Ρθΐβθηάο·
3642 1581 3789 1641 Nam
3836 1588 3993 1641 tanta

491 1684 628 1739 tem.
674 1680 743 1739 Et
779 1687 1052 1757 tanquam
1091 1682 1139 1739 si
1184 1680 1497 1754 languidus
1542 1680 1789 1755 quilibet
1832 1679 2199 1739 aromaticam

2283 1675 2404 1728 erat
2437 1669 2496 1726 in
2523 1670 2792 1728 servandi
2819 1669 3043 1727 ordinis
3070 1669 3345 1728 continua
3370 1670 3616 1744 jugitate
3649 1670 3990 1744 prolixitas;

489 1770 827 1843 ingrediens
879 1770 1207 1839 omcinam;
1268 1774 1579 1843 antequam
1647 1768 1888 1827 antidoti
1948 1764 2441 1854 medica-Btanta
2485 1759 2805 1831 praesertim
2840 1759 2899 1816 in
2941 1757 3340 1817 ecclesiasticis
3373 1758 3577 1817 ofﬁciis
3604 1759 3997 1833 protelabatur

491 1863 689 1915 menta
764 1857 1059 1930 percipiat,
1130 1857 1387 1930 deposita
1460 1858 1755 1932 languoris
1829 1847 2576 1931 agritudinefiostantia,
2639 1852 2703 1903 ιιῒ
2763 1847 2824 1904 in
2897 1847 3021 1920 i950
3081 1847 3295 1917 Cancri,
3372 1849 3497 1905 Sive
3571 1849 3754 1907 leonis
3822 1858 3993 1922 τεθείη,

487 1943 874 2014 convalescat;
904 1945 982 2002 ita
1011 1961 1114 2018 ego
1144 1945 1429 2018 protinus,
1469 1954 1534 2004 ut
1570 1944 1797 2004 cellula
1838 1962 1980 2005 mea
2020 1947 2199 2005 limen
2282 1949 2416 1993 cum
2463 1934 2748 2007 Ῐοηὲξίοτθε
2777 1943 2917 1993 sum
2960 1937 3103 2005 d193,
3135 1936 3237 1993 Vix
3268 1951 3369 2009 Per
3397 1940 3577 1994 ίοῖιιιη
3611 1935 3762 1995 diem
3811 1938 3997 1997 unius

482 2032 668 2104 attigi,
719 2032 965 2091 necdum
1018 2032 1228 2091 librum
1273 2033 1594 2107 quemlibet
1632 2049 1969 2107 aperueram
2001 2058 2013 2091 :
2044 2042 2119 2107 et,
2167 2050 2200 2092 o

486 2120 883 2179 benefactum!
921 2128 1197 2195 tanquam
1238 2122 1454 2180 virtute
1485 2122 1616 2191 loci,
1651 2138 1857 2182 sanum
1892 2139 1986 2181 me
2028 2130 2201 2197 atque

488 2209 865 2277 incolumem,
939 2211 1271 2284 compositis
1326 2212 1539 2270 animae
1602 2229 1747 2271 mea
1830 2211 2197 2282 vulneribus,

490 2299 935 2373 reperi:sicque
983 2301 1053 2357 ad
1100 2299 1435 2359 divinorum
1492 2301 1795 2373 librorum,
1852 2302 1954 2376 qui
2012 2302 2202 2361 adhuc

486 2390 669 2449 clausi
716 2390 1078 2455 tenebantur,
1137 2398 1451 2463 aspectum,
1500 2390 1662 2449 velut
1709 2396 1843 2449 ante
1898 2391 2201 2450 medicina

485 2480 783 2553 poculum,
824 2479 1070 2538 salutem
1110 2480 1300 2547 hausi,
1343 2479 1698 2553 spirantibus
1737 2480 2021 2540 duntaxat
2058 2483 2199 2541 odo-

488 2568 651 2627 ribus
695 2568 1073 2641 fragrantium
1122 2569 1549 2641 pigmentorum
1608 2568 1966 2644 Quapropter
2008 2578 2203 2630 sancto

488 2658 691 2717 rectori
722 2664 912 2717 vestro
939 2659 1073 2731 (95),
1102 2660 1203 2733 qui
1236 2659 1385 2717 mihi
1416 2664 1591 2716 tanta
1618 2657 1957 2718 calamitatis
1976 2662 2203 2735 pondus

488 2748 736 2819 invexit,
759 2765 872 2808 non
903 2750 1072 2808 modo
1096 2749 1281 2807 vicem
1306 2748 1579 2819 Iasionis,
1604 2750 1701 2807 sed
1723 2766 1860 2807 eum
1881 2766 2115 2825 quoque
2135 2753 2198 2809 in

482 2842 584 2912 jus
640 2839 845 2896 veteris
903 2840 1178 2898 amicitia
1232 2855 1337 2913 pro
1389 2847 1578 2898 vestra
1631 2840 1910 2899 charitate
1967 2842 2195 2901 reduco.

488 2925 601 2994 Qui
641 2926 798 2983 enim
842 2943 956 2985 non
1009 2927 1285 2989 absolute,
1342 2927 1440 2984 sed
1478 2929 1629 2985 sicut
1669 2928 1776 3001 ipsi
1825 2928 2197 3002 dimittimus,

490 3016 573 3074 ita
616 3014 781 3073 nobis
818 3032 849 3073 a
883 3015 996 3074 Deo
1033 3017 1244 3075 dimitti
1287 3025 1508 3090 peccata
1553 3034 1823 3092 rogamus
1851 3021 2066 3093 (Matth.
2101 3033 2197 3091 VI;

492 3106 620 3160 Luc.
683 3106 787 3175 X1),
845 3104 987 3162 dum
1040 3119 1145 3162 nos
1194 3120 1328 3163 cum
1380 3104 1736 3164 relaxatione
1807 3109 2040 3182 peccati,
2098 3109 2197 3167 Dei

490 3208 726 3267 quoque
763 3195 1003 3266 gratiam
1042 3194 1392 3265 quarimus;
1424 3194 1778 3266 dignum-est
1807 3204 1870 3255 ut
1898 3213 2002 3255 nos
2028 3199 2198 3257 etiam

495 3279 764 3339 inimicos
790 3286 1016 3340 nostros
1042 3289 1167 3356 post
1193 3282 1531 3340 offensionis
1562 3284 1814 3355 veniam,
1847 3285 1906 3342 in
1937 3287 2202 3359 pristina

494 3386 730 3444 prorsus
808 3371 1080 3430 amicitia
1155 3370 1576 3446 plenitudinem
1641 3374 1978 3436 referamus.
2043 3376 2202 3437 Sicut

499 3461 658 3519 enim
685 3462 905 3521 oblivio
940 3462 1342 3520 mandatorum
1384 3463 1486 3522 Dei
1526 3465 1723 3538 procul
1764 3464 1943 3524 dubio
1990 3466 2198 3525 vitium

496 3557 602 3622 est,
658 3554 739 3611 sic
780 3553 961 3612 illata
1014 3553 1156 3611 184
1204 3557 1547 3615 calamitatis
1593 3558 1811 3617 oblivio
1862 3576 1976 3618 non
2032 3576 2203 3634 parva

497 3642 681 3700 virtus
718 3650 821 3702 est.
859 3643 1142 3704 Praterea
1175 3646 1284 3718 illi,
1320 3646 1420 3721 qui
1459 3663 1551 3705 me
1582 3662 1848 3721 pressura
1876 3650 2013 3707 tanti
2045 3650 2202 3708 labo-

502 3730 581 3788 ris
619 3732 857 3801 attrivit,
897 3733 1068 3793 etiam
1105 3736 1306 3807 gratia
1354 3735 1670 3795 referenda
1720 3746 1877 3808 sunt,
1923 3739 2065 3812 quia
2102 3738 2204 3797 illo

497 3818 833 3892 disponente
876 3824 976 3896 qui
1030 3825 1243 3882 nostris
1285 3824 1430 3883 bene
1472 3824 1654 3883 utitur
1698 3826 1886 3899 malis,
1935 3843 2036 3901 per
2079 3827 2204 3902 ejus

497 3907 773 3968 offensam
810 3913 866 3968 in
899 3913 1216 3972 sanctitatis
1254 3922 1461 3973 vestra
1508 3930 1600 3973 me
1647 3918 1885 3992 contigit
1927 3918 2203 3979 devenire

498 3996 883 4057 notitiam:et
936 4001 993 4057 in
1022 4002 1130 4059 hoc
1178 4005 1517 4076 propensius
1561 4004 1798 4077 gaudeo,
1848 4006 1986 4080 quia
2034 4024 2201 4067 meus

498 4084 659 4142 labor
687 4086 869 4145 otium
900 4088 1066 4145 vobis
1099 4105 1345 4149 amoena
1380 4093 1703 4151 securitatis
1731 4094 2027 4168 impertiit,
2072 4112 2201 4156 mea

498 4176 729 4232 vexatio
768 4175 1069 4235 laboriosa
1097 4176 1276 4250 quieti
1311 4186 1512 4239 vestra
1543 4181 1740 4239 dulces
1779 4183 1950 4241 ferias
1993 4200 2200 4257 procu—

2283 2022 2483 2081 saltem
2543 2032 2773 2083 vacaret
2826 2025 2987 2083 hora
3034 2024 3367 2095 dimidium,
3422 2041 3540 2100 quo
3600 2026 3873 2086 fratribus
3931 2026 3996 2085 in

2281 2115 2530 2173 claustro
2600 2115 2854 2175 licuisset
2900 2116 3142 2174 miscere
3190 2115 3565 2189 colloquium.
3617 2116 3741 2177 Hoc
3795 2126 3997 2176 autem

2283 2212 2396 2262 tam
2440 2206 2700 2264 continui
2743 2206 2959 2265 laboris
3001 2207 3345 2265 exercitium
3371 2207 3443 2264 ad
3478 2207 3585 2266 hoc
3608 2214 3711 2280 est,
3747 2213 3812 2267 ut
3844 2225 3997 2281 reor,

2282 2295 2477 2352 solerti
2534 2295 2672 2353 satis
2728 2309 2795 2353 ac
2838 2295 3079 2370 provida
3134 2297 3447 2370 magisterii
3498 2306 3620 2357 arte
3672 2300 3996 2373 provisum,

2285 2388 2348 2441 ut
2403 2383 2620 2441 levium
2679 2390 2853 2457 atque
2898 2385 3268 2444 inﬁrmorum
3326 2387 3573 2446 fratrum
3628 2388 3993 2463 fragilitatem

2286 2471 2579 2545 reprimat,
2622 2478 2680 2531 et
2731 2472 3109 2547 delinquendi
3162 2476 3576 2550 propemodum
3633 2476 3996 2536 occasionem

2285 2560 2460 2629 tollat,
2501 2567 2788 2634 quatenus
2815 2562 2990 2621 etiam
3024 2563 3072 2621 si
3102 2564 3304 2635 velint,
3345 2573 3554 2638 prater
3588 2566 3993 2640 cogitationem

2285 2664 2518 2724 peccare
2566 2650 2665 2707 vix
2707 2650 2942 2723 possint.
3006 2651 3323 2725 Fragilium
3379 2651 3560 2726 igitur
3612 2652 3997 2713 imbecillitati

2285 2743 2629 2810 consulitur,
2686 2744 2833 2803 dum
2885 2745 2943 2802 in
3005 2745 3386 2818 persolvendo
3439 2747 3703 2805 continui
3770 2747 4001 2807 ordinis

2283 2849 2462 2909 penso
2516 2840 2722 2905 totum,
2787 2850 2903 2892 non
2957 2834 3128 2893 modo
3185 2834 3404 2905 diurni,
3456 2837 3556 2894 sed
3611 2843 3667 2895 et
3722 2839 3998 2898 nocturni

2286 2925 2558 2997 temporis
2602 2922 2856 2999 spatium
2887 2924 3242 2997 proﬂigatur.
3280 2923 3425 2982 Nam
3466 2931 3525 2984 et
3567 2925 3687 3000 ipse
3722 2926 3998 3001 omnipo-

2284 3020 2409 3072 tens
2438 3013 2589 3072 Deus
2618 3014 2726 3072 hoc
2753 3014 3030 3073 humana
3061 3014 3266 3072 salutis
3293 3015 3377 3073 uti
3401 3014 3671 3089 dignatus
3702 3024 3790 3074 est
3816 3033 3997 3091 argu-

2285 3108 2497 3171 mento,
2528 3119 2663 3162 cum
2687 3103 2899 3178 populo
2930 3120 3028 3176 per
3053 3104 3272 3163 deserta
3295 3105 3581 3179 gradienti
3611 3112 3689 3166 tot
3720 3107 4002 3168 mandata

2286 3191 2581 3265 proposuit
2627 3194 2821 3266 (Exod.
2870 3196 3129 3269 XXXVI):
3162 3211 3468 3269 operosum
3510 3197 3775 3257 videlicet
3818 3205 4000 3272 atque

2284 3279 2694 3354 inexplicabile
2744 3284 3184 3344 tabernaculum
3241 3285 3528 3359 fabricari,
3591 3287 3819 3347 diversa
3875 3289 3999 3349 sibi

2283 3368 2560 3429 sacriﬁcia
2629 3387 2730 3445 per
2807 3379 2888 3432 tot
2968 3375 3341 3433 caremonias
3413 3390 3480 3433 ac
3555 3376 3702 3435 ritus
3774 3376 3998 3452 oﬂ‘erri,

2281 3459 2477 3533 ipsum
2525 3468 2844 3522 castrorum
2893 3463 3161 3521 ordinem
3218 3465 3341 3524 sive
3409 3464 3806 3537 residentium,
3868 3465 3999 3526 sive

2285 3551 2735 3609 commeantium
2794 3557 2910 3610 tam
2972 3553 3298 3625 artiﬁciosa,
3356 3570 3532 3630 quam
3588 3554 3830 3628 mystica
3891 3571 3998 3615 va-

2285 3642 2480 3701 rietate
2517 3643 2820 3717 distingui,
2868 3650 3157 3718 quatenus
3195 3644 3333 3704 dum
3382 3661 3505 3705 sese
3553 3646 3615 3704 in
3660 3645 3753 3705 bis
3773 3646 3999 3721 jugiter

2284 3740 2596 3804 exerceret,
2646 3732 2857 3792 resolvi
2900 3732 3148 3791 carnalis
3203 3733 3364 3806 plebs
3420 3734 3490 3792 ad
3545 3733 3698 3793 idola
3746 3734 4001 3794 colenda

2284 3835 2399 3878 non
2430 3826 2634 3892 posset.
2667 3820 2817 3879 Sane
2845 3819 2984 3879 dum
3016 3820 3267 3895 populus
3291 3820 3391 3879 ille
3423 3836 3536 3879 non
3563 3821 3833 3895 operibus
3863 3830 4000 3882 tex-

2287 3907 2452 3965 trinis
2495 3906 2804 3979 insisteret,
2856 3923 2971 3966 non
3016 3907 3317 3968 contraria
3356 3910 3465 3966 arti
3513 3925 3746 3983 operam
3803 3909 3996 3984 daret,

2288 3994 2429 4052 185
2460 4013 2579 4056 non
2617 3997 2869 4071 denique
2911 3999 3169 4058 studium
3206 3998 3579 4073 agricultura
3613 4000 3992 4075 dependeret,

2284 4104 2401 4147 non
2447 4088 2585 4147 ullis
2628 4089 3044 4164 prospicienda
3084 4089 3441 4148 necessitatis
3484 4089 3779 4149 laboribus
3827 4091 3998 4151 insu—

2285 4178 2463 4249 daret,
2538 4177 2962 4253 multiplicibus
3010 4180 3380 4253 occupandus
3430 4187 3567 4251 erat,
3630 4179 3746 4240 Deo
3800 4180 3996 4255 legem

498 4262 665 4322 ravit.
713 4263 834 4322 Hoc
874 4265 1070 4340 itaque
1097 4267 1265 4325 modo
1297 4283 1387 4326 me
1417 4269 1529 4343 piis
1565 4272 1838 4343 operibus
1869 4274 2074 4333 vestris
2106 4275 2201 4333 in-
2282 4268 2706 4342 promulgante,
2753 4268 3058 4339 mandatis,
3113 4274 3178 4327 ut
3233 4269 3372 4328 dum
3432 4270 3557 4327 hac
3608 4284 3742 4327 cum
3794 4268 3998 4328 labore

497 4351 697 4423 seruit,
740 4369 990 4427 quorum
1028 4356 1130 4413 etsi
1179 4364 1372 4416 sancte
1400 4359 1633 4418 vivendi
1667 4360 1904 4435 vestigia
1937 4379 2055 4421 non
2086 4363 2199 4421 eri-
2282 4358 2650 4432 persolveret,
2699 4375 3065 4436 nequaquam
3122 4360 3238 4419 otio
3297 4359 3581 4418 resolutus
3637 4358 3699 4418 in
3755 4359 3995 4418 sacrile-

496 4439 616 4512 pui,
659 4446 723 4499 ut
768 4448 961 4502 tamen
1004 4444 1199 4504 vivere
1225 4452 1418 4505 sancte
1457 4448 1718 4522 possetis,
1751 4449 2040 4509 auxilium
2070 4448 2445 4524 tuli._\gium
2481 4448 2811 4508 declinaret.
2857 4449 2972 4508 Nec
3002 4450 3241 4522 mirum,
3276 4449 3528 4524 idipsum
3559 4449 3732 4507 etiam
3763 4448 3999 4509 Pharao

497 4528 591 4588 Sic
649 4530 747 4590 ille
797 4534 1006 4594 domus
1052 4536 1248 4595 Achab
1292 4512 1647 4610 dispensator
1685 4512 1920 4611 Abdias,
1978 4542 2117 4600 dum
2169 4512 2541 4599 antentabat
2598 4553 2896 4612 usurpare,
2950 4554 3082 4598 cum
3133 4512 3381 4597 diceret;
3413 4561 3433 4589 ιι
3485 4537 3706 4597 Vacatis
3747 4536 3886 4610 otio,
3940 4532 4003 4596 et

494 4617 701 4691 gladiis
755 4622 978 4682 Jezabel
1054 4624 1342 4698 fugientes
1408 4629 1712 4702 prophetas
1782 4629 1840 4687 in
1914 4630 2201 4703 specubus
2284 4626 2497 4685 idcirco
2570 4625 2783 4697 dicitis,
2857 4642 3078 4697 eamus,
3159 4634 3213 4685 et
3282 4627 3674 4686 sacrificemus
3740 4626 4001 4687 Domino

494 4710 936 4787 quinquagenos
988 4714 1305 4789 abscondit,
1366 4715 1487 4788 ipse
1538 4718 1902 4790 postmodum
1954 4718 2203 4791 gloriosa
2286 4713 2480 4786 (Emod.
2537 4717 2614 4789 νδ
2655 4742 2677 4765 υ
2730 4715 2897 4787 Nam,
2953 4716 3106 4791 quod
3170 4731 3283 4774 non
3347 4714 3641 4788 indigebat
3689 4720 3999 4774 terrenum

495 4799 893 4862 vicissitudine
928 4806 1247 4879 prophetici
1287 4806 1523 4879 spiritus
1564 4809 1807 4882 gratiam
1855 4810 2072 4869 meruit
2106 4811 2206 4876 (III
2283 4803 2423 4876 quid
2457 4819 2644 4878 agere,
2681 4803 2794 4862 nisi
2825 4804 3058 4862 indicta
3088 4803 3490 4862 tantummodo
3515 4802 3657 4879 legis
3702 4811 4002 4877 pracepta

490 4891 621 4957 Reg.
654 4896 847 4957 XVIII).
887 4892 951 4948 Et
984 4908 1141 4951 nunc
1170 4891 1479 4951 Ecclesiam
1512 4893 1786 4968 spiritalis
1832 4896 2009 4971 edulii
2037 4896 2197 4971 dapi-

497 4975 605 5034 bus
652 4978 850 5047 reﬁcit,
883 4980 984 5054 qui
1028 4989 1166 5041 tunc
1191 4998 1421 5056 panem,
1467 4990 1523 5040 et
1563 4998 1777 5060 aquam
1807 4983 2200 5042 esurientibus

492 5065 864 5125 ministravit.
914 5067 1008 5127 Sic
1055 5069 1286 5130 Eliseus
1333 5070 1473 5129 dum
1512 5071 1784 5145 magistro
1828 5088 1932 5131 suo
1979 5073 2201 5131 devota

492 5154 815 5214 sedulitatis
849 5156 1151 5216 exhiberet
1178 5160 1543 5236 obsequium,
1585 5160 1895 5235 duplicem
1921 5176 2196 5220 consecu-

493 5251 585 5303 tus
611 5254 696 5304 est
722 5247 966 5321 gratiam
992 5246 1051 5304 in
1083 5238 1295 5306 virtute
1328 5250 1630 5323 signorum
1663 5254 1761 5325 (IV
1800 5253 1933 5319 Reg.
1982 5252 2057 5322 ll).
2103 5249 2197 5309 Sic

491 5334 715 5407 Bahab,
756 5337 1032 5413 quoniam
1064 5337 1452 5409 exploratores
1488 5340 1663 5399 Israel
1701 5357 1733 5399 a
1778 5339 1920 5397 facie
1961 5340 2193 5413 tyranni

491 5423 733 5485 furentis
767 5426 1039 5499 occuluit,
1073 5424 1294 5500 gladios
1321 5426 1735 5489 Jericbontina
1763 5428 1938 5489 cadis
1976 5429 2191 5501 evasit;

556 5611 657 5677 (95)
686 5613 933 5668 Sanctum
967 5617 1246 5682 Hugonem
1276 5615 1527 5671 abbatem
1557 5617 1748 5673 innuit.

2283 4905 2531 4963 servare,
2579 4896 2817 4949 testatur
2871 4891 3116 4967 Moyses,
3166 4892 3267 4964 qui
3320 4907 3457 4950 eum
3502 4891 3843 4967 alloquitur,
3899 4891 4002 4951 di-

2282 4996 2460 5039 cens:
2499 5005 2519 5033 ι
2566 4982 2734 5040 Dedit
2789 4983 2894 5042 tibi
2948 4983 3236 5043 Dominus
3287 4983 3479 5042 cibum
3540 4998 3778 5055 manna,
3828 4986 4000 5058 quod

2281 5068 2587 5144 ignorabas
2631 5075 2715 5142 tu,
2762 5078 2818 5129 et
2858 5078 3047 5145 patres
3083 5073 3187 5143 tui,
3220 5078 3285 5131 ut
3309 5072 3634 5131 ostenderet
3658 5072 3784 5143 tibi,
3830 5075 4006 5147 quod

2279 5173 2396 5216 non
2419 5159 2481 5216 in
2503 5159 2622 5218 solo
2651 5176 2798 5234 pane
2822 5159 2968 5218 vivit
2998 5162 3190 5231 homo,
3214 5162 3311 5219 sed
3337 5161 3395 5219 in
3421 5161 3582 5219 omni
3611 5159 3804 5231 verbo,
3829 5162 4003 5237 quod

2278 5246 2572 5319 egreditur
2613 5263 2685 5305 ex
2722 5263 2821 5306 ore
2863 5247 2968 5306 Dei
3005 5252 3185 5317 (Deut.
3240 5262 3381 5320 VIII;
3432 5251 3633 5305 Matth.
3696 5259 3798 5320 IV;
3852 5251 4002 5307 Luc.

2276 5336 2393 5408 Iv);
2437 5362 2463 5386 ››
2521 5336 2619 5395 ubi
2685 5345 2741 5396 et
2795 5343 3004 5412 prasto
3058 5338 3360 5414 subiungit
3404 5358 3416 5395 :
3477 5359 3525 5425 α⁴
3557 5337 4005 5399 Vestimentum

2276 5430 2464 5498 tuum,
2497 5442 2615 5501 quo
2660 5428 3026 5503 aperiebaris,
3075 5444 3443 5506 nequaquam
3487 5432 3772 5488 vetustate
3821 5428 4005 5488 dele-
