4170 6462
228 360 337 422 381

1509 367 1735 428 LIBEB
1774 369 2086 443 SEXTUS,
2130 372 2365 433 EPIST.
2409 374 2480 434 V.

3642 381 3748 441 382

228 490 335 560 cit,
375 494 432 546 et
463 502 562 562 pes
592 492 727 546 tuus
756 495 996 576 nonest
1030 487 1327 550 subtritus.
1362 491 1447 549 En
1477 493 2181 567 quadragesimusANaas
2230 500 2644 571 Ammonitem,
2676 501 2992 574 superbum
3052 500 3322 560 videlicet
3368 519 3587 576 regem,
3633 505 3745 564 nisi

229 593 436 637 annus
475 582 579 648 est,
612 581 676 634 ut
715 575 992 650 recogites
1030 579 1087 634 in
1130 579 1299 637 corde
1332 586 1450 652 tuo,
1477 581 1617 655 quia
1643 582 1792 641 sicut
1819 600 1952 643 eru-

228 666 321 725 dit
354 668 528 726 homo
565 665 757 724 ﬁlium
795 681 994 737 suum,
1023 665 1106 723 sic
1134 666 1417 726 Dominus
1455 669 1606 730 Deus
1645 677 1784 730 tuus
1820 689 1952 731 eru-

228 758 385 818 divit
436 766 527 830 te;
579 765 645 817 ut
684 758 974 816 custodias
1016 759 1284 817 mandata
1325 760 1559 821 Domini
1610 763 1713 821 Dei
1768 765 1870 834 tui,
1899 768 1953 822 et

232 845 508 905 ambules
547 846 608 904 in
646 846 756 905 viis
806 847 953 920 ejus,
989 854 1044 905 et
1097 849 1297 907 timeas
1345 865 1479 907 eum
1528 856 1706 920 (Deut.
1738 857 1884 923 VIII).
1921 874 1947 907 »

229 935 301 994 In
355 935 570 1008 quibus
617 934 807 993 verbis
855 935 995 994 illud
1042 942 1127 995 est
1178 936 1442 997 solertius
1495 940 1945 1013 attendendum,

230 1024 393 1098 quod
444 1024 526 1083 ait
563 1048 575 1083 :
629 1047 655 1075 α
707 1024 876 1084 Dedit
908 1025 1013 1083 tibi
1047 1042 1282 1099 manna,
1322 1036 1386 1087 ut
1422 1030 1764 1106 ostenderet,
1793 1033 1948 1107 quod

229 1130 354 1185 non
407 1116 473 1175 in
526 1115 644 1174 solo
684 1130 833 1190 pane
885 1117 1031 1176 vivit
1080 1118 1271 1189 homo,
1308 1120 1409 1178 sed
1457 1120 1517 1178 in
1564 1123 1725 1181 omni
1774 1124 1947 1183 verbo

229 1206 393 1282 quod
442 1205 732 1280 egreditur
771 1222 845 1264 ex
882 1222 982 1266 ore
1012 1208 1135 1266 Dei.
1181 1229 1208 1261 »
1249 1209 1359 1269 Ubi
1401 1210 1530 1269 luce
1570 1210 1782 1271 clarius
1811 1230 1948 1273 con—

229 1300 347 1353 stat
373 1295 515 1367 quia
555 1294 708 1353 illud
750 1311 981 1365 manna,
1014 1312 1130 1369 quo
1168 1297 1255 1356 illi
1285 1299 1590 1359 carnaliter
1626 1300 1948 1375 alebantur,

230 1383 345 1443 hoc
373 1382 563 1441 divini
609 1384 775 1442 verbi
814 1384 1172 1458 signiﬁcabat
1203 1388 1505 1461 pabulum,
1539 1405 1655 1463 quo
1693 1407 1853 1451 nunc
1887 1394 1949 1452 in

231 1473 434 1532 anima
473 1488 821 1532 recreemur.
856 1474 925 1532 Et
957 1476 1276 1535 notandum
1313 1479 1468 1551 quod
1498 1478 1568 1536 de
1592 1480 1700 1538 hoc
1737 1497 1951 1541 manna

231 1562 297 1620 in
350 1561 500 1621 libro
545 1562 735 1621 Exodi
777 1562 1029 1636 legitur:
1067 1589 1093 1612 ‹‹
1123 1564 1287 1635 Quod
1335 1582 1467 1625 cum
1520 1568 1815 1643 vidissent,
1858 1571 1950 1629 in-

232 1651 386 1726 quit,
441 1650 546 1710 ﬁlii
597 1652 793 1723 Israel,
838 1653 1115 1712 dixerunt
1165 1656 1236 1713 ad
1282 1655 1534 1716 invicem
1569 1682 1582 1717 :
1615 1659 1836 1719 Manhu
1864 1660 1893 1720 ?
1923 1686 1944 1714 ι

232 1740 391 1815 quod
448 1740 754 1813 signiﬁcat,
792 1764 819 1792 α
847 1742 986 1817 quid
1033 1749 1120 1801 est
1165 1744 1321 1804 hoc?
1368 1768 1394 1799 »
1444 1749 1644 1818 (Ea-od.
1679 1756 1828 1817 XVI).
1856 1749 1950 1809 Illi

2038 585 2130 642 vel
2185 588 2470 645 mundum
2522 588 2770 647 Creatori
2824 605 2928 648 suo
2974 589 3268 659 rebellem,
3309 590 3401 648 vel
3444 590 3742 652 diabolum

2035 672 2164 745 ejus
2184 673 2568 749 intelligimus
2590 676 2907 750 principem
2928 675 2954 735 ?
2973 676 3054 735 De
3075 692 3188 748 quo
3206 677 3488 739 nimirum
3507 680 3742 753 dicitur,

2035 764 2171 836 quia
2207 762 2385 837 «Ipse
2419 771 2503 821 est
2533 781 2635 822 rex
2668 781 2840 839 super
2886 782 3089 824 omnes
3118 767 3271 826 ﬁlios
3296 769 3583 841 superbia
3627 773 3744 841 (Job

2034 857 2179 922 XLI).
2237 878 2262 900 υ
2324 852 2393 910 Et
2446 853 2585 926 quia
2644 853 2791 912 Naas
2846 871 3067 927 serpens
3116 854 3546 929 interpretatur,
3596 866 3745 919 recte

2030 957 2132 1016 per
2184 943 2340 1001 hunc
2387 960 2713 1003 venenosus
2752 944 2868 1015 ille,
2920 951 2975 1003 et
3015 945 3274 1006 lubricus
3306 947 3516 1021 anguis
3546 948 3746 1023 expri-

2031 1034 2230 1092 mitur.
2265 1036 2415 1105 Quid
2451 1052 2585 1095 vero
2623 1053 2722 1111 per
2757 1035 2944 1108 Jabes,
2991 1052 3124 1112 qua
3154 1036 3358 1096 civitas
3396 1044 3516 1098 erat
3558 1038 3741 1097 Israe-

2028 1120 2201 1194 litica,
2232 1122 2345 1182 nisi
2395 1124 2589 1182 anima
2636 1124 2904 1182 innuitur
2949 1123 3275 1183 Christiana
3302 1125 3373 1184 ad
3419 1126 3739 1186 videndum

2034 1210 2218 1271 Deum
2259 1228 2358 1285 per
2385 1212 2645 1271 studium
2682 1214 3182 1288 contemplationis
3224 1216 3485 1275 intenta?
3508 1215 3579 1275 Et
3604 1217 3741 1292 quia

2032 1300 2203 1359 Jabes
2265 1302 2670 1376 interpretatur
2716 1306 3009 1369 exsiccata,
3064 1303 3157 1362 vel
3203 1308 3442 1372 siccitas,
3490 1321 3743 1379 congrue

2032 1403 2133 1463 per
2160 1389 2329 1447 Jabes
2358 1389 2459 1447 illa
2495 1390 2844 1465 intelligitur
2874 1391 3088 1459 anima,
3123 1407 3258 1465 qua
3297 1408 3567 1466 superna
3606 1410 3740 1467 gra-

2033 1477 2130 1535 tia
2172 1477 2589 1551 pinguedinem
2635 1479 2862 1550 deserit,
2904 1487 2959 1537 et
2997 1479 3054 1538 in
3096 1487 3241 1538 astu
3264 1481 3743 1555 concupiscentia

2033 1566 2279 1625 carnalis
2307 1569 2511 1626 arescit
2539 1589 2549 1626 :
2583 1568 2854 1628 recedens
2882 1569 3095 1643 quippe
3130 1569 3203 1627 ab
3240 1569 3523 1630 inhiando
3556 1570 3743 1630 divini

2031 1654 2293 1712 muneris
2331 1672 2456 1714 rore
2489 1656 2554 1715 ﬁt
2602 1657 2767 1728 sicca,
2800 1673 2974 1731 quem
3022 1664 3187 1715 antea
3227 1657 3365 1716 dum
3410 1659 3740 1733 perciperet,

2032 1745 2263 1818 vigebat
2312 1744 2618 1803 salubriter
2674 1746 2928 1819 irrigata,
2964 1746 3211 1805 Domino
3260 1764 3361 1821 per
3406 1747 3615 1807 Isaiam
3650 1747 3744 1805 di-

234 1845 374 1905 ergo
426 1844 659 1920 manna,
692 1830 751 1888 id
799 1836 904 1920 est,
951 1856 977 1880 «
1021 1832 1161 1907 quid
1194 1842 1278 1892 est
1316 1836 1442 1906 hoc,
1487 1860 1506 1888 ι
1550 1837 1826 1897 veraciter
1853 1855 1919 1899 co
1964 1860 2011 1920 B
2033 1839 2193 1891 cente
2223 1852 2236 1889 :
2275 1854 2301 1886 ‹‹
2333 1833 2643 1892 Effundam
2673 1850 2885 1908 aquam
2919 1850 3092 1908 super
3118 1835 3426 1907 sitientem,
3451 1843 3505 1895 et
3528 1838 3744 1896 ﬂuenta

237 1918 503 1986 medunt,
538 1916 641 1993 qui
690 1917 830 1976 dum
876 1919 1102 1993 legunt,
1137 1920 1226 1979 vel
1263 1923 1531 1995 audiunt,
1560 1925 1749 1984 divini
1789 1916 2202 1997 verbi—super
2246 1921 2464 1979 aridam
2518 1926 2646 1991 (Isa.
2706 1927 2891 1990 XLIV).
2938 1943 2964 1974 »
3022 1922 3132 1982 Sed
3181 1923 3328 1981 Naas
3384 1941 3516 1984 cum
3572 1926 3742 1985 Jabes

240 2005 589 2082 mysterium
642 2006 878 2065 solerter
924 2008 1246 2082 inquirunt.
1305 2011 1415 2081 Qui
1472 2013 1751 2072 nimirum
1802 2015 1951 2073 intra

244 2096 510 2156 litteralis
534 2097 713 2171 palea
742 2098 986 2170 thecam,
1016 2100 1245 2159 dulcem
1286 2102 1688 2176 intelligentia
1725 2105 1950 2179 spirita-

246 2185 321 2245 lis
349 2185 617 2245 ambiunt
654 2188 956 2248 enucleare
1009 2189 1348 2249 medullam.
1388 2191 1497 2249 Hic
1534 2200 1702 2264 certe,
1744 2217 1763 2245 ι
1812 2194 1953 2271 quid

197 2340 205 2348 _
245 2281 333 2333 est
359 2275 487 2345 hoc,
523 2300 549 2323 ιο
582 2275 857 2334 veraciter
878 2278 1145 2351 vescitur,
1169 2281 1271 2354 qui
1307 2281 1367 2337 in
1394 2281 1624 2340 assidua
1650 2281 1958 2357 Scriptura

247 2380 429 2424 sacra
490 2363 727 2423 solerter
776 2365 1153 2439 inquisitione
1223 2376 1498 2428 versatur.
1558 2370 1731 2440 Quasi
1798 2374 1956 2431 enim

241 2455 626 2529 quastionem
679 2455 1012 2529 quamdam,
1048 2464 1103 2514 et
1161 2482 1186 2505 ‹‹
1230 2458 1369 2531 quid
1424 2464 1509 2517 est
1563 2459 1671 2518 hoc
1709 2482 1735 2514 »
1785 2462 1955 2521 avido

237 2545 427 2603 cordis
464 2560 561 2603 ore
598 2544 972 2615 comedimus,
1006 2561 1139 2605 cum
1181 2546 1251 2604 ad
1288 2550 1636 2620 penetrauda
1682 2553 1955 2625 mysteria

239 2632 672 2707 Scripturarum
715 2632 1017 2707 vigilanter
1053 2634 1399 2705 insistimus,
1443 2653 1575 2695 cum
1604 2639 1801 2711 epulas
1835 2657 1953 2700 cae-

239 2721 399 2780 lestis
453 2720 668 2797 eloquii
718 2722 1009 2781 subtiliter
1050 2722 1434 2784 ruminamus.
1470 2727 1536 2784 Et
1580 2743 1753 2802 quam
1810 2730 1952 2789 bene

237 2810 555 2870 Israelitico
612 2810 700 2869 illi
749 2811 959 2886 populo
1006 2812 1341 2872 monachica
1383 2821 1665 2889 possessio
1713 2818 1947 2893 [profes-

238 2899 339 2974 sio]
388 2899 675 2972 congruit,
705 2899 844 2975 quia
895 2899 1049 2959 unde
1100 2899 1187 2958 illi
1239 2907 1373 2961 tunc
1409 2904 1712 2965 alebantur
1750 2906 1810 2964 in
1852 2908 1951 2966 de-

237 2996 410 3060 serto,
447 2990 617 3047 modo
660 3005 763 3049 nos
808 2990 1115 3064 epulamur
1162 2992 1223 3049 in
1271 2992 1566 3053 claustro?
1604 2994 1753 3065 Quid
1795 2997 1951 3055 enim

237 3080 558 3148 desertum,
589 3078 702 3137 nisi
741 3079 812 3137 ab
851 3079 1105 3138 humana
1139 3086 1304 3139 sonat
1342 3082 1696 3142 habitatione
1736 3084 1952 3144 discre-

238 3171 414 3231 tum?
454 3170 606 3242 Quid
645 3171 821 3229 etiam
853 3171 1193 3244 claustrum,
1234 3172 1349 3231 nisi
1405 3174 1478 3233 ab
1528 3177 1690 3235 omni
1739 3178 1948 3251 negotii

236 3260 536 3319 sacularis
584 3261 806 3319 actione
857 3259 1242 3319 conclusum?
1279 3262 1350 3320 Et
1388 3262 1535 3322 sicut
1583 3280 1684 3337 per
1730 3266 1951 3325 deserta

236 3348 640 3422 gradientibus
669 3347 773 3406 lux
815 3348 984 3421 ignea
1022 3349 1174 3407 inter
1218 3356 1528 3409 nocturnas
1564 3354 1827 3412 tenebras
1856 3356 1947 3412 in-

2032 2008 2221 2068 fmdus
2259 2010 2424 2067 aliter
2462 2009 2809 2083 dedignatur
2851 2009 3017 2075 inire,
3054 2011 3164 2070 nisi
3193 2011 3428 2071 oculum
3468 2014 3743 2072 dextrum

2034 2102 2352 2173 paciscatur
2396 2114 2599 2156 eruere
2634 2118 2645 2156 :
2683 2101 2821 2172 quia
2871 2099 3137 2173 quisquis
3176 2100 3268 2158 vel
3305 2102 3547 2177 antiquo
3593 2102 3742 2161 hosti

2035 2187 2095 2245 in
2154 2202 2419 2261 perversa
2473 2186 2839 2258 suggestione
2896 2186 3330 2257 substernitur,
3391 2188 3477 2246 vel
3535 2189 3743 2248 mundi

2039 2278 2214 2349 hujus
2259 2275 2537 2349 inquietis
2583 2276 2907 2335 actionibus
2943 2276 3293 2351 implicatur,
3332 2279 3473 2338 dum
3515 2295 3575 2337 se
3615 2286 3743 2338 tan-

2038 2379 2211 2439 quam
2266 2365 2513 2438 superbo
2564 2364 2683 2437 regi
2739 2366 2983 2438 turpiter
3021 2366 3279 2439 faderat,
3312 2384 3541 2426 necesse
3570 2374 3655 2426 est
3681 2373 3747 2425 ut

2037 2456 2308 2513 dextrum
2355 2455 2607 2524 oculum,
2663 2455 2773 2513 hoc
2819 2463 2923 2526 est,
2972 2456 3170 2515 lumen
3225 2458 3745 2532 contemplationis,

2035 2544 2288 2615 amittat;
2325 2551 2378 2601 et
2418 2544 2499 2602 sic
2538 2544 2911 2617 opprobrium
2957 2545 3019 2603 in
3065 2544 3241 2604 Israel
3297 2547 3531 2617 ponitur
3562 2566 3574 2602 :
3608 2548 3748 2620 quia

2034 2633 2175 2692 dum
2226 2650 2259 2691 a
2317 2631 2815 2705 contemplationis
2866 2649 2996 2690 arce
3049 2634 3119 2690 ad
3182 2638 3426 2703 terrena,
3487 2635 3576 2693 vel
3630 2638 3745 2694 im-

2034 2721 2253 2779 munda
2289 2722 2558 2793 qualibet
2590 2722 2959 2794 exsequenda
2995 2720 3344 2793 devolvitur,
3385 2738 3749 2795 consequens

2032 2819 2135 2880 est,
2184 2817 2249 2866 ut
2295 2809 2358 2866 in
2415 2800 2665 2866 Ecclesia
2712 2808 2999 2881 probrosa
3047 2808 3355 2868 derisionis
3385 2810 3743 2869 obtrectatio-

2036 2900 2213 2959 nibus
2261 2899 2602 2957 mordeatur.
2643 2898 2848 2956 Petunt
2894 2905 3088 2957 autem
3128 2898 3218 2956 illi
3259 2905 3475 2973 septem
3503 2900 3625 2959 dies
3653 2902 3744 2959 in-

2034 2993 2250 3063 ducias,
2282 2998 2336 3050 et
2380 2992 2519 3066 quia
2570 2991 2720 3051 Deus
2763 2991 3006 3065 septimo
3044 2992 3136 3052 die
3166 2993 3519 3067 requievisse
3547 3009 3583 3052 a
3607 3009 3743 3052 con-

2034 3082 2168 3141 ditis
2198 3081 2467 3155 operibus
2504 3080 2718 3154 legitur
2749 3083 2903 3150 (Gen.
2938 3091 3023 3151 II),
3054 3082 3195 3155 quid
3228 3098 3328 3156 per
3354 3084 3744 3157 septenarium

2035 3185 2368 3237 numerum,
2403 3169 2510 3227 nisi
2546 3168 2773 3242 requies
2794 3168 3176 3242 designatur?
3214 3170 3396 3229 Istum
3424 3187 3740 3230 numerum

2037 3257 2174 3319 Saul
2208 3258 2545 3316 inobediens
2576 3258 2886 3330 ignoravit,
2914 3274 3045 3316 cum
3087 3275 3188 3332 per
3221 3275 3353 3317 eum
3405 3275 3465 3317 se
3511 3259 3747 3319 Samuel

2032 3348 2486 3423 prastolandum
2554 3365 2675 3407 esse
2737 3350 3007 3422 pracepit
3059 3373 3072 3407 :
3130 3372 3151 3398 «ι
3207 3348 3474 3423 Septem,
3532 3350 3745 3425 inquit,

237 3437 528 3511 fulgebat,
585 3438 667 3495 sic
723 3438 897 3496 etiam
953 3446 1374 3497 commorantes
1435 3441 1494 3498 in
1553 3442 1953 3515 spiritualibus
2035 3439 2239 3497 diebus
2262 3428 2641 3510 exspectabis,
2674 3437 2857 3495 donec
2886 3438 3112 3495 veniam
3153 3437 3225 3495 ad
3261 3445 3332 3509 te,
3368 3447 3423 3496 et
3447 3439 3747 3498 ostendam

237 3527 510 3586 claustris
540 3543 810 3602 superna
849 3525 994 3588 lucis
1022 3543 1174 3602 sape
1212 3528 1389 3587 radiis
1422 3528 1819 3603 illustrantur,
1853 3533 1952 3607 qui
2036 3527 2136 3584 tibi
2186 3541 2319 3599 qua
2368 3524 2539 3583 facias
2586 3529 2640 3594 (Ι
2673 3529 2803 3595 Reg.
2842 3531 2925 3592 Χ).
2963 3547 2983 3576 n
3036 3525 3146 3585 Sed
3193 3526 3329 3599 quia
3386 3526 3747 3598 spiritualem

237 3623 294 3674 et
348 3615 669 3675 carnalium
719 3616 1054 3695 passionum
1110 3617 1371 3675 tenebras
1418 3617 1687 3692 abigant,
1744 3636 1955 3695 eosque
2038 3612 2299 3687 reﬂuiem
2353 3613 2444 3670 vir
2500 3612 2778 3687 reprObus
2839 3614 3090 3686 sprevit,
3145 3613 3557 3686 exagitandam
3610 3628 3745 3672 eum

236 3702 741 3779 contemplationis
786 3694 1011 3764 intima
1064 3705 1250 3765 nitore
1297 3708 1669 3780 perfundant.
1701 3694 1953 3785 Fugien-
2038 3705 2275 3779 spiritus
2325 3704 2514 3763 malus
2560 3704 2821 3778 arripuit.
2858 3704 2965 3762 Per
2993 3706 3381 3777 septenarium
3429 3720 3564 3777 ergo
3621 3704 3747 3763 die-

238 3795 351 3854 dus
386 3801 473 3853 est
502 3810 636 3869 ergo
678 3795 949 3866 mundus,
982 3795 1083 3869 qui
1121 3796 1384 3856 tenebras
1422 3790 1685 3871 parturit,
1716 3802 1955 3874 petenda
2039 3810 2166 3853 rum
2222 3810 2536 3853 numerum
2577 3794 2649 3852 ab
2699 3794 2902 3868 iniquo
2934 3810 3067 3868 rege
3103 3794 3271 3852 Jabes
3300 3793 3502 3853 civitas
3534 3793 3747 3852 libera-

239 3884 528 3956 remotio,
584 3884 685 3944 ubi
748 3890 1024 3958 tanquam
1075 3885 1137 3942 in
1195 3885 1417 3945 deserto
1481 3904 1684 3946 verum
1753 3889 1951 3949 lumen
2040 3892 2135 3944 tur
2170 3910 2182 3943 :
2216 3886 2352 3960 quia
2406 3884 2680 3959 qualibet
2732 3883 2950 3955 anima,
2984 3900 3161 3957 quam
3203 3883 3483 3943 suadente
3519 3884 3748 3945 diabolo

237 3974 512 4048 erumpit.
543 3973 785 4034 Prorsus
834 3989 868 4032 a
915 3980 1107 4033 nostra
1152 3974 1520 4049 repellendus
1554 3984 1639 4036 est
1674 3978 1947 4050 amicitia,

239 4064 342 4140 qui
376 4064 660 4124 nimirum
691 4063 832 4123 dum
867 4065 1233 4124 tenebrarum
1261 4066 1320 4123 in
1351 4067 1565 4141 quibus
1596 4085 1821 4144 semper
1844 4076 1948 4141 est,

138 4206 143 4209 _
237 4154 515 4227 caligines
543 4154 767 4225 inserit,
805 4155 1295 4214 consentientibus
1334 4155 1442 4214 sibi
1475 4163 1646 4232 atque
1674 4158 1940 4217 obedien-

2037 3976 2293 4034 mundus
2344 3975 2414 4032 ad
2474 3990 2533 4031 se
2583 3980 2825 4033 conatur
2878 3973 3162 4033 attrahere
3200 4017 3214 4045 ,
3267 3989 3334 4031 ac
3383 3975 3747 4051 negotiorum

2033 4063 2405 4122 sacularium
2448 4061 2701 4121 tenebris
2744 4077 3052 4132 excacare,
3102 4062 3348 4121 illasum
3395 4062 3745 4136 contempla-

2033 4154 2208 4212 tionis
2252 4152 2490 4211 oculum
2534 4157 2749 4221 servat,
2791 4152 2839 4210 si
2881 4153 3122 4211 omnino
3166 4152 3458 4225 resistens,
3516 4152 3574 4211 in
3624 4167 3748 4212 sua

242 4244 399 4302 tibus
431 4245 624 4303 lumen
650 4242 1142 4316 exstinguit;imo
1163 4243 1441 4303 debemus
1464 4247 1949 4320 eisemperinfa-
2035 4245 2249 4320 quietis
2302 4243 2591 4319 proposito
2656 4251 2983 4318 perseverat
3031 4263 3043 4302 :
3104 4260 3351 4318 eamque
3401 4243 3750 4317 Redemptor

240 4331 499 4391 derabile
556 4331 772 4392 bellum
831 4334 995 4400 [deest
1048 4333 1321 4408 indicere,
1363 4339 1448 4391 vel
1490 4339 1649 4393 aliud
1687 4339 1962 4408 ejusmodi
2036 4341 2230 4393 noster
2266 4335 2335 4391 dc
2373 4333 2703 4404 tentatione,
2747 4347 2923 4407 quam
2962 4332 3194 4405 patitur,
3232 4332 3419 4406 eripit,
3454 4348 3588 4392 cum
3625 4347 3751 4389 eam

243 4422 625 4497 verbum],qui
648 4438 888 4482 suorum
909 4424 1106 4483 oculos
1125 4424 1321 4484 obruit
1341 4427 1848 4487 amicorum.Hinc
1871 4437 1954 4489 est
2035 4424 2095 4481 in
2156 4422 2488 4482 remotionis
2536 4438 2658 4481 suae
2707 4437 2953 4480 censura
3003 4422 3303 4495 quiescere
3351 4421 3745 4497 deprehendit.

243 4511 399 4588 quod
430 4527 588 4569 sacra
615 4510 836 4585 Regum
872 4513 1109 4571 historia
1150 4520 1416 4572 narrante
1454 4514 1784 4586 didicimus,
1817 4516 2012 4591 quia_
2041 4514 2201 4573 Unde
2256 4514 2377 4571 illic
2432 4512 2706 4586 scriptum
2760 4518 2845 4570 est
2893 4535 2905 4569 :
2952 4511 3153 4570 «Cum
3206 4512 3479 4585 venisset,
3532 4511 3746 4587 inquit,

242 4579 380 4660 cum
399 4602 549 4660 Naas
568 4579 928 4661 Ammonites
947 4604 1278 4663 ascenderet
1297 4611 1360 4663 ut
1378 4604 1548 4663 Jabes
1578 4579 1792 4665 Galaad
1819 4579 2157 4664 cudeies
2201 4600 2504 4672 crastinus,
2537 4579 2831 4659 constituit
2879 4598 3015 4658 Saul
3053 4598 3329 4673 populum
3371 4598 3433 4656 in
3469 4579 3580 4657 tres
3616 4579 3750 4672 par-

243 4692 370 4751 suis
391 4688 536 4747 186
564 4693 901 4767 agminibus
932 4703 1312 4769 expugnaret,
1338 4712 1541 4755 omnes
1567 4695 1675 4755 viri
1693 4696 1862 4755 Jabes
1881 4696 1953 4753 ad

244 4780 415 4850 Naas,
446 4796 564 4839 una
618 4797 755 4840 voce
802 4781 1120 4841 dixerunt:
1161 4784 1436 4843 «Habeto
1482 4801 1586 4843 nos
1630 4783 1949 4857 fadwatos,

243 4876 298 4928 et
328 4870 651 4930 serviemus
680 4871 805 4929 tibi.
843 4896 870 4920 ιι
905 4870 1129 4942 Quibus
1164 4873 1261 4931 ille
1308 4874 1601 4947 respondit
1638 4893 1650 4932 :
1685 4894 1712 4926 «
1746 4872 1810 4930 In
1846 4873 1953 4931 hoc

242 4959 447 5017 feriam
474 4960 776 5019 vobiscum
816 4960 1025 5035 fadus,
1060 4971 1125 5021 ut
1169 4978 1369 5021 eruam
1400 4963 1665 5021 omnium
1697 4968 1955 5021 vestrum

243 5049 441 5107 oculos
494 5047 748 5121 dextros,
788 5065 1119 5127 ponamque
1144 5066 1247 5110 vos
1273 5052 1646 5126 opprobrium
1679 5052 1955 5112 universo

244 5137 461 5197 Israeli.
506 5137 907 5212 Dixeruntque
958 5139 1029 5198 ad
1085 5156 1218 5199 eum
1268 5141 1522 5199 seniores
1568 5141 1736 5200 Jabes
1766 5166 1777 5199 :
1809 5141 1955 5200 Con-

243 5226 378 5285 cede
422 5225 590 5286 nobis
632 5234 847 5301 septem
877 5227 999 5287 dies
1028 5238 1089 5286 ut
1128 5229 1427 5287 mittamus
1463 5230 1699 5288 nuntios
1723 5228 1784 5288 in
1820 5231 1957 5290 uni-

245 5332 441 5375 versos
470 5318 750 5376 terminos
784 5317 982 5389 Israel,
1013 5325 1068 5377 et
1105 5319 1154 5376 si
1187 5334 1303 5377 non
1335 5307 1529 5392 fuerit,
1560 5320 1661 5394 qui
1691 5320 1959 5378 defendat

243 5422 370 5477 nos,
418 5406 782 5481 egrediemur
823 5407 895 5466 ad
953 5413 1005 5467 te
1057 5409 1105 5482 (Ι
1130 5412 1263 5479 Reg.
1300 5410 1400 5480 XI).
1445 5434 1471 5458 ››
1517 5409 1780 5468 Audiens
1834 5410 1959 5467 hac

248 5495 385 5557 Saul
417 5541 431 5569 ,
484 5497 775 5557 exercitus
838 5497 1270 5557 multitudinem
1329 5500 1745 5573 congregavit,
1801 5514 1960 5559 arma

246 5586 542 5662 corripuit,
593 5593 649 5646 et
685 5604 761 5646 ex
807 5589 1184 5660 Ammonitis,
1224 5588 1390 5664 gravi
1442 5589 1753 5648 admodum
1806 5590 1957 5648 cade

247 5674 557 5750 percussis,
588 5692 727 5736 cum
762 5675 945 5751 gloria
985 5677 1382 5752 triumphavit.
1425 5676 1573 5748 Quid
1607 5678 1820 5752 itaque,
1857 5693 1959 5753 per

2036 4702 2140 4765 tes,
2168 4702 2222 4750 et
2259 4694 2555 4766 ingressus
2607 4698 2691 4749 est
2732 4691 2921 4748 media
2964 4698 3147 4749 castra
3191 4690 3252 4748 in
3301 4690 3500 4762 vigilia
3560 4697 3749 4748 Ulliu-

2036 4783 2177 4853 tina,
2220 4788 2273 4840 et
2323 4782 2603 4856 percussit
2653 4783 2900 4839 Ammon
2955 4794 3140 4852 usque
3193 4777 3331 4836 dum
3382 4778 3751 4836 incalesceret

2036 4874 2158 4933 dies
2188 4877 2237 4943 (I
2257 4877 2387 4943 Reg.
2425 4877 2530 4943 XI).
2573 4896 2592 4921 ι
2628 4870 2775 4942 Quid
2824 4869 2982 4929 enim
3036 4884 3135 4942 per
3168 4868 3328 4940 Saul,
3361 4868 3463 4943 qui
3502 4870 3749 4927 Christus

2035 4966 2255 5022 Domini
2304 4962 2616 5032 dicebatur,
2662 4961 2773 5018 nisi
2820 4960 2887 5029 is,
2932 4955 3073 5013 187
3122 4958 3223 5032 qui
3282 4973 3451 5017 verus
3508 4974 3608 5015 rex
3668 4964 3752 5015 est

2039 5052 2234 5123 Israel,
2274 5051 2374 5109 Dei
2435 5049 2861 5123 hominumque
2922 5045 3201 5104 mediator
3237 5045 3506 5105 innuitur
3531 5048 3559 5102 ?
3601 5044 3751 5115 Quid

2039 5146 2140 5208 est,
2183 5140 2337 5214 quod
2389 5138 2671 5213 populum
2734 5137 2791 5193 in
2854 5141 2967 5192 tres
3030 5132 3325 5194 constituit
3380 5140 3585 5210 partes,
3638 5134 3752 5192 nisi

2039 5231 2179 5305 quia
2227 5236 2340 5289 tres
2387 5235 2522 5287 sunt
2552 5224 2897 5301 principales
2929 5223 3143 5283 anima
3175 5224 3439 5295 virtutes,
3470 5223 3613 5283 ﬁdes
3645 5225 3752 5282 sci-

2039 5321 2188 5387 licet,
2223 5336 2351 5395 spes
2378 5325 2431 5376 et
2462 5314 2762 5375 Charitas?
2800 5315 2865 5374 In
2903 5314 3143 5374 trifariis
3174 5315 3369 5388 itaque
3406 5314 3751 5383 bellatorum

2040 5408 2299 5482 partibus
2357 5406 2594 5465 victoria
2649 5405 2977 5463 certaminis
3024 5404 3338 5475 obtinetur,
3390 5404 3527 5479 quia
3574 5403 3758 5465 tribus

2041 5500 2133 5558 his
2185 5499 2517 5571 virtutibus,
2550 5498 2696 5558 duce
2743 5498 2987 5568 Christo,
3020 5498 3209 5556 omnis
3248 5495 3532 5556 diabolica
3569 5500 3755 5555 tenta-

2041 5590 2120 5649 tio
2147 5589 2424 5649 vincitur.
2460 5587 2632 5647 Porro
2672 5603 2778 5657 nec
2816 5589 2938 5662 ipse
2964 5602 2995 5645 a
3028 5585 3299 5662 mysterio
3331 5595 3492 5646 vacat
3527 5602 3753 5661 pugna-

2041 5685 2229 5738 torum
2264 5694 2563 5750 numerus,
2596 5694 2770 5752 quem
2811 5674 3104 5751 Scriptura
3136 5676 3492 5751 pronuntiat.
3542 5698 3571 5731 (ι
3603 5676 3753 5736 Fue-
