4170 6452
507 301 614 362 363

1028 301 1087 362 S.
1130 300 1352 361 PETRI
1391 300 1714 360 DAMIANI
1752 297 1908 361 OPP.
1958 296 2147 356 PARS
2190 296 2330 356 SEU
2369 295 2619 387 TOMUS
2661 297 2708 355 Ι.
2754 328 2820 338 -—
2858 294 3094 355 EPIST.
3142 294 3285 353 LIB.
3331 293 3490 353 VIII.

3911 298 4011 356 385

510 433 664 497 runt,
711 426 811 497 ait,
859 425 1112 486 ﬁliorum
1163 425 1339 484 Israel
1385 432 1637 484 trecenta
1692 423 1875 481 millia
1906 442 1917 479 :
1960 424 2217 481 virorum
2237 426 2633 491 Asanctarum
2660 421 2929 479 fortitudo
2960 415 3292 479 virtutum?
3321 418 3460 491 quid
3481 420 3657 477 etiam
3685 435 3786 493 per
3807 398 4018 492 vestes,

507 522 700 575 autem
739 515 885 574 Juda
932 512 1161 589 triginta
1204 512 1389 572 millia
1420 516 1464 586 (Ι
1500 518 1628 583 Reg.
1662 514 1766 581 XI).
1800 537 1819 561 ιι
1856 512 2216 571 Millenarius

505 610 719 675 autem,
744 610 916 678 atque
966 602 1262 673 denarius,
1294 604 1430 676 quia
1487 602 1721 676 perfecti
1778 608 1912 660 sunt
1968 602 2215 679 numeri,

505 699 834 754 sanctorum
882 691 1291 765 perfectionem
1322 709 1337 761 ;
1376 692 1609 749 trecenti
1654 707 1789 749 vero
1827 691 1913 749 vel
1962 692 2211 763 triginta,

507 783 609 857 qui
638 798 671 839 a
691 781 878 840 tribus
905 781 1198 851 oriuntur,
1219 779 1481 845 divinam
1500 779 1829 853 signiﬁcant
1854 779 2214 837 Trinitatem.

506 868 657 940 Quid
703 867 898 945 itaque
936 882 1039 940 per
1084 871 1327 925 trecenta
1376 866 1582 938 millia,
1614 866 1703 926 vel
1753 868 1984 940 triginta
2035 867 2218 925 millia

508 958 876 1031 bellatorum,
905 958 1016 1017 nisi
1062 958 1243 1017 sancti
1284 958 1542 1017 doctores
1580 959 1991 1031 intelliguntur
2019 956 2217 1017 Eccle-

509 1049 631 1119 sia,
663 1048 766 1123 qui
796 1054 850 1105 et
875 1047 989 1105 ﬁde
1017 1053 1153 1105 sunt
1180 1045 1509 1118 orthodoxi,
1537 1053 1591 1105 et
1619 1047 1917 1122 religionis
1946 1048 2218 1119 operibus

508 1136 936 1201 consummati?
964 1133 1108 1192 Cum
1140 1134 1230 1192 his
1257 1149 1391 1208 ergo
1433 1134 1571 1193 Saul
1618 1136 1850 1194 hostiles
1884 1136 2034 1210 regis
2071 1135 2220 1193 Naas

507 1226 659 1284 acies
711 1229 965 1299 superat,
1010 1224 1148 1298 quia
1202 1239 1336 1282 cum
1390 1224 1723 1283 doctoribus
1775 1224 2045 1284 Ecclesia
2094 1240 2217 1283 sua

507 1314 772 1375 Christus
801 1316 872 1373 de
904 1314 1190 1373 veternosi
1223 1316 1504 1389 serpentis
1535 1320 1764 1374 versuta
1794 1316 2217 1375 machinatione

506 1404 845 1478 triumphat.
879 1404 1021 1463 Nam
1056 1420 1190 1463 cum
1234 1420 1432 1464 eorum
1487 1413 1789 1481 pracepta.
1820 1406 1911 1465 vel
1950 1406 2217 1481 exempla

507 1493 799 1561 subtiliter
857 1494 1255 1566 attenduntur,
1307 1510 1445 1553 mox
1496 1494 1665 1553 corda
1723 1496 2023 1569 torpentia,
2083 1512 2215 1572 qua

499 1582 625 1657 jam
672 1581 887 1640 noxius
954 1588 1112 1657 tepor
1165 1582 1499 1655 invaserat,
1554 1583 1912 1642 recalescunt
1966 1609 1977 1639 :
2031 1590 2086 1643 et
2143 1584 2213 1642 a'd

506 1673 939 1732 obtruncandas
987 1674 1458 1747 impugnantium
1514 1674 1787 1733 vitiorum
1844 1675 1996 1733 acies
2057 1673 2215 1734 velut

2300 509 2414 569 nisi
2459 510 2773 569 sanctitatis
2815 510 3162 583 intelligitur
3210 508 3673 568 indumentum?
3716 509 4019 571 Psalmista

2299 600 2654 674 perhibente,
2684 602 2786 675 qui
2833 601 2949 659 ait:
2990 622 3010 651 α
3044 598 3380 658 Sacerdotes
3434 598 3517 657 tui
3559 599 3888 660 induantur
3918 604 4023 677 ju-

2300 687 2513 745 stitiam
2545 689 2705 759 (Psal.
2744 692 2975 759 CXXXI).
3013 708 3040 741 »
3078 686 3285 745 Hanon
3332 703 3466 761 ergo
3513 688 3704 748 fadus
3746 690 4021 749 amicitia

2299 779 2728 852 reposcentibus
2773 777 3022 836 mediam
3077 776 3270 835 barba
3294 784 3513 851 partem
3542 779 3711 850 radit,
3746 780 3879 854 quia
3914 781 4017 838 hoc

2298 866 2400 923 stis
2435 868 2710 941 antiquus
2739 867 3053 942 aliquando
3109 865 3331 925 fortiter
3373 866 3665 940 operantis
3692 868 3874 927 robur
3900 868 4018 926 im-

2297 957 2553 1030 minuit;
2610 958 2708 1017 sed
2746 968 3052 1034 postquam
3103 958 3345 1017 barbam
3400 956 3560 1027 rasit,
3605 957 3780 1017 etiam
3837 962 4017 1018 vesti-

2297 1053 2488 1104 menta
2544 1046 2855 1120 prascidit,
2909 1049 3046 1123 quia
3106 1063 3243 1106 mox
3304 1054 3369 1105 ut
3424 1047 3739 1118 malignus
3777 1047 4017 1123 spiritus

2296 1136 2631 1196 interiorem
2680 1139 2883 1197 adimit
2935 1138 3814 1212 fortitudinem,consequenter
3839 1140 4014 1198 etiam

2296 1227 2641 1286 exteriorem
2681 1228 3013 1301 conspicua
3042 1228 3497 1287 conversationis
3530 1227 3698 1285 exuit
3740 1227 4016 1286 honesta-

2298 1321 2429 1373 tem.
2466 1315 2615 1385 Quid
2643 1323 2726 1374 est
2764 1319 2919 1374 enim
2964 1324 3149 1375 vestes
3187 1316 3493 1375 hominum
3532 1315 3600 1373 ad
3644 1322 3804 1374 nates
3828 1332 4015 1392 usque

2295 1406 2696 1479 prascindere,
2726 1394 2841 1463 nisi
2865 1422 2961 1465 eos
2986 1421 3019 1463 a
3048 1404 3391 1479 superducto
3417 1404 3745 1463 velamento
3769 1405 4015 1479 juStitia

2294 1509 2478 1567 usque
2503 1494 2573 1551 ad
2605 1494 2860 1552 obscani
2888 1502 2941 1552 et
2969 1493 3347 1552 inverecundi
3373 1492 3560 1568 operis
3590 1493 4014 1566 turpitudinem

2282 1576 2589 1642 'denudare
2615 1582 2642 1642 ?
2673 1584 2887 1642 Audiat
2918 1584 3025 1643 hoc
3051 1584 3331 1655 Andreas,
3360 1583 3460 1657 qui
3492 1598 3676 1655 nuper
3705 1581 3775 1640 de
3804 1588 4014 1640 contu-

2297 1670 2498 1730 bernio
2524 1679 2730 1732 vestra
2765 1673 3080 1731 sanctitatis
3117 1672 3435 1745 egrediens,
3469 1686 3602 1730 cum
3639 1669 4013 1728 Ammonita-

506 1764 654 1822 elato
712 1778 987 1823 mucrone
1033 1763 1271 1837 spiritus
1318 1764 1729 1824 inﬂammatur.
1768 1765 1934 1823 Unde
1991 1771 2045 1822 et
2100 1764 2427 1851 ipsiBrum
2483 1775 2615 1833 rege
2667 1759 2857 1851 foedus
2914 1760 3184 1819 amicitia
3239 1759 3529 1851 contulit;
3587 1765 3666 1851 et_
3700 1775 3859 1818 nunc
3912 1775 4015 1834 per

502 1851 806 1911 bellatores
849 1852 1047 1923 Israel,
1084 1858 1140 1909 et
1179 1853 1334 1911 Juda
1378 1854 1620 1923 nuntiis,
1665 1854 1765 1928 qui
1810 1855 1882 1912 ad
1929 1869 1988 1911 se
2041 1869 2213 1911 vene-

500 1948 652 2011 rant,
681 1940 885 1999 dicunt
916 1963 928 1997 :
965 1961 992 1994 «
1024 1939 1118 1999 Sic
1169 1940 1368 1999 dicetis
1423 1943 1586 2013 viris,
1618 1944 1721 2014 qui
1753 1948 1891 2001 sunt
1936 1943 1999 2000 in
2043 1942 2213 2001 Jabes

502 2027 761 2088 Galaad:
812 2027 946 2085 Cras
999 2029 1107 2086 erit
1159 2028 1322 2086 vobis
1370 2028 1526 2087 salus
1581 2045 1711 2087 cum
1774 2029 2079 2089 incaluerit
2127 2028 2211 2087 sol

501 2117 708 2189 (Ibid).
744 2141 772 2166 »
802 2116 950 2175 Nam
973 2131 1106 2179 cum
1131 2133 1294 2175 mens
1318 2133 1420 2191 per
1444 2118 1724 2177 desidiam
1750 2120 2021 2192 primitus
2053 2118 2211 2178 tabe-

502 2205 670 2278 facta,
701 2212 756 2264 et
793 2206 913 2279 jam
945 2206 1002 2264 in
1038 2222 1097 2264 se
1129 2222 1359 2266 reversa
1386 2208 1457 2266 ad
1489 2209 1813 2268 Conditoris
1856 2210 1945 2267 sui
1986 2208 2210 2267 deside-

502 2292 661 2352 rium
700 2294 993 2354 recalescit
1026 2319 1038 2353 :
1072 2310 1205 2353 cum
1246 2302 1529 2370 torporem
1572 2297 1941 2370 negligentia
1979 2296 2208 2367 deserit,

501 2386 556 2439 et
607 2382 793 2457 frigus
870 2384 1335 2444 insensibilitatis
1410 2386 1672 2459 pristina
1740 2388 1974 2445 ﬂamma
2030 2387 2209 2445 sancti

464 2514 469 2537 ε
500 2472 717 2531 amoris
758 2474 1034 2546 accendit,
1070 2483 1207 2534 tunc
1244 2475 1404 2535 velut
1450 2477 1832 2535 incalescente
1868 2477 2006 2546 sole,
2036 2477 2211 2535 victo-

499 2560 586 2623 I‘ia
614 2562 686 2621 de
707 2563 969 2623 hostibus
1006 2566 1277 2635 sumitur,
1310 2573 1365 2624 et
1392 2566 1620 2625 obsessa
1651 2568 1852 2625 civitas
1877 2567 1947 2624 de
1976 2565 2209 2639 superbi

498 2648 650 2724 regis
683 2650 953 2710 manibus
986 2653 1278 2711 liberatur.
1321 2654 1474 2713 Hinc
1504 2662 1587 2713 est
1615 2655 1771 2730 quod
1807 2657 1876 2715 de
1916 2656 2207 2713 Abraham

468 2739 778 2812 scriptum
818 2746 904 2798 est
936 2760 946 2799 :
985 2762 1012 2797 «
1050 2741 1197 2811 Quia
1240 2744 1505 2816 apparuit
1551 2743 1604 2801 ei
1654 2744 1938 2803 Dominus
1972 2744 2035 2802 in
2071 2759 2206 2802 con-

497 2829 648 2888 valle
702 2829 961 2889 Mambre
1011 2832 1068 2889 in
1126 2834 1250 2906 ipso
1306 2836 1531 2893 fervore
1583 2835 1697 2893 diei
1756 2836 1905 2908 (Gen.
1934 2839 2123 2903 XVIII).
2177 2859 2203 2883 ››

500 2919 651 2977 Hinc
701 2924 806 2987 est,
860 2921 1017 2993 quod
1062 2922 1131 2980 de
1178 2923 1325 2981 Loth
1375 2947 1386 2979 ς
1436 2946 1461 2975 α
1506 2924 1624 2995 Sol,
1666 2925 1881 2998 inquit,
1921 2932 2083 2983 ortus
2124 2930 2208 2984 est

497 3022 671 3079 super
730 3012 961 3076 terram,
1013 3014 1067 3066 et
1123 3010 1267 3067 Loth
1329 3010 1625 3084 ingressus
1674 3020 1760 3070 est
1815 3013 1992 3087 Segor
2048 3016 2201 3084 (Gen.

499 3101 651 3166 XIX).
688 3118 709 3149 ι
745 3095 920 3155 Recte
946 3097 1126 3171 igitur
1169 3099 1292 3156 sive
1331 3100 1560 3173 mundi,
1602 3102 1724 3160 sive
1772 3102 2050 3177 principis
2078 3104 2205 3175 ejus

498 3184 784 3245 amicitias
826 3185 1228 3259 dedignamur,
1270 3194 1326 3247 et
1377 3205 1511 3249 cum
1562 3191 1645 3249 eis
1693 3192 1869 3251 simul
1919 3192 2204 3251 societatis

498 3274 689 3333 fadus
734 3273 943 3333 habere
992 3277 1463 3336 contemnimus:
1503 3294 1575 3337 ne
1600 3280 1737 3337 dum
1772 3280 2023 3339 tenebris
2060 3283 2202 3356 jun-

494 3367 709 3437 gimur,
740 3364 869 3423 luce
918 3365 1236 3438 privemur.
1272 3368 1341 3427 Et
1384 3368 1724 3440 notandum,
1757 3370 1910 3443 quod
1965 3370 2206 3444 iniquus

492 3470 598 3514 rex
645 3469 764 3513 non
817 3454 962 3514 duos
994 3455 1268 3516 inimicis'
1286 3473 1505 3528 eruere,
1556 3459 1651 3518 sed
1695 3474 1882 3519 unum
1922 3462 2206 3520 duntaxat

491 3542 726 3604 oculum
755 3544 990 3618 ﬂagitat,
1023 3552 1086 3605 ut
1116 3562 1211 3605 eos
1244 3547 1303 3605 in
1360 3548 1535 3606 Israel
1565 3550 1935 3623 opprobrium
1985 3559 2158 3625 ponat
2187 3576 2199 3610 :

490 3633 629 3708 quia
659 3649 809 3707 sape
855 3635 1151 3710 malignus
1187 3638 1366 3695 hostis
1404 3638 1784 3697 consentienti
1826 3640 1935 3699 sibi
1968 3641 2207 3700 cuilibet

490 3723 731 3797 reprobo
779 3724 1003 3784 homini
1052 3726 1325 3799 potiorem
1360 3733 1580 3801 partem
1617 3729 1951 3801 sanctitatis,
2000 3746 2066 3789 ac
2105 3731 2204 3789 lu-

489 3810 601 3868 cidi
645 3812 832 3885 operis
873 3813 1095 3884 adimit,
1132 3814 1415 3874 minorem
1445 3832 1580 3875 vero
1608 3816 1915 3877 artiﬁciosa
1953 3818 2203 3892 quadam

490 3914 611 3957 sua
647 3899 976 3961 calliditatis
1025 3902 1311 3962 industria
1354 3904 1745 3980 derelinquit;
1779 3907 1925 3966 utin
1958 3922 2024 3965 eo
2049 3906 2204 3981 quod

488 3986 726 4057 tollitur,
772 3989 846 4047 sit
892 3991 1109 4049 occasio
1169 3991 1556 4053 damnationis
1609 4002 1670 4054 ut
1726 4002 1963 4070 pereat:
2017 3995 2077 4054 in
2137 4012 2203 4055 eo

489 4088 625 4132 vero
679 4076 833 4150 quod
884 4085 1161 4148 remanet,
1211 4082 1282 4138 de
1336 4098 1433 4155 spe
1488 4084 1715 4143 ﬁducia
1773 4093 2197 4160 prasumatur:

489 4166 555 4219 ut
595 4170 851 4234 peccator
897 4164 967 4222 ad
1017 4167 1418 4238 panitentiam
1469 4186 1583 4230 non
1638 4182 1911 4245 recurrat,
1975 4175 2074 4234 sed
2128 4191 2201 4234 ex

488 4248 983 4339 ipsissanctitatis
1041 4257 1272 4334 amissa
1326 4259 1613 4334 reliquiis,
1662 4262 1877 4335 quibus
1926 4270 2201 4339 tanquam

482 4336 689 4396 baculo
755 4346 1142 4414 transgressor
1220 4345 1517 4417 innititur,
1586 4349 1659 4406 ab
1729 4350 1841 4421 bis,
1896 4352 1998 4424 qui
2043 4336 2201 4410 veum

2300 1848 2561 1907 Romana
2592 1850 2808 1908 mania
2841 1857 3113 1925 tanquam
3139 1865 3303 1908 rasus
3328 1850 3524 1920 barba,
3553 1857 3608 1907 et
3635 1848 4017 1907 detruncatus

2298 1937 2521 2011 habitu,
2563 1955 2681 1998 non
2711 1941 2837 1998 sine
2868 1939 3048 1999 David
3082 1940 3300 2014 pudore
3335 1939 3625 1998 discurrit.
3674 1939 3933 1998 Audiaut
3960 1943 4015 1996 et

2298 2026 2362 2096 ii,
2396 2027 2499 2101 qui
2541 2028 2770 2100 prodire
2808 2029 3065 2088 fortassis
3092 2029 3285 2088 adhuc
3309 2027 3369 2086 in
3400 2028 3703 2102 publicum
3731 2025 4012 2099 concupi-

2297 2123 2508 2186 scunt,
2570 2132 2643 2174 ne
2696 2117 2835 2175 dum
2890 2117 3089 2176 inania
3161 2132 3392 2176 cernere
3468 2116 3665 2175 liberis
3710 2114 4014 2175 obtutibus

2296 2202 2545 2274 inhiant,
2574 2204 2843 2263 dextrum
2893 2206 3282 2279 oculum,hoc
3328 2210 3413 2263 est
3451 2205 3573 2262 vim
3614 2202 3837 2262 intima
3865 2217 4010 2262 con-

2298 2293 2685 2367 templationis
2730 2296 3124 2369 exstinguant.
3179 2296 3295 2354 Nec
3349 2294 3573 2368 pruriat
3621 2309 3821 2354 eorum
3872 2294 4012 2367 gula

2297 2396 2429 2440 cum
2484 2381 2585 2442 illo
2629 2383 2845 2442 carnali
2896 2384 3071 2443 Israel
3119 2385 3301 2457 (Num.
3334 2386 3437 2457 XI),
3481 2399 3699 2457 porros,
3731 2397 3926 2456 cepas,
3955 2389 4013 2441 et

2294 2470 2452 2543 allia,
2467 2488 2716 2545 quarum
2740 2473 3004 2532 videlicet
3024 2474 3331 2533 herbarum
3354 2475 3671 2532 vehemens
3691 2472 4013 2532 acrimonia

2294 2560 2489 2618 oculos
2520 2562 2724 2631 turbat,
2746 2569 2801 2620 et
2826 2562 2895 2619 ad
2921 2563 3200 2637 lacrymas
3228 2570 3498 2636 provocat
3524 2582 3535 2620 :
3562 2562 3699 2636 quia
3722 2562 4012 2620 nimirum

2294 2649 2587 2707 sacularis
2637 2650 2803 2721 actio,
2841 2650 2983 2709 dum
3022 2649 3223 2709 multis
3274 2665 3679 2725 pressurarum
3717 2650 4014 2725 angustiis

2291 2736 2721 2812 cingilur,jdum
2746 2740 3009 2799 laborum
3047 2741 3450 2815 ingruentium
3483 2740 3682 2799 crebra
3712 2740 4013 2813 perturba-

2293 2826 2449 2886 tione
2482 2837 2749 2902 vexatur,
2790 2831 3004 2904 quibus
3040 2832 3296 2906 gaudere
3341 2829 3625 2904 promisit,
3664 2845 3815 2904 sape
3869 2829 4014 2889 ﬂere

2290 2915 2599 2989 compellit.
2632 2917 2807 2977 Plane
2854 2919 2902 2977 si
2954 2919 3166 2978 laboris
3208 2918 3449 2978 delectat
3493 2919 3865 2991 exercitium,
3896 2919 4009 2977 ha-

2294 3004 2384 3061 bet
2428 3012 2621 3064 sancta
2656 3007 2821 3080 quies
2872 3008 3128 3067 laborem
3165 3023 3356 3067 suum.
3398 3007 3564 3066 Unde
3610 3007 3897 3067 Dominus
3931 3010 4010 3068 ad

2291 3092 2527 3170 Moysen
2561 3111 2572 3151 :
2613 3121 2639 3145 ‹‹
2683 3094 2861 3167 Vade,
2900 3097 3109 3172 inquit,
3142 3102 3198 3154 et
3233 3097 3325 3155 dic
3363 3096 3447 3154 eis
3477 3116 3490 3153 :
3524 3096 3907 3156 Revertimini
3940 3097 4005 3157 iu
4062 3132 4067 3135 -

2290 3186 2526 3243 tentoria
2570 3193 2795 3257 vestra;
2844 3191 2905 3246 tu
2959 3202 3094 3245 vero
3145 3186 3239 3245 hic
3283 3194 3367 3245 sta
3414 3202 3663 3257 mecum,
3704 3193 3758 3244 et
3798 3185 4010 3261 loquar

2286 3272 2390 3330 tibi
2417 3275 2611 3332 omnia
2643 3276 2930 3346 mandata,
2963 3275 3337 3333 caremonias
3379 3280 3554 3348 atque
3576 3273 3796 3347 judicia
3820 3278 4005 3343 (Deut.

2285 3366 2371 3430 V).
2408 3386 2428 3411 ι
2461 3361 2693 3421 Cateris
2726 3364 2940 3438 quippe
2986 3365 3045 3422 in
3086 3364 3276 3423 carnis
3322 3379 3445 3423 sua
3488 3362 3734 3422 tentorio
3761 3361 4010 3423 delecta-

2283 3449 2478 3509 biliter
2506 3452 2939 3526 quiescentibus
2961 3470 3162 3513 servus
3184 3453 3285 3513 Dei
3313 3468 3430 3512 non
3456 3452 3705 3511 residere
3736 3451 4004 3526 jubetur,

2272 3542 2383 3598 .sed
2413 3549 2561 3602 stare
2590 3559 2727 3602 cum
2755 3545 3021 3617 Domino,
3053 3553 3118 3605 ut
3154 3562 3270 3621 quo
3299 3547 3576 3604 remotius
3607 3559 3640 3602 a
3670 3542 3879 3602 mundi
3910 3541 4006 3600 la-

2283 3629 2522 3691 boribus
2578 3643 2778 3706 cessat,
2822 3651 2888 3693 eo
2926 3635 3263 3709 vigilantius
3319 3636 3379 3694 in
3433 3631 4005 3706 divinis‘obsequiis

2283 3718 2404 3793 ipse
2434 3737 2493 3779 se
2522 3730 2734 3781 sancta
2761 3724 2974 3797 quietis
3005 3725 3195 3782 fervor
3222 3731 3501 3783 exerceat.

2358 3809 2465 3868 Sed
2490 3812 2608 3885 jam
2641 3812 2711 3869 ad
2747 3828 2839 3870 me
2869 3812 3056 3884 redeo,
3087 3828 3180 3871 me
3224 3812 3485 3885 vestigiis
3528 3817 3735 3869 vestra
3779 3810 4000 3868 sancti-

2286 3897 2413 3956 tatis
2434 3899 2702 3972 advolvo,
2736 3909 2799 3959 ut
2829 3900 2975 3960 sicut
3004 3902 3065 3959 in
3104 3917 3168 3960 os
3207 3901 3354 3959 mihi
3385 3899 3741 3959 unanimiter
3772 3899 4000 3974 promi-

2284 3988 2456 4062 sistis,
2487 3991 2549 4049 in
2582 3990 2839 4049 hiantem
2888 3999 3249 4066 peccatorum
3295 3993 3629 4068 voraginem
3681 4006 3869 4051 merso
3901 4005 3999 4050 se-

2283 4079 2439 4137 dula
2467 4080 2743 4139 orationis
2781 4081 3083 4140 brachium
3137 4080 3460 4155 porrigatis.
3495 4080 3639 4138 Nam
3684 4079 3792 4138 etsi
3830 4078 3999 4138 vobis

2282 4168 2608 4226 cohabitare
2643 4184 2757 4228 non
2787 4169 2969 4243 potui,
2996 4169 3336 4229 habitationi
3371 4174 3559 4228 tamen
3588 4172 3796 4227 vestra
3824 4166 3998 4240 quie-

2283 4257 2541 4316 tudinem
2566 4257 2891 4331 procuravi.
2919 4257 3196 4317 Berzellai
3230 4273 3366 4316 sane
3394 4256 3717 4316 Galaadites
3750 4257 3997 4325 descen-

2280 4346 2421 4436 dens
2473 4349 2542 4405 de
2600 4348 2884 4421 Rogelim,
2943 4349 3191 4424 prabuit
3254 4347 3530 4407 alimenta
3589 4347 3793 4420 David,
3847 4347 3995 4436 dum

482 4425 753 4485 cecidisse
804 4438 1133 4504 noverunt,
1190 4432 1434 4492 infamia
1489 4436 1813 4510 laceretur;
1869 4439 2065 4515 sicque
2117 4434 2504 4515 pii_fugeret
2557 4451 2589 4494 a
2643 4437 2786 4496 facie
2831 4437 3087 4497 Absalou
3124 4442 3196 4510 (II
3221 4442 3351 4508 Reg.
3385 4441 3553 4509 XVII).
3601 4436 3784 4508 Quem
3829 4425 3994 4509 cum,

484 4516 674 4589 operis
701 4503 1126 4579 detrimentum
1151 4522 1347 4595 digna
1375 4524 1448 4581 sit
1477 4503 2504 4601 irrisionisopprobrium.Dperacta
2551 4525 2806 4595 victoria,
2867 4541 2969 4584 rex
3012 4503 3399 4586 invitaret'ut
3449 4503 3525 4584 ad
3571 4503 3997 4600 quiescendum

484 4603 637 4664 Huic
691 4606 864 4666 etiam
922 4608 1066 4667 illud
1130 4626 1246 4669 non
1302 4612 1586 4672 dissimile
1640 4622 1742 4685 est,
1797 4617 1950 4691 quod
2007 4616 2189 4676 David

483 4697 707 4755 nuntiis
762 4698 1017 4771 contigit,
1074 4716 1208 4759 cum
1266 4702 1453 4760 eidem
1515 4702 1664 4762 Naas
1730 4711 1979 4778 mortuo,
2036 4706 2193 4765 ﬁlius

481 4787 607 4860 ejus
657 4787 730 4847 ad
776 4790 1088 4850 obtinenda
1139 4794 1302 4866 regni
1357 4801 1577 4868 sceptra
1628 4797 1903 4855 successit
1946 4821 1957 4855 :
2015 4820 2040 4847 α
2082 4798 2192 4855 Fa-

480 4877 674 4949 ciam,
726 4880 962 4953 inquit,
1016 4883 1470 4943 misericordiam
1562 4902 1695 4945 cum
1772 4887 1979 4947 Hanon
2072 4888 2192 4947 ﬁlio

480 4968 647 5035 Naas,
698 4968 843 5029 sicut
881 4972 1014 5030 fecit
1069 4980 1226 5045 pater
1280 4974 1404 5048 ejus
1452 4989 1680 5034 mecum
1735 4975 2191 5035 misericordiam

478 5059 555 5127 (II
599 5060 730 5126 Reg.
787 5060 873 5125 X).
944 5081 965 5108 ο
1029 5059 1186 5119 Misit
1239 5077 1373 5135 ergo
1427 5060 1611 5121 David
1682 5064 1987 5122 consolans
2056 5082 2190 5125 eum

477 5159 580 5218 per
626 5160 822 5203 servos
874 5161 1049 5220 super
1103 5151 1281 5221 patris
1336 5150 1601 5225 interitu,
1655 5158 1832 5225 utque
1892 5153 2187 5214 historiam

482 5230 623 5289 188
664 5235 1069 5307 compendiosa
1097 5236 1375 5296 relatione
1413 5241 1763 5315 succingam,
1801 5240 1930 5298 tulit
1978 5241 2185 5301 Hauon

474 5338 668 5381 servos
695 5323 898 5395 David,
930 5325 1183 5400 rasitque
1212 5328 1460 5387 mediam
1488 5339 1707 5403 partem
1738 5330 1931 5388 barba
1962 5347 2185 5405 eorum,

476 5416 529 5466 et
576 5411 837 5483 pracidit
875 5418 1062 5471 vestes
1096 5429 1300 5473 eorum
1340 5419 1560 5475 medias
1598 5434 1783 5494 usque
1821 5419 1891 5476 ad
1921 5427 2103 5493 nates,
2134 5429 2189 5480 et

475 5496 697 5558 dimisit
720 5516 835 5562 eos.
852 5504 1002 5574 Quid
1028 5506 1185 5565 enim
1209 5522 1308 5581 per
1332 5506 1565 5581 Hanon,
1593 5510 1701 5569 nisi
1728 5512 2003 5587 nequitia
2027 5514 2189 5588 spiri-

480 5589 619 5648 tus?
651 5592 793 5665 quid
816 5610 920 5669 per
942 5595 1202 5671 barbam,
1232 5614 1365 5676 qua
1393 5600 1656 5661 virorum
1687 5610 1768 5661 est
1794 5605 2041 5679 propria,
2076 5606 2183 5665 nisi

2278 4628 2412 4671 cum
2457 4630 2523 4672 eo
2561 4613 2622 4671 in
2673 4613 2992 4673 Jerusalem
3029 4613 3130 4672 ille
3167 4616 3451 4685 transiret,
3486 4614 3851 4688 acquiescere
3882 4630 3996 4672 uo-

2281 4702 2518 4775 luit,sed
2539 4703 2725 4763 ﬁlium
2746 4719 2919 4763 suum
2938 4703 3025 4761 illi
3051 4720 3156 4763 sua
3172 4705 3296 4763 vice
3310 4704 3596 4763 commisit
3622 4729 3634 4762 :
3664 4724 3692 4757 ‹‹
3713 4702 3992 4775 Obsecro,

2278 4795 2486 4867 inquit,
2520 4801 2582 4852 ut
2607 4801 2927 4854 revertatur
2947 4811 3152 4854 servus
3179 4803 3332 4864 tuus,
3359 4802 3414 4853 et
3440 4795 3652 4853 moriar
3675 4793 3733 4852 in
3755 4792 3998 4853 civitate

2279 4891 2524 4948 mea,et
2576 4882 2823 4957 sepeliar
2862 4885 3038 4957 juxta
3098 4882 3423 4957 sepulcrum
3479 4880 3655 4954 patris
3709 4882 3870 4952 mei,
3937 4890 3998 4942 et

2277 4975 2476 5033 matris
2523 4989 2687 5033 mea.
2725 4974 2821 5033 Est
2869 4982 3065 5034 autem
3114 4990 3316 5035 servus
3353 4981 3487 5033 tuus
3521 4972 3793 5032 Chanaan
3822 4996 3835 5031 :
3869 4974 3998 5048 ipse

2276 5065 2443 5123 vadat
2497 5071 2705 5136 tecum,
2755 5065 3000 5124 Domine
3044 5065 3124 5123 mi
3164 5066 3310 5137 Rex,
3345 5073 3402 5123 et
3444 5064 3530 5122 fac
3578 5064 3632 5122 ei
3679 5063 3833 5137 quod
3884 5065 3994 5125 tibi

2274 5156 2492 5214 bonum
2540 5155 2769 5215 videtur
2809 5156 2882 5229 (H
2906 5161 3038 5226 Reg.
3087 5158 3235 5229 XIX).
3273 5179 3293 5209 ι
3333 5155 3451 5229 Ego
3490 5156 3665 5214 etiam
3710 5153 3999 5214 Berzcllai

2274 5262 2389 5305 non
2407 5263 2471 5305 su
2484 5263 2538 5304 In
2565 5246 2752 5321 impar
2770 5246 3073 5321 exemplo;
3099 5247 3159 5307 in
3190 5247 3385 5305 hostili
3410 5245 3575 5304 vobis
3589 5247 4000 5320 persecutione

2274 5335 2551 5407 succurri,
2580 5335 2675 5393 sed
2707 5337 2821 5394 Deo
2851 5335 3130 5409 largiente
3151 5335 3539 5408 triumphum,
3561 5335 3633 5392 ad
3653 5334 3886 5408 propria
3908 5351 4004 5394 re-

2274 5424 2508 5498 pedavi;
2571 5422 2711 5480 189
2742 5427 2847 5483 hoc
2882 5425 3360 5484 Cluniacensibus
3386 5425 3662 5499 inquiens
3684 5424 3838 5499 quod
3880 5424 4003 5485 Co-

2272 5512 2622 5573 lossensibus
2650 5514 2863 5573 Paulus
2904 5514 3127 5574 dicebat
3163 5532 3173 5573 :
3204 5533 3233 5569 «
3266 5513 3411 5573 Nam
3445 5514 3553 5574 etsi
3601 5529 3837 5589 corpore
3886 5515 4000 5574 ab-

2271 5622 2404 5672 sens
2457 5622 2608 5678 sum,
2654 5605 2750 5663 sed
2802 5602 3006 5677 spiritu
3068 5602 3369 5663 vobiscum
3420 5619 3570 5675 sum,
3611 5602 3893 5678 gaudens,
3938 5612 4001 5664 et
