4170 6462
186 309 297 367 385
1431 305 1657 365 LIBER
1698 304 2007 376 SEXTUS,
2052 304 2289 365 EPIST.
2334 303 2458 365 VII.
3592 315 3704 375 386

184 435 400 494 videns
436 430 702 491 ordinem
752 437 1008 490 vestrum
1056 432 1190 502 (Col.
1237 433 1315 504 II).
1352 456 1379 480 »
1431 431 1593 491 Sicut
1635 448 1770 507 ergo
1808 432 1977 492 illeA‘
1991 446 2123 490 rum
2143 448 2384 492 suorum
2412 431 2563 491 Petri
2592 437 2647 490 et
2675 431 2861 504 Pauli,
2878 434 2952 493 ab
2974 435 3248 495 omnibus
3280 442 3421 501 190
3454 453 3550 496 vos
3577 455 3700 513 pec-

181 522 312 595 regi
367 519 600 580 tradidit
646 519 857 591 ﬁlium,
906 520 984 578 ita
1032 526 1086 577 et
1138 534 1243 593 ego
1298 520 1586 593 propriam
1647 522 1904 581 animam
1986 522 2125 580 catis
2161 522 2440 595 absolvat,
2469 528 2525 582 et
2562 524 2876 583 electorum
2915 541 3153 585 suorum
3189 542 3386 585 secum
3416 528 3542 593 sine
3583 529 3697 585 line

184 610 399 669 vestris
446 608 717 667 manibus
758 608 938 680 trado,
969 616 1141 682 atque
1179 616 1242 667 ut
1271 609 1343 667 ad
1387 625 1647 669 mensam
1698 617 1906 670 vestrae
1986 613 2355 686 regnantium
2394 615 2661 673 concives
2702 614 2937 673 efﬁciat.
2978 618 3183 676 Amen.
3228 617 3557 677 Benedictio
3596 618 3700 677 Dei

183 700 471 759 orationis
524 697 735 767 alatur,
777 696 1044 772 imploro.
1086 698 1402 758 Enimvero
1439 714 1577 757 cum
1614 700 1766 758 bona
1803 717 1905 774 pro
1987 702 2170 762 Patris
2201 706 2628 778 omnipotentis,
2666 711 2722 763 et
2757 705 2913 778 Filii,
2945 714 2998 765 et
3035 707 3284 782 Spiritus
3322 708 3507 768 sancti
3565 708 3694 767 des-

186 788 364 848 malis
396 788 599 863 jubeat
632 787 723 846 lex
757 786 960 845 divina
994 786 1241 859 restitui,
1279 793 1494 863 quanto
1533 789 1715 862 magis
1751 790 1905 848 bona

185 876 362 939 bonis
389 876 657 951 pracepit
695 875 1035 935 redhiberi?
1072 875 1223 946 Quid
1252 876 1410 935 enim
1443 877 1680 947 mirum,
1713 878 1761 937 si
1803 880 1909 939 hoc

193 969 452 1027 humana
505 967 649 1026 ratio
703 984 779 1025 ex
830 966 1047 1025 indicta
1103 966 1209 1025 sibi
1260 966 1387 1041 lege
1439 967 1745 1040 persolvat,
1774 985 1908 1027 cum

188 1056 453 1131 idipsum
492 1056 805 1130 aliquando
847 1055 1021 1114 etiam
1075 1054 1241 1114 bruta
1278 1057 1554 1115 animalia
1591 1057 1771 1117 nullis
1812 1060 1908 1117 ob.

190 1146 374 1205 noxia
432 1144 660 1219 legibus
706 1144 1030 1217 impleant?
1065 1145 1208 1203 Nam
1258 1146 1407 1205 sicut
1457 1148 1705 1207 fraterna
1761 1149 1907 1208 mihi

188 1242 413 1294 constat
444 1234 722 1295 relatione
758 1235 1079 1309 vulgatum,
1114 1234 1319 1293 Veneti
1347 1236 1586 1309 quidam
1615 1238 1907 1298 institores

188 1324 420 1382 marina
448 1323 786 1383 discrimina
813 1324 1042 1399 remigii
1071 1324 1262 1383 labore
1290 1325 1627 1385 sulcabant:
1656 1342 1906 1402 cumque

187 1413 626 1486 applicuissent,
669 1413 1103 1472 formidolosum
1150 1415 1617 1491 stupendumque
1672 1418 1902 1491 conspi-

189 1502 355 1562 ciunt
388 1519 508 1562 non
557 1501 756 1577 procul
801 1503 874 1561 ab
917 1502 1039 1576 ipsa
1087 1502 1329 1561 littoreaa
1372 1504 1686 1577 crepidinis
1728 1522 1903 1565 arena

186 1599 571 1666 portentum;
632 1592 856 1651 leonem
906 1590 1124 1650 scilicet
1169 1592 1424 1664 trabalis,
1474 1601 1537 1651 ut
1580 1595 1897 1668 videbatur,

112 1700 115 1703 λ
186 1682 455 1743 draconis
475 1681 650 1756 Spiris
678 1682 1028 1743 obeuntibus
1056 1682 1413 1742 involutum.
1445 1682 1707 1758 Cumque
1737 1684 1900 1745 illinc

1990 791 2211 864 ceudat,
2234 798 2289 849 et
2314 800 2542 851 maneat
2570 810 2744 868 super
2768 810 2887 854 vos.
2916 796 3124 855 Amen.

2580 883 2948 943 EPISTOLA
2991 883 3089 943 VI.

2236 978 2313 1025 AD
2343 975 2660 1024 MONACHOS
2687 976 3041 1025 MONASTEBII
3069 978 3435 1025 POMPOSIANI.

1988 1052 2882 1126 ARGUMENTUM.—Pomposiani
2915 1054 3245 1112 monasterii
3271 1054 3567 1112 monachis
3595 1069 3697 1113 ne-

2060 1127 2177 1200 scio
2206 1126 2364 1200 quod
2394 1139 2610 1200 munus
2650 1126 2860 1194 mittit,
2892 1141 3175 1200 suamque
3212 1142 3346 1200 erga
3384 1140 3480 1183 eos
3517 1126 3695 1183 bene-

2059 1195 2372 1257 volentiam
2417 1195 2671 1268 dcclarat
2728 1214 2740 1253 :
2795 1198 3024 1255 eosdem
3073 1195 3244 1255 etiam
3281 1195 3581 1268 ’obsecrat,
3634 1201 3697 1254 ut

2058 1271 2151 1328 sui
2184 1266 2527 1341 memoriam
2571 1273 2694 1338 post
2726 1277 2963 1341 mortem
3000 1268 3233 1341 faciant,
3260 1284 3457 1341 preces
3487 1266 3588 1339 pro
3625 1282 3693 1325 eo

2058 1340 2385 1408 fundentes,
2414 1338 2562 1396 sicut
2603 1353 2704 1410 pro
2741 1338 2861 1396 suis
2910 1339 3206 1397 monachis
3255 1338 3692 1397 consueverant.

2056 1424 2533 1500 Religiosissimis
2559 1433 2613 1483 et
2643 1426 2853 1484 sanctis
2894 1426 3032 1485 viris
3068 1426 3361 1496 omnibus,
3388 1427 3491 1498 qui
3524 1423 3694 1484 Pom-

1988 1517 2162 1591 posite
2197 1516 2309 1574 Deo
2342 1514 2699 1586 deserviunt,
2728 1513 2957 1574 PETRUS
2984 1515 3372 1575 devotissimae
3399 1513 3695 1573 servitutis

1982 1603 2351 1679 obsequium.

2057 1692 2423 1751 Dilectissimi
2463 1691 2657 1750 Patres
2688 1697 2743 1749 et
2781 1690 3023 1763 domini,
3056 1691 3306 1767 qualiter
3346 1707 3442 1750 cor
3496 1707 3691 1752 meum

184 1770 357 1830 draco
402 1778 632 1846 captum
682 1770 753 1831 ad
801 1772 1134 1847 speluncam
1185 1786 1347 1829 suam
1394 1770 1677 1831 violenter
1722 1774 1955 1857 aura-1'3
1986 1788 2189 1841 vestrae
2264 1781 2560 1840 charitatis
2627 1779 2895 1838 incendio
2969 1780 3204 1851 ferveat,
3259 1780 3476 1854 quibus
3543 1780 3694 1839 circa

183 1859 363 1931 heret,
411 1858 545 1917 hinc
582 1859 930 1937 miserabilis
964 1861 1074 1933 leo,
1116 1859 1334 1934 quibus
1372 1857 1597 1919 valebat
1637 1862 1890 1935 nisibus,

178 1950 486 2008 reluctaret
505 1969 524 2021 ς
566 1949 795 2008 tandem
833 1966 949 2025 quo
984 1948 1075 2009 leo
1110 1951 1282 2025 ccepit
1312 1952 1609 2027 desperata
1646 1952 1896 2011 relucta-

177 2037 334 2096 tione
389 2037 655 2125 deﬁcere,
707 2044 862 2115 tanto
919 2039 1104 2115 magis
1158 2040 1331 2099 draco
1392 2040 1895 2100 iuextricabilibus

172 2140 310 2184 eum
344 2125 516 2185 nodis
543 2124 840 2186 innectens
866 2126 1237 2186 animabatur
1275 2126 1573 2185 victoriam
1611 2126 1890 2188 obtinere.

175 2214 285 2276 Sed
351 2216 663 2288 Pandoces,
701 2218 803 2292 qui
854 2225 1087 2291 repente
1134 2218 1271 2276 huic
1323 2217 1642 2293 spectaculo
1690 2235 1894 2293 super-

175 2314 479 2379 venerant,
512 2306 849 2367 miserantes
879 2307 1174 2366 infclicem
1215 2308 1400 2367 leonis
1431 2309 1637 2381 vicem,
1669 2311 1895 2369 auden-

177 2404 262 2455 ter
294 2413 462 2455 arma
499 2396 841 2472 corripiunt,
874 2399 1181 2457 draconem
1219 2400 1536 2473 perimunt,
1562 2402 1796 2461 leonem
1825 2402 1896 2460 de

179 2486 451 2546 faucibus
498 2482 701 2547 mortis
744 2496 1007 2562 ereptum
1047 2487 1208 2548 abire
1241 2491 1595 2564 permittunt.
1631 2491 1742 2549 Sed
1782 2492 1889 2565 lco,

178 2581 244 2634 ut
270 2564 502 2650 ita'jam
530 2576 715 2635 dicam
738 2576 1138 2636 nobilissimus
1162 2578 1478 2637 bestiarum
1508 2581 1681 2652 (Prov.
1715 2564 1889 2654 XXX),

175 2673 378 2739 gratus
433 2666 569 2724 vitae
624 2681 747 2725 suae
790 2667 1124 2727 auctoribus
1165 2668 1403 2741 exstitit,
1433 2676 1487 2728 et
1530 2686 1629 2745 per
1668 2672 1894 2745 aliquos

177 2753 324 2824 dies,
353 2753 573 2829 quibus
610 2754 731 2815 illic
765 2757 1035 2815 remorati
1074 2765 1229 2828 sunt,
1263 2773 1440 2816 unam
1480 2756 1601 2817 illic
1637 2761 1895 2833 quotidie

174 2841 390 2916 pellem
429 2843 579 2921 capti
620 2859 655 2901 a
704 2860 764 2903 se
804 2843 1076 2904 animalis
1119 2846 1373 2905 advexit.
1406 2846 1555 2917 Quid
1599 2864 1735 2927 ergo
1778 2848 1895 2907 mi-

174 2949 331 3006 rum,
359 2935 429 3011 si
458 2935 640 2993 sancti
682 2935 970 3007 homines,
1025 2943 1081 2995 et
1121 2936 1338 2997 divinis
1385 2937 1613 3013 legibus
1657 2940 1892 3012 eruditi,

172 3029 443 3097 percepto
492 3023 787 3085 charitatis
835 3023 1024 3083 oﬂicio
1079 3031 1239 3098 grata
1292 3026 1419 3084 vice
1470 3029 1889 3103 respondeant;

1982 1871 2300 1945 POIUpOSItB
2347 1869 2760 1930 monasterium
2808 1869 3021 1928 amoris
3068 1868 3291 1928 facibus
3348 1870 3689 1942 inardescat,

1976 1961 2112 2019 nolo
2162 1960 2551 2032 scribere,‘ne
2582 1960 2825 2016 fortasse
2878 1957 3069 2015 videar
3115 1956 3546 2017 adulationibus
3586 1958 3687 2016 de-

1976 2048 2215 2107 servire.
2276 2047 2457 2122 Cujus
2506 2046 2589 2129 rei
2642 2046 2798 2103 testis
2844 2050 2928 2103 est
2975 2043 3097 2118 ipsa
3147 2045 3686 2129 conscientia:illis

1976 2137 2149 2196 etiam
2182 2153 2299 2196 non
2328 2143 2414 2195 est
2442 2128 2674 2210 prcrsus
2712 2133 3022 2205 occ'u'ltum,
3052 2134 3155 2209 qui
3186 2128 3685 2217 mecumpossunt

1978 2228 2310 2302 frequenter
2358 2227 2568 2285 habere
2615 2224 2993 2297 colloquium.
3045 2218 3159 2282 Vos
3202 2224 3396 2294 etiam,
3427 2224 3681 2283 dilectis-

1977 2317 2133 2387 simi,
2173 2316 2305 2375 licet
2344 2314 2597 2389 corporis
2641 2312 2995 2371 habitatione
3036 2321 3339 2385 semotum,
3376 2313 3554 2373 nolite
3594 2329 3688 2373 me

1976 2414 2321 2465 extraneum
2346 2420 2470 2463 esse
2497 2404 2803 2462 decernere
2840 2426 2851 2459 :
2891 2400 3069 2460 nolite
3098 2418 3191 2461 me
3223 2402 3397 2461 etiam
3426 2403 3686 2462 amicum

1977 2496 2314 2569 quemlibet,
2357 2493 2449 2554 vel
2490 2493 2957 2569 qualemcunque
2995 2493 3217 2552 socium
3258 2493 3552 2567 depdtare,
3587 2494 3686 2553 sed

1976 2594 2032 2644 et
2078 2603 2203 2657 nos,
2244 2593 2299 2644 et
2343 2592 2525 2645 totum
2570 2591 2833 2644 nostrum
2869 2589 3221 2643 conventum
3257 2584 3423 2658 quasi
3469 2585 3685 2659 proprii

1937 2675 2152 2733 -vestri
2196 2672 2345 2747 juris
2403 2670 2821 2746 possessionem
2880 2685 3003 2727 esse
3053 2669 3448 2728 indubitanter
3484 2687 3679 2745 agno-

1974 2763 2132 2834 scite,
2166 2769 2221 2820 et
2276 2759 2559 2836 quidquid
2610 2758 2776 2817 vobis
2820 2756 3116 2831 placuerit,
3158 2763 3433 2832 tanquam
3479 2761 3684 2820 vestris

1976 2851 2247 2925 subjectis
2296 2856 2470 2926 atque
2512 2847 2859 2917 domesticis,
2890 2847 3109 2921 absque
3153 2846 3273 2905 ulla
3321 2848 3687 2909 cunctatione

1970 2940 2185 3013 jubete.
2236 2937 2396 2997 Unde
2447 2954 2571 3008 vos,
2604 2934 2985 3008 dilectissimi,
3012 2935 3462 3009 lacrymabiliter
3516 2938 3682 2998 obse-

1974 3046 2070 3089 cro
2096 3076 2111 3100 ,
2167 3036 2223 3088 et
2273 3028 2345 3087 ad
2397 3034 2593 3088 sancta
2662 3026 2902 3099 vestigia
2972 3034 3160 3085 veSIra
3212 3041 3303 3085 me
3372 3034 3687 3101 prostratus

170 3126 309 3170 cum
345 3111 607 3185 idipsum
644 3119 699 3171 et
736 3112 974 3172 brutum
1016 3113 1233 3172 animal
1264 3115 1530 3174 videatur
1568 3116 1837 3191 implesse
1863 3117 1956 3213 ‘30
1975 3119 2237 3190 advolvo,
2269 3124 2333 3177 ut
2369 3133 2471 3190 pro
2503 3132 2595 3174 me
2623 3130 2788 3174 servo
2816 3118 3007 3172 vestro
3036 3130 3261 3189 semper
3288 3131 3452 3174 orare
3481 3117 3685 3191 digne-

171 3199 244 3259 Et
270 3202 384 3260 hoc
428 3201 687 3262 fortassis
725 3204 1063 3277 exemplum
1093 3206 1342 3278 quadam
1379 3206 1541 3266 vobis
1582 3207 1766 3267 valeat
1796 3225 1886 3266 ra-

175 3291 332 3351 tione
361 3306 699 3366 congruere.
736 3291 850 3353 Vos
887 3294 1044 3351 enim
1077 3293 1164 3352 leo
1195 3286 1307 3354 neu
1341 3297 1467 3354 sine
1495 3313 1665 3356 causa
1703 3297 1887 3371 signi-

174 3378 327 3452 ﬁcat,
356 3381 467 3455 qui
491 3381 573 3440 sic
608 3381 877 3441 dormitis
900 3400 933 3440 a
965 3382 1196 3457 smculo,
1231 3391 1293 3443 ut
1322 3380 1641 3460 pervigiles
1661 3402 1889 3461 semper

173 3469 375 3529 oculos
400 3469 663 3529 habeatis
686 3468 751 3528 in
775 3469 912 3541 Deo,
945 3470 1095 3530 illud
1131 3487 1266 3530 cum
1301 3468 1517 3547 sponsa
1546 3474 1840 3534 cantantes
1869 3500 1882 3534 :

176 3586 202 3610 α
227 3561 352 3634 Ego
390 3560 639 3632 dormio,
666 3567 721 3619 et
758 3577 853 3622 cor
892 3578 1086 3623 meum
1128 3562 1329 3637 vigilat
1368 3567 1545 3634 (Cant.
1584 3569 1661 3640 v).
1703 3592 1730 3616 ››
1774 3566 1887 3638 Qui

171 3665 350 3725 super
375 3650 637 3725 aspidem
658 3657 712 3709 et
735 3644 1070 3710 basiliscum
1099 3651 1428 3723 ambulatis,
1455 3660 1510 3711 et
1541 3655 1888 3715 conculcatis

167 3739 402 3800 leonem
441 3746 499 3798 et
546 3740 853 3800 draconem
885 3743 1053 3808 (Psal.
1097 3746 1237 3813 XC);
1277 3741 1379 3815 qui
1417 3742 1670 3817 denique
1702 3750 1765 3803 ut
1798 3745 1887 3805 leo

168 3830 299 3889 sine
345 3836 564 3889 terrore
608 3830 916 3900 conﬁditis,
946 3839 1001 3891 et
1041 3846 1348 3891 occursum
1385 3833 1742 3893 adversantis
1776 3832 1883 3894 ne-

167 3918 376 3996 quitias
402 3934 523 3976 non
552 3919 772 3992 pavetis
797 3921 973 3994 (Prov.
1003 3927 1179 3990 XXX).
1213 3920 1429 3979 Pellem
1455 3930 1647 3981 autem
1674 3923 1887 3983 Micbol

166 4008 236 4067 ad
277 4014 455 4083 caput
500 4007 682 4066 David
728 4010 936 4082 posuit,
970 4025 1069 4082 per
1111 4025 1287 4084 quam
1332 4010 1428 4069 ille
1468 4011 1690 4085 gladios
1744 4010 1884 4072 Saul

166 4099 321 4175 regis
345 4099 533 4159 evasit
572 4102 625 4168 (Ι
663 4103 793 4171 Reg.
841 4105 1044 4173 XVIII);
1097 4100 1351 4173 pelliceis
1397 4116 1627 4174 quoque
1675 4102 1885 4160 tunicis

166 4191 388 4266 primos
449 4197 715 4263 parentes
785 4198 1010 4251 nostros
1072 4191 1225 4250 Deus
1284 4192 1648 4265 omnipotens
1695 4192 1886 4251 induit

170 4285 327 4354 (Gen.
378 4287 516 4353 III),
568 4282 783 4357 quibus
835 4286 1037 4358 utique
1085 4284 1351 4342 mortales
1400 4285 1667 4356 etfectos,
1725 4291 1884 4344 reatu

174 4370 649 4446 transgressionis
680 4370 1253 4445 exigente‘signavit.
1299 4372 1411 4431 Vos
1450 4372 1644 4446 itaque
1681 4373 1883 4432 draco-

168 4462 291 4521 neis
322 4478 430 4536 per
469 4477 564 4519 me
602 4461 850 4520 nexibus
884 4462 1157 4535 expediti,
1200 4462 1412 4536 pellem
1469 4477 1570 4536 pro
1605 4462 1885 4521 beneﬁcio

170 4639 528 4698 orationibus
575 4638 897 4713 impetrata,
930 4653 1008 4696 ne
1052 4639 1198 4697 mihi
1247 4639 1318 4698 de
1361 4645 1567 4698 caetero
1624 4639 1882 4698 mundus

169 4727 424 4797 advivat,
456 4727 556 4785 sed
587 4726 637 4785 si
669 4726 812 4801 quid
847 4726 1036 4785 adhuc
1068 4727 1246 4801 hujus
1274 4727 1419 4786 mihi
1446 4726 1741 4801 reliquum
1771 4735 1874 4795 est,

168 4813 231 4872 in
284 4812 641 4888 acquircuda
689 4812 894 4872 salutis
945 4818 1177 4872 aeterna)
1226 4814 1384 4873 lucra
1427 4814 1705 4888 proficiat.
1767 4814 1876 4873 Sed

166 4919 503 4978 quanquam
529 4903 838 4977 Apostolus
867 4902 1016 4963 dicat
1049 4927 1060 4961 :
1096 4924 1123 4956 «
1155 4902 1300 4973 Quia
1330 4903 1547 4978 absque
1583 4904 1704 4964 ulla
1738 4921 1877 4964 con-

167 4993 524 5062 tradictione,
576 4990 679 5066 qui
734 4993 935 5050 minus
984 5002 1090 5059 est,
1145 5009 1178 5051 a
1233 4992 1469 5051 meliore
1515 4994 1878 5053 benedicitur

167 5085 351 5151 (Hebr.
379 5088 487 5151 VII)
522 5105 533 5139 :
577 5103 597 5132 ο
628 5086 819 5139 tamen
851 5081 989 5155 quia
1026 5082 1299 5141 charitate
1337 5082 1667 5157 compellor,
1700 5084 1877 5142 bene-

164 5172 473 5231 dictionem
503 5170 804 5244 prohibcre
854 5188 971 5231 non
1029 5172 1205 5231 valeo.
1238 5172 1614 5245 Omnipotens
1650 5174 1803 5233 Deus
1843 5190 1879 5232 a

165 5262 391 5333 cunctis
420 5261 670 5336 improbi
701 5260 928 5321 Satanae
968 5278 1068 5321 vos
1096 5263 1561 5324 infestationibus
1599 5272 1874 5339 protegat,

166 5357 222 5408 et
261 5353 465 5411 omnia
512 5349 703 5411 carnis
748 5367 813 5409 ac
859 5352 1095 5425 spiritus
1140 5369 1173 5410 a
1227 5352 1385 5410 vobis
1438 5353 1881 5427 inquinamenta

165 5441 445 5516 detergat.
504 5443 712 5500 Amen.
774 5441 1121 5513 Exstinguat
1175 5441 1234 5499 in
1288 5441 1447 5500 vobis
1506 5445 1880 5503 aestuantium

169 5531 399 5589 fomites
449 5530 745 5599 vitiorum,
776 5535 832 5587 et
876 5530 1078 5589 ﬂorere
1136 5545 1234 5588 vos
1285 5530 1453 5588 faciat
1506 5532 1877 5590 vernantium

168 5619 373 5680 decore
403 5619 706 5679 virtutum.
733 5622 942 5679 Amen.
978 5619 1083 5679 Per
1111 5619 1575 5680 intercessionem
1604 5621 1879 5694 apostolo-

174 4512 426 4615 reddilte.
484 4549 834 4623 vitalemque
905 4512 1049 4607 mihi
1119 4512 1614 4609 moItilicatiobem
1677 4512 2079 4610 vestrisDtem
2134 4552 2385 4624 habere,
2442 4568 2617 4627 quam
2672 4552 2891 4626 tingere
2945 4572 2957 4611 :

1974 3204 2120 3263 mini
2151 3229 2163 3263 :
2194 3211 2251 3263 et
2274 3203 2563 3304 prmcipue
2601 3217 2735 3261 cum
2769 3207 3032 3304 mortuus
3073 3200 3253 3304 fuero,
3294 3202 3581 3276 quidquid
3615 3204 3686 3263 de

1972 3304 2179 3355 vestrm
2233 3293 2694 3367 congregationis
2741 3294 3025 3351 monacho
3079 3293 3293 3365 facitis,
3346 3296 3454 3354 hoc
3507 3297 3680 3356 etiam

1969 3386 2039 3443 de
2078 3400 2170 3442 me
2220 3383 2428 3441 misero
2472 3383 2654 3440 facere
2702 3380 2996 3439 studeatis.
3028 3381 3189 3455 Rogo
3219 3391 3433 3455 autem,
3459 3386 3685 3455 domini

1972 3474 2105 3537 mei,
2160 3472 2464 3547 parvulam
2504 3469 2971 3529 benedictionem
3011 3470 3081 3533 de
3133 3486 3312 3530 manu
3355 3474 3545 3544 (servi,
3594 3477 3680 3531 vel

1970 3564 2108 3634 quid
2145 3563 2326 3618 simile
2363 3561 2584 3629 addid.)
2611 3558 2787 3617 vestri
2823 3557 3072 3631 benigne
3105 3560 3396 3634 suscipere
3425 3581 3439 3618 :
3467 3568 3524 3622 et
3561 3579 3678 3622 non

1969 3652 2133 3725 quid,
2162 3651 2259 3709 sed
2284 3667 2318 3708 a
2343 3665 2496 3729 quo;
2528 3664 2647 3708 non
2676 3653 2982 3722 quantum,
3010 3648 3108 3707 sed
3138 3665 3213 3708 ex
3250 3658 3465 3725 quanto
3486 3655 3684 3728 profe~

1970 3749 2149 3809 ratur,
2176 3738 2472 3797 attendite.

2556 3806 2924 3867 EPISTOLA
2963 3807 3084 3866 VII.

2431 3902 2507 3946 AD
2552 3900 2886 3946 ALTIZONEM
2920 3898 3211 3946 ABBATEM.

1967 3984 2413 4051 ARGUMENI‘UM.
2433 4009 2499 4019 —
2531 3974 2780 4034 Altizoui
2808 3974 2999 4051 abbati
3027 3976 3227 4051 scribit
3252 3991 3551 4051 segmagno
3579 3982 3681 4039 do-

2039 4052 2161 4124 lore
2195 4049 2463 4124 aﬂ'ectum
2508 4062 2651 4124 esse,
2682 4047 2832 4124 quod
2886 4047 2975 4124 illi
3026 4064 3175 4124 equo
3210 4047 3495 4122 indigenti
3533 4066 3680 4124 con-

2042 4122 2229 4195 testim
2260 4136 2377 4179 non
2407 4118 2593 4195 fuerit
2609 4118 2870 4195 largitus,
2904 4118 3184 4195 eique'se,
3217 4118 3396 4194 equos
3434 4138 3501 4180 ac
3528 4121 3680 4182 bona

2038 4193 2236 4253 omnia
2266 4190 2598 4249 monasterii
2628 4188 2940 4249 liberaliter
2970 4188 3155 4249 offert.

2050 4278 2185 4337 191
2221 4280 2442 4340 Domno
2481 4281 2550 4338 A.
2582 4280 2817 4348 domino
2847 4295 2971 4351 suo,
3004 4280 3236 4341 Parens
3265 4288 3521 4356 peccator
3550 4296 3680 4342 mo-

1968 4370 2190 4430 nachus
2219 4369 2504 4445 quidquid
2532 4386 2753 4429 servus.

2037 4460 2407 4531 Charissime,
2443 4460 2652 4519 melius
2696 4460 2842 4519 mihi
2890 4460 3116 4521 videtur
3160 4461 3395 4521 nullam
3431 4462 3678 4520 Charita-

3010 4560 3066 4612 et
3094 4552 3471 4611 tolerabilius
3533 4558 3676 4626 puto

1964 4639 2238 4698 cbaritate
2269 4640 2589 4713 quemlibet
2628 4656 2876 4699 vacuum
2907 4657 3060 4711 esse,
3095 4657 3272 4715 quam
3325 4642 3453 4714 ejus
3491 4638 3676 4714 pleni-

1963 4727 2225 4787 tudinem
2276 4727 2573 4787 simulare.
2606 4727 2717 4787 Ubi
2762 4729 2921 4787 enim
2966 4729 3126 4789 nulla
3156 4728 3404 4787 Charitas
3434 4734 3539 4797 est,
3562 4742 3671 4802 po-

1960 4825 2066 4877 test
2098 4833 2199 4891 per
2239 4817 2504 4875 divinam
2546 4818 2789 4889 gratiam
2830 4817 2987 4875 nasci
3021 4842 3033 4875 :
3073 4817 3176 4876 ubi
3210 4833 3346 4876 vero
3374 4817 3523 4876 'ﬁcta
3563 4825 3665 4888 est,

1958 4922 2074 4980 quo
2109 4905 2411 4964 veritatem
2450 4906 2560 4964 sub
2601 4906 2858 4980 tigmenti
2895 4905 3083 4963 colore
3122 4906 3424 4977 mentitur,
3458 4920 3525 4964 eo
3569 4914 3670 4966 aut

1961 5009 2263 5066 nunquam
2326 5000 2427 5053 aut
2484 4994 2780 5055 diﬂicilius
2834 4986 3219 5054 emendatum
3251 4996 3487 5055 NoVerit
3538 5012 3672 5071 ergo

1958 5083 2295 5143 dulcissima
2330 5085 2601 5144 sanctitas
2642 5093 2846 5155 vestra,
2876 5085 3013 5159 quia
3059 5085 3309 5144 multum
3351 5102 3446 5145 me
3483 5086 3669 5161 pmni-

1962 5172 2087 5243 tuit,
2117 5173 2393 5246 quoniam
2441 5190 2574 5232 cum
2628 5189 2730 5232 vos
2774 5173 3054 5247 conqueri
3107 5175 3668 5234 caballorum'indi-

1959 5262 2214 5335 gentiam
2243 5262 2463 5335 audivi,
2496 5264 2568 5320 de
2610 5278 2736 5321 meo
2771 5264 3034 5336 protinus
3072 5281 3187 5324 non
3224 5263 3512 5333 descendi,
3553 5279 3669 5322 non

1967 5350 2264 5410 ultroneus
2286 5351 2485 5409 ambos
2509 5350 2694 5410 obtuli
2728 5376 2740 5410 :
2773 5359 2829 5409 et
2860 5351 3030 5424 velle,
3065 5353 3240 5425 nolle,
3272 5361 3325 5412 te
3357 5352 3666 5426 suscipere,

1964 5457 2081 5499 non
2109 5442 2286 5516 coegi.
2316 5440 2426 5501 Sed
2454 5441 2602 5500 inter
2619 5443 2743 5501 haec
2768 5441 2913 5501 illud
2941 5459 3171 5518 quoque
3199 5458 3314 5502 non
3347 5445 3474 5502 sine
3496 5458 3669 5502 causa

1961 5532 2278 5602 considero,
2310 5531 2446 5606 quia
2476 5531 2701 5591 dudum
2730 5549 2887 5592 nunc
2917 5550 3014 5593 cor
3045 5550 3236 5593 meum
3266 5549 3337 5593 ex
3367 5535 3477 5593 hac
3502 5535 3672 5609 culpa

1964 5628 2118 5679 tanto
2142 5614 2503 5697 paenitentiae
2529 5624 2731 5682 ardore
2768 5624 3125 5698 decoquitur,
3158 5630 3213 5683 et
3252 5641 3369 5685 non
3396 5625 3669 5701 implesse
