4170 6448
497 244 600 303 387

498 457 839 524 mordente,
911 463 1176 527 tanquam
1261 469 1456 511 verme
1532 454 1767 511 rodcnte
1799 497 1812 522 ,
1866 452 2206 525 gravissime

497 545 860 604 lamentatur.
907 544 1035 601 Post
1077 542 1384 599 transitum
1428 542 1600 613 hujus
1649 542 1785 597 vita
1829 540 1968 611 quid
2014 540 2201 607 faciet,

494 637 596 710 qui
623 643 847 707 tempus
875 632 1278 705 impendenda
1310 630 1602 689 charitatis
1630 631 1924 688 efﬂuxisse
1951 629 2200 698 deflebit,

495 732 550 783 et
588 732 776 782 tamen
818 722 1231 795 negligentiam
1269 736 1433 778 suam
1467 721 1772 778 emendare
1810 735 1921 777 non
1964 718 2193 793 poterit;

496 813 632 887 quia
680 818 905 885 tempus
948 809 1292 883 acceptabile
1338 816 1393 867 et
1444 809 1595 867 diem
1648 808 1851 866 salutis
1886 808 2080 865 amisit
2135 808 2208 879 (ΙΙ

497 905 616 960 Cor.
646 900 765 966 vr)?
799 900 859 959 Si
903 900 1059 957 enim
1102 905 1217 957 tam
1260 914 1432 969 grave
1481 903 1535 955 et
1572 913 1839 955 amarum
1882 894 2061 954 menti
2098 910 2204 951 no-

496 997 630 1049 stra
657 990 887 1048 videtur
919 989 1014 1045 hic
1050 1003 1331 1060 peccasse,
1366 987 1468 1044 ubi
1498 1001 1808 1059 possumus
1845 986 2035 1042 adhuc
2073 1000 2203 1057 pec-

498 1088 622 1138 cata
651 1079 969 1149 corrigere;
1012 1077 1153 1149 quid
1196 1076 1317 1133 illic
1355 1077 1644 1146 agendum
1682 1075 1806 1144 erit,
1840 1075 1940 1132 ubi
1981 1082 2204 1132 reatum

499 1183 675 1226 suum
702 1182 875 1225 nemo
900 1166 1104 1240 poterit
1132 1163 1488 1222 emendare?
1523 1163 1631 1222 Sed
1682 1166 1803 1221 hac
1840 1164 2002 1222 alias.
2040 1164 2208 1222 Nunc

498 1263 711 1326 autem,
744 1255 1135 1321 dilectissime,
1166 1255 1215 1312 si
1249 1268 1467 1327 equum
1520 1253 1697 1311 habes
1731 1254 2060 1321 inventum,
2092 1253 2208 1310 Deo

499 1342 1038 1417 gratias:alioquin
1072 1341 1121 1399 si
1149 1341 1341 1399 adhuc
1385 1340 1561 1407 deest,
1589 1341 1752 1397 mitte
1799 1341 1869 1397 ad
1917 1357 2021 1399 nos
2072 1356 2208 1399 cum

497 1431 612 1490 tuis
637 1431 841 1489 litteris
869 1431 1242 1498 monachum,
1273 1430 1375 1502 qui
1416 1444 1617 1486 omnes
1656 1437 1900 1497 nostros,
1932 1435 1986 1485 et
2028 1444 2209 1503 equos

496 1529 551 1578 et
588 1520 776 1579 mulos
814 1519 1048 1577 solerter
1093 1518 1345 1591 aspiciat,
1378 1525 1432 1574 et
1478 1518 1709 1591 qualem
1747 1519 1855 1575 sibi
1904 1518 2204 1591 placuerit,

500 1612 676 1671 tollat.
716 1611 961 1669 Pallium
1013 1610 1185 1667 etiam
1232 1609 1516 1682 Optimum
1568 1608 1870 1678 habemus,
1911 1610 2065 1683 quod
2110 1626 2211 1681 per

1024 239 1083 299 S.
1127 239 1349 298 PETRI
1390 237 1710 298 DAMIANI
1749 234 1906 296 OPP.
1950 233 2142 295 PARS
2183 236 2321 299 SEU
2364 242 2617 302 TOMUS
2653 243 2700 301 Ι.
2744 275 2809 286 -
2852 241 3084 302 EPIST.
3132 241 3273 300 LIB.
3319 240 3471 299 VIII.

496 368 788 428 charitatis
855 364 1107 424 officium
1168 363 1511 437 suspirando
1540 411 1553 433 ,
1606 370 1661 421 et
1708 362 2057 420 conscientia
2115 365 2433 438 re-AQGen.
2480 372 2718 443 XXXIII).
2770 367 2878 426 Sed
2928 373 3058 424 nota
3105 366 3257 439 quod
3306 364 3575 439 sequitur

3901 240 4010 297 388

3629 384 3645 425 :
3703 388 3731 419 α
3765 365 4006 443 Idcirco,

2292 458 2503 531 inquit,
2532 456 2810 531 percussit
2832 472 2963 513 enm
2990 454 3295 525 Dominus,
3329 468 3396 510 eo
3426 452 3581 526 quod
3615 470 3736 511 rem
3772 453 4002 512 detesta-

2291 546 2464 603 bilem
2509 546 2733 603 faceret.
2768 565 2794 595 »
2830 542 3040 601 Horres
3091 541 3270 610 enim,
3306 547 3479 614 atque
3510 541 3753 611 fastidis,
3790 547 3854 599 ut
3903 541 4008 615 qui

2285 645 2420 696 sunt
2449 636 2774 705 Gebizonis,
2806 633 2954 691 Petri
2997 632 3264 690 dicantur
3295 646 3420 689 esse
3458 630 3728 705 discipuli
3764 656 3776 689 :
3818 639 3873 689 et
3904 630 4007 704 qui

2286 727 2635 799 singularem
2679 723 2921 799 gloriam
2950 722 3187 796 quaris,
3224 720 3435 777 famam
3466 720 3548 778 tui
3592 720 3845 797 nominis
3871 736 4007 780 cum

2285 814 2398 873 alio
2424 807 2781 888 participare,
2806 818 3041 870 cateros
3066 809 3409 882 despiciens,
3441 808 3750 867 erubescis.
3796 809 3968 866 Enim
3986 843 4003 851 -

2288 921 2422 963 vero
2448 903 2624 963 sacris
2648 902 2969 960 canonilius
2995 904 3227 957 cautum
3263 904 3348 955 est
3375 908 3519 963 (can.
3555 900 3880 969 Requisistz‘,
3912 896 4005 968 33,

2286 1011 2342 1069 q.
2381 997 2443 1067 l),
2478 1002 2539 1051 ut
2564 991 2828 1067 quisquis
2857 989 3103 1062 frigidus
3129 1004 3261 1047 cum
3288 1002 3471 1045 uxore
3510 987 3664 1045 coire
3704 1004 3822 1045 non
3853 1001 4006 1061 pra-

2288 1084 2456 1153 valet,
2490 1084 2596 1140 hac
2648 1087 2835 1154 spreta
2878 1077 3140 1151 repudio,
3170 1078 3241 1134 ad
3288 1075 3568 1134 secundas
3612 1074 3846 1147 nuptias
3887 1089 4003 1133 non

2292 1170 2675 1243 transmigret.
2711 1169 3078 1241 Figmentum
3108 1164 3321 1239 quippe
3352 1163 3464 1221 fuit
3500 1176 3634 1221 cum
3667 1164 3855 1236 prima
3887 1178 4007 1221 non

2293 1259 2545 1334 potuisse
2575 1258 2983 1325 concumbere,
3020 1253 3070 1312 si
3100 1252 3253 1310 valet
3282 1267 3414 1310 cum
3455 1251 3630 1309 altera
3669 1252 4002 1309 convenire.

2291 1348 2381 1407 Tu
2409 1348 2603 1418 etiam,
2634 1346 2684 1405 si
2722 1345 2841 1403 illic
2885 1341 3102 1403 suﬂicis
3129 1340 3633 1413 congregationem
3659 1355 3878 1413 regere,
3908 1339 4010 1397 hic

2289 1438 2463 1495 etiam
2497 1434 2734 1509 potuisti
2768 1454 2780 1492 :
2811 1433 2908 1491 sed
2937 1433 3089 1490 hanc
3115 1446 3253 1489 cum
3277 1444 3477 1503 gerere
3504 1429 3807 1503 potuisses,
3832 1428 4006 1487 adul-

2293 1529 2477 1587 terino
2504 1525 2766 1601 perfugio
2802 1525 2875 1582 ad
2918 1522 3126 1581 aliena
3158 1528 3212 1579 te
3240 1518 3701 1593 congregationis
3742 1517 4005 1593 regimen

2292 1615 2659 1674 transtulisti.
2719 1612 2884 1671 Unde
2934 1628 3049 1669 non
3098 1610 3271 1668 debes
3313 1616 3529 1675 tenere,
3582 1622 3759 1681 quam
3806 1606 4005 1677 habes,

498 1702 767 1759 eumdem
796 1698 1069 1757 nuntium
1096 1696 1260 1754 VObiS
1285 1695 1529 1754 allatum
1558 1695 1682 1754 Ῑοθο
1711 1697 1966 1769 Ρίξέηονίε
1996 1699 2204 1771 Ponite.
2232 1708 2395 1788 Bqui
2449 1705 2706 1778 legitima
2744 1718 2928 1762 uxore
2977 1688 3323 1774 coiitempta,
3372 1699 3657 1758 meretrici
3703 1696 4010 1769 copulatus

496 1800 552 1850 et
579 1806 799 1865 equum
842 1789 1006 1847 vobis
1036 1788 1286 1845 alterum
1318 1786 1633 1859 providete.
1669 1786 1865 1860 Neque
1908 1789 2063 1846 enim
2107 1790 2207 1847 de-

497 1887 602 1949 cet,
637 1886 702 1937 ut
729 1877 829 1952 qui
864 1876 1070 1949 spiritu
1100 1874 1216 1932 Deo
1251 1874 1564 1945 servimus,
1606 1885 1840 1949 propter
1871 1877 1950 1933 rei
1993 1884 2209 1951 tempo-

498 1969 636 2027 ralis
665 1967 920 2040 inopiam
942 1964 1111 2022 donis
1141 1977 1453 2036 pravorum
1481 1962 1789 2020 hominum
1832 1972 2056 2022 nostras
2078 1967 2210 2023 ani-

500 2073 623 2116 mas
661 2054 1057 2127 inquinemus.
1094 2050 1168 2109 Ut
1208 2057 1422 2116 autem,
1462 2066 1594 2123 qua
1638 2051 1908 2119 dicimus,
1943 2054 2212 2112 simulata

500 2163 615 2205 non
642 2144 861 2214 credas,
889 2144 937 2200 si
980 2142 1219 2200 aliunde
1265 2156 1379 2199 non
1432 2142 1608 2199 habes
1640 2161 1652 2199 :
1685 2149 1741 2200 et
1789 2159 1924 2216 qua
1967 2144 2212 2202 libenter

498 2235 816 2295 oﬂ'erimus.
866 2238 1062 2289 nostra
1115 2245 1228 2287 non
1282 2229 1482 2287 tollis:
1521 2237 1585 2288 ut
1622 2231 1693 2288 de
1745 2232 1924 2305 teipso
1978 2248 2211 2308 quoque

501 2323 813 2382 debeamus
860 2319 1079 2392 absque
1135 2317 1254 2375 ulla
1310 2317 1602 2375 dubietate
1654 2334 2024 2391 prasumere,
2060 2321 2209 2379 ﬁdu-

499 2412 645 2469 ciam
676 2408 985 2467 subtrahis.
1022 2406 1188 2464 Absit
1220 2406 1396 2475 enim,
1434 2413 1497 2462 ut
1533 2422 1670 2464 cum
1716 2422 1832 2480 quo
1864 2408 2009 2465 mihi
2049 2425 2213 2466 mens

501 2506 585 2556 est
632 2513 768 2568 una,
805 2504 1029 2553 terrena
1082 2493 1402 2551 substantia
1452 2493 1526 2550 sit
1566 2492 1780 2563 divisa;
1816 2501 1871 2550 et
1918 2495 2003 2552 illi
2048 2502 2207 2553 exte-

502 2588 654 2645 riora
684 2584 959 2660 qualibet
1002 2582 1280 2655 denegem
1319 2596 1421 2654 pro
1459 2597 1574 2654 quo
1602 2582 1775 2640 etiam
1817 2585 1959 2640 mori
2005 2585 2211 2643 merito

503 2693 619 2734 non
688 2672 1074 2744 ambigerem,
1128 2671 1176 2728 si
1246 2670 1554 2728 necessitas
1605 2670 1952 2729 immineret.
2005 2673 2211 2743 Quaso

502 2774 699 2824 autem
757 2769 821 2820 ut
872 2760 1208 2819 breviculus
1257 2759 1365 2816 iste
1411 2775 1527 2816 non
1574 2768 1781 2831 pereat,
1817 2760 1914 2818 sed
1958 2762 2019 2819 in
2066 2762 2217 2821 libro

503 2852 763 2926 quolibet
801 2850 1238 2919 transcribatur,
1273 2855 1339 2905 ut
1373 2848 1699 2906 devotionis
1744 2864 1888 2908 mea
1923 2850 2071 2908 circa
2114 2866 2218 2910 vos

509 2938 785 2999 memoria
814 2943 1209 2994 conservetur.

1080 3023 1449 3082 EPISTOLA
1473 3023 1629 3082 VIII.

1108 3117 1185 3162 AD
1236 3117 1289 3162 B.
1324 3115 1614 3162 ΑΒΒΑΤΕΜ.

802 3187 1067 3255 (Habetur
1096 3190 1227 3241 tom.
1260 3188 1357 3249 III,
1384 3191 1569 3255 estque
1601 3202 1787 3258 opusc.
1816 3186 1930 3255 21.)

1024 3271 1166 3329 192
1200 3272 1562 3332 EPISTULA
1595 3274 1693 3333 IX.

740 3369 837 3416 AD
918 3355 1449 3414 GEBIZONEM
1518 3368 1970 3416 ABBATEM.

511 3451 955 3506 ABGUMENTUM.
979 3476 1043 3485 —-
1066 3442 1413 3502 Gebizonem
1442 3444 1789 3502 monachum
1820 3446 2104 3506 superbia
2126 3462 2220 3504 ar-

583 3516 1112 3600 guit,_quippe‘_qui
1163 3517 1542 3600 eremitarum.
1576 3531 1849 3600 curama
1881 3516 1955 3598 .S.
1996 3516 2223 3600 doctore

588 3586 875 3649 traditam‘
901 3586 1248 3661 reliquisset,
1279 3592 1346 3644 ut
1382 3586 1545 3642 alteri
1587 3588 1931 3661 monasterio
1968 3596 2223 3647 recenter

583 3679 617 3720 a
644 3678 749 3720 suo
790 3662 961 3717 fratre
1000 3659 1325 3716 constructo
1365 3664 1669 3729 praesset;
1706 3659 1969 3717 ambiens
2007 3661 2224 3717 scilicet

587 3732 1000 3804 monachorum
1042 3729 1338 3803 institutor
1366 3727 1670 3804 appellari.
1731 3730 2113 3804 Detegitejus
2150 3733 2220 3788 fi-

588 3815 737 3862 ctam
764 3799 1175 3871 humilitatem,
1196 3808 1367 3873 atque.
1391 3799 1726 3873 gravitatem
1754 3799 2080 3859 criminisos
2097 3809 2219 3859 ten-

582 3875 685 3933 dit.
717 3874 805 3932 Ad
835 3880 1160 3931 extremum
1190 3871 1450 3944 imperat,
1479 3877 1542 3928 ut
1568 3878 1667 3929 aut
1692 3871 2013 3944 depositum
2045 3874 2223 3931 eremi

586 3946 841 4018 regimen
885 3950 1159 4018 resumat,
1188 3943 1288 4001 aut
1328 3944 1390 4000 in
1435 3943 1783 4001 monasterio
1835 3944 1945 4002 sub
1987 3945 2224 4003 alterius

588 4015 896 4088 disciplina
925 4015 1101 4072 vivat.

587 4103 770 4163 Fratri
822 4103 1097 4161 GEBIZONI
1148 4102 1377 4160 Paraus
1416 4110 1673 4176 peccator
1719 4106 2036 4164 monachus
2075 4106 2224 4164 salu-

520 4203 629 4251 tem
640 4237 653 4249 .

589 4280 924 4355 Prodigium
968 4285 1139 4355 atque
1184 4289 1533 4356 portentum,
1596 4284 1785 4349 frater,
1832 4284 2060 4341 videtur
2097 4300 2223 4342 esse

519 4371 678 4445 quod
735 4372 859 4445 agis
902 4395 915 4428 :
967 4370 1300 4429 immeabile
1348 4380 1433 4429 est
1474 4372 1583 4429 iter
1619 4370 1770 4444 quod
1822 4386 2009 4428 novus
2064 4388 2222 4429 nunc

519 4462 705 4520 viator
746 4460 1083 4534 ingrederis.
1113 4463 1164 4518 A
1212 4477 1301 4519 me
1351 4462 1519 4533 plane
1563 4462 1781 4534 jussus,
1812 4445 2294 4543 imqrogatus,D

519 4560 573 4609 et
627 4566 658 4607 a
704 4549 980 4607 fratribus
1022 4549 1416 4608 indifferenter
1458 4552 1693 4620 electus,
1736 4552 1913 4608 eremi
1966 4551 2221 4623 regimen

2292 1797 2573 1863 adhares,
2620 1793 2942 1866 prasertim
2988 1807 3120 1850 cum
3169 1790 3445 1849 canonica
3489 1805 3691 1848 rursus
3735 1788 4011 1846 decernat

2292 1885 2599 1945 auctoritas
2632 1885 2765 1955 (tex.
2800 1883 2858 1940 in
2913 1898 2963 1939 c.
3016 1883 3247 1949 Quanto,
3280 1883 3355 1936 De
3408 1881 3661 1937 translat.
3720 1879 4006 1950 episcopi),

2297 1981 2363 2032 ut
2402 1972 2505 2046 qui
2546 1972 2616 2030 de
2670 1985 2787 2028 una
2833 1968 3087 2026 Ecclesia
3134 1967 3502 2042 transmigrat
3542 1965 3608 2025 ad
3658 1963 3921 2035 alteram,
3954 1972 4010 2021 et

2295 2065 2395 2122 illa
2423 2069 2610 2121 careat
2639 2076 2814 2134 quam
2860 2059 3202 2132 contempsit
3233 2078 3245 2116 :
3277 2065 3329 2118 et
3371 2074 3498 2116 eam
3551 2056 3887 2117 nullatenus
3922 2064 4012 2114 te-

2294 2160 2427 2210 neat
2483 2165 2658 2226 quam
2703 2149 2928 2207 noviter
2973 2147 3300 2221 acquisivit.
3337 2146 3545 2204 Ambis
3588 2146 3759 2220 plane
3810 2147 4010 2218 priva-

2295 2247 2419 2300 tum
2475 2239 2723 2314 propria
2778 2238 2979 2312 gloria
3033 2252 3243 2296 nomen
3298 2238 3615 2312 acquirere,
3677 2237 4013 2311 dedignaris

2294 2328 2482 2386 alieno
2538 2325 2760 2383 nomini
2821 2324 3075 2384 sobolem
3127 2340 3443 2398 procreare.
3510 2323 3605 2384 Sic
3657 2331 3714 2383 et
3766 2324 3882 2394 ille,
3913 2324 4008 2382 cui

2289 2416 2422 2489 jure
2467 2413 2913 2488 propinquitatis
2952 2413 3211 2486 accipere
3255 2414 3410 2471 Ruth
3456 2412 3811 2487 competebat
3854 2427 4011 2470 uxo-

2293 2519 2469 2570 rem;
2519 2527 2540 2555 ι
2575 2502 2745 2571 Cedo,
2801 2500 3014 2575 inquit,
3072 2499 3143 2557 ad
3202 2500 3347 2559 Booz
3392 2501 3511 2574 juri
3559 2500 4014 2576 propinquitatis

2294 2597 2478 2667 (Ruth.
2508 2595 2606 2665 Iv).
2643 2613 2672 2644 »
2711 2592 2907 2665 Neque
2946 2591 3105 2649 enim
3151 2592 3538 2663 posteritatem
3574 2592 3815 2650 familia
3860 2607 4013 2651 mea

2292 2683 2483 2739 delere
2552 2681 2751 2739 debeo.
2827 2680 2933 2738 Ille
2992 2680 3207 2753 quippe
3263 2696 3487 2752 vanus,
3539 2686 3595 2739 et
3646 2680 3846 2754 gloria
3900 2697 4015 2740 cu-

2299 2773 2489 2845 pidus,
2549 2771 2779 2845 proprio
2852 2772 3075 2829 nomini
3142 2772 3530 2845 posteritatem
3592 2773 3836 2832 familia
3908 2789 4013 2833 co-

2299 2863 2544 2921 nabatur
2594 2858 2735 2916 193
2782 2861 3120 2931 extendere;
3157 2861 3304 2921 Booz
3352 2868 3566 2934 autem,
3593 2861 3686 2921 vir
3715 2863 3904 2923 bonus
3956 2872 4015 2922 et

2292 2956 2505 3029 justus,
2560 2951 2771 3009 famam
2817 2950 3034 3024 proprii
3088 2951 3345 3010 nominis
3391 2951 3835 3025 parvipendens,
3865 2952 4017 3013 divi-

2236 3056 2392 3144 Gna
2445 3039 2842 3097 tantummodo
2890 3038 3034 3111 legis
3080 3046 3386 3098 contentus
3440 3045 3525 3097 est
3578 3041 3848 3099 mandata
3897 3055 4018 3100 ser-

2299 3147 2457 3189 vare.
2493 3130 2601 3189 Sed
2641 3146 2769 3189 ecce
2816 3128 2998 3196 illius,
3031 3130 3131 3203 qui
3177 3144 3341 3188 suam
3387 3135 3509 3202 post
3561 3145 3621 3188 se
3670 3130 4018 3189 memoriam

2299 3218 2604 3276 anhelabat
2624 3217 2683 3275 in
2708 3217 3035 3290 posteritate
3062 3217 3405 3291 relinquere,
3432 3233 3504 3275 ne
3534 3232 3743 3276 nomen
3771 3217 4018 3292 quidem

2300 3307 2664 3379 agnoscitur;
2696 3307 2791 3363 hic
2818 3311 3009 3365 autem
3046 3321 3163 3363 non
3200 3306 3387 3364 solum
3414 3305 3474 3363 in
3513 3305 3780 3375 Patrum,
3816 3305 3916 3364 sed
3949 3307 4015 3364 in

2303 3396 2760 3469 patriarcharum
2808 3395 3063 3469 catalogo
3108 3410 3241 3453 cum
3294 3394 3477 3467 gloria
3515 3401 3873 3454 numeratur.
3906 3393 4021 3453 Ille

2304 3485 2651 3558 posteritatis
2699 3486 2930 3554 famam,
2957 3483 3054 3541 cui
3103 3484 3371 3557 providit,
3400 3483 3627 3554 amisit;
3670 3483 3776 3541 iste
3822 3490 4020 3556 pater-

2305 3589 2449 3632 num
2507 3589 2758 3642 nomen,
2816 3572 2969 3647 quod
3023 3588 3124 3646 pro
3176 3588 3351 3630 sacra
3411 3573 3549 3644 legis
3614 3572 4023 3631 observatione

2304 3663 2549 3735 sprevit,
2611 3663 2843 3735 accepit.
2905 3661 3009 3718 Ille
3061 3661 3317 3719 nescitur
3372 3677 3582 3735 parens
3632 3676 3755 3720 esse
3805 3661 4018 3720 saltem

2303 3749 2696 3826 quorumlibet
2764 3749 3109 3817 hominum;
3184 3748 3292 3807 iste
3348 3750 3788 3823 prapotentium
3841 3751 4025 3807 frater

2307 3842 2492 3899 factus
2542 3846 2627 3895 est
2674 3853 2895 3911 regum.
2941 3837 3067 3905 Ille,
3098 3838 3239 3895 dum
3285 3839 3627 3909 posteritatis
3671 3839 4019 3898 memoriam

2304 3930 2676 4003 concupiscit,
2721 3930 2792 3986 de
2843 3927 3121 3985 memoria
3174 3928 3426 3996 corruit;
3482 3928 3607 3997 iste,
3659 3929 3759 4004 qui
3806 3944 4024 4002 propa-

2304 4019 2493 4095 gando
2540 4018 2649 4076 sub
2697 4032 2802 4075 suo
2849 4016 3085 4074 nomine
3132 4015 3332 4089 generi
3387 4032 3501 4074 non
3562 4016 3872 4086 consuluit,
3914 4032 4027 4091 per

2306 4109 2598 4168 Davidica
2628 4108 2821 4181 stirpis
2858 4108 3151 4165 traducem
3186 4106 3362 4165 totius
3394 4107 3601 4166 mundi
3646 4106 3847 4177 genuit
3887 4105 4022 4165 Sal-

2306 4205 2581 4256 vatorem.
2637 4197 2889 4267 Desine,
2943 4197 3162 4265 frater,
3215 4197 3426 4271 desine,
3472 4198 3754 4254 cervicem
3828 4196 4024 4255 cordis

2305 4294 2637 4361 arroganter
2670 4285 2928 4344 attollere
2958 4293 3127 4359 teque
3160 4292 3275 4342 tam
3311 4286 3609 4343 evidenter
3635 4286 3695 4343 in
3728 4285 4025 4359 superbia

2306 4378 2578 4436 cornibus
2630 4376 2903 4434 exaltare.
2959 4374 3027 4432 In
3083 4376 3251 4449 cujus
3300 4374 3456 4432 enim
3519 4374 3689 4432 corde
3764 4374 4022 4433 radicem

2307 4467 2572 4540 superbia
2602 4464 2814 4535 fixerit,
2848 4463 2977 4520 licet
3005 4463 3354 4536 quihusdam
3384 4464 3744 4537 superducta
3773 4462 4026 4522 humili-

2307 4556 2438 4613 tatis
2480 4552 2792 4627 aliquando
2839 4552 3138 4609 bracteolis
3179 4552 3488 4618 coleretur,
3521 4567 3892 4625 nequaquam
3928 4560 4025 4611 ta-

520 4637 819 4710 suscepisli
851 4661 863 4694 :
894 4653 961 4695 ac
999 4638 1366 4710 poslmodum
1401 4644 1671 4711 tanquam
1707 4653 1861 4711 inger
1900 4647 1955 4696 et
1994 4640 2224 4711 laligui-
2310 4662 2463 4714 men,
2492 4661 2566 4701 ne
2593 4642 2682 4699 vel
2716 4642 2967 4699 tenuiter
3003 4640 3198 4698 efﬂuat
3219 4656 3284 4698 ac
3319 4641 3561 4700 latenter
3588 4650 3873 4715 erumpat,
3900 4658 4025 4699 un-

520 4728 649 4797 dus,
705 4728 994 4801 tantisque
1042 4734 1094 4783 te
1146 4725 1442 4784 laboribus
1482 4728 1765 4800 imparem
1811 4744 2089 4797 asserens,
2124 4744 2224 4786 su-
2308 4734 2481 4805 dique
2557 4729 2873 4788 cohibetur.
2948 4727 3235 4785 Memento
3265 4774 3279 4797 ,
3350 4730 3564 4797 frater,
3626 4730 3773 4803 quia
3806 4774 3821 4801 ,
3873 4730 4025 4790 dum

521 4816 875 4889 perimpositi
924 4815 1117 4873 oneris
1166 4814 1451 4872 sarcinam
1501 4815 1780 4887 abjecisti.
1823 4816 1990 4873 Nunc
2030 4826 2225 4875 autem
2308 4822 2371 4878 in
2411 4818 2661 4893 capitulo
2697 4833 2881 4891 nuper
2922 4817 3197 4876 fratribus
3239 4816 3585 4885 consideres,
3619 4819 3682 4875 in
3718 4819 3867 4876 hanc
3914 4833 4033 4878 vo-

519 4905 661 4963 alibi
714 4910 894 4962 rector
943 4904 1197 4972 effectus,
1256 4901 1551 4959 evidenter
1597 4902 1870 4972 ostendis,
1926 4907 2061 4978 quia
2116 4908 2228 4964 sub

520 4996 711 5053 aliena
760 5009 1007 5051 censura
1063 5002 1257 5050 tenere
1305 4992 1561 5063 regimen
1621 4992 1978 5063 dedignaris;
2034 5011 2105 5051 ne
2149 4996 2231 5053 vi-

522 5084 727 5141 delicet
756 5082 867 5140 sub
903 5080 1095 5138 alieno
1128 5080 1363 5137 nomine
1393 5078 1648 5136 sobolem
1689 5094 1965 5151 procrees,
1996 5089 2049 5137 et
2087 5082 2229 5142 dum

520 5170 769 5245 propria
816 5170 1054 5227 familia
1098 5184 1307 5226 nomen
1349 5167 1661 5225 extendere
1700 5170 1918 5240 niteris,
1959 5170 2229 5229 defuncto

527 5261 688 5321 fratri
740 5275 935 5318 semen
994 5260 1272 5316 suscitare
1325 5257 1645 5313 contemnis
1701 5280 1713 5313 :
1773 5258 1956 5315 Onam
2014 5260 2229 5317 scilicet

522 5352 689 5411 Juda
732 5350 925 5409 tilium
964 5349 1244 5416 imitatus,
1274 5352 1373 5419 qui
1406 5348 1576 5417 juxta
1618 5362 1794 5403 sacra
1828 5346 2098 5404 Historia
2138 5364 2228 5405 se-

524 5442 693 5512 riem,
720 5440 998 5498 introiens
1032 5437 1102 5494 ad
1146 5450 1389 5494 uxorem
1419 5436 1612 5492 fratris
1641 5437 1752 5499 sui,
1789 5451 1982 5494 semen
2018 5438 2228 5495 funde-

528 5532 623 5589 bat
651 5531 712 5590 in
752 5537 985 5603 terram,
1032 5543 1104 5587 ne
1140 5525 1309 5585 liberi
1349 5524 1541 5583 fratris
1576 5526 1812 5585 nomine
1858 5535 2230 5588 nascerentur

2310 4925 2434 4967 cem
2465 4909 2622 4966 velut
2650 4904 2977 4976 consulens,
3005 4903 3246 4977 erupisti
3282 4926 3294 4960 :
3329 4903 3524 4972 Estne,
3558 4911 3736 4978 pater,
3766 4905 4030 4965 retribu-

2312 5001 2409 5067 tio,
2436 4998 2483 5054 si
2536 4996 2870 5055 solatiamur
2925 4995 3271 5053 monasterio
3320 4993 3753 5054 construendo?
3800 4995 3872 5054 Et
3912 4997 4033 5057 hoc

2314 5103 2429 5146 non
2463 5095 2526 5145 ut
2550 5086 2719 5159 scirpi
2748 5086 2990 5151 nodum,
3022 5100 3136 5158 quo
3177 5085 3323 5143 liber
3368 5095 3510 5155 erat,
3540 5085 3887 5157 absolveres,
3921 5091 4033 5149 sed

2313 5183 2377 5234 ut
2428 5176 2583 5231 viam
2643 5173 2834 5231 verbis
2884 5173 3261 5245 sequentibus
3316 5174 3583 5244 aperires.
3639 5174 3783 5244 Quis
3863 5179 4033 5238 enim

2314 5262 2420 5319 hoc
2447 5262 2680 5330 nesciat,
2714 5259 2825 5316 nisi
2849 5258 2951 5331 qui
2978 5257 3201 5331 pietatis
3228 5259 3447 5316 cultum
3480 5274 3713 5331 prorsus
3740 5262 3979 5332 ignorat
4006 5262 4037 5322 ἱ)

2314 5350 2422 5408 Sed
2480 5357 2540 5407 ut
2600 5348 2855 5407 efflueret
2902 5345 3054 5421 quod
3103 5346 3371 5414 scatebat,
3415 5349 3676 5420 protinus
3722 5351 4033 5413 intulisti:

2315 5441 2511 5497 Frater
2547 5440 2708 5497 enim
2759 5453 2918 5496 meus
2962 5436 3022 5495 S.
3060 5436 3358 5494 Laurentii
3410 5440 3827 5498 monasterium
3882 5459 3919 5500 a
3974 5460 4041 5503 se

2313 5536 2709 5589 constructum
2761 5542 2968 5601 nuper,
3005 5531 3068 5583 ut
3105 5525 3489 5599 dedicaretur,
3527 5528 3733 5601 effecit,
3782 5536 3838 5587 et
3883 5531 4040 5594 duo-
