4170 6462
219 314 331 373 389

1476 311 1703 374 LIBER
1742 311 2054 386 SEXTUS,
2096 316 2337 379 EPIST.
2377 318 2477 379 IX.

3622 325 3729 386 390

217 438 413 497 decim
437 436 523 495 ibi
544 436 717 511 pallia
751 438 1066 497 munificus
1099 438 1329 497 obtulit.
1358 436 1509 509 Quid
1538 439 1697 497 enim
1726 440 1798 498 ad
1827 438 2193 512 nosAquam
2250 458 2409 501 mera
2471 443 2559 503 vel
2610 445 3064 504 incontaminata
3110 448 3363 520 procedit
3412 448 3730 511 humilitas.

217 527 276 585 in
325 534 442 585 tam
482 526 725 586 terribili
764 527 884 585 loco
928 528 1017 586 vel
1063 528 1204 602 quid
1258 533 1395 587 tuus
1440 529 1714 589 obtulerit
1762 532 1938 589 frater

210 623 443 693 audire,
506 622 595 680 vel
649 622 842 696 ipsum
893 623 1197 683 oblationis
1256 624 1547 683 calculum
1605 631 1937 698 supputare,

218 719 337 778 nisi
367 727 595 778 tantum
632 726 696 778 ut
730 726 791 778 tu
820 734 1135 793 generosus
1164 726 1340 793 atque
1377 718 1646 778 sublimis
1674 720 1735 776 in
1768 719 1942 775 fratre

215 817 275 868 et
328 810 505 868 frater
563 816 702 868 tuus
753 808 1049 867 videretur
1097 807 1409 881 opulentus
1460 825 1525 867 ac
1578 807 1831 865 liberalis
1880 807 1942 865 in

224 912 477 956 munere
507 895 534 955 ?

302 986 580 1060 Ejusdem
618 1000 848 1061 quoque
886 989 1135 1043 moneta
1170 983 1287 1043 fuit
1322 988 1378 1042 et
1418 983 1562 1043 illud
1590 984 1744 1059 quod
1771 985 1943 1058 paulo

225 1084 359 1150 post
413 1076 701 1135 fabricans
752 1076 1074 1135 addidisti:
1136 1076 1313 1133 frater
1362 1090 1528 1133 meus
1587 1076 1718 1133 talis
1777 1075 1943 1134 Vassi

224 1167 463 1226 unicam
510 1166 691 1247 tiliam
729 1167 961 1225 sibimet
998 1166 1061 1223 in
1102 1165 1472 1224 matrimonio
1502 1166 1827 1239 copulavit;
1858 1175 1943 1225 at-

220 1270 341 1330 que
369 1255 528 1314 illico
557 1255 864 1315 subdidisti
895 1281 907 1313 :
942 1255 1197 1325 unicam,
1230 1255 1491 1328 inquam,
1525 1255 1698 1313 aliam
1727 1257 1943 1330 quippe

222 1342 449 1402 Vassus
492 1343 594 1402 ille
653 1344 910 1404 sobolem
965 1359 1084 1402 non
1143 1343 1390 1403 habebat
1446 1352 1531 1414 ut,
1588 1345 1703 1403 nisi
1758 1345 1944 1418 pudor

218 1444 324 1490 ora
361 1431 727 1492 suﬂ‘underet
765 1433 1237 1508 deprehendique
1299 1433 1547 1505 timeres,
1591 1451 1944 1511 consequen-

223 1527 310 1576 ter
341 1519 644 1594 adjiceres,
675 1521 724 1580 si
759 1522 1030 1596 spiritum
1060 1537 1175 1596 quo
1202 1537 1369 1581 mens
1401 1523 1673 1598 surgebat
1699 1524 1940 1595 eﬂlares,

220 1624 415 1682 neque
449 1609 607 1667 enim
636 1609 737 1668 ille
767 1610 943 1669 dotali
987 1610 1098 1668 sibi
1139 1625 1267 1668 eam
1290 1610 1422 1684 jure
1448 1612 1858 1687 coniungeret,
1893 1613 1943 1671 si

219 1698 285 1757 in
358 1702 722 1759 successione
771 1710 1078 1775 parentum
1133 1702 1464 1760 coharedes
1512 1704 1767 1763 haberet.
1820 1703 1944 1762 Hoc

2027 528 2097 586 Et
2133 530 2280 590 sicut
2319 532 2509 591 radice
2549 532 2708 604 lasa,
2741 535 2913 593 totius
2941 535 3163 593 arboris
3196 537 3342 595 rami
3376 551 3737 612 consequen-

2028 628 2111 679 ter
2140 628 2427 693 arescunt,
2459 623 2542 680 sic
2569 640 2642 680 ex
2668 629 2858 681 mente
2886 624 3153 697 superba,
3186 624 3235 683 si
3262 626 3403 698 quid
3432 626 3573 685 boni
3597 644 3735 701 Ope-

2026 708 2106 765 ris
2129 708 2203 766 ad
2226 714 2454 783 tempus
2497 712 2778 769 virescere
2805 713 3082 782 cernitur,
3121 713 3282 773 velut
3320 716 3567 774 humore
3595 732 3733 775 con-

2026 800 2195 858 vallis
2233 802 2536 875 exhausto,
2570 803 2632 861 in
2664 804 2940 877 praerupti
2977 805 3105 863 saxi
3149 805 3414 864 ariditate
3464 807 3730 866 siccatur.

2032 910 2058 933 α
2087 885 2328 944 Reversi
2354 892 2492 945 sunt
2517 895 2730 960 autem,
2765 898 2829 948 ut
2866 890 3055 949 Lucas
3083 892 3437 966 evangelista
3471 901 3731 967 testatur,

2028 976 2389 1047 septuaginta
2408 975 2525 1034 duo
2550 992 2685 1034 cum
2712 978 2924 1050 gaudio
2944 978 3198 1037 dicentes
3225 1005 3236 1036 :
3264 980 3532 1055 Domine,
3556 983 3731 1042 etiam

2027 1058 2313 1117 damonia
2337 1059 2727 1132 subjiciuntur
2753 1061 2918 1120 nobis
2946 1063 3007 1121 in
3030 1064 3269 1122 nomine
3291 1071 3388 1123 tuo
3420 1068 3566 1138 (Luc.
3600 1068 3681 1141 Χ).
3705 1089 3732 1121 η

2028 1148 2177 1218 Quid
2202 1149 2273 1207 ad
2303 1150 2428 1207 hac
2460 1150 2578 1220 ille,
2611 1152 2713 1224 qui
2751 1151 2938 1209 cordis
2967 1153 3208 1210 attendit
3234 1170 3460 1225 arcana,
3494 1173 3735 1231 respon-

2027 1238 2164 1295 dit?
2219 1260 2239 1290 α
2285 1237 2585 1309 Videbam,
2645 1240 2857 1314 inquit,
2907 1241 3179 1299 Satanam
3219 1242 3364 1301 sicut
3418 1245 3618 1320 fulgur
3663 1247 3735 1305 de

2026 1330 2170 1387 calo
2199 1330 2496 1388 cadentem
2531 1332 2730 1403 (Ibid).
2768 1356 2788 1379 κ
2826 1335 2909 1390 Ac
2932 1332 2980 1390 si
3012 1333 3161 1391 dicat
3195 1357 3207 1390 :
3241 1333 3463 1409 Videte,
3489 1352 3561 1394 ne
3590 1336 3735 1395 dum

2028 1420 2307 1494 nequitia
2334 1419 2570 1495 spiritus
2600 1421 2806 1479 vestris
2842 1421 3171 1480 subduntur
3200 1423 3478 1497 imperiis,
3511 1435 3735 1486 mentes

2027 1517 2234 1568 vestra
2255 1511 2396 1583 jugo
2428 1518 2765 1582 premantur
2792 1510 3078 1569 elationis.
3113 1510 3259 1580 Quia
3287 1512 3335 1570 si
3369 1512 3606 1572 Satanas
3635 1530 3733 1589 per

2027 1597 2355 1670 superbiam
2389 1597 2602 1655 calum
2644 1596 2895 1671 perdidit
2935 1599 3089 1672 quod
3138 1599 3382 1670 tenebat,
3414 1600 3587 1659 homo
3631 1617 3733 1661 su-

2025 1686 2293 1759 perbiens
2324 1702 2689 1761 nequaquam
2716 1687 2866 1745 valet
2896 1686 3164 1745 invenire
3192 1687 3347 1762 quod
3377 1699 3587 1763 sperat.

223 1804 394 1863 porro
424 1790 618 1849 verbis
655 1806 776 1849 non
814 1792 1170 1865 expressisti,
1214 1791 1313 1851 sed
1350 1800 1621 1851 accurate
1657 1794 1845 1859 nobis,
1879 1789 2009 1851 utB
2099 1776 2262 1834 certe
2299 1792 2433 1834 cum
2481 1775 2624 1835 Joab
2673 1782 2871 1834 contra
2922 1775 3182 1834 Ριθῧοδῐὺ
3232 1792 3425 1850 regem
3480 1780 3733 1840 ΑῐΠιΠοΗ

221 1882 817 1956 subintelligeremus,
873 1884 1243 1956 perspicuum
1290 1883 1600 1957 reliquisti.
1643 1882 1936 1959 Quidquid

2027 1865 2260 1924 robuste
2288 1866 2623 1940 conﬂigeret
2668 1865 2988 1940 urbemque
3019 1867 3236 1939 regiam
3263 1867 3562 1928 obsidione
3605 1872 3730 1930 val-

221 1979 417 2031 ειιιιεω
459 1972 633 2031 homo
692 1988 794 2046 per
843 1972 962 2031 οι-ίε,
1009 1955 1297 2045 brganum
1353 1955 1595 2045 primat,
1658 1955 1938 2031 scrutator
2022 1955 2187 2046 laret,
2214 1955 2457 2046 nuntios
2483 1956 2555 2014 ad
2593 1956 2780 2015 David
2805 1955 3054 2046 ordinat,
3084 1973 3354 2046 eumque,
3395 1967 3459 2017 ut
3488 1964 3731 2022 veniens

222 2074 435 2118 renum
487 2059 645 2118 Deus
694 2042 873 2128 ζΡθαι,
925 2065 1051 2131 vn),
1083 2042 1324 2119 ’ωρηιίε
1353 2042 1674 2120 “ἀυηιειχθι
1729 2079 1939 2123 arcana
2026 2042 2323 2131 victoriam
2354 2044 2415 2101 in
2446 2059 2620 2131 suum
2653 2044 2955 2131 transferat
2984 2059 3217 2115 nomen,
3258 2044 3467 2104 invitat
3509 2071 3521 2105 :
3556 2071 3582 2099 α
3622 2047 3729 2106 Di-

218 2148 567 2221 considerat,
600 2158 656 2209 et
698 2150 942 2210 auribus
974 2150 1189 2210 occulti
1216 2151 1433 2224 judicis
1477 2168 1593 2210 non
1630 2159 1745 2211 tam
1791 2160 1935 2213 stre-
2024 2130 2256 2229 mimi,
2304 2130 2517 2205 inquit.
2556 2130 2869 2229 adversere
2916 2130 3198 2202 Raboath.
3236 2140 3292 2190 et
3331 2134 3607 2229 capienda
3646 2141 3733 2193 est

220 2237 380 2311 pitus
422 2219 579 2297 vocis
612 2255 790 2314 quam
836 2239 1055 2299 clamor
1103 2219 1336 2299 insonat
1377 2239 1586 2299 cordis.
1633 2239 1784 2300 Hinc
1830 2250 1934 2315 est,
2025 2219 2164 2319 iubs
2217 2220 2551 2319 Aqlffil‘uln;
2574 2219 2743 2319 Nilne
2767 2219 2952 2319 igitur
2985 2235 3267 2319 congrega
3299 2220 3586 2295 reliquam
3610 2240 3733 2297 par-

221 2308 382 2402 quod
457 2342 559 2400 per
613 2308 955 2403 Drophetam
1011 2328 1224 2388 dicitur
1277 2352 1289 2387 :
1356 2352 1376 2381 α
1410 2328 1706 2388 Desideria
1751 2308 1938 2390 cordis
2027 2315 2139 2368 tem
2170 2308 2391 2383 POPUH,
2418 2314 2477 2403 ef
2500 2308 2698 2403 Obside
2731 2308 3023 2403 eivilaten}
3061 2315 3117 2403 et
3150 2325 3287 2384 cape
3314 2326 3462 2403 eam,
3494 2327 3567 2370 ne
3596 2328 3729 2403 cum

222 2397 434 2474 eorum
457 2397 785 2476 exaudivit
833 2417 994 2475 auris
1032 2423 1128 2474 tua
1171 2418 1398 2486 (Habac.
1442 2424 1528 2487 X).
1571 2444 1592 2468 υ
1633 2419 1787 2476 Hinc
1831 2426 1936 2490 est,
2024 2412 2057 2454 ³
2085 2413 2178 2490 m9
2208 2404 2424 2462 “sum
2450 2397 2628 2456 fuerit
2656 2397 3074 2490 UPWgPominl
3127 2413 3255 2457 meo
3290 2399 3610 2490 εἴδεΐίδίῆῐιιν
3641 2401 3729 2459 Vir

222 2503 379 2578 quod
431 2504 503 2561 de
558 2503 805 2578 superbo
841 2503 1369 2563 Nabuchodonosor
1407 2485 1538 2579 rege
1584 2506 1786 2565 Daniel
1815 2485 1936 2566 aiti
2023 2486 2200 2545 θίοΓῘθ
2227 2490 2305 2559 (Π
2346 2492 2478 2557 Βεθ-
2513 2492 2642 2579 1F")-
2674 2514 2715 2579 ³’ί
2743 2485 3011 2579 Militaris
3054 2488 3229 2579 homo
3260 2488 3334 2546 ad
3363 2488 3571 2579 ῙΪεἨθΠΞ
3612 2490 3740 2564 810-

226 2576 258 2642 ,ξ
281 2576 778 2669 Βθεροηάθηέριιε
821 2609 925 2653 rex
957 2596 1039 2653 ait
1080 2615 1092 2653 ;
1148 2594 1351 2653 Nonne
1380 2576 1508 2653 me};
1557 2603 1642 2654 est
1677 2595 1934 2671 Babylon
2024 2578 2128 2636 ria
2160 2579 2372 2671 famam
2397 2578 2609 2671 gaudet
2631 2576 3306 2671 su_i_lal-gorisntransferre
3333 2577 3661 2671 victoriam,
3678 2586 3734 2638 et

223 2663 456 2757 magna,
486 2699 662 2759 quam
679 2663 801 2755 ego
846 2684 1130 2744 aediﬁcavi
1164 2683 1228 2741 in
1252 2684 1424 2742 domo
1450 2686 1612 2757 regni
1647 2686 1709 2743 in
1737 2663 1941 2744 robore
2002 2681 2227 2759 servus
2254 2665 2357 2759 ΠῩῙ
2395 2666 2458 2723 in
2496 2665 2764 2759 Γξθὲθοάββ
2810 2663 3600 2759 ίΐᾷῖτίὺρξνρηθρθριοτξ,899
3630 2667 3731 2726 (18·-

226 2749 586 2832 ςοιιζηηάίῇίε
605 2749 773 2845 mea};
802 2780 856 2831 et
876 2774 934 2831 in
958 2773 1142 2847 gloria
1172 2774 1398 2833 decoris
1418 2749 1574 2832 mei}
1600 2802 1617 2823 ,
1641 2778 1804 2843 (Βαη,
1826 2779 1935 2843 Ν.)
2002 2750 2293 2851 dignatur
2315 2752 2649 2851 impendere
2671 2749 3049 2851 clientelam?
3069 2750 3325 2851 Herodes
3346 2758 3402 2809 et
3426 2750 3732 2851 Philippus

225 2860 354 2931 Cui,
400 2876 558 2933 rogo,
594 2839 865 2920 ventosus
908 2839 991 2919 etv
1014 2877 1291 2935 arrogans
1332 2862 1439 2920 iste
1489 2839 1784 2934 respondit
1838 2839 1939 2936 per
2022 2843 2196 2936 Ψδθε
2234 2842 2465 2936 Bromio
2490 2841 2706 2936 EFOP?
2734 2845 3108 2936 ορηείωείεεν
3148 2839 3554 2936 θάλλοηονθφν
3591 2840 3737 2898 alter

226 2925 399 3008 verba
454 2925 690 3023 prolata
745 2949 1048 3023 superbia,
1106 2925 1223 3008 nisi
1282 2951 1522 3008 tumida
1582 2925 1936 3024 cogitationi,
2022 2930 2293 3024 Augusti,
2314 2930 2464 3024 alter
2490 2929 2733 3024 Tiberii,
2761 2927 3049 3024 Qasareas
3081 2925 3445 3024 appellarunt
3469 2929 3730 3024 (.IOSEPH.

224 3052 361 3112 qua
392 3018 527 3095 ante
545 3038 666 3111 jam
707 3018 1132 3097 vociferabatur
1162 3037 1224 3096 in
1258 3046 1453 3096 mente
1483 3018 1683 3096 ?'Nam
1711 3045 1768 3096 et
1804 3018 1937 3112 per;
2022 3021 2123 3079 lib-
2156 3034 2196 3091 Ι»
2224 3036 2275 3078 C-
2306 3021 2389 3118 19»
2425 3024 2502 3118 ρο
2532 3020 2845 3118 διξὶῑοηεῖαάορ
2870 3025 2925 3076 θῐ
2954 3018 3057 3076 lib-
3090 3030 3341 3118 XiVllltc-
3376 3019 3427 3090 3,
3459 3022 3684 3118 ᾼηιίςι.)
3717 3041 3731 3118 ξ

224 3107 462 3186 ditionis
494 3107 593 3185 ille
621 3127 875 3202 spiritus,
910 3129 1017 3201 qui
1042 3128 1265 3186 dixisse
1288 3127 1534 3202 legitur:
1572 3153 1598 3177 ιι
1624 3127 1691 3186 In
1721 3107 1935 3189 coelum

2027 3119 2078 3167 et
2105 3125 2230 3181 nos,
2256 3108 2362 3183 qui
2396 3108 2534 3167 vita
2581 3108 2761 3183 hujus
2799 3121 3069 3181 pompam
3101 3107 3437 3179 abjecimus,
3473 3108 3591 3167 imo
3632 3109 3735 3183 qui

223 3217 626 3288 conscendam,
650 3198 830 3292 super
854 3198 1006 3276 astra
1031 3217 1163 3276 coeli
1192 3198 1459 3277 exaltabo
1484 3219 1696 3277 solium
1718 3235 1934 3292 meum,
1960 3198 2003 3214 ν
2026 3200 2244 3259 mundo
2289 3215 2395 3259 n03
2439 3215 2567 3259 mor
2572 3204 2697 3258 “103
2744 3199 2866 3257 fore
2905 3198 3255 3292 Ιαΐέὶνίωυδι
3296 3199 3435 3292 valli
3477 3198 3734 3292 nominis

226 3308 439 3368 sedebo
472 3303 617 3361 194
655 3306 720 3366 in
753 3313 951 3365 monte
980 3309 1331 3378 testamenti,
1362 3308 1425 3365 in
1458 3308 1734 3367 lateribus
1766 3308 1937 3382 aqui-

227 3398 400 3469 lonis,
423 3394 729 3455 ascendam
753 3410 927 3469 super
954 3395 1325 3454 altitudinem
1351 3395 1622 3465 nubium,
1647 3403 1703 3453 et
1729 3395 1940 3455 similis

225 3502 326 3545 ero
351 3484 653 3543 Altissimo
678 3484 801 3557 (Isa.
827 3488 974 3556 XIV),
1007 3507 1026 3534 -
1060 3500 1426 3560 nequaquam
1454 3485 1580 3542 hac
1608 3484 1778 3543 labiis
1804 3500 1932 3558 pro-

228 3578 384 3649 tulit,
415 3575 700 3634 nimirum
727 3575 828 3648 qui
867 3590 1039 3634 carne
1068 3591 1185 3634 non
1219 3575 1450 3649 tegitur,
1484 3574 1582 3632 sed
1619 3574 1681 3632 in
1723 3576 1936 3648 cogita-

231 3670 450 3728 tionem
478 3666 815 3741 sacrilegam
852 3674 1134 3742 tyrannus
1163 3666 1369 3740 erupit.
1406 3664 1468 3725 Si
1497 3681 1632 3739 ergo
1672 3664 1942 3724 sublimis

227 3755 330 3815 ille
358 3756 608 3830 angelus
641 3755 852 3814 idcirco
878 3753 1414 3829 irrecuperabiliter
1441 3753 1633 3827 periit,
1660 3768 1777 3812 non
1803 3752 1941 3827 quia

228 3852 427 3905 contra
466 3845 861 3904 universitatis
901 3855 1195 3903 auctorem
1228 3841 1467 3917 protulit
1504 3841 1781 3918 qualibet
1807 3858 1941 3916 pra-

229 3953 324 4005 va,
359 3934 450 3993 vel
476 3937 631 4007 fecit,
672 3935 771 3994 sed
817 3942 1037 4003 tantum
1084 3935 1221 4010 quia
1249 3950 1351 4009 per
1380 3933 1700 4008 nequitiam
1726 3934 1940 4006 cogita-

231 4020 406 4080 tionis
443 4020 744 4092 intumuit,
786 4021 927 4094 quid
971 4019 1138 4078 nobis
1191 4020 1421 4095 prodest
1469 4020 1531 4077 in
1581 4018 1940 4090 vestimento,

230 4113 325 4172 vel
375 4112 555 4172 verbo
606 4128 714 4172 nos
761 4113 922 4172 velut
958 4112 1213 4171 humiles
1254 4111 1444 4185 dejici,
1493 4111 1656 4171 intus
1706 4126 1838 4168 vero
1871 4110 1944 4169 de

228 4219 578 4277 proavorum
608 4204 818 4276 titulis,
860 4205 951 4264 vel
991 4204 1139 4263 fastu
1172 4203 1472 4278 sapientia
1501 4201 1817 4276 singularis
1839 4217 1941 4259 su-

228 4308 329 4367 per
376 4300 619 4351 cateros
669 4301 1001 4368 arroganter
1036 4291 1298 4352 extolli?
1335 4292 1590 4351 Nitimur
1642 4290 1945 4350 humiliter

228 4385 413 4460 loqui,
444 4385 700 4445 humiles
726 4384 931 4443 videri.
955 4384 1257 4443 Evellatur
1285 4400 1359 4442 ex
1379 4384 1550 4443 corde
1570 4381 1736 4441 radix
1761 4382 1944 4440 inﬁxa

230 4476 541 4551 superbia,
582 4482 639 4534 et
696 4492 836 4535 mox
893 4476 1064 4535 etiam
1114 4476 1164 4534 si
1217 4484 1410 4534 nostra
1455 4474 1601 4532 desit
1638 4473 1940 4542 industria,

230 4565 527 4624 videbitur
558 4566 860 4624 humilitas
893 4565 956 4623 in
989 4579 1277 4623 sermone.
1320 4562 1431 4623 Sed
1462 4563 1563 4622 ubi
1592 4562 1788 4637 liquor
1811 4578 1941 4619 ace-

2020 3292 2293 3366 gloriolas
2343 3292 2836 3366 concupiscimus,
2887 3297 2941 3350 et
2984 3290 3055 3348 de
3110 3291 3457 3350 ramusculis
3508 3291 3734 3351 frivola

2020 3380 2210 3440 laudis
2270 3380 2564 3439 inﬂamur.
2636 3380 2806 3449 Cave,
2880 3379 3073 3447 frater,
3130 3395 3200 3435 ne
3273 3393 3407 3453 qua
3460 3377 3732 3451 dicimus,

2023 3486 2187 3528 mens
2254 3475 2352 3527 tua
2431 3473 2687 3542 graviter
2781 3470 2937 3539 ferat,
3011 3484 3085 3526 ne
3163 3469 3274 3527 sub
3357 3460 3734 3542 correptionis

2026 3556 2168 3613 195
2212 3556 2418 3616 malleo
2463 3556 2787 3630 pulvefacta
2828 3555 3110 3628 dissiliat;
3159 3564 3214 3615 et
3259 3557 3368 3615 hoc
3415 3572 3538 3615 esse
3579 3555 3736 3629 quod

2022 3648 2484 3722 reprehenditur,
2555 3663 2658 3721 per
2733 3648 2841 3704 hoc
2889 3646 3062 3705 etiam
3116 3647 3330 3707 clarius
3390 3649 3732 3706 innotescat.

2022 3737 2355 3796 Humanam
2394 3736 2609 3811 quippe
2646 3742 2901 3794 mentem
2939 3735 3209 3810 superbia
3246 3736 3489 3793 vitream
3523 3734 3733 3809 reddit,

2023 3834 2087 3884 ut
2138 3825 2513 3899 correptionis
2566 3825 2745 3884 ictum
2797 3841 2897 3897 per
2940 3824 3359 3897 impatientiam
3412 3824 3562 3881 ferre
3614 3837 3735 3880 non

2022 3919 2219 3991 possit.
2254 3918 2482 3976 Vitrum
2524 3932 2732 3989 nempe
2763 3915 2996 3986 dicitur,
3037 3914 3174 3988 quia
3214 3914 3343 3973 visu
3380 3920 3730 3987 penetratur,

2022 4016 2197 4082 atque
2232 4007 2362 4065 ideo
2407 4005 2457 4063 si
2507 4006 2683 4063 robur
2735 4003 2969 4062 haberet
3019 4002 3341 4073 soliditatis,
3378 4002 3600 4061 cateris
3632 4016 3737 4074 po-

2028 4106 2214 4159 tuerat
2250 4097 2507 4157 eminere
2555 4095 2833 4165 metallis;
2876 4096 2977 4153 sed
3021 4096 3160 4168 quia
3204 4095 3378 4153 citius
3420 4091 3732 4166 rumpitur,

2026 4188 2130 4247 vili
2169 4189 2356 4262 pretio
2401 4192 2652 4245 taxatur.
2686 4185 2771 4243 Ita
2799 4185 2901 4260 qui
2934 4186 3006 4242 ad
3038 4183 3415 4257 correptionis
3446 4182 3598 4242 ictus
3641 4197 3742 4256 per

2024 4276 2449 4352 impatientiam
2501 4272 2805 4347 frangitur,
2850 4273 3023 4331 etiam
3070 4272 3120 4331 si
3163 4270 3384 4330 cateris
3427 4268 3742 4329 virtutibus

2027 4369 2254 4442 polleat,
2312 4363 2661 4423 soliditatem
2708 4361 2927 4420 virium
2974 4376 3033 4419 se
3076 4376 3195 4420 non
3239 4360 3451 4419 habere
3497 4361 3742 4418 demon-

2029 4463 2186 4513 strat.
2239 4453 2390 4511 Hinc
2430 4460 2534 4523 est,
2569 4449 2725 4524 quod
2775 4449 2845 4507 de
2901 4448 3145 4522 superba
3197 4449 3508 4508 Israelitica
3553 4445 3742 4521 plebe,

2030 4550 2084 4601 et
2113 4541 2490 4615 impatientia
2527 4541 2724 4599 morbo
2768 4537 3085 4607 laborante,
3111 4552 3214 4612 per
3254 4537 3589 4610 prophetam
3619 4533 3740 4590 Do-

231 4655 338 4713 scit
365 4655 429 4713 in
483 4661 697 4728 vegeta,
727 4669 909 4712 suave
948 4655 1154 4713 vinum
1204 4654 1264 4711 in
1303 4653 1510 4728 poculo
1551 4623 1752 4711 nullus
1794 4650 1943 4709 valet

2033 4633 2228 4689 minus
2271 4630 2409 4687 dicit
2448 4653 2460 4687 :
2500 4652 2524 4678 α
2556 4627 2734 4686 Versa
2764 4634 2849 4685 est
2890 4625 3035 4684 mihi
3072 4625 3280 4683 domus
3312 4623 3489 4683 Israel
3517 4623 3580 4681 in
3616 4634 3747 4678 sco-

233 4710 501 4800 signa...
530 4710 697 4809 δηίέ
719 4710 989 4798 tam
1012 4710 1257 4798 arma
1301 4710 1566 4798 autem
1611 4738 1889 4813 ροιιίηεω
1918 4736 1947 4796 φ
2032 4719 2176 4815 riam
2205 4721 2423 4815 (ξιεοιι.
2452 4725 2683 4815 xu»...
2722 4715 2925 4815 sesima
2959 4714 3144 4815 plane,
3172 4712 3391 4811 metam
3429 4710 3747 4815 cui-psum

231 4829 375 4899 Quis
422 4829 494 4887 de
533 4799 679 4887 vena
728 4828 865 4886 ferri
892 4828 1115 4902 argenti
1157 4828 1395 4887 fabricet
1430 4799 1750 4886 claritatem
1777 4836 1799 4885 ?
1823 4828 1943 4885 lino

2031 4812 2079 4870 si
2131 4809 2340 4869 malleo
2395 4806 2670 4866 tundente
2721 4804 2942 4874 feritur,
3000 4803 3265 4877 protinus
3318 4802 3379 4859 in
3438 4799 3743 4875 pulverem

188 4953 208 4969 .
234 4927 301 4979 ut
324 4918 397 4977 ad
423 4918 824 4993 evangelicum
845 4933 1211 4976 recurramus
1238 4918 1598 4991 exemplum,
1629 4940 1656 4967 α
1678 4917 1943 4990 nunquid

2032 4900 2275 4960 contrita
2306 4897 2604 4971 redigitur.
2636 4895 2799 4954 Mens
2838 4893 3014 4968 igitur
3048 4901 3145 4951 tua
3182 4906 3256 4948 ne
3299 4905 3360 4948 se
3387 4905 3580 4948 coram
3623 4889 3741 4948 Do-

235 4980 607 5083 colliguntde
622 5008 807 5082 spinis
827 5023 990 5078 uvas,
1005 5014 1105 5066 aut
1124 5007 1194 5065 de
1214 4980 1446 5065 tribulis
1463 4980 1646 5065 ficus?
1669 5028 1690 5057 ι
1722 4980 1943 5076 (Matth.

2032 4993 2193 5049 mino
2237 4991 2299 5048 in
2341 4989 2584 5046 scioram
2630 4991 2829 5054 vertat,
2861 4982 3066 5040 amica
3112 4980 3537 5053 redargutionis
3592 4980 3742 5037 ictus

238 5101 364 5171 vn.)
428 5120 454 5148 α
488 5090 617 5155 Non
674 5097 854 5171 enim,
908 5105 973 5156 ut
1026 5096 1146 5154 illic
1209 5097 1492 5170 sequitur,
1546 5104 1727 5169 potest
1782 5097 1951 5154 arbor

237 5188 389 5247 mala
442 5188 664 5246 fructus
710 5188 891 5246 bonos
933 5188 1118 5245 facere
1165 5186 1377 5255 (Ibid.).
1403 5185 1641 5249 »Arbo_r
1680 5200 1816 5251 sane
1847 5199 1951 5242 vo-

238 5278 433 5337 luntas
485 5274 862 5349 intelligenda
915 5280 1018 5343 est,
1066 5290 1179 5332 non
1232 5288 1492 5347 persona.
1546 5272 1693 5331 Nam
1752 5273 1951 5331 eadem

236 5383 482 5441 persona
514 5366 773 5424 hominis
801 5372 859 5424 et
885 5366 1037 5424 bona
1074 5363 1301 5438 operari
1331 5364 1484 5421 valet
1509 5374 1564 5422 et
1603 5363 1774 5435 mala,
1805 5365 1953 5423 sicut

238 5473 310 5516 ex
340 5457 541 5516 eadem
574 5463 723 5515 terra
751 5464 810 5515 et
839 5457 984 5515 ﬁcus
1012 5456 1303 5528 profertur
1340 5460 1396 5510 et
1426 5453 1614 5526 spina.
1657 5453 1766 5512 Sed
1805 5453 1955 5511 sicut

238 5546 392 5604 mala
430 5546 604 5604 arbor
646 5559 951 5619 nunquam
1004 5542 1155 5601 bona
1204 5540 1491 5616 germinat
1535 5556 1728 5615 poma,
1769 5541 1849 5599 ita
1882 5539 1954 5598 de

238 5633 493 5707 superba
529 5631 843 5702 voluntate,
883 5645 1015 5704 qua
1055 5629 1255 5704 procul
1287 5626 1466 5686 dubio
1496 5626 1647 5685 mala
1672 5633 1776 5700 est,
1807 5640 1958 5687 nun-

2033 5077 2438 5154 aequanimiter
2493 5075 2652 5132 ferat.
2716 5072 2785 5130 Ut
2839 5077 3033 5129 autem
3086 5068 3388 5141 epistolam
3438 5067 3742 5126 sententia

2032 5166 2488 5246 promulgatione
2520 5160 2884 5228 concludam,
2927 5165 3026 5215 aut
3063 5157 3135 5216 ad
3173 5158 3231 5215 id
3260 5157 3417 5232 quod
3447 5157 3737 5230 sprevisti,

2037 5269 2087 5319 te
2128 5259 2381 5334 regimen
2418 5254 2631 5327 redige,
2663 5258 2760 5310 aut
2799 5249 3028 5324 propria
3066 5251 3251 5307 salute
3282 5256 3604 5319 contentus,
3632 5247 3742 5306 sub

2037 5351 2225 5424 priore
2258 5345 2576 5406 monachus
2606 5341 2757 5411 vive,
2789 5348 3078 5414 quatenus
3132 5345 3232 5397 aut
3272 5338 3410 5396 casti
3452 5338 3741 5411 prioratus

2037 5441 2196 5501 labor
2244 5439 2500 5514 legitima
2554 5443 2607 5494 te
2662 5434 3054 5510 spiritualium
3094 5431 3350 5490 filiorum
3403 5429 3745 5490 educatione

2040 5532 2326 5602 fecuudet,
2356 5536 2459 5587 aut
2492 5543 2647 5586 vera
2678 5524 3023 5584 humilitatis
3055 5520 3296 5596 abjectio
3335 5534 3528 5578 coram
3567 5519 3735 5579 obtu-

2041 5622 2195 5681 tibus
2226 5616 2519 5680 humiliati
2543 5631 2645 5691 pro
2672 5621 2724 5673 te
2756 5611 3155 5685 Redemptoris
3182 5607 3418 5670 exaltet.
