  <div class='ocr_page' id='page_1' title='image "/cluster/home/n/w/nwhite01/storage/ocr_20150623/144/umn.31951002477437p/221.png"; bbox 0 0 4170 6448; ppageno 0'>
   <div class='ocr_carea' id='block_1_1' title="bbox 432 294 530 354">
    <p class='ocr_par' dir='ltr' id='par_1_1' title="bbox 432 294 530 354">
     <span class='ocr_line' id='line_1_1' title="bbox 432 294 530 354; baseline -0.02 0"><span class='ocrx_word' id='word_1_1' title='bbox 432 294 530 354; x_wconf 78' lang='lat'>391</span> 
     </span>
    </p>
   </div>
   <div class='ocr_carea' id='block_1_2' title="bbox 1052 430 1526 491">
    <p class='ocr_par' dir='ltr' id='par_1_2' title="bbox 1052 430 1526 491">
     <span class='ocr_line' id='line_1_2' title="bbox 1052 430 1526 491; baseline -0.011 0"><span class='ocrx_word' id='word_1_2' title='bbox 1052 430 1414 491; x_wconf 80' lang='lat' dir='ltr'>EPISTULA</span> <span class='ocrx_word' id='word_1_3' title='bbox 1456 430 1526 487; x_wconf 87' lang='grc' dir='ltr'>Χ.</span> 
     </span>
    </p>
   </div>
   <div class='ocr_carea' id='block_1_3' title="bbox 433 527 2140 596">
    <p class='ocr_par' dir='ltr' id='par_1_3' title="bbox 433 527 2140 596">
     <span class='ocr_line' id='line_1_3' title="bbox 433 527 2140 596; baseline -0.011 -7"><span class='ocrx_word' id='word_1_4' title='bbox 433 543 511 589; x_wconf 82' lang='grc' dir='ltr'>ΑΙ)</span> <span class='ocrx_word' id='word_1_5' title='bbox 558 537 902 596; x_wconf 75' lang='lat' dir='ltr'>GEBIZONEM,</span> <span class='ocrx_word' id='word_1_6' title='bbox 952 533 1367 592; x_wconf 74' lang='lat' dir='ltr'>THEOBALDUM,</span> <span class='ocrx_word' id='word_1_7' title='bbox 1420 533 1489 577; x_wconf 82' lang='lat' dir='ltr'><strong>ET</strong></span> <span class='ocrx_word' id='word_1_8' title='bbox 1537 529 1808 578; x_wconf 79' lang='lat' dir='ltr'>JOANNEM</span> <span class='ocrx_word' id='word_1_9' title='bbox 1864 527 2140 574; x_wconf 75' lang='lat' dir='ltr'>ABBATES.</span> 
     </span>
    </p>
   </div>
   <div class='ocr_carea' id='block_1_4' title="bbox 432 619 2145 697">
    <p class='ocr_par' dir='ltr' id='par_1_4' title="bbox 432 619 2145 697">
     <span class='ocr_line' id='line_1_4' title="bbox 432 619 2145 697; baseline -0.011 -3"><span class='ocrx_word' id='word_1_10' title='bbox 432 636 877 693; x_wconf 78' lang='lat' dir='ltr'>ABGUMENTUM.</span> <span class='ocrx_word' id='word_1_11' title='bbox 910 661 976 672; x_wconf 90' lang='lat'>—-</span> <span class='ocrx_word' id='word_1_12' title='bbox 1012 626 1267 686; x_wconf 88' lang='lat' dir='ltr'>Humilis</span> <span class='ocrx_word' id='word_1_13' title='bbox 1299 626 1568 697; x_wconf 81' lang='lat' dir='ltr'>magister</span> <span class='ocrx_word' id='word_1_14' title='bbox 1606 621 1859 697; x_wconf 77' lang='lat' dir='ltr'>injungit</span> <span class='ocrx_word' id='word_1_15' title='bbox 1896 621 2018 679; x_wconf 89' lang='lat' dir='ltr'>suis</span> <span class='ocrx_word' id='word_1_16' title='bbox 2053 619 2145 676; x_wconf 88' lang='lat' dir='ltr'>di-</span> 
     </span>
    </p>
   </div>
   <div class='ocr_carea' id='block_1_5' title="bbox 507 692 2143 777">
    <p class='ocr_par' dir='ltr' id='par_1_5' title="bbox 507 692 2143 777">
     <span class='ocr_line' id='line_1_5' title="bbox 507 692 2143 777; baseline -0.009 -14"><span class='ocrx_word' id='word_1_17' title='bbox 507 692 765 777; x_wconf 73' lang='lat' dir='ltr'>scipulis,</span> <span class='ocrx_word' id='word_1_18' title='bbox 796 708 868 777; x_wconf 91' lang='lat' dir='ltr'>u_t_</span> <span class='ocrx_word' id='word_1_19' title='bbox 893 716 1026 773; x_wconf 85' lang='lat' dir='ltr'>qua</span> <span class='ocrx_word' id='word_1_20' title='bbox 1055 699 1200 777; x_wconf 81' lang='lat' dir='ltr'>falso</span> <span class='ocrx_word' id='word_1_21' title='bbox 1229 698 1300 755; x_wconf 88' lang='lat' dir='ltr'>de</span> <span class='ocrx_word' id='word_1_22' title='bbox 1330 692 2143 777; x_wconf 24' lang='lat' dir='ltr'>SiQJoatinis&#39;Baptistacon-</span> 
     </span>
    </p>
   </div>
   <div class='ocr_carea' id='block_1_6' title="bbox 504 764 2146 850">
    <p class='ocr_par' dir='ltr' id='par_1_6' title="bbox 504 764 2146 850">
     <span class='ocr_line' id='line_1_6' title="bbox 504 764 2146 850; baseline -0.009 -15"><span class='ocrx_word' id='word_1_23' title='bbox 504 764 656 850; x_wconf 75' lang='lat' dir='ltr'>septi</span> <span class='ocrx_word' id='word_1_24' title='bbox 682 764 775 831; x_wconf 83' lang='lat' dir='ltr'>die</span> <span class='ocrx_word' id='word_1_25' title='bbox 813 764 1061 840; x_wconf 78' lang='lat' dir='ltr'>dixerat,</span> <span class='ocrx_word' id='word_1_26' title='bbox 1092 772 1216 850; x_wconf 84' lang='lat' dir='ltr'>sive</span> <span class='ocrx_word' id='word_1_27' title='bbox 1234 784 1378 850; x_wconf 85' lang='lat' dir='ltr'>qua</span> <span class='ocrx_word' id='word_1_28' title='bbox 1409 767 1471 825; x_wconf 89' lang='lat' dir='ltr'>in</span> <span class='ocrx_word' id='word_1_29' title='bbox 1498 767 1630 825; x_wconf 87' lang='lat' dir='ltr'>aliis</span> <span class='ocrx_word' id='word_1_30' title='bbox 1657 764 1951 838; x_wconf 82' lang='lat' dir='ltr'>opusculis</span> <span class='ocrx_word' id='word_1_31' title='bbox 1977 764 2146 821; x_wconf 90' lang='lat' dir='ltr'>inve-</span> 
     </span>
    </p>
   </div>
   <div class='ocr_carea' id='block_1_7' title="bbox 507 843 1267 916">
    <p class='ocr_par' dir='ltr' id='par_1_7' title="bbox 507 843 1267 916">
     <span class='ocr_line' id='line_1_7' title="bbox 507 843 1267 916; baseline -0.012 -10"><span class='ocrx_word' id='word_1_32' title='bbox 507 843 702 906; x_wconf 66' lang='lat' dir='ltr'>ne&#39;rint</span> <span class='ocrx_word' id='word_1_33' title='bbox 725 852 931 916; x_wconf 88' lang='lat' dir='ltr'>errata,</span> <span class='ocrx_word' id='word_1_34' title='bbox 960 843 1267 915; x_wconf 86' lang='lat' dir='ltr'>corrigant.</span> 
     </span>
    </p>
   </div>
   <div class='ocr_carea' id='block_1_8' title="bbox 511 956 2149 1030">
    <p class='ocr_par' dir='ltr' id='par_1_8' title="bbox 511 956 2149 1030">
     <span class='ocr_line' id='line_1_8' title="bbox 511 956 2149 1030; baseline -0.01 0"><span class='ocrx_word' id='word_1_35' title='bbox 511 968 735 1030; x_wconf 84' lang='lat' dir='ltr'>Sanctis</span> <span class='ocrx_word' id='word_1_36' title='bbox 771 966 1075 1026; x_wconf 84' lang='lat' dir='ltr'>abbatibus</span> <span class='ocrx_word' id='word_1_37' title='bbox 1115 964 1391 1024; x_wconf 85' lang='lat' dir='ltr'>GEBIZONI</span> <span class='ocrx_word' id='word_1_38' title='bbox 1421 967 1477 1019; x_wconf 91' lang='lat' dir='ltr'>et</span> <span class='ocrx_word' id='word_1_39' title='bbox 1511 962 1888 1029; x_wconf 83' lang='lat' dir='ltr'>THEOBALDO,</span> <span class='ocrx_word' id='word_1_40' title='bbox 1929 956 2149 1016; x_wconf 78' lang='lat' dir='ltr'>JOANNI</span> 
     </span>
    </p>
   </div>
   <div class='ocr_carea' id='block_1_9' title="bbox 436 1047 2145 1136">
    <p class='ocr_par' dir='ltr' id='par_1_9' title="bbox 436 1047 2145 1136">
     <span class='ocr_line' id='line_1_9' title="bbox 436 1047 2145 1136; baseline -0.009 -16"><span class='ocrx_word' id='word_1_41' title='bbox 436 1076 668 1136; x_wconf 90' lang='lat' dir='ltr'>quoque</span> <span class='ocrx_word' id='word_1_42' title='bbox 711 1056 1021 1127; x_wconf 88' lang='lat' dir='ltr'>Laudensi,</span> <span class='ocrx_word' id='word_1_43' title='bbox 1073 1056 1192 1114; x_wconf 91' lang='lat' dir='ltr'>imo</span> <span class='ocrx_word' id='word_1_44' title='bbox 1240 1054 1517 1113; x_wconf 86' lang='lat' dir='ltr'>laudabili</span> <span class='ocrx_word' id='word_1_45' title='bbox 1568 1053 1626 1111; x_wconf 92' lang='lat' dir='ltr'>in</span> <span class='ocrx_word' id='word_1_46' title='bbox 1683 1051 1909 1111; x_wconf 86' lang='lat' dir='ltr'>Christo</span> <span class='ocrx_word' id='word_1_47' title='bbox 1962 1047 2145 1121; x_wconf 86' lang='lat' dir='ltr'><strong>fratri,</strong></span> 
     </span>
    </p>
   </div>
   <div class='ocr_carea' id='block_1_10' title="bbox 440 1142 1678 1221">
    <p class='ocr_par' dir='ltr' id='par_1_10' title="bbox 440 1142 1678 1221">
     <span class='ocr_line' id='line_1_10' title="bbox 440 1142 1678 1221; baseline -0.009 -13"><span class='ocrx_word' id='word_1_48' title='bbox 440 1150 669 1208; x_wconf 80' lang='lat' dir='ltr'>PETRUS</span> <span class='ocrx_word' id='word_1_49' title='bbox 693 1153 951 1221; x_wconf 77' lang='lat' dir='ltr'>peccator</span> <span class='ocrx_word' id='word_1_50' title='bbox 981 1144 1300 1203; x_wconf 85' lang='lat' dir='ltr'>monachus</span> <span class='ocrx_word' id='word_1_51' title='bbox 1321 1142 1678 1201; x_wconf 83' lang='lat' dir='ltr'>servitutem.</span> 
     </span>
    </p>
   </div>
   <div class='ocr_carea' id='block_1_11' title="bbox 509 1229 2146 1304">
    <p class='ocr_par' dir='ltr' id='par_1_11' title="bbox 509 1229 2146 1304">
     <span class='ocr_line' id='line_1_11' title="bbox 509 1229 2146 1304; baseline -0.009 -6"><span class='ocrx_word' id='word_1_52' title='bbox 509 1239 743 1300; x_wconf 85' lang='lat' dir='ltr'>Noverit</span> <span class='ocrx_word' id='word_1_53' title='bbox 793 1244 984 1297; x_wconf 89' lang='lat' dir='ltr'>sancta</span> <span class='ocrx_word' id='word_1_54' title='bbox 1023 1236 1272 1295; x_wconf 89' lang='lat' dir='ltr'>charitas</span> <span class='ocrx_word' id='word_1_55' title='bbox 1313 1240 1523 1304; x_wconf 88' lang='lat' dir='ltr'>vestra,</span> <span class='ocrx_word' id='word_1_56' title='bbox 1572 1229 1954 1299; x_wconf 87' lang='lat' dir='ltr'>dilectissimi,</span> <span class='ocrx_word' id='word_1_57' title='bbox 2001 1242 2146 1303; x_wconf 91' lang='lat' dir='ltr'>quo-</span> 
     </span>
    </p>
   </div>
   <div class='ocr_carea' id='block_1_12' title="bbox 442 1318 2151 1397">
    <p class='ocr_par' dir='ltr' id='par_1_12' title="bbox 442 1318 2151 1397">
     <span class='ocr_line' id='line_1_12' title="bbox 442 1318 2151 1397; baseline -0.008 -7"><span class='ocrx_word' id='word_1_58' title='bbox 442 1331 601 1390; x_wconf 87' lang='lat' dir='ltr'>niam</span> <span class='ocrx_word' id='word_1_59' title='bbox 654 1330 922 1389; x_wconf 79' lang='lat' dir='ltr'>hesterna</span> <span class='ocrx_word' id='word_1_60' title='bbox 981 1328 1095 1397; x_wconf 87' lang='lat' dir='ltr'>die,</span> <span class='ocrx_word' id='word_1_61' title='bbox 1148 1328 1290 1385; x_wconf 89' lang='lat' dir='ltr'>dum</span> <span class='ocrx_word' id='word_1_62' title='bbox 1334 1324 1655 1387; x_wconf 90' lang='lat' dir='ltr'>meridiano</span> <span class='ocrx_word' id='word_1_63' title='bbox 1718 1336 1919 1396; x_wconf 91' lang='lat' dir='ltr'>sopore</span> <span class='ocrx_word' id='word_1_64' title='bbox 1966 1318 2151 1393; x_wconf 89' lang='lat' dir='ltr'>depri-</span> 
     </span>
    </p>
   </div>
   <div class='ocr_carea' id='block_1_13' title="bbox 438 1410 2144 1491">
    <p class='ocr_par' dir='ltr' id='par_1_13' title="bbox 438 1410 2144 1491">
     <span class='ocr_line' id='line_1_13' title="bbox 438 1410 2144 1491; baseline -0.008 -14"><span class='ocrx_word' id='word_1_65' title='bbox 438 1435 646 1491; x_wconf 90' lang='lat' dir='ltr'>merer,</span> <span class='ocrx_word' id='word_1_66' title='bbox 687 1417 990 1476; x_wconf 78' lang='lat' dir='ltr'>videbatur</span> <span class='ocrx_word' id='word_1_67' title='bbox 1027 1415 1173 1474; x_wconf 91' lang='lat' dir='ltr'>mihi</span> <span class='ocrx_word' id='word_1_68' title='bbox 1209 1412 1362 1487; x_wconf 89' lang='lat' dir='ltr'>quod</span> <span class='ocrx_word' id='word_1_69' title='bbox 1404 1412 1465 1471; x_wconf 89' lang='lat' dir='ltr'>in</span> <span class='ocrx_word' id='word_1_70' title='bbox 1509 1411 1740 1486; x_wconf 90' lang='lat' dir='ltr'>navigio</span> <span class='ocrx_word' id='word_1_71' title='bbox 1781 1410 2144 1477; x_wconf 91' lang='lat' dir='ltr'>constitutus,</span> 
     </span>
    </p>
   </div>
   <div class='ocr_carea' id='block_1_14' title="bbox 440 1496 2150 1583">
    <p class='ocr_par' dir='ltr' id='par_1_14' title="bbox 440 1496 2150 1583">
     <span class='ocr_line' id='line_1_14' title="bbox 440 1496 2150 1583; baseline -0.008 -16"><span class='ocrx_word' id='word_1_72' title='bbox 440 1514 663 1583; x_wconf 89' lang='lat' dir='ltr'>partem</span> <span class='ocrx_word' id='word_1_73' title='bbox 709 1506 867 1579; x_wconf 86' lang='lat' dir='ltr'>libri,</span> <span class='ocrx_word' id='word_1_74' title='bbox 926 1520 1101 1580; x_wconf 90' lang='lat' dir='ltr'>quem</span> <span class='ocrx_word' id='word_1_75' title='bbox 1154 1505 1278 1577; x_wconf 91' lang='lat' dir='ltr'>ipse</span> <span class='ocrx_word' id='word_1_76' title='bbox 1317 1503 1686 1570; x_wconf 90' lang='lat' dir='ltr'>dictaveram,</span> <span class='ocrx_word' id='word_1_77' title='bbox 1727 1516 1845 1574; x_wconf 89' lang='lat' dir='ltr'>pra</span> <span class='ocrx_word' id='word_1_78' title='bbox 1880 1496 2150 1557; x_wconf 88' lang='lat' dir='ltr'>manibus</span> 
     </span>
    </p>
   </div>
   <div class='ocr_carea' id='block_1_15' title="bbox 437 1587 2149 1670">
    <p class='ocr_par' dir='ltr' id='par_1_15' title="bbox 437 1587 2149 1670">
     <span class='ocr_line' id='line_1_15' title="bbox 437 1587 2149 1670; baseline -0.008 -11"><span class='ocrx_word' id='word_1_79' title='bbox 437 1601 731 1670; x_wconf 83' lang='lat' dir='ltr'>haberem,</span> <span class='ocrx_word' id='word_1_80' title='bbox 765 1595 1103 1670; x_wconf 86' lang='lat' dir='ltr'>eisdemque</span> <span class='ocrx_word' id='word_1_81' title='bbox 1130 1595 1358 1670; x_wconf 86' lang='lat' dir='ltr'>paginis</span> <span class='ocrx_word' id='word_1_82' title='bbox 1396 1610 1515 1653; x_wconf 89' lang='lat' dir='ltr'>non</span> <span class='ocrx_word' id='word_1_83' title='bbox 1544 1594 1742 1651; x_wconf 92' lang='lat' dir='ltr'>minus</span> <span class='ocrx_word' id='word_1_84' title='bbox 1780 1606 1959 1665; x_wconf 90' lang='lat' dir='ltr'>quam</span> <span class='ocrx_word' id='word_1_85' title='bbox 2003 1587 2149 1646; x_wconf 90' lang='lat' dir='ltr'>mihi</span> 
     </span>
    </p>
   </div>
   <div class='ocr_carea' id='block_1_16' title="bbox 438 1677 2149 1765">
    <p class='ocr_par' dir='ltr' id='par_1_16' title="bbox 438 1677 2149 1765">
     <span class='ocr_line' id='line_1_16' title="bbox 438 1677 2149 1765; baseline -0.008 -16"><span class='ocrx_word' id='word_1_86' title='bbox 438 1689 709 1765; x_wconf 91' lang='lat' dir='ltr'>procella</span> <span class='ocrx_word' id='word_1_87' title='bbox 737 1687 982 1746; x_wconf 88' lang='lat' dir='ltr'>furentis</span> <span class='ocrx_word' id='word_1_88' title='bbox 1019 1686 1302 1759; x_wconf 90' lang='lat' dir='ltr'>impetum</span> <span class='ocrx_word' id='word_1_89' title='bbox 1332 1683 1723 1744; x_wconf 85' lang='lat' dir='ltr'>formidarem.</span> <span class='ocrx_word' id='word_1_90' title='bbox 1758 1681 2022 1756; x_wconf 85' lang='lat' dir='ltr'>Cumque</span> <span class='ocrx_word' id='word_1_91' title='bbox 2057 1677 2149 1736; x_wconf 90' lang='lat' dir='ltr'>ni-</span> 
     </span>
    </p>
   </div>
   <div class='ocr_carea' id='block_1_17' title="bbox 440 1762 2219 1845">
    <p class='ocr_par' dir='ltr' id='par_1_17' title="bbox 440 1762 2219 1845">
     <span class='ocr_line' id='line_1_17' title="bbox 440 1762 2219 1845; baseline -0.007 -10"><span class='ocrx_word' id='word_1_92' title='bbox 440 1762 554 1835; x_wconf 79' lang='lat' dir='ltr'>mis</span> <span class='ocrx_word' id='word_1_93' title='bbox 578 1773 1354 1845; x_wconf 89' lang='lat' dir='ltr'>attonitusimminentisque</span> <span class='ocrx_word' id='word_1_94' title='bbox 1380 1770 1733 1830; x_wconf 87' lang='lat' dir='ltr'>discriminis</span> <span class='ocrx_word' id='word_1_95' title='bbox 1761 1770 1994 1827; x_wconf 90' lang='lat' dir='ltr'>horrore</span> <span class='ocrx_word' id='word_1_96' title='bbox 2018 1781 2151 1824; x_wconf 89' lang='lat' dir='ltr'>con-</span> <span class='ocrx_word' id='word_1_97' title='bbox 2170 1762 2219 1822; x_wconf 85' lang='lat' dir='ltr'>B</span> 
     </span>
    </p>
   </div>
   <div class='ocr_carea' id='block_1_18' title="bbox 438 1857 2151 1935">
    <p class='ocr_par' dir='ltr' id='par_1_18' title="bbox 438 1857 2151 1935">
     <span class='ocr_line' id='line_1_18' title="bbox 438 1857 2151 1935; baseline -0.006 -12"><span class='ocrx_word' id='word_1_98' title='bbox 438 1864 689 1935; x_wconf 84' lang='lat' dir='ltr'>strictus,</span> <span class='ocrx_word' id='word_1_99' title='bbox 720 1862 1017 1922; x_wconf 89' lang='lat' dir='ltr'>concussis</span> <span class='ocrx_word' id='word_1_100' title='bbox 1044 1877 1256 1935; x_wconf 86' lang='lat' dir='ltr'>pavore</span> <span class='ocrx_word' id='word_1_101' title='bbox 1287 1860 1633 1929; x_wconf 88' lang='lat' dir='ltr'>visceribus,</span> <span class='ocrx_word' id='word_1_102' title='bbox 1662 1857 1906 1916; x_wconf 89' lang='lat' dir='ltr'>minacis</span> <span class='ocrx_word' id='word_1_103' title='bbox 1942 1857 2151 1914; x_wconf 81' lang='lat' dir='ltr'>fluctus</span> 
     </span>
    </p>
   </div>
   <div class='ocr_carea' id='block_1_19' title="bbox 437 1949 2152 2028">
    <p class='ocr_par' dir='ltr' id='par_1_19' title="bbox 437 1949 2152 2028">
     <span class='ocr_line' id='line_1_19' title="bbox 437 1949 2152 2028; baseline -0.004 -16"><span class='ocrx_word' id='word_1_104' title='bbox 437 1954 809 2025; x_wconf 75' lang='lat' dir='ltr'>naufragium</span> <span class='ocrx_word' id='word_1_105' title='bbox 820 1952 1649 2028; x_wconf 86' lang='lat' dir='ltr'>pertimescerem,repentinus</span> <span class='ocrx_word' id='word_1_106' title='bbox 1665 1949 1958 2008; x_wconf 89' lang='lat' dir='ltr'>undarum</span> <span class='ocrx_word' id='word_1_107' title='bbox 1976 1954 2152 2006; x_wconf 89' lang='lat' dir='ltr'>astus</span> 
     </span>
    </p>
   </div>
   <div class='ocr_carea' id='block_1_20' title="bbox 442 2039 2153 2115">
    <p class='ocr_par' dir='ltr' id='par_1_20' title="bbox 442 2039 2153 2115">
     <span class='ocr_line' id='line_1_20' title="bbox 442 2039 2153 2115; baseline -0.003 -16"><span class='ocrx_word' id='word_1_108' title='bbox 442 2043 815 2101; x_wconf 75' lang='lat' dir='ltr'>ven-menter</span> <span class='ocrx_word' id='word_1_109' title='bbox 854 2041 1152 2115; x_wconf 85' lang='lat' dir='ltr'>intumuit,</span> <span class='ocrx_word' id='word_1_110' title='bbox 1202 2056 1391 2114; x_wconf 90' lang='lat' dir='ltr'>neque</span> <span class='ocrx_word' id='word_1_111' title='bbox 1453 2039 1671 2098; x_wconf 90' lang='lat' dir='ltr'>librum</span> <span class='ocrx_word' id='word_1_112' title='bbox 1719 2054 1896 2099; x_wconf 90' lang='lat' dir='ltr'>manu</span> <span class='ocrx_word' id='word_1_113' title='bbox 1950 2044 2153 2096; x_wconf 86' lang='lat' dir='ltr'>tenen-</span> 
     </span>
    </p>
   </div>
   <div class='ocr_carea' id='block_1_21' title="bbox 443 2126 2153 2206">
    <p class='ocr_par' dir='ltr' id='par_1_21' title="bbox 443 2126 2153 2206">
     <span class='ocr_line' id='line_1_21' title="bbox 443 2126 2153 2206; baseline -0.003 -17"><span class='ocrx_word' id='word_1_114' title='bbox 443 2138 554 2191; x_wconf 88' lang='lat' dir='ltr'>tem</span> <span class='ocrx_word' id='word_1_115' title='bbox 588 2147 724 2190; x_wconf 71' lang='lat' dir='ltr'>cum</span> <span class='ocrx_word' id='word_1_116' title='bbox 753 2132 896 2206; x_wconf 90' lang='lat' dir='ltr'>ipsa,</span> <span class='ocrx_word' id='word_1_117' title='bbox 929 2131 1026 2190; x_wconf 88' lang='lat' dir='ltr'>cui</span> <span class='ocrx_word' id='word_1_118' title='bbox 1066 2137 1206 2189; x_wconf 91' lang='lat' dir='ltr'>tunc</span> <span class='ocrx_word' id='word_1_119' title='bbox 1243 2131 1490 2202; x_wconf 90' lang='lat' dir='ltr'>ineram,</span> <span class='ocrx_word' id='word_1_120' title='bbox 1527 2135 1646 2188; x_wconf 89' lang='lat' dir='ltr'>rate</span> <span class='ocrx_word' id='word_1_121' title='bbox 1684 2128 1972 2187; x_wconf 87' lang='lat' dir='ltr'>demersit.</span> <span class='ocrx_word' id='word_1_122' title='bbox 2016 2126 2153 2185; x_wconf 84' lang='lat' dir='ltr'>Mox</span> 
     </span>
    </p>
   </div>
   <div class='ocr_carea' id='block_1_22' title="bbox 443 2208 2155 2295">
    <p class='ocr_par' dir='ltr' id='par_1_22' title="bbox 443 2208 2155 2295">
     <span class='ocr_line' id='line_1_22' title="bbox 443 2208 2155 2295; baseline -0.004 -16"><span class='ocrx_word' id='word_1_123' title='bbox 443 2226 816 2295; x_wconf 63' lang='lat' dir='ltr'>experrectus</span> <span class='ocrx_word' id='word_1_124' title='bbox 846 2220 1159 2292; x_wconf 88' lang='lat' dir='ltr'>recogitare</span> <span class='ocrx_word' id='word_1_125' title='bbox 1189 2220 1336 2293; x_wconf 81' lang='lat' dir='ltr'>capi</span> <span class='ocrx_word' id='word_1_126' title='bbox 1377 2227 1431 2276; x_wconf 92' lang='lat' dir='ltr'>et</span> <span class='ocrx_word' id='word_1_127' title='bbox 1461 2208 1698 2276; x_wconf 76' lang='lat' dir='ltr'>solerter</span> <span class='ocrx_word' id='word_1_128' title='bbox 1736 2217 1797 2274; x_wconf 92' lang='lat' dir='ltr'>in</span> <span class='ocrx_word' id='word_1_129' title='bbox 1840 2223 2030 2274; x_wconf 89' lang='lat' dir='ltr'>mente</span> <span class='ocrx_word' id='word_1_130' title='bbox 2063 2231 2155 2272; x_wconf 88' lang='lat' dir='ltr'>re-</span> 
     </span>
    </p>
   </div>
   <div class='ocr_carea' id='block_1_23' title="bbox 444 2302 2156 2383">
    <p class='ocr_par' dir='ltr' id='par_1_23' title="bbox 444 2302 2156 2383">
     <span class='ocr_line' id='line_1_23' title="bbox 444 2302 2156 2383; baseline -0.003 -17"><span class='ocrx_word' id='word_1_131' title='bbox 444 2309 679 2368; x_wconf 76' lang='lat' dir='ltr'>volvere</span> <span class='ocrx_word' id='word_1_132' title='bbox 704 2307 847 2383; x_wconf 92' lang='lat' dir='ltr'>quid</span> <span class='ocrx_word' id='word_1_133' title='bbox 881 2307 1139 2383; x_wconf 78' lang='lat' dir='ltr'>mysterii</span> <span class='ocrx_word' id='word_1_134' title='bbox 1166 2323 1256 2365; x_wconf 88' lang='lat' dir='ltr'>res</span> <span class='ocrx_word' id='word_1_135' title='bbox 1275 2307 1532 2377; x_wconf 88' lang='lat' dir='ltr'>haberet,</span> <span class='ocrx_word' id='word_1_136' title='bbox 1556 2305 1697 2379; x_wconf 92' lang='lat' dir='ltr'>quid</span> <span class='ocrx_word' id='word_1_137' title='bbox 1726 2304 1978 2378; x_wconf 90' lang='lat' dir='ltr'>denique</span> <span class='ocrx_word' id='word_1_138' title='bbox 2007 2302 2156 2363; x_wconf 89' lang='lat' dir='ltr'>visio</span> 
     </span>
    </p>
   </div>
   <div class='ocr_carea' id='block_1_24' title="bbox 445 2390 2158 2470">
    <p class='ocr_par' dir='ltr' id='par_1_24' title="bbox 445 2390 2158 2470">
     <span class='ocr_line' id='line_1_24' title="bbox 445 2390 2158 2470; baseline -0.004 -15"><span class='ocrx_word' id='word_1_139' title='bbox 445 2398 551 2455; x_wconf 89' lang='lat' dir='ltr'>ista</span> <span class='ocrx_word' id='word_1_140' title='bbox 608 2395 990 2470; x_wconf 86' lang='lat' dir='ltr'>portenderet.</span> <span class='ocrx_word' id='word_1_141' title='bbox 1048 2393 1234 2452; x_wconf 91' lang='lat' dir='ltr'>Hodie</span> <span class='ocrx_word' id='word_1_142' title='bbox 1286 2409 1422 2452; x_wconf 90' lang='lat' dir='ltr'>vero</span> <span class='ocrx_word' id='word_1_143' title='bbox 1470 2393 1658 2467; x_wconf 89' lang='lat' dir='ltr'>ipsum</span> <span class='ocrx_word' id='word_1_144' title='bbox 1715 2391 1860 2449; x_wconf 84' lang='lat' dir='ltr'>mihi</span> <span class='ocrx_word' id='word_1_145' title='bbox 1912 2390 2158 2449; x_wconf 88' lang='lat' dir='ltr'>sollicite</span> 
     </span>
    </p>
   </div>
   <div class='ocr_carea' id='block_1_25' title="bbox 447 2479 2157 2557">
    <p class='ocr_par' dir='ltr' id='par_1_25' title="bbox 447 2479 2157 2557">
     <span class='ocr_line' id='line_1_25' title="bbox 447 2479 2157 2557; baseline -0.004 -14"><span class='ocrx_word' id='word_1_146' title='bbox 447 2483 769 2556; x_wconf 77' lang='lat' dir='ltr'>meditanti,</span> <span class='ocrx_word' id='word_1_147' title='bbox 799 2482 1038 2557; x_wconf 88' lang='lat' dir='ltr'>epistola</span> <span class='ocrx_word' id='word_1_148' title='bbox 1084 2482 1185 2541; x_wconf 88' lang='lat' dir='ltr'>illa</span> <span class='ocrx_word' id='word_1_149' title='bbox 1221 2480 1353 2555; x_wconf 87' lang='lat'>(96),</span> <span class='ocrx_word' id='word_1_150' title='bbox 1394 2481 1457 2539; x_wconf 89' lang='lat' dir='ltr'>in</span> <span class='ocrx_word' id='word_1_151' title='bbox 1500 2496 1616 2555; x_wconf 90' lang='lat' dir='ltr'>qua</span> <span class='ocrx_word' id='word_1_152' title='bbox 1644 2480 1715 2539; x_wconf 90' lang='lat' dir='ltr'>de</span> <span class='ocrx_word' id='word_1_153' title='bbox 1762 2486 1886 2539; x_wconf 85' lang='lat' dir='ltr'>octo</span> <span class='ocrx_word' id='word_1_154' title='bbox 1924 2479 2157 2538; x_wconf 57' lang='lat' dir='ltr'>‘Veteris</span> 
     </span>
    </p>
   </div>
   <div class='ocr_carea' id='block_1_26' title="bbox 449 2568 2158 2643">
    <p class='ocr_par' dir='ltr' id='par_1_26' title="bbox 449 2568 2158 2643">
     <span class='ocr_line' id='line_1_26' title="bbox 449 2568 2158 2643; baseline -0.003 -12"><span class='ocrx_word' id='word_1_155' title='bbox 449 2570 799 2631; x_wconf 87' lang='lat' dir='ltr'>Testamenti</span> <span class='ocrx_word' id='word_1_156' title='bbox 848 2570 1262 2630; x_wconf 88' lang='lat' dir='ltr'>festivitatibus</span> <span class='ocrx_word' id='word_1_157' title='bbox 1307 2570 1459 2628; x_wconf 87' lang='lat' dir='ltr'>etde</span> <span class='ocrx_word' id='word_1_158' title='bbox 1494 2568 1559 2627; x_wconf 95' lang='lat' dir='ltr'>B.</span> <span class='ocrx_word' id='word_1_159' title='bbox 1590 2568 1840 2628; x_wconf 84' lang='lat' dir='ltr'>Joannis</span> <span class='ocrx_word' id='word_1_160' title='bbox 1887 2568 2158 2643; x_wconf 90' lang='lat' dir='ltr'>Baptista</span> 
     </span>
    </p>
   </div>
   <div class='ocr_carea' id='block_1_27' title="bbox 444 2660 2161 2737">
    <p class='ocr_par' dir='ltr' id='par_1_27' title="bbox 444 2660 2161 2737">
     <span class='ocr_line' id='line_1_27' title="bbox 444 2660 2161 2737; baseline -0.004 -15"><span class='ocrx_word' id='word_1_161' title='bbox 444 2662 811 2737; x_wconf 79' lang='lat' dir='ltr'>generatione</span> <span class='ocrx_word' id='word_1_162' title='bbox 830 2660 1128 2736; x_wconf 90' lang='lat' dir='ltr'>loquebar,</span> <span class='ocrx_word' id='word_1_163' title='bbox 1159 2660 1409 2719; x_wconf 87' lang='lat' dir='ltr'>occurrit</span> <span class='ocrx_word' id='word_1_164' title='bbox 1435 2683 1449 2731; x_wconf 90' lang='lat'>;</span> <span class='ocrx_word' id='word_1_165' title='bbox 1483 2665 1539 2717; x_wconf 91' lang='lat' dir='ltr'>et</span> <span class='ocrx_word' id='word_1_166' title='bbox 1566 2674 1704 2717; x_wconf 85' lang='lat' dir='ltr'>mox</span> <span class='ocrx_word' id='word_1_167' title='bbox 1744 2666 2017 2733; x_wconf 87' lang='lat' dir='ltr'>tanquam</span> <span class='ocrx_word' id='word_1_168' title='bbox 2047 2673 2161 2716; x_wconf 88' lang='lat' dir='ltr'>ma-</span> 
     </span>
    </p>
   </div>
   <div class='ocr_carea' id='block_1_28' title="bbox 446 2748 2160 2824">
    <p class='ocr_par' dir='ltr' id='par_1_28' title="bbox 446 2748 2160 2824">
     <span class='ocr_line' id='line_1_28' title="bbox 446 2748 2160 2824; baseline -0.004 -12"><span class='ocrx_word' id='word_1_169' title='bbox 446 2752 561 2812; x_wconf 91' lang='lat' dir='ltr'>rini</span> <span class='ocrx_word' id='word_1_170' title='bbox 582 2753 615 2810; x_wconf 86' lang='lat' dir='ltr'><strong>ﬂ</strong></span> <span class='ocrx_word' id='word_1_171' title='bbox 628 2760 792 2811; x_wconf 91' lang='lat' dir='ltr'>uctus</span> <span class='ocrx_word' id='word_1_172' title='bbox 809 2751 1132 2821; x_wconf 87' lang='lat' dir='ltr'>inundatio,</span> <span class='ocrx_word' id='word_1_173' title='bbox 1148 2765 1359 2824; x_wconf 85' lang='lat' dir='ltr'>vorago</span> <span class='ocrx_word' id='word_1_174' title='bbox 1380 2766 1471 2807; x_wconf 90' lang='lat' dir='ltr'>me</span> <span class='ocrx_word' id='word_1_175' title='bbox 1490 2748 1668 2808; x_wconf 90' lang='lat' dir='ltr'>subiti</span> <span class='ocrx_word' id='word_1_176' title='bbox 1690 2749 1955 2807; x_wconf 81' lang='lat' dir='ltr'>maroris</span> <span class='ocrx_word' id='word_1_177' title='bbox 1971 2748 2160 2807; x_wconf 89' lang='lat' dir='ltr'>absor-</span> 
     </span>
    </p>
   </div>
   <div class='ocr_carea' id='block_1_29' title="bbox 445 2839 2160 2914">
    <p class='ocr_par' dir='ltr' id='par_1_29' title="bbox 445 2839 2160 2914">
     <span class='ocr_line' id='line_1_29' title="bbox 445 2839 2160 2914; baseline -0.003 -12"><span class='ocrx_word' id='word_1_178' title='bbox 445 2844 588 2903; x_wconf 90' lang='lat' dir='ltr'>buit.</span> <span class='ocrx_word' id='word_1_179' title='bbox 621 2842 709 2901; x_wconf 91' lang='lat' dir='ltr'>lbi</span> <span class='ocrx_word' id='word_1_180' title='bbox 739 2859 831 2900; x_wconf 93' lang='lat' dir='ltr'>me</span> <span class='ocrx_word' id='word_1_181' title='bbox 850 2842 1153 2911; x_wconf 90' lang='lat' dir='ltr'>nimirum,</span> <span class='ocrx_word' id='word_1_182' title='bbox 1184 2843 1382 2913; x_wconf 89' lang='lat' dir='ltr'>fateor,</span> <span class='ocrx_word' id='word_1_183' title='bbox 1401 2856 1621 2899; x_wconf 88' lang='lat' dir='ltr'>errasse</span> <span class='ocrx_word' id='word_1_184' title='bbox 1642 2841 1913 2914; x_wconf 88' lang='lat' dir='ltr'>comperi,</span> <span class='ocrx_word' id='word_1_185' title='bbox 1935 2845 1990 2898; x_wconf 91' lang='lat' dir='ltr'>et</span> <span class='ocrx_word' id='word_1_186' title='bbox 2013 2839 2160 2897; x_wconf 88' lang='lat' dir='ltr'>insi-</span> 
     </span>
    </p>
   </div>
   <div class='ocr_carea' id='block_1_30' title="bbox 446 2927 2162 3008">
    <p class='ocr_par' dir='ltr' id='par_1_30' title="bbox 446 2927 2162 3008">
     <span class='ocr_line' id='line_1_30' title="bbox 446 2927 2162 3008; baseline -0.001 -19"><span class='ocrx_word' id='word_1_187' title='bbox 446 2932 671 3008; x_wconf 86' lang='lat' dir='ltr'>pientcr</span> <span class='ocrx_word' id='word_1_188' title='bbox 692 2931 954 2989; x_wconf 90' lang='lat' dir='ltr'>locutum</span> <span class='ocrx_word' id='word_1_189' title='bbox 976 2927 1117 2985; x_wconf 90' lang='lat'>196</span> <span class='ocrx_word' id='word_1_190' title='bbox 1129 2936 1301 3003; x_wconf 92' lang='lat' dir='ltr'>atque</span> <span class='ocrx_word' id='word_1_191' title='bbox 1319 2946 1352 2987; x_wconf 91' lang='lat' dir='ltr'>a</span> <span class='ocrx_word' id='word_1_192' title='bbox 1369 2945 1527 2988; x_wconf 90' lang='lat' dir='ltr'>sana</span> <span class='ocrx_word' id='word_1_193' title='bbox 1549 2928 1947 3003; x_wconf 88' lang='lat' dir='ltr'>intelligentia</span> <span class='ocrx_word' id='word_1_194' title='bbox 1966 2929 2162 3001; x_wconf 86' lang='lat' dir='ltr'>regula</span> 
     </span>
    </p>
   </div>
   <div class='ocr_carea' id='block_1_31' title="bbox 447 3018 2164 3095">
    <p class='ocr_par' dir='ltr' id='par_1_31' title="bbox 447 3018 2164 3095">
     <span class='ocr_line' id='line_1_31' title="bbox 447 3018 2164 3095; baseline -0.002 -15"><span class='ocrx_word' id='word_1_195' title='bbox 447 3019 767 3080; x_wconf 88' lang='lat' dir='ltr'>declinasse</span> <span class='ocrx_word' id='word_1_196' title='bbox 782 3019 1006 3094; x_wconf 92' lang='lat' dir='ltr'>liquido</span> <span class='ocrx_word' id='word_1_197' title='bbox 1027 3019 1397 3095; x_wconf 87' lang='lat' dir='ltr'>deprehendi.</span> <span class='ocrx_word' id='word_1_198' title='bbox 1424 3018 1695 3077; x_wconf 85' lang='lat' dir='ltr'>Dixeram</span> <span class='ocrx_word' id='word_1_199' title='bbox 1725 3019 1883 3077; x_wconf 92' lang='lat' dir='ltr'>enim</span> <span class='ocrx_word' id='word_1_200' title='bbox 1905 3018 1971 3077; x_wconf 94' lang='lat' dir='ltr'>B.</span> <span class='ocrx_word' id='word_1_201' title='bbox 1996 3018 2164 3078; x_wconf 90' lang='lat' dir='ltr'>Joan-</span> 
     </span>
    </p>
   </div>
   <div class='ocr_carea' id='block_1_32' title="bbox 953 230 2156 350">
    <p class='ocr_par' dir='ltr' id='par_1_32' title="bbox 953 276 2156 350">
     <span class='ocr_line' id='line_1_32' title="bbox 953 276 2156 350; baseline -0.011 0"><span class='ocrx_word' id='word_1_202' title='bbox 953 291 1012 349; x_wconf 90' lang='lat' dir='ltr'>S.</span> <span class='ocrx_word' id='word_1_203' title='bbox 1059 288 1279 350; x_wconf 80' lang='lat' dir='ltr'>PETRI</span> <span class='ocrx_word' id='word_1_204' title='bbox 1323 285 1642 347; x_wconf 86' lang='lat' dir='ltr'>DAMIANI</span> <span class='ocrx_word' id='word_1_205' title='bbox 1682 282 1841 344; x_wconf 87' lang='lat' dir='ltr'>OPP.</span> <span class='ocrx_word' id='word_1_206' title='bbox 1886 277 2078 340; x_wconf 81' lang='lat' dir='ltr'>PARS</span> <span class='ocrx_word' id='word_1_207' title='bbox 2118 276 2156 336; x_wconf 90' lang='lat' dir='ltr'>S</span> 
     </span>
    </p>
   </div>
   <div class='ocr_carea' id='block_1_33' title="bbox 2263 230 3416 350">
    <p class='ocr_par' dir='ltr' id='par_1_33' title="bbox 2299 266 3416 337">
     <span class='ocr_line' id='line_1_33' title="bbox 2299 266 3416 337; baseline -0.01 -1"><span class='ocrx_word' id='word_1_208' title='bbox 2299 272 2550 337; x_wconf 79' lang='lat' dir='ltr'><strong>TOMUS</strong></span> <span class='ocrx_word' id='word_1_209' title='bbox 2590 273 2635 333; x_wconf 85' lang='lat'>1.</span> <span class='ocrx_word' id='word_1_210' title='bbox 2683 303 2750 314; x_wconf 92' lang='lat'>--</span> <span class='ocrx_word' id='word_1_211' title='bbox 2792 269 3029 330; x_wconf 86' lang='lat' dir='ltr'>EPIST.</span> <span class='ocrx_word' id='word_1_212' title='bbox 3073 268 3215 328; x_wconf 94' lang='lat' dir='ltr'>LIB.</span> <span class='ocrx_word' id='word_1_213' title='bbox 3259 266 3416 327; x_wconf 78' lang='lat' dir='ltr'>VII].</span> 
     </span>
    </p>
   </div>
   <div class='ocr_carea' id='block_1_34' title="bbox 2158 392 3946 472">
    <p class='ocr_par' dir='ltr' id='par_1_34' title="bbox 2158 392 3946 472">
     <span class='ocr_line' id='line_1_34' title="bbox 2158 392 3946 472; baseline -0.009 -7"><span class='ocrx_word' id='word_1_214' title='bbox 2158 402 2467 465; x_wconf 87' lang='lat' dir='ltr'>Averbum</span> <span class='ocrx_word' id='word_1_215' title='bbox 2512 406 2689 472; x_wconf 83' lang='lat' dir='ltr'>(Deut.</span> <span class='ocrx_word' id='word_1_216' title='bbox 2749 405 2902 470; x_wconf 81' lang='lat' dir='ltr'>XIX),</span> <span class='ocrx_word' id='word_1_217' title='bbox 2960 398 3126 459; x_wconf 90' lang='lat' dir='ltr'>vobis</span> <span class='ocrx_word' id='word_1_218' title='bbox 3181 395 3388 466; x_wconf 88' lang='lat' dir='ltr'>tribus,</span> <span class='ocrx_word' id='word_1_219' title='bbox 3447 408 3597 468; x_wconf 91' lang='lat' dir='ltr'>quos</span> <span class='ocrx_word' id='word_1_220' title='bbox 3651 392 3946 467; x_wconf 88' lang='lat' dir='ltr'>spirituali</span> 
     </span>
    </p>
   </div>
   <div class='ocr_carea' id='block_1_35' title="bbox 3841 266 3944 323">
    <p class='ocr_par' dir='ltr' id='par_1_35' title="bbox 3841 266 3944 323">
     <span class='ocr_line' id='line_1_35' title="bbox 3841 266 3944 323; baseline 0 0"><span class='ocrx_word' id='word_1_221' title='bbox 3841 266 3944 323; x_wconf 77' lang='lat'>392</span> 
     </span>
    </p>
   </div>
   <div class='ocr_carea' id='block_1_36' title="bbox 2231 479 3945 567">
    <p class='ocr_par' dir='ltr' id='par_1_36' title="bbox 2231 479 3945 567">
     <span class='ocr_line' id='line_1_36' title="bbox 2231 479 3945 567; baseline -0.009 -16"><span class='ocrx_word' id='word_1_222' title='bbox 2231 493 2445 567; x_wconf 90' lang='lat' dir='ltr'>pollere</span> <span class='ocrx_word' id='word_1_223' title='bbox 2488 489 2794 564; x_wconf 86' lang='lat' dir='ltr'>prudentia</span> <span class='ocrx_word' id='word_1_224' title='bbox 2830 504 2946 548; x_wconf 89' lang='lat' dir='ltr'>non</span> <span class='ocrx_word' id='word_1_225' title='bbox 2981 487 3184 561; x_wconf 88' lang='lat' dir='ltr'>ignoro</span> <span class='ocrx_word' id='word_1_226' title='bbox 3216 485 3358 555; x_wconf 80' lang='lat' dir='ltr'>(Gal.</span> <span class='ocrx_word' id='word_1_227' title='bbox 3409 482 3506 554; x_wconf 88' lang='lat' dir='ltr'>v1),</span> <span class='ocrx_word' id='word_1_228' title='bbox 3547 482 3653 539; x_wconf 88' lang='lat' dir='ltr'>hoc</span> <span class='ocrx_word' id='word_1_229' title='bbox 3701 479 3945 539; x_wconf 90' lang='lat' dir='ltr'>medita-</span> 
     </span>
    </p>
   </div>
   <div class='ocr_carea' id='block_1_37' title="bbox 2233 569 3948 648">
    <p class='ocr_par' dir='ltr' id='par_1_37' title="bbox 2233 569 3948 648">
     <span class='ocr_line' id='line_1_37' title="bbox 2233 569 3948 648; baseline -0.008 -8"><span class='ocrx_word' id='word_1_230' title='bbox 2233 581 2405 641; x_wconf 90' lang='lat' dir='ltr'>tionis</span> <span class='ocrx_word' id='word_1_231' title='bbox 2431 579 2686 639; x_wconf 90' lang='lat' dir='ltr'>studium</span> <span class='ocrx_word' id='word_1_232' title='bbox 2714 594 2843 637; x_wconf 91' lang='lat' dir='ltr'>mea</span> <span class='ocrx_word' id='word_1_233' title='bbox 2875 592 3012 636; x_wconf 91' lang='lat' dir='ltr'>voce</span> <span class='ocrx_word' id='word_1_234' title='bbox 3048 574 3268 648; x_wconf 86' lang='lat' dir='ltr'>delego,</span> <span class='ocrx_word' id='word_1_235' title='bbox 3298 578 3362 630; x_wconf 91' lang='lat' dir='ltr'>ut</span> <span class='ocrx_word' id='word_1_236' title='bbox 3399 572 3447 630; x_wconf 92' lang='lat' dir='ltr'>si</span> <span class='ocrx_word' id='word_1_237' title='bbox 3486 570 3625 643; x_wconf 89' lang='lat' dir='ltr'>quid</span> <span class='ocrx_word' id='word_1_238' title='bbox 3657 569 3849 629; x_wconf 91' lang='lat' dir='ltr'>adhuc</span> <span class='ocrx_word' id='word_1_239' title='bbox 3884 569 3948 627; x_wconf 92' lang='lat' dir='ltr'>in</span> 
     </span>
    </p>
   </div>
   <div class='ocr_carea' id='block_1_38' title="bbox 2231 660 3948 744">
    <p class='ocr_par' dir='ltr' id='par_1_38' title="bbox 2231 660 3948 744">
     <span class='ocr_line' id='line_1_38' title="bbox 2231 660 3948 744; baseline -0.008 -14"><span class='ocrx_word' id='word_1_240' title='bbox 2231 672 2353 730; x_wconf 89' lang='lat' dir='ltr'>illis</span> <span class='ocrx_word' id='word_1_241' title='bbox 2407 670 2690 744; x_wconf 86' lang='lat' dir='ltr'>reperitur</span> <span class='ocrx_word' id='word_1_242' title='bbox 2733 666 3030 743; x_wconf 90' lang='lat' dir='ltr'>opusculis</span> <span class='ocrx_word' id='word_1_243' title='bbox 3078 662 3231 739; x_wconf 90' lang='lat' dir='ltr'>quod</span> <span class='ocrx_word' id='word_1_244' title='bbox 3286 678 3320 721; x_wconf 90' lang='lat' dir='ltr'>a</span> <span class='ocrx_word' id='word_1_245' title='bbox 3389 664 3621 719; x_wconf 87' lang='lat' dir='ltr'>tramite</span> <span class='ocrx_word' id='word_1_246' title='bbox 3684 660 3948 720; x_wconf 86' lang='lat' dir='ltr'>veritatis</span> 
     </span>
    </p>
   </div>
   <div class='ocr_carea' id='block_1_39' title="bbox 2232 750 3947 833">
    <p class='ocr_par' dir='ltr' id='par_1_39' title="bbox 2232 750 3947 833">
     <span class='ocr_line' id='line_1_39' title="bbox 2232 750 3947 833; baseline -0.008 -13"><span class='ocrx_word' id='word_1_247' title='bbox 2232 761 2536 831; x_wconf 80' lang='lat' dir='ltr'>exorbitet,</span> <span class='ocrx_word' id='word_1_248' title='bbox 2566 776 2666 833; x_wconf 91' lang='lat' dir='ltr'>per</span> <span class='ocrx_word' id='word_1_249' title='bbox 2696 775 2799 818; x_wconf 91' lang='lat' dir='ltr'>vos</span> <span class='ocrx_word' id='word_1_250' title='bbox 2837 758 2910 816; x_wconf 89' lang='lat' dir='ltr'>ad</span> <span class='ocrx_word' id='word_1_251' title='bbox 2942 770 3207 827; x_wconf 87' lang='lat' dir='ltr'>normam</span> <span class='ocrx_word' id='word_1_252' title='bbox 3234 750 3603 811; x_wconf 88' lang='lat' dir='ltr'>rectitudinis</span> <span class='ocrx_word' id='word_1_253' title='bbox 3641 750 3855 821; x_wconf 90' lang='lat' dir='ltr'>redeat,</span> <span class='ocrx_word' id='word_1_254' title='bbox 3890 759 3947 829; x_wconf 82' lang='lat' dir='ltr'>et</span> 
     </span>
    </p>
   </div>
   <div class='ocr_carea' id='block_1_40' title="bbox 2232 839 3949 925">
    <p class='ocr_par' dir='ltr' id='par_1_40' title="bbox 2232 839 3949 925">
     <span class='ocr_line' id='line_1_40' title="bbox 2232 839 3949 925; baseline -0.008 -15"><span class='ocrx_word' id='word_1_255' title='bbox 2232 852 2303 909; x_wconf 89' lang='lat' dir='ltr'>ad</span> <span class='ocrx_word' id='word_1_256' title='bbox 2345 852 2576 925; x_wconf 90' lang='lat' dir='ltr'>plenam</span> <span class='ocrx_word' id='word_1_257' title='bbox 2621 849 2931 907; x_wconf 88' lang='lat' dir='ltr'>editionem</span> <span class='ocrx_word' id='word_1_258' title='bbox 2976 861 3041 905; x_wconf 92' lang='lat' dir='ltr'>ac</span> <span class='ocrx_word' id='word_1_259' title='bbox 3085 843 3313 918; x_wconf 84' lang='lat' dir='ltr'>legendi</span> <span class='ocrx_word' id='word_1_260' title='bbox 3360 841 3757 901; x_wconf 86' lang='lat' dir='ltr'>auctoritatem</span> <span class='ocrx_word' id='word_1_261' title='bbox 3800 839 3949 898; x_wconf 89' lang='lat' dir='ltr'>liber</span> 
     </span>
    </p>
   </div>
   <div class='ocr_carea' id='block_1_41' title="bbox 2233 931 3947 1013">
    <p class='ocr_par' dir='ltr' id='par_1_41' title="bbox 2233 931 3947 1013">
     <span class='ocr_line' id='line_1_41' title="bbox 2233 931 3947 1013; baseline -0.006 -17"><span class='ocrx_word' id='word_1_262' title='bbox 2233 939 2332 999; x_wconf 91' lang='lat' dir='ltr'>ille</span> <span class='ocrx_word' id='word_1_263' title='bbox 2393 956 2493 1013; x_wconf 86' lang='lat' dir='ltr'>per</span> <span class='ocrx_word' id='word_1_264' title='bbox 2543 936 2994 999; x_wconf 85' lang='lat' dir='ltr'>examinationis</span> <span class='ocrx_word' id='word_1_265' title='bbox 3048 939 3257 997; x_wconf 86' lang='lat' dir='ltr'>vestra</span> <span class='ocrx_word' id='word_1_266' title='bbox 3309 931 3675 1006; x_wconf 76' lang='lat' dir='ltr'>diligentiam</span> <span class='ocrx_word' id='word_1_267' title='bbox 3725 943 3947 988; x_wconf 87' lang='lat' dir='ltr'>conva-</span> 
     </span>
    </p>
   </div>
   <div class='ocr_carea' id='block_1_42' title="bbox 2236 1026 2426 1091">
    <p class='ocr_par' dir='ltr' id='par_1_42' title="bbox 2236 1026 2426 1091">
     <span class='ocr_line' id='line_1_42' title="bbox 2236 1026 2426 1091; baseline 0.005 -8"><span class='ocrx_word' id='word_1_268' title='bbox 2236 1026 2426 1091; x_wconf 87' lang='lat' dir='ltr'>lescat.</span> 
     </span>
    </p>
   </div>
   <div class='ocr_carea' id='block_1_43' title="bbox 2836 1091 3339 1175">
    <p class='ocr_par' dir='ltr' id='par_1_43' title="bbox 2836 1091 3339 1175">
     <span class='ocr_line' id='line_1_43' title="bbox 2836 1091 3339 1175; baseline -0.004 -22"><span class='ocrx_word' id='word_1_269' title='bbox 2836 1092 3202 1175; x_wconf 84' lang='lat' dir='ltr'>EPISTOLA</span> <span class='ocrx_word' id='word_1_270' title='bbox 3239 1091 3339 1151; x_wconf 89' lang='lat' dir='ltr'>XI.</span> 
     </span>
    </p>
   </div>
   <div class='ocr_carea' id='block_1_44' title="bbox 2408 1190 3766 1253">
    <p class='ocr_par' dir='ltr' id='par_1_44' title="bbox 2408 1190 3766 1253">
     <span class='ocr_line' id='line_1_44' title="bbox 2408 1190 3766 1253; baseline -0.007 -8"><span class='ocrx_word' id='word_1_271' title='bbox 2408 1199 2484 1245; x_wconf 82' lang='lat' dir='ltr'>AD</span> <span class='ocrx_word' id='word_1_272' title='bbox 2510 1197 2783 1245; x_wconf 77' lang='lat' dir='ltr'>JOANNEM</span> <span class='ocrx_word' id='word_1_273' title='bbox 2812 1196 3184 1253; x_wconf 64' lang='lat' dir='ltr'>LAUDENSEM,</span> <span class='ocrx_word' id='word_1_274' title='bbox 3209 1191 3562 1242; x_wconf 79' lang='lat' dir='ltr'>DlSCIPULUM</span> <span class='ocrx_word' id='word_1_275' title='bbox 3584 1190 3766 1238; x_wconf 79' lang='lat' dir='ltr'><strong>SUUM.</strong></span> 
     </span>
    </p>
   </div>
   <div class='ocr_carea' id='block_1_45' title="bbox 2447 1264 3733 1367">
    <p class='ocr_par' dir='ltr' id='par_1_45' title="bbox 2447 1264 3733 1367">
     <span class='ocr_line' id='line_1_45' title="bbox 2447 1264 3733 1367; baseline -0.006 -13"><span class='ocrx_word' id='word_1_276' title='bbox 2447 1272 2712 1367; x_wconf 69' lang='lat' dir='ltr'>(Habetur</span> <span class='ocrx_word' id='word_1_277' title='bbox 2749 1303 2876 1353; x_wconf 84' lang='lat' dir='ltr'>tom.</span> <span class='ocrx_word' id='word_1_278' title='bbox 2915 1299 3013 1361; x_wconf 86' lang='lat' dir='ltr'>III,</span> <span class='ocrx_word' id='word_1_279' title='bbox 3047 1300 3231 1366; x_wconf 81' lang='lat' dir='ltr'>estque</span> <span class='ocrx_word' id='word_1_280' title='bbox 3264 1294 3585 1367; x_wconf 79' lang='lat' dir='ltr'>opusculum</span> <span class='ocrx_word' id='word_1_281' title='bbox 3609 1264 3733 1359; x_wconf 74' lang='grc'>44.)</span> 
     </span>
    </p>
   </div>
   <div class='ocr_carea' id='block_1_46' title="bbox 2727 1436 3456 1516">
    <p class='ocr_par' dir='ltr' id='par_1_46' title="bbox 2727 1436 3456 1516">
     <span class='ocr_line' id='line_1_46' title="bbox 2727 1436 3456 1516; baseline -0.004 -18"><span class='ocrx_word' id='word_1_282' title='bbox 2727 1436 3224 1516; x_wconf 69' lang='lat' dir='ltr'>EPlSTOLA</span> <span class='ocrx_word' id='word_1_283' title='bbox 3290 1436 3456 1497; x_wconf 82' lang='lat' dir='ltr'>x11.</span> 
     </span>
    </p>
   </div>
   <div class='ocr_carea' id='block_1_47' title="bbox 2848 1541 3348 1589">
    <p class='ocr_par' dir='ltr' id='par_1_47' title="bbox 2848 1541 3348 1589">
     <span class='ocr_line' id='line_1_47' title="bbox 2848 1541 3348 1589; baseline -0.004 0"><span class='ocrx_word' id='word_1_284' title='bbox 2848 1543 2929 1589; x_wconf 70' lang='lat' dir='ltr'>AD</span> <span class='ocrx_word' id='word_1_285' title='bbox 2966 1542 3009 1589; x_wconf 82' lang='lat' dir='ltr'>J.</span> <span class='ocrx_word' id='word_1_286' title='bbox 3054 1541 3348 1589; x_wconf 76' lang='lat' dir='ltr'>ABBATEM.</span> 
     </span>
    </p>
   </div>
   <div class='ocr_carea' id='block_1_48' title="bbox 2234 1631 3950 1707">
    <p class='ocr_par' dir='ltr' id='par_1_48' title="bbox 2234 1631 3950 1707">
     <span class='ocr_line' id='line_1_48' title="bbox 2234 1631 3950 1707; baseline -0.006 -8"><span class='ocrx_word' id='word_1_287' title='bbox 2234 1641 2680 1701; x_wconf 82' lang='lat' dir='ltr'>ABGUMENTUM.</span> <span class='ocrx_word' id='word_1_288' title='bbox 2740 1670 2806 1681; x_wconf 88' lang='lat'>——</span> <span class='ocrx_word' id='word_1_289' title='bbox 2865 1638 3087 1699; x_wconf 86' lang='lat' dir='ltr'>Tuetur</span> <span class='ocrx_word' id='word_1_290' title='bbox 3134 1652 3195 1695; x_wconf 91' lang='lat' dir='ltr'>se</span> <span class='ocrx_word' id='word_1_291' title='bbox 3245 1635 3317 1694; x_wconf 92' lang='lat' dir='ltr'>ab</span> <span class='ocrx_word' id='word_1_292' title='bbox 3360 1632 3582 1692; x_wconf 88' lang='lat' dir='ltr'>abbatis</span> <span class='ocrx_word' id='word_1_293' title='bbox 3647 1631 3950 1707; x_wconf 84' lang='lat' dir='ltr'>cujusdam</span> 
     </span>
    </p>
   </div>
   <div class='ocr_carea' id='block_1_49' title="bbox 2303 1705 3951 1787">
    <p class='ocr_par' dir='ltr' id='par_1_49' title="bbox 2303 1705 3951 1787">
     <span class='ocr_line' id='line_1_49' title="bbox 2303 1705 3951 1787; baseline -0.006 -17"><span class='ocrx_word' id='word_1_294' title='bbox 2303 1712 2765 1787; x_wconf 86' lang='lat' dir='ltr'>impugnatione,</span> <span class='ocrx_word' id='word_1_295' title='bbox 2827 1711 2930 1783; x_wconf 93' lang='lat' dir='ltr'>qui</span> <span class='ocrx_word' id='word_1_296' title='bbox 2982 1713 3331 1787; x_wconf 79' lang='lat' dir='ltr'>conquestus</span> <span class='ocrx_word' id='word_1_297' title='bbox 3381 1711 3502 1763; x_wconf 88' lang='lat' dir='ltr'>erat</span> <span class='ocrx_word' id='word_1_298' title='bbox 3546 1705 3951 1787; x_wconf 37' lang='lat' dir='ltr'>quod—mena}.</span> 
     </span>
    </p>
   </div>
   <div class='ocr_carea' id='block_1_50' title="bbox 2312 1776 3953 1854">
    <p class='ocr_par' dir='ltr' id='par_1_50' title="bbox 2312 1776 3953 1854">
     <span class='ocr_line' id='line_1_50' title="bbox 2312 1776 3953 1854; baseline -0.006 -12"><span class='ocrx_word' id='word_1_299' title='bbox 2312 1776 2507 1842; x_wconf 50' lang='lat' dir='ltr'>chum”</span> <span class='ocrx_word' id='word_1_300' title='bbox 2534 1798 2610 1841; x_wconf 85' lang='lat' dir='ltr'>ex</span> <span class='ocrx_word' id='word_1_301' title='bbox 2639 1776 2762 1842; x_wconf 58' lang='lat' dir='ltr'>suo&#39;</span> <span class='ocrx_word' id='word_1_302' title='bbox 2782 1776 3128 1840; x_wconf 85' lang='lat' dir='ltr'>monasterio</span> <span class='ocrx_word' id='word_1_303' title='bbox 3166 1792 3483 1854; x_wconf 72' lang='lat' dir='ltr'>egressum,</span> <span class='ocrx_word' id='word_1_304' title='bbox 3512 1776 3709 1854; x_wconf 66' lang='lat' dir='ltr'>contra</span> <span class='ocrx_word' id='word_1_305' title='bbox 3754 1776 3953 1854; x_wconf 81' lang='lat' dir='ltr'>sancti</span> 
     </span>
    </p>
   </div>
   <div class='ocr_carea' id='block_1_51' title="bbox 2312 1847 3955 1925">
    <p class='ocr_par' dir='ltr' id='par_1_51' title="bbox 2312 1847 3955 1925">
     <span class='ocr_line' id='line_1_51' title="bbox 2312 1847 3955 1925; baseline -0.006 -11"><span class='ocrx_word' id='word_1_306' title='bbox 2312 1854 2609 1914; x_wconf 86' lang='lat' dir='ltr'>Benedicti</span> <span class='ocrx_word' id='word_1_307' title='bbox 2674 1855 2935 1925; x_wconf 81' lang='lat' dir='ltr'>regulam</span> <span class='ocrx_word' id='word_1_308' title='bbox 2992 1847 3318 1925; x_wconf 73' lang='lat' dir='ltr'>recepisset.</span> <span class='ocrx_word' id='word_1_309' title='bbox 3377 1847 3636 1925; x_wconf 79' lang='lat' dir='ltr'>Ostendit</span> <span class='ocrx_word' id='word_1_310' title='bbox 3674 1847 3869 1925; x_wconf 78' lang='lat' dir='ltr'>igitur</span> <span class='ocrx_word' id='word_1_311' title='bbox 3920 1862 3955 1904; x_wconf 90' lang='lat' dir='ltr'>a</span> 
     </span>
    </p>
   </div>
   <div class='ocr_carea' id='block_1_52' title="bbox 2312 1920 3954 2000">
    <p class='ocr_par' dir='ltr' id='par_1_52' title="bbox 2312 1920 3954 2000">
     <span class='ocr_line' id='line_1_52' title="bbox 2312 1920 3954 2000; baseline -0.01 -9"><span class='ocrx_word' id='word_1_312' title='bbox 2312 1934 2507 1991; x_wconf 82' lang='lat' dir='ltr'>sancto</span> <span class='ocrx_word' id='word_1_313' title='bbox 2568 1920 2875 2000; x_wconf 79' lang='lat' dir='ltr'>Benedicto</span> <span class='ocrx_word' id='word_1_314' title='bbox 2929 1939 3047 1982; x_wconf 91' lang='lat' dir='ltr'>non</span> <span class='ocrx_word' id='word_1_315' title='bbox 3102 1920 3397 2000; x_wconf 77' lang='lat' dir='ltr'>prohiberi</span> <span class='ocrx_word' id='word_1_316' title='bbox 3463 1920 3813 2000; x_wconf 78' lang='lat' dir='ltr'>monachum</span> <span class='ocrx_word' id='word_1_317' title='bbox 3840 1934 3954 2000; x_wconf 29' lang='lat' dir='ltr'>de}:</span> 
     </span>
    </p>
   </div>
   <div class='ocr_carea' id='block_1_53' title="bbox 2316 1991 3956 2064">
    <p class='ocr_par' dir='ltr' id='par_1_53' title="bbox 2316 1991 3956 2064">
     <span class='ocr_line' id='line_1_53' title="bbox 2316 1991 3956 2064; baseline -0.006 -8"><span class='ocrx_word' id='word_1_318' title='bbox 2316 1997 2664 2056; x_wconf 90' lang='lat' dir='ltr'>monasterio</span> <span class='ocrx_word' id='word_1_319' title='bbox 2739 1995 2810 2054; x_wconf 92' lang='lat' dir='ltr'>ad</span> <span class='ocrx_word' id='word_1_320' title='bbox 2882 1991 3146 2054; x_wconf 81' lang='lat' dir='ltr'>eremum</span> <span class='ocrx_word' id='word_1_321' title='bbox 3213 1991 3507 2064; x_wconf 76' lang='lat' dir='ltr'>transire,</span> <span class='ocrx_word' id='word_1_322' title='bbox 3587 1991 3689 2051; x_wconf 88' lang='lat' dir='ltr'>sed</span> <span class='ocrx_word' id='word_1_323' title='bbox 3734 1991 3956 2064; x_wconf 79' lang='lat' dir='ltr'>potius</span> 
     </span>
    </p>
   </div>
   <div class='ocr_carea' id='block_1_54' title="bbox 2315 2061 3957 2139">
    <p class='ocr_par' dir='ltr' id='par_1_54' title="bbox 2315 2061 3957 2139">
     <span class='ocr_line' id='line_1_54' title="bbox 2315 2061 3957 2139; baseline -0.005 -12"><span class='ocrx_word' id='word_1_324' title='bbox 2315 2086 2388 2128; x_wconf 85' lang='lat' dir='ltr'>ex</span> <span class='ocrx_word' id='word_1_325' title='bbox 2440 2084 2562 2127; x_wconf 89' lang='lat' dir='ltr'>uno</span> <span class='ocrx_word' id='word_1_326' title='bbox 2605 2068 2867 2126; x_wconf 80' lang='lat' dir='ltr'>canobio</span> <span class='ocrx_word' id='word_1_327' title='bbox 2908 2081 3228 2139; x_wconf 88' lang='lat' dir='ltr'>egressum,</span> <span class='ocrx_word' id='word_1_328' title='bbox 3281 2064 3347 2139; x_wconf 78' lang='lat' dir='ltr'>in</span> <span class='ocrx_word' id='word_1_329' title='bbox 3401 2062 3515 2139; x_wconf 84' lang='lat' dir='ltr'>alio</span> <span class='ocrx_word' id='word_1_330' title='bbox 3569 2061 3778 2139; x_wconf 69' lang='lat' dir='ltr'>recipi,</span> <span class='ocrx_word' id='word_1_331' title='bbox 3826 2061 3957 2139; x_wconf 78' lang='lat' dir='ltr'>imo</span> 
     </span>
    </p>
   </div>
   <div class='ocr_carea' id='block_1_55' title="bbox 2314 2132 3954 2211">
    <p class='ocr_par' dir='ltr' id='par_1_55' title="bbox 2314 2132 3954 2211">
     <span class='ocr_line' id='line_1_55' title="bbox 2314 2132 3954 2211; baseline -0.005 -13"><span class='ocrx_word' id='word_1_332' title='bbox 2314 2139 2671 2199; x_wconf 89' lang='lat' dir='ltr'>eremiticam</span> <span class='ocrx_word' id='word_1_333' title='bbox 2702 2140 2879 2197; x_wconf 87' lang='lat' dir='ltr'>vitam</span> <span class='ocrx_word' id='word_1_334' title='bbox 2909 2132 3187 2211; x_wconf 64' lang='lat' dir='ltr'>tanquam</span> <span class='ocrx_word' id='word_1_335' title='bbox 3218 2132 3616 2211; x_wconf 82' lang='lat' dir='ltr'>perfectiorem</span> <span class='ocrx_word' id='word_1_336' title='bbox 3651 2132 3727 2211; x_wconf 83' lang='lat' dir='ltr'>ab</span> <span class='ocrx_word' id='word_1_337' title='bbox 3749 2132 3954 2211; x_wconf 83' lang='lat' dir='ltr'>eodem</span> 
     </span>
    </p>
   </div>
   <div class='ocr_carea' id='block_1_56' title="bbox 2320 2203 3959 2286">
    <p class='ocr_par' dir='ltr' id='par_1_56' title="bbox 2320 2203 3959 2286">
     <span class='ocr_line' id='line_1_56' title="bbox 2320 2203 3959 2286; baseline -0.005 -17"><span class='ocrx_word' id='word_1_338' title='bbox 2320 2211 2643 2286; x_wconf 89' lang='lat' dir='ltr'>plurimum</span> <span class='ocrx_word' id='word_1_339' title='bbox 2725 2203 3139 2280; x_wconf 80' lang='lat' dir='ltr'>commendari,</span> <span class='ocrx_word' id='word_1_340' title='bbox 3194 2203 3253 2286; x_wconf 67' lang='lat' dir='ltr'>et</span> <span class='ocrx_word' id='word_1_341' title='bbox 3330 2206 3633 2286; x_wconf 81' lang='lat' dir='ltr'>monachis</span> <span class='ocrx_word' id='word_1_342' title='bbox 3715 2204 3797 2277; x_wconf 89' lang='lat' dir='ltr'>(si</span> <span class='ocrx_word' id='word_1_343' title='bbox 3852 2203 3959 2277; x_wconf 87' lang='lat' dir='ltr'>qui</span> 
     </span>
    </p>
   </div>
   <div class='ocr_carea' id='block_1_57' title="bbox 2318 2278 3485 2356">
    <p class='ocr_par' dir='ltr' id='par_1_57' title="bbox 2318 2278 3485 2356">
     <span class='ocr_line' id='line_1_57' title="bbox 2318 2278 3485 2356; baseline -0.005 -15"><span class='ocrx_word' id='word_1_344' title='bbox 2318 2278 2509 2341; x_wconf 79' lang='lat' dir='ltr'>tamen</span> <span class='ocrx_word' id='word_1_345' title='bbox 2539 2298 2771 2356; x_wconf 89' lang='lat' dir='ltr'>capaces</span> <span class='ocrx_word' id='word_1_346' title='bbox 2802 2285 2969 2353; x_wconf 77' lang='lat' dir='ltr'>sunt)</span> <span class='ocrx_word' id='word_1_347' title='bbox 3005 2278 3231 2340; x_wconf 75' lang='lat' dir='ltr'>conSuli</span> <span class='ocrx_word' id='word_1_348' title='bbox 3260 2278 3485 2354; x_wconf 89' lang='lat' dir='ltr'>probat.</span> 
     </span>
    </p>
   </div>
   <div class='ocr_carea' id='block_1_58' title="bbox 2331 2386 3955 2460">
    <p class='ocr_par' dir='ltr' id='par_1_58' title="bbox 2331 2386 3955 2460">
     <span class='ocr_line' id='line_1_58' title="bbox 2331 2386 3955 2460; baseline -0.002 -14"><span class='ocrx_word' id='word_1_349' title='bbox 2331 2388 2473 2447; x_wconf 86' lang='lat'>197</span> <span class='ocrx_word' id='word_1_350' title='bbox 2498 2390 2720 2448; x_wconf 92' lang='lat' dir='ltr'>Domno</span> <span class='ocrx_word' id='word_1_351' title='bbox 2760 2388 2811 2447; x_wconf 90' lang='lat' dir='ltr'>J.</span> <span class='ocrx_word' id='word_1_352' title='bbox 2856 2388 3175 2449; x_wconf 89' lang='lat' dir='ltr'>venerabili</span> <span class='ocrx_word' id='word_1_353' title='bbox 3225 2388 3444 2460; x_wconf 88' lang='lat' dir='ltr'>abbati,</span> <span class='ocrx_word' id='word_1_354' title='bbox 3486 2386 3716 2448; x_wconf 82' lang='lat' dir='ltr'>PETRUS</span> <span class='ocrx_word' id='word_1_355' title='bbox 3752 2399 3955 2459; x_wconf 89' lang='lat' dir='ltr'>pecca-</span> 
     </span>
    </p>
   </div>
   <div class='ocr_carea' id='block_1_59' title="bbox 2249 2477 3759 2539">
    <p class='ocr_par' dir='ltr' id='par_1_59' title="bbox 2249 2477 3759 2539">
     <span class='ocr_line' id='line_1_59' title="bbox 2249 2477 3759 2539; baseline -0.004 0"><span class='ocrx_word' id='word_1_356' title='bbox 2249 2487 2335 2539; x_wconf 88' lang='lat' dir='ltr'>tor</span> <span class='ocrx_word' id='word_1_357' title='bbox 2364 2480 2683 2538; x_wconf 89' lang='lat' dir='ltr'>mouachus</span> <span class='ocrx_word' id='word_1_358' title='bbox 2703 2478 3114 2537; x_wconf 86' lang='lat' dir='ltr'>sincerissima</span> <span class='ocrx_word' id='word_1_359' title='bbox 3138 2478 3433 2537; x_wconf 88' lang='lat' dir='ltr'>charitatis</span> <span class='ocrx_word' id='word_1_360' title='bbox 3463 2477 3759 2535; x_wconf 76' lang='lat' dir='ltr'>affectum.</span> 
     </span>
    </p>
   </div>
   <div class='ocr_carea' id='block_1_60' title="bbox 2322 2563 3958 2639">
    <p class='ocr_par' dir='ltr' id='par_1_60' title="bbox 2322 2563 3958 2639">
     <span class='ocr_line' id='line_1_60' title="bbox 2322 2563 3958 2639; baseline -0.004 -11"><span class='ocrx_word' id='word_1_361' title='bbox 2322 2567 2650 2628; x_wconf 86' lang='lat' dir='ltr'>Sanctitatis</span> <span class='ocrx_word' id='word_1_362' title='bbox 2704 2576 2911 2628; x_wconf 90' lang='lat' dir='ltr'>vestra</span> <span class='ocrx_word' id='word_1_363' title='bbox 2956 2569 3189 2639; x_wconf 89' lang='lat' dir='ltr'>litteras,</span> <span class='ocrx_word' id='word_1_364' title='bbox 3244 2567 3483 2627; x_wconf 92' lang='lat' dir='ltr'>colende</span> <span class='ocrx_word' id='word_1_365' title='bbox 3537 2566 3724 2637; x_wconf 87' lang='lat' dir='ltr'>Pater,</span> <span class='ocrx_word' id='word_1_366' title='bbox 3777 2563 3958 2637; x_wconf 89' lang='lat' dir='ltr'>digna</span> 
     </span>
    </p>
   </div>
   <div class='ocr_carea' id='block_1_61' title="bbox 2249 2658 3959 2733">
    <p class='ocr_par' dir='ltr' id='par_1_61' title="bbox 2249 2658 3959 2733">
     <span class='ocr_line' id='line_1_61' title="bbox 2249 2658 3959 2733; baseline -0.004 -15"><span class='ocrx_word' id='word_1_367' title='bbox 2249 2661 2552 2722; x_wconf 85' lang='lat' dir='ltr'>devotione</span> <span class='ocrx_word' id='word_1_368' title='bbox 2615 2660 2993 2732; x_wconf 88' lang='lat' dir='ltr'>suscepimus,</span> <span class='ocrx_word' id='word_1_369' title='bbox 3047 2658 3265 2733; x_wconf 89' lang='lat' dir='ltr'>quibus</span> <span class='ocrx_word' id='word_1_370' title='bbox 3315 2659 3492 2718; x_wconf 89' lang='lat' dir='ltr'>etiam</span> <span class='ocrx_word' id='word_1_371' title='bbox 3554 2661 3727 2731; x_wconf 86' lang='lat' dir='ltr'>prout</span> <span class='ocrx_word' id='word_1_372' title='bbox 3783 2669 3959 2713; x_wconf 88' lang='lat' dir='ltr'>causa</span> 
     </span>
    </p>
   </div>
   <div class='ocr_carea' id='block_1_62' title="bbox 2249 2743 3955 2823">
    <p class='ocr_par' dir='ltr' id='par_1_62' title="bbox 2249 2743 3955 2823">
     <span class='ocr_line' id='line_1_62' title="bbox 2249 2743 3955 2823; baseline -0.006 -12"><span class='ocrx_word' id='word_1_373' title='bbox 2249 2750 2567 2821; x_wconf 83' lang='lat' dir='ltr'>dictaverit,</span> <span class='ocrx_word' id='word_1_374' title='bbox 2610 2750 2859 2808; x_wconf 91' lang='lat' dir='ltr'>breviter</span> <span class='ocrx_word' id='word_1_375' title='bbox 2905 2748 3336 2823; x_wconf 88' lang='lat' dir='ltr'>respondemus.</span> <span class='ocrx_word' id='word_1_376' title='bbox 3381 2745 3738 2808; x_wconf 90' lang='lat' dir='ltr'>Succensetis</span> <span class='ocrx_word' id='word_1_377' title='bbox 3771 2743 3955 2814; x_wconf 87' lang='lat' dir='ltr'>enim,</span> 
     </span>
    </p>
   </div>
   <div class='ocr_carea' id='block_1_63' title="bbox 2249 2833 3962 2913">
    <p class='ocr_par' dir='ltr' id='par_1_63' title="bbox 2249 2833 3962 2913">
     <span class='ocr_line' id='line_1_63' title="bbox 2249 2833 3962 2913; baseline -0.005 -13"><span class='ocrx_word' id='word_1_378' title='bbox 2249 2858 2315 2900; x_wconf 91' lang='lat' dir='ltr'>ac</span> <span class='ocrx_word' id='word_1_379' title='bbox 2369 2856 2472 2899; x_wconf 91' lang='lat' dir='ltr'>nos</span> <span class='ocrx_word' id='word_1_380' title='bbox 2532 2843 2949 2913; x_wconf 87' lang='lat' dir='ltr'>conquerentes</span> <span class='ocrx_word' id='word_1_381' title='bbox 2993 2838 3253 2913; x_wconf 88' lang='lat' dir='ltr'>arguitis,</span> <span class='ocrx_word' id='word_1_382' title='bbox 3300 2837 3440 2911; x_wconf 89' lang='lat' dir='ltr'>quia</span> <span class='ocrx_word' id='word_1_383' title='bbox 3488 2851 3603 2895; x_wconf 90' lang='lat' dir='ltr'>non</span> <span class='ocrx_word' id='word_1_384' title='bbox 3644 2833 3962 2893; x_wconf 90' lang='lat' dir='ltr'>debuimus</span> 
     </span>
    </p>
   </div>
   <div class='ocr_carea' id='block_1_64' title="bbox 2251 2921 3962 2999">
    <p class='ocr_par' dir='ltr' id='par_1_64' title="bbox 2251 2921 3962 2999">
     <span class='ocr_line' id='line_1_64' title="bbox 2251 2921 3962 2999; baseline -0.007 -8"><span class='ocrx_word' id='word_1_385' title='bbox 2251 2937 2469 2991; x_wconf 90' lang='lat' dir='ltr'>vestros</span> <span class='ocrx_word' id='word_1_386' title='bbox 2533 2929 2846 2987; x_wconf 90' lang='lat' dir='ltr'>monachos</span> <span class='ocrx_word' id='word_1_387' title='bbox 2901 2927 2962 2986; x_wconf 90' lang='lat' dir='ltr'>in</span> <span class='ocrx_word' id='word_1_388' title='bbox 3012 2942 3226 2999; x_wconf 92' lang='lat' dir='ltr'>eremo,</span> <span class='ocrx_word' id='word_1_389' title='bbox 3280 2931 3477 2985; x_wconf 88' lang='lat' dir='ltr'>contra</span> <span class='ocrx_word' id='word_1_390' title='bbox 3530 2924 3598 2984; x_wconf 88' lang='grc' dir='ltr'>Β.</span> <span class='ocrx_word' id='word_1_391' title='bbox 3652 2924 3724 2983; x_wconf 83' lang='grc' dir='ltr'>Ρ.</span> <span class='ocrx_word' id='word_1_392' title='bbox 3774 2921 3962 2982; x_wconf 90' lang='lat' dir='ltr'>nostri</span> 
     </span>
    </p>
   </div>
   <div class='ocr_carea' id='block_1_65' title="bbox 2252 3011 3966 3093">
    <p class='ocr_par' dir='ltr' id='par_1_65' title="bbox 2252 3011 3966 3093">
     <span class='ocr_line' id='line_1_65' title="bbox 2252 3011 3966 3093; baseline -0.004 -14"><span class='ocrx_word' id='word_1_393' title='bbox 2252 3019 2544 3079; x_wconf 87' lang='lat' dir='ltr'>Benedicti</span> <span class='ocrx_word' id='word_1_394' title='bbox 2593 3024 2882 3093; x_wconf 89' lang='lat' dir='ltr'>pracepta</span> <span class='ocrx_word' id='word_1_395' title='bbox 2933 3016 3223 3091; x_wconf 89' lang='lat' dir='ltr'>suscipere</span> <span class='ocrx_word' id='word_1_396' title='bbox 3251 3019 3399 3090; x_wconf 82' lang='lat' dir='ltr'>(Reg.</span> <span class='ocrx_word' id='word_1_397' title='bbox 3441 3032 3493 3075; x_wconf 89' lang='lat' dir='ltr'>c.</span> <span class='ocrx_word' id='word_1_398' title='bbox 3537 3015 3642 3088; x_wconf 86' lang='grc'>16),</span> <span class='ocrx_word' id='word_1_399' title='bbox 3682 3014 3826 3074; x_wconf 90' lang='lat' dir='ltr'>dum</span> <span class='ocrx_word' id='word_1_400' title='bbox 3856 3011 3966 3072; x_wconf 88' lang='lat' dir='ltr'>ille</span> 
     </span>
    </p>
   </div>
   <div class='ocr_carea' id='block_1_66' title="bbox 449 3104 3965 3185">
    <p class='ocr_par' dir='ltr' id='par_1_66' title="bbox 449 3104 3965 3185">
     <span class='ocr_line' id='line_1_66' title="bbox 449 3104 3965 3185; baseline -0.003 -14"><span class='ocrx_word' id='word_1_401' title='bbox 449 3129 585 3171; x_wconf 91' lang='lat' dir='ltr'>nem</span> <span class='ocrx_word' id='word_1_402' title='bbox 611 3110 848 3169; x_wconf 91' lang='lat' dir='ltr'>occiduo</span> <span class='ocrx_word' id='word_1_403' title='bbox 873 3110 1227 3185; x_wconf 89' lang='lat' dir='ltr'>scenopegia</span> <span class='ocrx_word' id='word_1_404' title='bbox 1251 3110 1365 3184; x_wconf 93' lang='lat' dir='ltr'>die,</span> <span class='ocrx_word' id='word_1_405' title='bbox 1387 3109 1490 3184; x_wconf 92' lang='lat' dir='ltr'>qui</span> <span class='ocrx_word' id='word_1_406' title='bbox 1510 3108 1777 3168; x_wconf 89' lang='lat' dir='ltr'>videlicet</span> <span class='ocrx_word' id='word_1_407' title='bbox 1798 3124 1917 3182; x_wconf 89' lang='lat' dir='ltr'>pra</span> <span class='ocrx_word' id='word_1_408' title='bbox 1941 3110 2164 3169; x_wconf 88' lang='lat' dir='ltr'>cateris</span> <span class='ocrx_word' id='word_1_409' title='bbox 2183 3120 2228 3182; x_wconf 75' lang='grc' dir='ltr'>α</span> <span class='ocrx_word' id='word_1_410' title='bbox 2251 3109 2520 3168; x_wconf 90' lang='lat' dir='ltr'>decernat</span> <span class='ocrx_word' id='word_1_411' title='bbox 2542 3107 2616 3166; x_wconf 92' lang='lat' dir='ltr'>de</span> <span class='ocrx_word' id='word_1_412' title='bbox 2648 3114 2781 3167; x_wconf 90' lang='lat' dir='ltr'>noto</span> <span class='ocrx_word' id='word_1_413' title='bbox 2808 3107 3156 3165; x_wconf 89' lang='lat' dir='ltr'>monasterio</span> <span class='ocrx_word' id='word_1_414' title='bbox 3186 3106 3557 3166; x_wconf 89' lang='lat' dir='ltr'>venientibus</span> <span class='ocrx_word' id='word_1_415' title='bbox 3585 3104 3737 3179; x_wconf 90' lang='lat' dir='ltr'>apud</span> <span class='ocrx_word' id='word_1_416' title='bbox 3761 3108 3965 3163; x_wconf 84' lang='lat' dir='ltr'>extra-</span> 
     </span>
    </p>
   </div>
   <div class='ocr_carea' id='block_1_67' title="bbox 445 3198 2159 3274">
    <p class='ocr_par' dir='ltr' id='par_1_67' title="bbox 445 3198 2159 3274">
     <span class='ocr_line' id='line_1_67' title="bbox 445 3198 2159 3274; baseline -0.001 -16"><span class='ocrx_word' id='word_1_417' title='bbox 445 3207 530 3258; x_wconf 93' lang='lat' dir='ltr'>est</span> <span class='ocrx_word' id='word_1_418' title='bbox 581 3200 1013 3271; x_wconf 85' lang='lat' dir='ltr'>celeberrimus,</span> <span class='ocrx_word' id='word_1_419' title='bbox 1073 3200 1251 3258; x_wconf 89' lang='lat' dir='ltr'>fuisse</span> <span class='ocrx_word' id='word_1_420' title='bbox 1307 3207 1666 3274; x_wconf 90' lang='lat' dir='ltr'>conceptum.</span> <span class='ocrx_word' id='word_1_421' title='bbox 1714 3199 1877 3270; x_wconf 87' lang='lat' dir='ltr'>Quod</span> <span class='ocrx_word' id='word_1_422' title='bbox 1926 3199 1975 3258; x_wconf 89' lang='lat' dir='ltr'>si</span> <span class='ocrx_word' id='word_1_423' title='bbox 2023 3198 2159 3257; x_wconf 91' lang='lat' dir='ltr'>dili-</span> 
     </span>
    </p>
   </div>
   <div class='ocr_carea' id='block_1_68' title="bbox 449 3284 2161 3364">
    <p class='ocr_par' dir='ltr' id='par_1_68' title="bbox 449 3284 2161 3364">
     <span class='ocr_line' id='line_1_68' title="bbox 449 3284 2161 3364; baseline 0 -16"><span class='ocrx_word' id='word_1_424' title='bbox 449 3290 610 3362; x_wconf 89' lang='lat' dir='ltr'>genti</span> <span class='ocrx_word' id='word_1_425' title='bbox 664 3284 1119 3348; x_wconf 84' lang='lat' dir='ltr'>consideratione</span> <span class='ocrx_word' id='word_1_426' title='bbox 1165 3289 1558 3364; x_wconf 86' lang='lat' dir='ltr'>perpenditur,</span> <span class='ocrx_word' id='word_1_427' title='bbox 1610 3306 1643 3348; x_wconf 92' lang='lat' dir='ltr'>a</span> <span class='ocrx_word' id='word_1_428' title='bbox 1697 3290 1936 3350; x_wconf 90' lang='lat' dir='ltr'>veritate</span> <span class='ocrx_word' id='word_1_429' title='bbox 1975 3290 2161 3348; x_wconf 85' lang='lat' dir='ltr'>disso-</span> 
     </span>
    </p>
   </div>
   <div class='ocr_carea' id='block_1_69' title="bbox 452 3377 2161 3453">
    <p class='ocr_par' dir='ltr' id='par_1_69' title="bbox 452 3377 2161 3453">
     <span class='ocr_line' id='line_1_69' title="bbox 452 3377 2161 3453; baseline -0.001 -15"><span class='ocrx_word' id='word_1_430' title='bbox 452 3395 596 3438; x_wconf 91' lang='lat' dir='ltr'>num</span> <span class='ocrx_word' id='word_1_431' title='bbox 639 3378 944 3453; x_wconf 88' lang='lat' dir='ltr'>reperitur.</span> <span class='ocrx_word' id='word_1_432' title='bbox 974 3377 1108 3436; x_wconf 92' lang='lat' dir='ltr'>Dies</span> <span class='ocrx_word' id='word_1_433' title='bbox 1151 3379 1308 3437; x_wconf 91' lang='lat' dir='ltr'>enim</span> <span class='ocrx_word' id='word_1_434' title='bbox 1348 3380 1736 3453; x_wconf 88' lang='lat' dir='ltr'>conceptionis</span> <span class='ocrx_word' id='word_1_435' title='bbox 1782 3378 1849 3437; x_wconf 95' lang='lat' dir='ltr'>B.</span> <span class='ocrx_word' id='word_1_436' title='bbox 1896 3379 2161 3452; x_wconf 88' lang='lat' dir='ltr'>Joannis,</span> 
     </span>
    </p>
   </div>
   <div class='ocr_carea' id='block_1_70' title="bbox 452 3465 2161 3541">
    <p class='ocr_par' dir='ltr' id='par_1_70' title="bbox 452 3465 2161 3541">
     <span class='ocr_line' id='line_1_70' title="bbox 452 3465 2161 3541; baseline 0 -16"><span class='ocrx_word' id='word_1_437' title='bbox 452 3468 554 3540; x_wconf 92' lang='lat' dir='ltr'>qui</span> <span class='ocrx_word' id='word_1_438' title='bbox 606 3473 842 3526; x_wconf 87' lang='lat' dir='ltr'>octavus</span> <span class='ocrx_word' id='word_1_439' title='bbox 885 3472 968 3526; x_wconf 91' lang='lat' dir='ltr'>est</span> <span class='ocrx_word' id='word_1_440' title='bbox 1008 3483 1042 3525; x_wconf 92' lang='lat' dir='ltr'>a</span> <span class='ocrx_word' id='word_1_441' title='bbox 1082 3465 1356 3525; x_wconf 88' lang='lat' dir='ltr'>Kalendis</span> <span class='ocrx_word' id='word_1_442' title='bbox 1400 3466 1677 3539; x_wconf 86' lang='lat' dir='ltr'>Octobris,</span> <span class='ocrx_word' id='word_1_443' title='bbox 1728 3472 1852 3541; x_wconf 90' lang='lat' dir='ltr'>post</span> <span class='ocrx_word' id='word_1_444' title='bbox 1895 3475 2161 3527; x_wconf 89' lang='lat' dir='ltr'>octavum</span> 
     </span>
    </p>
   </div>
   <div class='ocr_carea' id='block_1_71' title="bbox 448 3555 2162 3632">
    <p class='ocr_par' dir='ltr' id='par_1_71' title="bbox 448 3555 2162 3632">
     <span class='ocr_line' id='line_1_71' title="bbox 448 3555 2162 3632; baseline 0.001 -19"><span class='ocrx_word' id='word_1_445' title='bbox 448 3555 598 3615; x_wconf 90' lang='lat' dir='ltr'>diem</span> <span class='ocrx_word' id='word_1_446' title='bbox 663 3556 1017 3632; x_wconf 88' lang='lat' dir='ltr'>scen0pegia</span> <span class='ocrx_word' id='word_1_447' title='bbox 1074 3565 1156 3615; x_wconf 86' lang='lat' dir='ltr'>est</span> <span class='ocrx_word' id='word_1_448' title='bbox 1210 3556 1432 3627; x_wconf 86' lang='lat' dir='ltr'>tertius,</span> <span class='ocrx_word' id='word_1_449' title='bbox 1492 3571 1558 3614; x_wconf 90' lang='lat' dir='ltr'>ac</span> <span class='ocrx_word' id='word_1_450' title='bbox 1612 3572 1715 3630; x_wconf 92' lang='lat' dir='ltr'>per</span> <span class='ocrx_word' id='word_1_451' title='bbox 1773 3558 1879 3616; x_wconf 91' lang='lat' dir='ltr'>hoc</span> <span class='ocrx_word' id='word_1_452' title='bbox 1933 3558 2004 3614; x_wconf 91' lang='lat' dir='ltr'>ab</span> <span class='ocrx_word' id='word_1_453' title='bbox 2060 3556 2162 3615; x_wconf 89' lang='lat' dir='ltr'>illa</span> 
     </span>
    </p>
   </div>
   <div class='ocr_carea' id='block_1_72' title="bbox 450 3644 2163 3719">
    <p class='ocr_par' dir='ltr' id='par_1_72' title="bbox 450 3644 2163 3719">
     <span class='ocr_line' id='line_1_72' title="bbox 450 3644 2163 3719; baseline 0 -16"><span class='ocrx_word' id='word_1_454' title='bbox 450 3644 760 3705; x_wconf 86' lang='lat' dir='ltr'>festivitate</span> <span class='ocrx_word' id='word_1_455' title='bbox 785 3645 983 3719; x_wconf 91' lang='lat' dir='ltr'>procul</span> <span class='ocrx_word' id='word_1_456' title='bbox 1021 3645 1199 3704; x_wconf 93' lang='lat' dir='ltr'>dubio</span> <span class='ocrx_word' id='word_1_457' title='bbox 1226 3644 1499 3719; x_wconf 87' lang='lat' dir='ltr'>probatur</span> <span class='ocrx_word' id='word_1_458' title='bbox 1527 3645 1777 3703; x_wconf 91' lang='lat' dir='ltr'>alienus.</span> <span class='ocrx_word' id='word_1_459' title='bbox 1809 3644 1953 3703; x_wconf 90' lang='lat' dir='ltr'>Cum</span> <span class='ocrx_word' id='word_1_460' title='bbox 1984 3645 2163 3718; x_wconf 83' lang='lat' dir='ltr'>igitur</span> 
     </span>
    </p>
   </div>
   <div class='ocr_carea' id='block_1_73' title="bbox 446 3732 2163 3809">
    <p class='ocr_par' dir='ltr' id='par_1_73' title="bbox 446 3732 2163 3809">
     <span class='ocr_line' id='line_1_73' title="bbox 446 3732 2163 3809; baseline 0 -18"><span class='ocrx_word' id='word_1_461' title='bbox 446 3733 730 3791; x_wconf 84' lang='lat' dir='ltr'>festivitas</span> <span class='ocrx_word' id='word_1_462' title='bbox 771 3734 1128 3809; x_wconf 86' lang='lat' dir='ltr'>scenopegia</span> <span class='ocrx_word' id='word_1_463' title='bbox 1182 3732 1406 3792; x_wconf 90' lang='lat' dir='ltr'>decimo</span> <span class='ocrx_word' id='word_1_464' title='bbox 1460 3733 1853 3792; x_wconf 90' lang='lat' dir='ltr'>Kalendarum</span> <span class='ocrx_word' id='word_1_465' title='bbox 1903 3732 2163 3809; x_wconf 65' lang='lat' dir='ltr'>Octobris</span> 
     </span>
    </p>
   </div>
   <div class='ocr_carea' id='block_1_74' title="bbox 451 3821 2163 3901">
    <p class='ocr_par' dir='ltr' id='par_1_74' title="bbox 451 3821 2163 3901">
     <span class='ocr_line' id='line_1_74' title="bbox 451 3821 2163 3901; baseline 0.001 -22"><span class='ocrx_word' id='word_1_466' title='bbox 451 3821 698 3901; x_wconf 67' lang='lat' dir='ltr'>desinat,</span> <span class='ocrx_word' id='word_1_467' title='bbox 741 3824 1036 3897; x_wconf 90' lang='lat' dir='ltr'>conceptio</span> <span class='ocrx_word' id='word_1_468' title='bbox 1087 3837 1225 3881; x_wconf 87' lang='lat' dir='ltr'>vero</span> <span class='ocrx_word' id='word_1_469' title='bbox 1267 3821 1325 3881; x_wconf 93' lang='lat' dir='ltr'>S.</span> <span class='ocrx_word' id='word_1_470' title='bbox 1366 3822 1610 3880; x_wconf 89' lang='lat' dir='ltr'>Joannis</span> <span class='ocrx_word' id='word_1_471' title='bbox 1647 3823 1905 3898; x_wconf 88' lang='lat' dir='ltr'>ejusdem</span> <span class='ocrx_word' id='word_1_472' title='bbox 1948 3822 2163 3881; x_wconf 88' lang='lat' dir='ltr'>mensis</span> 
     </span>
    </p>
   </div>
   <div class='ocr_carea' id='block_1_75' title="bbox 449 3911 2161 3986">
    <p class='ocr_par' dir='ltr' id='par_1_75' title="bbox 449 3911 2161 3986">
     <span class='ocr_line' id='line_1_75' title="bbox 449 3911 2161 3986; baseline 0 -16"><span class='ocrx_word' id='word_1_473' title='bbox 449 3918 648 3970; x_wconf 89' lang='lat' dir='ltr'>octavo</span> <span class='ocrx_word' id='word_1_474' title='bbox 688 3912 1002 3985; x_wconf 89' lang='lat' dir='ltr'>contingat,</span> <span class='ocrx_word' id='word_1_475' title='bbox 1057 3912 1278 3986; x_wconf 86' lang='lat' dir='ltr'>liquido</span> <span class='ocrx_word' id='word_1_476' title='bbox 1329 3918 1549 3970; x_wconf 90' lang='lat' dir='ltr'>constat</span> <span class='ocrx_word' id='word_1_477' title='bbox 1598 3911 1797 3985; x_wconf 90' lang='lat' dir='ltr'>procul</span> <span class='ocrx_word' id='word_1_478' title='bbox 1836 3911 1957 3984; x_wconf 90' lang='lat' dir='ltr'>jam</span> <span class='ocrx_word' id='word_1_479' title='bbox 1999 3920 2161 3970; x_wconf 83' lang='lat' dir='ltr'>extra</span> 
     </span>
    </p>
   </div>
   <div class='ocr_carea' id='block_1_76' title="bbox 453 4000 2163 4076">
    <p class='ocr_par' dir='ltr' id='par_1_76' title="bbox 453 4000 2163 4076">
     <span class='ocr_line' id='line_1_76' title="bbox 453 4000 2163 4076; baseline 0.001 -18"><span class='ocrx_word' id='word_1_480' title='bbox 453 4001 809 4075; x_wconf 82' lang='lat' dir='ltr'>scenopegia</span> <span class='ocrx_word' id='word_1_481' title='bbox 855 4001 1104 4058; x_wconf 90' lang='lat' dir='ltr'>limitem</span> <span class='ocrx_word' id='word_1_482' title='bbox 1139 4001 1209 4058; x_wconf 91' lang='lat' dir='ltr'>de</span> <span class='ocrx_word' id='word_1_483' title='bbox 1249 4000 1420 4059; x_wconf 91' lang='lat' dir='ltr'>senili</span> <span class='ocrx_word' id='word_1_484' title='bbox 1463 4000 1773 4076; x_wconf 86' lang='lat' dir='ltr'>complexu</span> <span class='ocrx_word' id='word_1_485' title='bbox 1821 4010 2163 4076; x_wconf 89' lang='lat' dir='ltr'>conceptum</span> 
     </span>
    </p>
   </div>
   <div class='ocr_carea' id='block_1_77' title="bbox 449 4090 2161 4168">
    <p class='ocr_par' dir='ltr' id='par_1_77' title="bbox 449 4090 2161 4168">
     <span class='ocr_line' id='line_1_77' title="bbox 449 4090 2161 4168; baseline 0.001 -18"><span class='ocrx_word' id='word_1_486' title='bbox 449 4092 687 4150; x_wconf 89' lang='lat' dir='ltr'>beatum</span> <span class='ocrx_word' id='word_1_487' title='bbox 744 4090 925 4149; x_wconf 86' lang='lat' dir='ltr'>fuisse</span> <span class='ocrx_word' id='word_1_488' title='bbox 982 4090 1285 4150; x_wconf 88' lang='lat' dir='ltr'>Joannem.</span> <span class='ocrx_word' id='word_1_489' title='bbox 1336 4092 1500 4162; x_wconf 89' lang='lat' dir='ltr'>Ecce,</span> <span class='ocrx_word' id='word_1_490' title='bbox 1544 4093 1697 4168; x_wconf 92' lang='lat' dir='ltr'>quod</span> <span class='ocrx_word' id='word_1_491' title='bbox 1749 4093 1976 4152; x_wconf 85' lang='lat' dir='ltr'>incaute</span> <span class='ocrx_word' id='word_1_492' title='bbox 2020 4094 2161 4152; x_wconf 86' lang='lat' dir='ltr'>scri-</span> 
     </span>
    </p>
   </div>
   <div class='ocr_carea' id='block_1_78' title="bbox 454 4179 2160 4259">
    <p class='ocr_par' dir='ltr' id='par_1_78' title="bbox 454 4179 2160 4259">
     <span class='ocr_line' id='line_1_78' title="bbox 454 4179 2160 4259; baseline 0.004 -21"><span class='ocrx_word' id='word_1_493' title='bbox 454 4180 644 4239; x_wconf 90' lang='lat' dir='ltr'>bendo</span> <span class='ocrx_word' id='word_1_494' title='bbox 685 4179 927 4253; x_wconf 89' lang='lat' dir='ltr'>deliqui,</span> <span class='ocrx_word' id='word_1_495' title='bbox 969 4180 1085 4239; x_wconf 91' lang='lat' dir='ltr'>Deo</span> <span class='ocrx_word' id='word_1_496' title='bbox 1132 4197 1223 4240; x_wconf 92' lang='lat' dir='ltr'>me</span> <span class='ocrx_word' id='word_1_497' title='bbox 1261 4182 1709 4243; x_wconf 89' lang='lat' dir='ltr'>misericorditer</span> <span class='ocrx_word' id='word_1_498' title='bbox 1755 4184 1822 4243; x_wconf 91' lang='lat' dir='ltr'>ad</span> <span class='ocrx_word' id='word_1_499' title='bbox 1872 4186 2160 4259; x_wconf 79' lang='lat' dir='ltr'>poeniten—</span> 
     </span>
    </p>
   </div>
   <div class='ocr_carea' id='block_1_79' title="bbox 449 4271 2159 4348">
    <p class='ocr_par' dir='ltr' id='par_1_79' title="bbox 449 4271 2159 4348">
     <span class='ocr_line' id='line_1_79' title="bbox 449 4271 2159 4348; baseline 0.002 -19"><span class='ocrx_word' id='word_1_500' title='bbox 449 4273 589 4329; x_wconf 89' lang='lat' dir='ltr'>tiam</span> <span class='ocrx_word' id='word_1_501' title='bbox 637 4277 963 4342; x_wconf 85' lang='lat' dir='ltr'>revocante,</span> <span class='ocrx_word' id='word_1_502' title='bbox 1010 4271 1256 4330; x_wconf 83' lang='lat' dir='ltr'>correxi.</span> <span class='ocrx_word' id='word_1_503' title='bbox 1309 4271 1476 4331; x_wconf 92' lang='lat' dir='ltr'>Nunc</span> <span class='ocrx_word' id='word_1_504' title='bbox 1525 4273 1738 4347; x_wconf 90' lang='lat' dir='ltr'>itaque,</span> <span class='ocrx_word' id='word_1_505' title='bbox 1778 4274 2159 4348; x_wconf 91' lang='lat' dir='ltr'>dilectissimi,</span> 
     </span>
    </p>
   </div>
   <div class='ocr_carea' id='block_1_80' title="bbox 2246 3192 3964 3272">
    <p class='ocr_par' dir='ltr' id='par_1_80' title="bbox 2246 3192 3964 3272">
     <span class='ocr_line' id='line_1_80' title="bbox 2246 3192 3964 3272; baseline -0.005 -14"><span class='ocrx_word' id='word_1_506' title='bbox 2246 3215 2385 3258; x_wconf 91' lang='lat' dir='ltr'>neos</span> <span class='ocrx_word' id='word_1_507' title='bbox 2416 3197 2790 3258; x_wconf 87' lang='lat' dir='ltr'>habitationis</span> <span class='ocrx_word' id='word_1_508' title='bbox 2819 3198 3042 3256; x_wconf 91' lang='lat' dir='ltr'>aditum</span> <span class='ocrx_word' id='word_1_509' title='bbox 3071 3213 3185 3256; x_wconf 90' lang='lat' dir='ltr'>non</span> <span class='ocrx_word' id='word_1_510' title='bbox 3227 3203 3434 3272; x_wconf 84' lang='lat' dir='ltr'>patere.</span> <span class='ocrx_word' id='word_1_511' title='bbox 3470 3196 3653 3272; x_wconf 79' lang='lat' dir='ltr'>Cujus</span> <span class='ocrx_word' id='word_1_512' title='bbox 3681 3192 3964 3269; x_wconf 86' lang='lat' dir='ltr'>suggilla-</span> 
     </span>
    </p>
   </div>
   <div class='ocr_carea' id='block_1_81' title="bbox 2250 3282 3966 3361">
    <p class='ocr_par' dir='ltr' id='par_1_81' title="bbox 2250 3282 3966 3361">
     <span class='ocr_line' id='line_1_81' title="bbox 2250 3282 3966 3361; baseline -0.003 -16"><span class='ocrx_word' id='word_1_513' title='bbox 2250 3287 2422 3346; x_wconf 90' lang='lat' dir='ltr'>tionis</span> <span class='ocrx_word' id='word_1_514' title='bbox 2463 3286 2846 3359; x_wconf 87' lang='lat' dir='ltr'>obstaculum,</span> <span class='ocrx_word' id='word_1_515' title='bbox 2888 3302 3024 3361; x_wconf 89' lang='lat' dir='ltr'>pace</span> <span class='ocrx_word' id='word_1_516' title='bbox 3058 3293 3266 3359; x_wconf 90' lang='lat' dir='ltr'>vestra,</span> <span class='ocrx_word' id='word_1_517' title='bbox 3298 3301 3415 3345; x_wconf 91' lang='lat' dir='ltr'>non</span> <span class='ocrx_word' id='word_1_518' title='bbox 3445 3286 3613 3344; x_wconf 88' lang='lat' dir='ltr'>facile</span> <span class='ocrx_word' id='word_1_519' title='bbox 3661 3282 3966 3359; x_wconf 88' lang='lat' dir='ltr'>propulsa-</span> 
     </span>
    </p>
   </div>
   <div class='ocr_carea' id='block_1_82' title="bbox 2248 3372 3969 3454">
    <p class='ocr_par' dir='ltr' id='par_1_82' title="bbox 2248 3372 3969 3454">
     <span class='ocr_line' id='line_1_82' title="bbox 2248 3372 3969 3454; baseline -0.005 -15"><span class='ocrx_word' id='word_1_520' title='bbox 2248 3379 2462 3451; x_wconf 91' lang='lat' dir='ltr'>bimus,</span> <span class='ocrx_word' id='word_1_521' title='bbox 2519 3378 2656 3454; x_wconf 92' lang='lat' dir='ltr'>quia</span> <span class='ocrx_word' id='word_1_522' title='bbox 2712 3378 2998 3437; x_wconf 90' lang='lat' dir='ltr'>nimirum</span> <span class='ocrx_word' id='word_1_523' title='bbox 3054 3383 3285 3436; x_wconf 90' lang='lat' dir='ltr'>sanctus</span> <span class='ocrx_word' id='word_1_524' title='bbox 3328 3377 3427 3435; x_wconf 89' lang='lat' dir='ltr'>ille</span> <span class='ocrx_word' id='word_1_525' title='bbox 3476 3376 3568 3435; x_wconf 89' lang='lat' dir='ltr'>vir</span> <span class='ocrx_word' id='word_1_526' title='bbox 3614 3372 3969 3435; x_wconf 84' lang='lat' dir='ltr'>monasteria</span> 
     </span>
    </p>
   </div>
   <div class='ocr_carea' id='block_1_83' title="bbox 2250 3466 3972 3545">
    <p class='ocr_par' dir='ltr' id='par_1_83' title="bbox 2250 3466 3972 3545">
     <span class='ocr_line' id='line_1_83' title="bbox 2250 3466 3972 3545; baseline -0.004 -16"><span class='ocrx_word' id='word_1_527' title='bbox 2250 3471 2485 3545; x_wconf 91' lang='lat' dir='ltr'>quidem</span> <span class='ocrx_word' id='word_1_528' title='bbox 2525 3468 2800 3527; x_wconf 87' lang='lat' dir='ltr'>doctrina</span> <span class='ocrx_word' id='word_1_529' title='bbox 2845 3484 2968 3528; x_wconf 91' lang='lat' dir='ltr'>sua</span> <span class='ocrx_word' id='word_1_530' title='bbox 2997 3468 3282 3527; x_wconf 89' lang='lat' dir='ltr'>mandatis</span> <span class='ocrx_word' id='word_1_531' title='bbox 3328 3466 3601 3538; x_wconf 90' lang='lat' dir='ltr'>instituit,</span> <span class='ocrx_word' id='word_1_532' title='bbox 3633 3480 3805 3540; x_wconf 92' lang='lat' dir='ltr'>super</span> <span class='ocrx_word' id='word_1_533' title='bbox 3844 3478 3972 3522; x_wconf 87' lang='lat' dir='ltr'>ere-</span> 
     </span>
    </p>
   </div>
   <div class='ocr_carea' id='block_1_84' title="bbox 2250 3556 3967 3635">
    <p class='ocr_par' dir='ltr' id='par_1_84' title="bbox 2250 3556 3967 3635">
     <span class='ocr_line' id='line_1_84' title="bbox 2250 3556 3967 3635; baseline -0.003 -14"><span class='ocrx_word' id='word_1_534' title='bbox 2250 3562 2420 3621; x_wconf 90' lang='lat' dir='ltr'>mitas</span> <span class='ocrx_word' id='word_1_535' title='bbox 2450 3576 2583 3619; x_wconf 93' lang='lat' dir='ltr'>vero</span> <span class='ocrx_word' id='word_1_536' title='bbox 2609 3559 2843 3619; x_wconf 90' lang='lat' dir='ltr'>nullum</span> <span class='ocrx_word' id='word_1_537' title='bbox 2874 3560 2985 3619; x_wconf 91' lang='lat' dir='ltr'>sibi</span> <span class='ocrx_word' id='word_1_538' title='bbox 3026 3560 3419 3635; x_wconf 89' lang='lat' dir='ltr'>magisterium</span> <span class='ocrx_word' id='word_1_539' title='bbox 3446 3558 3751 3633; x_wconf 85' lang='lat' dir='ltr'>arrogavit.</span> <span class='ocrx_word' id='word_1_540' title='bbox 3793 3556 3967 3616; x_wconf 89' lang='lat' dir='ltr'>Enu-</span> 
     </span>
    </p>
   </div>
   <div class='ocr_carea' id='block_1_85' title="bbox 2251 3646 3966 3722">
    <p class='ocr_par' dir='ltr' id='par_1_85' title="bbox 2251 3646 3966 3722">
     <span class='ocr_line' id='line_1_85' title="bbox 2251 3646 3966 3722; baseline -0.003 -15"><span class='ocrx_word' id='word_1_541' title='bbox 2251 3649 2484 3707; x_wconf 90' lang='lat' dir='ltr'>meratis</span> <span class='ocrx_word' id='word_1_542' title='bbox 2528 3647 2815 3721; x_wconf 90' lang='lat' dir='ltr'>siquidem</span> <span class='ocrx_word' id='word_1_543' title='bbox 2868 3654 3117 3722; x_wconf 89' lang='lat' dir='ltr'>quatuor</span> <span class='ocrx_word' id='word_1_544' title='bbox 3164 3647 3474 3722; x_wconf 83' lang='lat' dir='ltr'>generibus</span> <span class='ocrx_word' id='word_1_545' title='bbox 3518 3646 3966 3717; x_wconf 89' lang='lat' dir='ltr'>monachorum,</span> 
     </span>
    </p>
   </div>
   <div class='ocr_carea' id='block_1_86' title="bbox 2253 3734 3969 3813">
    <p class='ocr_par' dir='ltr' id='par_1_86' title="bbox 2253 3734 3969 3813">
     <span class='ocr_line' id='line_1_86' title="bbox 2253 3734 3969 3813; baseline -0.003 -17"><span class='ocrx_word' id='word_1_546' title='bbox 2253 3744 2456 3813; x_wconf 84' lang='lat' dir='ltr'>prasto</span> <span class='ocrx_word' id='word_1_547' title='bbox 2485 3738 2792 3811; x_wconf 83' lang='lat' dir='ltr'>subjunxit</span> <span class='ocrx_word' id='word_1_548' title='bbox 2830 3742 2985 3808; x_wconf 87' lang='lat' dir='ltr'>(Reg.</span> <span class='ocrx_word' id='word_1_549' title='bbox 3026 3754 3075 3796; x_wconf 92' lang='lat' dir='ltr'>c.</span> <span class='ocrx_word' id='word_1_550' title='bbox 3126 3738 3178 3806; x_wconf 83' lang='lat'>1)</span> <span class='ocrx_word' id='word_1_551' title='bbox 3212 3756 3224 3794; x_wconf 92' lang='lat'>:</span> <span class='ocrx_word' id='word_1_552' title='bbox 3270 3762 3297 3786; x_wconf 91' lang='grc'><em>‹‹</em></span> <span class='ocrx_word' id='word_1_553' title='bbox 3324 3736 3430 3795; x_wconf 90' lang='lat' dir='ltr'>His</span> <span class='ocrx_word' id='word_1_554' title='bbox 3465 3751 3599 3809; x_wconf 87' lang='lat' dir='ltr'>ergo</span> <span class='ocrx_word' id='word_1_555' title='bbox 3630 3734 3860 3794; x_wconf 90' lang='lat' dir='ltr'>omissis</span> <span class='ocrx_word' id='word_1_556' title='bbox 3888 3734 3969 3792; x_wconf 88' lang='lat' dir='ltr'>ad</span> 
     </span>
    </p>
   </div>
   <div class='ocr_carea' id='block_1_87' title="bbox 2251 3824 3970 3901">
    <p class='ocr_par' dir='ltr' id='par_1_87' title="bbox 2251 3824 3970 3901">
     <span class='ocr_line' id='line_1_87' title="bbox 2251 3824 3970 3901; baseline -0.002 -15"><span class='ocrx_word' id='word_1_557' title='bbox 2251 3827 2670 3886; x_wconf 81' lang='lat' dir='ltr'>canobitarum</span> <span class='ocrx_word' id='word_1_558' title='bbox 2700 3827 3075 3886; x_wconf 85' lang='lat' dir='ltr'>fortissimum</span> <span class='ocrx_word' id='word_1_559' title='bbox 3105 3842 3289 3901; x_wconf 91' lang='lat' dir='ltr'>genus</span> <span class='ocrx_word' id='word_1_560' title='bbox 3319 3826 3765 3899; x_wconf 87' lang='lat' dir='ltr'>disponendum,</span> <span class='ocrx_word' id='word_1_561' title='bbox 3788 3824 3970 3897; x_wconf 84' lang='lat' dir='ltr'>adju-</span> 
     </span>
    </p>
   </div>
   <div class='ocr_carea' id='block_1_88' title="bbox 2251 3914 3969 3990">
    <p class='ocr_par' dir='ltr' id='par_1_88' title="bbox 2251 3914 3969 3990">
     <span class='ocr_line' id='line_1_88' title="bbox 2251 3914 3969 3990; baseline -0.004 -13"><span class='ocrx_word' id='word_1_562' title='bbox 2251 3925 2423 3977; x_wconf 92' lang='lat' dir='ltr'>vante</span> <span class='ocrx_word' id='word_1_563' title='bbox 2458 3916 2726 3985; x_wconf 90' lang='lat' dir='ltr'>Domino,</span> <span class='ocrx_word' id='word_1_564' title='bbox 2768 3914 3091 3975; x_wconf 83' lang='lat' dir='ltr'>veniamus.</span> <span class='ocrx_word' id='word_1_565' title='bbox 3123 3936 3151 3971; x_wconf 90' lang='lat'>»</span> <span class='ocrx_word' id='word_1_566' title='bbox 3190 3914 3299 3985; x_wconf 88' lang='lat' dir='ltr'>Qui</span> <span class='ocrx_word' id='word_1_567' title='bbox 3345 3931 3479 3990; x_wconf 85' lang='lat' dir='ltr'>ergo</span> <span class='ocrx_word' id='word_1_568' title='bbox 3515 3914 3585 3973; x_wconf 90' lang='lat' dir='ltr'>ad</span> <span class='ocrx_word' id='word_1_569' title='bbox 3624 3914 3811 3973; x_wconf 89' lang='lat' dir='ltr'>solum</span> <span class='ocrx_word' id='word_1_570' title='bbox 3843 3927 3969 3971; x_wconf 82' lang='lat' dir='ltr'>cce-</span> 
     </span>
    </p>
   </div>
   <div class='ocr_carea' id='block_1_89' title="bbox 2253 4005 3970 4081">
    <p class='ocr_par' dir='ltr' id='par_1_89' title="bbox 2253 4005 3970 4081">
     <span class='ocr_line' id='line_1_89' title="bbox 2253 4005 3970 4081; baseline -0.004 -13"><span class='ocrx_word' id='word_1_571' title='bbox 2253 4009 2582 4069; x_wconf 88' lang='lat' dir='ltr'>nobitarum</span> <span class='ocrx_word' id='word_1_572' title='bbox 2611 4022 2797 4081; x_wconf 92' lang='lat' dir='ltr'>genus</span> <span class='ocrx_word' id='word_1_573' title='bbox 2832 4023 2893 4065; x_wconf 92' lang='lat' dir='ltr'>se</span> <span class='ocrx_word' id='word_1_574' title='bbox 2926 4006 3170 4065; x_wconf 91' lang='lat' dir='ltr'>contulit</span> <span class='ocrx_word' id='word_1_575' title='bbox 3214 4005 3658 4081; x_wconf 91' lang='lat' dir='ltr'>disponendum,</span> <span class='ocrx_word' id='word_1_576' title='bbox 3699 4008 3970 4079; x_wconf 86' lang='lat' dir='ltr'>patenter</span> 
     </span>
    </p>
   </div>
   <div class='ocr_carea' id='block_1_90' title="bbox 2252 4096 3969 4172">
    <p class='ocr_par' dir='ltr' id='par_1_90' title="bbox 2252 4096 3969 4172">
     <span class='ocr_line' id='line_1_90' title="bbox 2252 4096 3969 4172; baseline -0.001 -17"><span class='ocrx_word' id='word_1_577' title='bbox 2252 4097 2509 4157; x_wconf 91' lang='lat' dir='ltr'>innotuit</span> <span class='ocrx_word' id='word_1_578' title='bbox 2540 4096 2699 4170; x_wconf 91' lang='lat' dir='ltr'>quod</span> <span class='ocrx_word' id='word_1_579' title='bbox 2725 4096 3099 4155; x_wconf 90' lang='lat' dir='ltr'>eremitarum</span> <span class='ocrx_word' id='word_1_580' title='bbox 3131 4096 3240 4156; x_wconf 91' lang='lat' dir='ltr'>sibi</span> <span class='ocrx_word' id='word_1_581' title='bbox 3272 4113 3389 4156; x_wconf 92' lang='lat' dir='ltr'>non</span> <span class='ocrx_word' id='word_1_582' title='bbox 3421 4097 3698 4172; x_wconf 89' lang='lat' dir='ltr'>applicuit</span> <span class='ocrx_word' id='word_1_583' title='bbox 3723 4096 3969 4154; x_wconf 82' lang='lat' dir='ltr'>institu-</span> 
     </span>
    </p>
   </div>
   <div class='ocr_carea' id='block_1_91' title="bbox 2254 4186 3972 4262">
    <p class='ocr_par' dir='ltr' id='par_1_91' title="bbox 2254 4186 3972 4262">
     <span class='ocr_line' id='line_1_91' title="bbox 2254 4186 3972 4262; baseline -0.001 -17"><span class='ocrx_word' id='word_1_584' title='bbox 2254 4192 2398 4246; x_wconf 91' lang='lat' dir='ltr'>tum.</span> <span class='ocrx_word' id='word_1_585' title='bbox 2445 4186 2554 4246; x_wconf 90' lang='lat' dir='ltr'>Sed</span> <span class='ocrx_word' id='word_1_586' title='bbox 2612 4187 2736 4262; x_wconf 89' lang='lat' dir='ltr'>ipsa</span> <span class='ocrx_word' id='word_1_587' title='bbox 2794 4186 2944 4245; x_wconf 88' lang='lat' dir='ltr'>beati</span> <span class='ocrx_word' id='word_1_588' title='bbox 2998 4186 3111 4246; x_wconf 92' lang='lat' dir='ltr'>viri</span> <span class='ocrx_word' id='word_1_589' title='bbox 3166 4187 3259 4245; x_wconf 91' lang='lat' dir='ltr'>hic</span> <span class='ocrx_word' id='word_1_590' title='bbox 3318 4188 3490 4246; x_wconf 90' lang='lat' dir='ltr'>verba</span> <span class='ocrx_word' id='word_1_591' title='bbox 3547 4203 3852 4262; x_wconf 90' lang='lat' dir='ltr'>ponamus,</span> <span class='ocrx_word' id='word_1_592' title='bbox 3911 4192 3972 4244; x_wconf 89' lang='lat' dir='ltr'>et</span> 
     </span>
    </p>
   </div>
   <div class='ocr_carea' id='block_1_92' title="bbox 2255 4275 3971 4351">
    <p class='ocr_par' dir='ltr' id='par_1_92' title="bbox 2255 4275 3971 4351">
     <span class='ocr_line' id='line_1_92' title="bbox 2255 4275 3971 4351; baseline 0.001 -17"><span class='ocrx_word' id='word_1_593' title='bbox 2255 4282 2455 4334; x_wconf 90' lang='lat' dir='ltr'>utrum</span> <span class='ocrx_word' id='word_1_594' title='bbox 2522 4275 2826 4334; x_wconf 83' lang='lat' dir='ltr'>coenobitis</span> <span class='ocrx_word' id='word_1_595' title='bbox 2888 4292 2958 4333; x_wconf 90' lang='lat' dir='ltr'>an</span> <span class='ocrx_word' id='word_1_596' title='bbox 3016 4276 3269 4334; x_wconf 86' lang='lat' dir='ltr'>eremitis</span> <span class='ocrx_word' id='word_1_597' title='bbox 3324 4276 3614 4351; x_wconf 88' lang='lat' dir='ltr'>scripserit</span> <span class='ocrx_word' id='word_1_598' title='bbox 3667 4275 3971 4350; x_wconf 90' lang='lat' dir='ltr'>perspicue</span> 
     </span>
    </p>
   </div>
   <div class='ocr_carea' id='block_1_93' title="bbox 450 4358 3969 4443">
    <p class='ocr_par' dir='ltr' id='par_1_93' title="bbox 450 4358 3969 4443">
     <span class='ocr_line' id='line_1_93' title="bbox 450 4358 3969 4443; baseline 0.002 -24"><span class='ocrx_word' id='word_1_599' title='bbox 450 4367 665 4419; x_wconf 79' lang='lat' dir='ltr'>sancta</span> <span class='ocrx_word' id='word_1_600' title='bbox 726 4358 1051 4433; x_wconf 88' lang='lat' dir='ltr'>prudentia</span> <span class='ocrx_word' id='word_1_601' title='bbox 1111 4368 1320 4419; x_wconf 89' lang='lat' dir='ltr'>vestra</span> <span class='ocrx_word' id='word_1_602' title='bbox 1376 4362 1583 4421; x_wconf 92' lang='lat' dir='ltr'>studiis</span> <span class='ocrx_word' id='word_1_603' title='bbox 1645 4364 1755 4421; x_wconf 92' lang='lat' dir='ltr'>hoc</span> <span class='ocrx_word' id='word_1_604' title='bbox 1817 4364 2162 4423; x_wconf 87' lang='lat' dir='ltr'>obedientia</span> <span class='ocrx_word' id='word_1_605' title='bbox 2254 4364 2651 4425; x_wconf 90' lang='lat' dir='ltr'>discernamus</span> <span class='ocrx_word' id='word_1_606' title='bbox 2700 4368 2882 4438; x_wconf 62' lang='lat' dir='ltr'>(Ibid,</span> <span class='ocrx_word' id='word_1_607' title='bbox 2917 4383 2967 4425; x_wconf 95' lang='lat' dir='ltr'>c.</span> <span class='ocrx_word' id='word_1_608' title='bbox 3008 4367 3095 4436; x_wconf 86' lang='grc'>61)</span> <span class='ocrx_word' id='word_1_609' title='bbox 3137 4387 3149 4425; x_wconf 89' lang='lat'>:</span> <span class='ocrx_word' id='word_1_610' title='bbox 3197 4392 3223 4417; x_wconf 83' lang='lat'>«</span> <span class='ocrx_word' id='word_1_611' title='bbox 3252 4368 3478 4439; x_wconf 77' lang='lat' dir='ltr'>Caveat,</span> <span class='ocrx_word' id='word_1_612' title='bbox 3521 4369 3730 4443; x_wconf 90' lang='lat' dir='ltr'>inquit,</span> <span class='ocrx_word' id='word_1_613' title='bbox 3763 4367 3969 4440; x_wconf 88' lang='lat' dir='ltr'>abbas,</span> 
     </span>
    </p>
   </div>
   <div class='ocr_carea' id='block_1_94' title="bbox 449 4448 3971 4548">
    <p class='ocr_par' dir='ltr' id='par_1_94' title="bbox 449 4448 3971 4548">
     <span class='ocr_line' id='line_1_94' title="bbox 449 4448 3971 4548; baseline 0.002 -41"><span class='ocrx_word' id='word_1_614' title='bbox 449 4462 671 4548; x_wconf 78' lang='lat' dir='ltr'>munus</span> <span class='ocrx_word' id='word_1_615' title='bbox 700 4448 980 4548; x_wconf 41' lang='lat' dir='ltr'>injuugo,‘</span> <span class='ocrx_word' id='word_1_616' title='bbox 1000 4448 1118 4507; x_wconf 90' lang='lat' dir='ltr'>imo</span> <span class='ocrx_word' id='word_1_617' title='bbox 1158 4456 1432 4524; x_wconf 90' lang='lat' dir='ltr'>tauquam</span> <span class='ocrx_word' id='word_1_618' title='bbox 1465 4467 1667 4509; x_wconf 90' lang='lat' dir='ltr'>servus</span> <span class='ocrx_word' id='word_1_619' title='bbox 1695 4458 1866 4526; x_wconf 90' lang='lat' dir='ltr'>atque</span> <span class='ocrx_word' id='word_1_620' title='bbox 1906 4451 2160 4527; x_wconf 90' lang='lat' dir='ltr'>discipu-</span> <span class='ocrx_word' id='word_1_621' title='bbox 2193 4470 2327 4544; x_wconf 78' lang='lat' dir='ltr'>Due</span> <span class='ocrx_word' id='word_1_622' title='bbox 2367 4454 2679 4528; x_wconf 87' lang='lat' dir='ltr'>aliquando</span> <span class='ocrx_word' id='word_1_623' title='bbox 2720 4455 2790 4513; x_wconf 94' lang='lat' dir='ltr'>de</span> <span class='ocrx_word' id='word_1_624' title='bbox 2819 4463 2954 4515; x_wconf 90' lang='lat' dir='ltr'>noto</span> <span class='ocrx_word' id='word_1_625' title='bbox 2995 4457 3337 4515; x_wconf 89' lang='lat' dir='ltr'>monasterio</span> <span class='ocrx_word' id='word_1_626' title='bbox 3367 4456 3715 4516; x_wconf 88' lang='lat' dir='ltr'>monachum</span> <span class='ocrx_word' id='word_1_627' title='bbox 3747 4455 3819 4514; x_wconf 89' lang='lat' dir='ltr'>ad</span> <span class='ocrx_word' id='word_1_628' title='bbox 3858 4457 3971 4514; x_wconf 88' lang='lat' dir='ltr'>ha-</span> 
     </span>
    </p>
   </div>
   <div class='ocr_carea' id='block_1_95' title="bbox 445 4538 3968 4619">
    <p class='ocr_par' dir='ltr' id='par_1_95' title="bbox 445 4538 3968 4619">
     <span class='ocr_line' id='line_1_95' title="bbox 445 4538 3968 4619; baseline 0.001 -22"><span class='ocrx_word' id='word_1_629' title='bbox 445 4539 538 4598; x_wconf 92' lang='lat' dir='ltr'>lus</span> <span class='ocrx_word' id='word_1_630' title='bbox 584 4538 887 4599; x_wconf 85' lang='lat' dir='ltr'>humiliter</span> <span class='ocrx_word' id='word_1_631' title='bbox 928 4539 1187 4613; x_wconf 92' lang='lat' dir='ltr'>obsecro,</span> <span class='ocrx_word' id='word_1_632' title='bbox 1235 4549 1524 4616; x_wconf 89' lang='lat' dir='ltr'>quatenus</span> <span class='ocrx_word' id='word_1_633' title='bbox 1564 4548 1619 4600; x_wconf 87' lang='lat' dir='ltr'>et</span> <span class='ocrx_word' id='word_1_634' title='bbox 1661 4543 1810 4601; x_wconf 89' lang='lat' dir='ltr'>hanc</span> <span class='ocrx_word' id='word_1_635' title='bbox 1860 4543 2163 4617; x_wconf 89' lang='lat' dir='ltr'>epistolam</span> <span class='ocrx_word' id='word_1_636' title='bbox 2195 4538 2227 4544; x_wconf 66' lang='grc'>⁷</span> <span class='ocrx_word' id='word_1_637' title='bbox 2255 4544 2555 4603; x_wconf 90' lang='lat' dir='ltr'>bitandum</span> <span class='ocrx_word' id='word_1_638' title='bbox 2613 4544 2904 4619; x_wconf 88' lang='lat' dir='ltr'>suscipiat,</span> <span class='ocrx_word' id='word_1_639' title='bbox 2957 4545 3084 4603; x_wconf 89' lang='lat' dir='ltr'>sine</span> <span class='ocrx_word' id='word_1_640' title='bbox 3142 4560 3428 4605; x_wconf 86' lang='lat' dir='ltr'>consensu</span> <span class='ocrx_word' id='word_1_641' title='bbox 3489 4543 3712 4602; x_wconf 85' lang='lat' dir='ltr'>abbatis</span> <span class='ocrx_word' id='word_1_642' title='bbox 3764 4543 3881 4601; x_wconf 91' lang='lat' dir='ltr'>sui.</span> <span class='ocrx_word' id='word_1_643' title='bbox 3940 4570 3968 4593; x_wconf 78' lang='grc' dir='ltr'><strong><em>ιι</em></strong></span> 
     </span>
    </p>
   </div>
   <div class='ocr_carea' id='block_1_96' title="bbox 445 4627 2167 4706">
    <p class='ocr_par' dir='ltr' id='par_1_96' title="bbox 445 4627 2167 4706">
     <span class='ocr_line' id='line_1_96' title="bbox 445 4627 2167 4706; baseline 0.003 -20"><span class='ocrx_word' id='word_1_644' title='bbox 445 4629 517 4687; x_wconf 91' lang='lat' dir='ltr'>ad</span> <span class='ocrx_word' id='word_1_645' title='bbox 565 4627 761 4699; x_wconf 88' lang='lat' dir='ltr'>ﬁdem,</span> <span class='ocrx_word' id='word_1_646' title='bbox 824 4644 940 4702; x_wconf 91' lang='lat' dir='ltr'>qua</span> <span class='ocrx_word' id='word_1_647' title='bbox 992 4629 1147 4702; x_wconf 90' lang='lat' dir='ltr'>apud</span> <span class='ocrx_word' id='word_1_648' title='bbox 1188 4646 1294 4689; x_wconf 89' lang='lat' dir='ltr'>nos</span> <span class='ocrx_word' id='word_1_649' title='bbox 1337 4636 1584 4689; x_wconf 88' lang='lat' dir='ltr'>correcta</span> <span class='ocrx_word' id='word_1_650' title='bbox 1632 4638 1735 4702; x_wconf 91' lang='lat' dir='ltr'>est,</span> <span class='ocrx_word' id='word_1_651' title='bbox 1785 4631 2057 4706; x_wconf 88' lang='lat' dir='ltr'>redigatis</span> <span class='ocrx_word' id='word_1_652' title='bbox 2112 4638 2167 4690; x_wconf 92' lang='lat' dir='ltr'>et</span> 
     </span>
    </p>
   </div>
   <div class='ocr_carea' id='block_1_97' title="bbox 443 4720 2166 4797">
    <p class='ocr_par' dir='ltr' id='par_1_97' title="bbox 443 4720 2166 4797">
     <span class='ocr_line' id='line_1_97' title="bbox 443 4720 2166 4797; baseline 0.002 -19"><span class='ocrx_word' id='word_1_653' title='bbox 443 4725 923 4794; x_wconf 69' lang='lat' dir='ltr'>cateraquoque</span> <span class='ocrx_word' id='word_1_654' title='bbox 978 4728 1189 4779; x_wconf 88' lang='lat' dir='ltr'>nostra</span> <span class='ocrx_word' id='word_1_655' title='bbox 1227 4720 1555 4780; x_wconf 90' lang='lat' dir='ltr'>dictationis</span> <span class='ocrx_word' id='word_1_656' title='bbox 1600 4721 1877 4797; x_wconf 87' lang='lat' dir='ltr'>Opuscula</span> <span class='ocrx_word' id='word_1_657' title='bbox 1927 4723 2166 4782; x_wconf 91' lang='lat' dir='ltr'>sollicite</span> 
     </span>
    </p>
   </div>
   <div class='ocr_carea' id='block_1_98' title="bbox 439 4809 2165 4885">
    <p class='ocr_par' dir='ltr' id='par_1_98' title="bbox 439 4809 2165 4885">
     <span class='ocr_line' id='line_1_98' title="bbox 439 4809 2165 4885; baseline 0.004 -19"><span class='ocrx_word' id='word_1_658' title='bbox 439 4809 813 4883; x_wconf 89' lang='lat' dir='ltr'>perlegentes,</span> <span class='ocrx_word' id='word_1_659' title='bbox 848 4809 898 4868; x_wconf 90' lang='lat' dir='ltr'>si</span> <span class='ocrx_word' id='word_1_660' title='bbox 930 4809 1070 4885; x_wconf 91' lang='lat' dir='ltr'>quid</span> <span class='ocrx_word' id='word_1_661' title='bbox 1110 4811 1427 4884; x_wconf 87' lang='lat' dir='ltr'>reperiatur</span> <span class='ocrx_word' id='word_1_662' title='bbox 1467 4813 1806 4883; x_wconf 87' lang='lat' dir='ltr'>absurdum,</span> <span class='ocrx_word' id='word_1_663' title='bbox 1842 4815 1936 4873; x_wconf 92' lang='lat' dir='ltr'>vel</span> <span class='ocrx_word' id='word_1_664' title='bbox 1973 4814 2165 4873; x_wconf 85' lang='lat' dir='ltr'>fundi-</span> 
     </span>
    </p>
   </div>
   <div class='ocr_carea' id='block_1_99' title="bbox 451 4900 2165 4979">
    <p class='ocr_par' dir='ltr' id='par_1_99' title="bbox 451 4900 2165 4979">
     <span class='ocr_line' id='line_1_99' title="bbox 451 4900 2165 4979; baseline 0.002 -19"><span class='ocrx_word' id='word_1_665' title='bbox 451 4908 543 4960; x_wconf 91' lang='lat' dir='ltr'>tus</span> <span class='ocrx_word' id='word_1_666' title='bbox 579 4907 904 4973; x_wconf 86' lang='lat' dir='ltr'>amputare,</span> <span class='ocrx_word' id='word_1_667' title='bbox 951 4900 1043 4958; x_wconf 92' lang='lat' dir='ltr'>vel</span> <span class='ocrx_word' id='word_1_668' title='bbox 1084 4901 1396 4960; x_wconf 90' lang='lat' dir='ltr'>elimatiori</span> <span class='ocrx_word' id='word_1_669' title='bbox 1440 4903 1592 4978; x_wconf 86' lang='lat' dir='ltr'>stle</span> <span class='ocrx_word' id='word_1_670' title='bbox 1639 4904 1901 4979; x_wconf 85' lang='lat' dir='ltr'>digerere</span> <span class='ocrx_word' id='word_1_671' title='bbox 1940 4906 2165 4964; x_wconf 86' lang='lat' dir='ltr'>festine-</span> 
     </span>
    </p>
   </div>
   <div class='ocr_carea' id='block_1_100' title="bbox 450 4989 2164 5068">
    <p class='ocr_par' dir='ltr' id='par_1_100' title="bbox 450 4989 2164 5068">
     <span class='ocr_line' id='line_1_100' title="bbox 450 4989 2164 5068; baseline 0.001 -18"><span class='ocrx_word' id='word_1_672' title='bbox 450 4991 542 5050; x_wconf 92' lang='lat' dir='ltr'>tis.</span> <span class='ocrx_word' id='word_1_673' title='bbox 579 4989 703 5048; x_wconf 86' lang='lat' dir='ltr'>Non</span> <span class='ocrx_word' id='word_1_674' title='bbox 734 4990 890 5047; x_wconf 89' lang='lat' dir='ltr'>enim</span> <span class='ocrx_word' id='word_1_675' title='bbox 924 4989 1247 5049; x_wconf 91' lang='lat' dir='ltr'>timendum</span> <span class='ocrx_word' id='word_1_676' title='bbox 1275 4998 1359 5050; x_wconf 89' lang='lat' dir='ltr'>est</span> <span class='ocrx_word' id='word_1_677' title='bbox 1388 5008 1482 5064; x_wconf 91' lang='lat' dir='ltr'>ne,</span> <span class='ocrx_word' id='word_1_678' title='bbox 1515 4993 1563 5050; x_wconf 92' lang='lat' dir='ltr'>si</span> <span class='ocrx_word' id='word_1_679' title='bbox 1592 5009 1800 5052; x_wconf 88' lang='lat' dir='ltr'>manus</span> <span class='ocrx_word' id='word_1_680' title='bbox 1826 4995 2164 5068; x_wconf 89' lang='lat' dir='ltr'>corrigentis</span> 
     </span>
    </p>
   </div>
   <div class='ocr_carea' id='block_1_101' title="bbox 452 5077 2162 5156">
    <p class='ocr_par' dir='ltr' id='par_1_101' title="bbox 452 5077 2162 5156">
     <span class='ocr_line' id='line_1_101' title="bbox 452 5077 2162 5156; baseline 0.002 -19"><span class='ocrx_word' id='word_1_681' title='bbox 452 5079 702 5151; x_wconf 86' lang='lat' dir='ltr'>accedat,</span> <span class='ocrx_word' id='word_1_682' title='bbox 785 5077 1076 5151; x_wconf 91' lang='lat' dir='ltr'>scriptoris</span> <span class='ocrx_word' id='word_1_683' title='bbox 1170 5080 1452 5140; x_wconf 91' lang='lat' dir='ltr'>articulus</span> <span class='ocrx_word' id='word_1_684' title='bbox 1543 5081 1802 5140; x_wconf 92' lang='lat' dir='ltr'>decorem</span> <span class='ocrx_word' id='word_1_685' title='bbox 1889 5084 2162 5156; x_wconf 87' lang='lat' dir='ltr'>genuina</span> 
     </span>
    </p>
   </div>
   <div class='ocr_carea' id='block_1_102' title="bbox 2251 4631 3973 4708">
    <p class='ocr_par' dir='ltr' id='par_1_102' title="bbox 2251 4631 3973 4708">
     <span class='ocr_line' id='line_1_102' title="bbox 2251 4631 3973 4708; baseline 0 -17"><span class='ocrx_word' id='word_1_686' title='bbox 2251 4632 2362 4703; x_wconf 88' lang='lat' dir='ltr'>Qui</span> <span class='ocrx_word' id='word_1_687' title='bbox 2402 4649 2537 4706; x_wconf 87' lang='lat' dir='ltr'>ergo</span> <span class='ocrx_word' id='word_1_688' title='bbox 2578 4633 2839 4692; x_wconf 90' lang='lat' dir='ltr'>abbatem</span> <span class='ocrx_word' id='word_1_689' title='bbox 2878 4634 3232 4705; x_wconf 86' lang='lat' dir='ltr'>monasterii,</span> <span class='ocrx_word' id='word_1_690' title='bbox 3266 4649 3381 4693; x_wconf 92' lang='lat' dir='ltr'>non</span> <span class='ocrx_word' id='word_1_691' title='bbox 3420 4633 3673 4708; x_wconf 88' lang='lat' dir='ltr'>priorem</span> <span class='ocrx_word' id='word_1_692' title='bbox 3712 4631 3973 4707; x_wconf 88' lang='lat' dir='ltr'>alloqui-</span> 
     </span>
    </p>
   </div>
   <div class='ocr_carea' id='block_1_103' title="bbox 2253 4720 3971 4797">
    <p class='ocr_par' dir='ltr' id='par_1_103' title="bbox 2253 4720 3971 4797">
     <span class='ocr_line' id='line_1_103' title="bbox 2253 4720 3971 4797; baseline 0.001 -20"><span class='ocrx_word' id='word_1_693' title='bbox 2253 4725 2343 4777; x_wconf 90' lang='lat' dir='ltr'>tur</span> <span class='ocrx_word' id='word_1_694' title='bbox 2395 4720 2595 4791; x_wconf 89' lang='lat' dir='ltr'>eremi,</span> <span class='ocrx_word' id='word_1_695' title='bbox 2653 4720 2950 4778; x_wconf 89' lang='lat' dir='ltr'>evidenter</span> <span class='ocrx_word' id='word_1_696' title='bbox 3002 4727 3139 4779; x_wconf 91' lang='lat' dir='ltr'>tunc</span> <span class='ocrx_word' id='word_1_697' title='bbox 3194 4721 3447 4780; x_wconf 90' lang='lat' dir='ltr'>ostendit</span> <span class='ocrx_word' id='word_1_698' title='bbox 3495 4721 3633 4797; x_wconf 85' lang='lat' dir='ltr'>quia</span> <span class='ocrx_word' id='word_1_699' title='bbox 3675 4720 3971 4795; x_wconf 86' lang='lat' dir='ltr'>quidquid</span> 
     </span>
    </p>
   </div>
   <div class='ocr_carea' id='block_1_104' title="bbox 2250 4808 3973 4884">
    <p class='ocr_par' dir='ltr' id='par_1_104' title="bbox 2250 4808 3973 4884">
     <span class='ocr_line' id='line_1_104' title="bbox 2250 4808 3973 4884; baseline 0.002 -20"><span class='ocrx_word' id='word_1_700' title='bbox 2250 4808 2500 4879; x_wconf 86' lang='lat' dir='ltr'>scripsit,</span> <span class='ocrx_word' id='word_1_701' title='bbox 2546 4823 2663 4867; x_wconf 91' lang='lat' dir='ltr'>non</span> <span class='ocrx_word' id='word_1_702' title='bbox 2702 4808 2980 4881; x_wconf 91' lang='lat' dir='ltr'>eremitis,</span> <span class='ocrx_word' id='word_1_703' title='bbox 3019 4809 3116 4867; x_wconf 90' lang='lat' dir='ltr'>sed</span> <span class='ocrx_word' id='word_1_704' title='bbox 3150 4809 3451 4868; x_wconf 81' lang='lat' dir='ltr'>canobitis</span> <span class='ocrx_word' id='word_1_705' title='bbox 3498 4809 3709 4884; x_wconf 88' lang='lat' dir='ltr'>potius,</span> <span class='ocrx_word' id='word_1_706' title='bbox 3762 4814 3827 4868; x_wconf 92' lang='lat' dir='ltr'>ut</span> <span class='ocrx_word' id='word_1_707' title='bbox 3877 4824 3973 4868; x_wconf 89' lang='lat' dir='ltr'>se-</span> 
     </span>
    </p>
   </div>
   <div class='ocr_carea' id='block_1_105' title="bbox 2249 4898 3975 4976">
    <p class='ocr_par' dir='ltr' id='par_1_105' title="bbox 2249 4898 3975 4976">
     <span class='ocr_line' id='line_1_105' title="bbox 2249 4898 3975 4976; baseline 0 -19"><span class='ocrx_word' id='word_1_708' title='bbox 2249 4906 2585 4972; x_wconf 91' lang='lat' dir='ltr'>querentur,</span> <span class='ocrx_word' id='word_1_709' title='bbox 2630 4898 2910 4974; x_wconf 87' lang='lat' dir='ltr'>injunxit.</span> <span class='ocrx_word' id='word_1_710' title='bbox 2961 4899 3138 4959; x_wconf 87' lang='lat' dir='ltr'>Porro</span> <span class='ocrx_word' id='word_1_711' title='bbox 3175 4906 3389 4973; x_wconf 87' lang='lat' dir='ltr'>autem,</span> <span class='ocrx_word' id='word_1_712' title='bbox 3434 4901 3572 4976; x_wconf 91' lang='lat' dir='ltr'>quia</span> <span class='ocrx_word' id='word_1_713' title='bbox 3614 4900 3736 4975; x_wconf 91' lang='lat' dir='ltr'>jam</span> <span class='ocrx_word' id='word_1_714' title='bbox 3778 4900 3975 4958; x_wconf 89' lang='lat' dir='ltr'>mani-</span> 
     </span>
    </p>
   </div>
   <div class='ocr_carea' id='block_1_106' title="bbox 2249 4990 3976 5065">
    <p class='ocr_par' dir='ltr' id='par_1_106' title="bbox 2249 4990 3976 5065">
     <span class='ocr_line' id='line_1_106' title="bbox 2249 4990 3976 5065; baseline 0.001 -18"><span class='ocrx_word' id='word_1_715' title='bbox 2249 4990 2391 5049; x_wconf 76' lang='lat' dir='ltr'>teste</span> <span class='ocrx_word' id='word_1_716' title='bbox 2447 4990 2772 5063; x_wconf 88' lang='lat' dir='ltr'>docuimus,</span> <span class='ocrx_word' id='word_1_717' title='bbox 2827 4991 2983 5065; x_wconf 92' lang='lat' dir='ltr'>quod</span> <span class='ocrx_word' id='word_1_718' title='bbox 3043 4990 3100 5051; x_wconf 89' lang='lat' dir='ltr'>S.</span> <span class='ocrx_word' id='word_1_719' title='bbox 3170 4992 3517 5051; x_wconf 88' lang='lat' dir='ltr'>Benedictus</span> <span class='ocrx_word' id='word_1_720' title='bbox 3573 4992 3834 5051; x_wconf 89' lang='lat' dir='ltr'>alienum</span> <span class='ocrx_word' id='word_1_721' title='bbox 3908 4991 3976 5048; x_wconf 89' lang='lat' dir='ltr'>in</span> 
     </span>
    </p>
   </div>
   <div class='ocr_carea' id='block_1_107' title="bbox 2248 5081 3975 5156">
    <p class='ocr_par' dir='ltr' id='par_1_107' title="bbox 2248 5081 3975 5156">
     <span class='ocr_line' id='line_1_107' title="bbox 2248 5081 3975 5156; baseline 0.001 -19"><span class='ocrx_word' id='word_1_722' title='bbox 2248 5095 2439 5140; x_wconf 91' lang='lat' dir='ltr'>eremo</span> <span class='ocrx_word' id='word_1_723' title='bbox 2470 5081 2679 5154; x_wconf 93' lang='lat' dir='ltr'>suscipi</span> <span class='ocrx_word' id='word_1_724' title='bbox 2719 5096 2836 5139; x_wconf 91' lang='lat' dir='ltr'>non</span> <span class='ocrx_word' id='word_1_725' title='bbox 2866 5081 3184 5156; x_wconf 89' lang='lat' dir='ltr'>prohibuit,</span> <span class='ocrx_word' id='word_1_726' title='bbox 3219 5081 3593 5142; x_wconf 90' lang='lat' dir='ltr'>ostendamus</span> <span class='ocrx_word' id='word_1_727' title='bbox 3621 5096 3785 5140; x_wconf 88' lang='lat' dir='ltr'>nunc</span> <span class='ocrx_word' id='word_1_728' title='bbox 3814 5097 3975 5155; x_wconf 90' lang='lat' dir='ltr'>qua-</span> 
     </span>
    </p>
   </div>
   <div class='ocr_carea' id='block_1_108' title="bbox 456 5167 3976 5244">
    <p class='ocr_par' dir='ltr' id='par_1_108' title="bbox 456 5167 3976 5244">
     <span class='ocr_line' id='line_1_108' title="bbox 456 5167 3976 5244; baseline 0.001 -19"><span class='ocrx_word' id='word_1_729' title='bbox 456 5169 772 5226; x_wconf 85' lang='lat' dir='ltr'>venustatis</span> <span class='ocrx_word' id='word_1_730' title='bbox 819 5169 1060 5232; x_wconf 88' lang='lat' dir='ltr'>amittat,</span> <span class='ocrx_word' id='word_1_731' title='bbox 1115 5169 1215 5226; x_wconf 89' lang='lat' dir='ltr'>sed</span> <span class='ocrx_word' id='word_1_732' title='bbox 1266 5170 1371 5227; x_wconf 91' lang='lat' dir='ltr'>hoc</span> <span class='ocrx_word' id='word_1_733' title='bbox 1422 5170 1614 5244; x_wconf 84' lang='lat' dir='ltr'>potius</span> <span class='ocrx_word' id='word_1_734' title='bbox 1660 5169 2059 5240; x_wconf 89' lang='lat' dir='ltr'>adnitendum,</span> <span class='ocrx_word' id='word_1_735' title='bbox 2098 5176 2163 5230; x_wconf 92' lang='lat' dir='ltr'>ut</span> <span class='ocrx_word' id='word_1_736' title='bbox 2249 5167 2398 5239; x_wconf 91' lang='lat' dir='ltr'>liter,</span> <span class='ocrx_word' id='word_1_737' title='bbox 2431 5176 2493 5227; x_wconf 92' lang='lat' dir='ltr'>ut</span> <span class='ocrx_word' id='word_1_738' title='bbox 2538 5169 2648 5227; x_wconf 94' lang='lat' dir='ltr'>hoc</span> <span class='ocrx_word' id='word_1_739' title='bbox 2684 5169 2864 5242; x_wconf 82' lang='lat' dir='ltr'>ﬁeret,</span> <span class='ocrx_word' id='word_1_740' title='bbox 2897 5169 3007 5227; x_wconf 88' lang='lat' dir='ltr'>hoc</span> <span class='ocrx_word' id='word_1_741' title='bbox 3045 5175 3148 5241; x_wconf 91' lang='lat' dir='ltr'>est,</span> <span class='ocrx_word' id='word_1_742' title='bbox 3180 5178 3241 5229; x_wconf 90' lang='lat' dir='ltr'>ut</span> <span class='ocrx_word' id='word_1_743' title='bbox 3291 5173 3614 5229; x_wconf 89' lang='lat' dir='ltr'>monachus</span> <span class='ocrx_word' id='word_1_744' title='bbox 3645 5171 3719 5229; x_wconf 91' lang='lat' dir='ltr'>de</span> <span class='ocrx_word' id='word_1_745' title='bbox 3756 5184 3976 5229; x_wconf 91' lang='lat' dir='ltr'>mona-</span> 
     </span>
    </p>
   </div>
   <div class='ocr_carea' id='block_1_109' title="bbox 450 5257 3978 5334">
    <p class='ocr_par' dir='ltr' id='par_1_109' title="bbox 450 5257 3978 5334">
     <span class='ocr_line' id='line_1_109' title="bbox 450 5257 3978 5334; baseline 0.002 -21"><span class='ocrx_word' id='word_1_746' title='bbox 450 5259 587 5316; x_wconf 82' lang='lat' dir='ltr'>dum</span> <span class='ocrx_word' id='word_1_747' title='bbox 636 5258 770 5332; x_wconf 73' lang='lat' dir='ltr'>styli</span> <span class='ocrx_word' id='word_1_748' title='bbox 808 5258 1094 5317; x_wconf 90' lang='lat' dir='ltr'>currentis</span> <span class='ocrx_word' id='word_1_749' title='bbox 1144 5258 1455 5318; x_wconf 90' lang='lat' dir='ltr'>urbanitati</span> <span class='ocrx_word' id='word_1_750' title='bbox 1500 5274 1610 5319; x_wconf 91' lang='lat' dir='ltr'>non</span> <span class='ocrx_word' id='word_1_751' title='bbox 1662 5259 1933 5333; x_wconf 85' lang='lat' dir='ltr'>parcitur,</span> <span class='ocrx_word' id='word_1_752' title='bbox 1984 5262 2159 5321; x_wconf 89' lang='lat' dir='ltr'>sobrii</span> <span class='ocrx_word' id='word_1_753' title='bbox 2246 5257 2420 5315; x_wconf 89' lang='lat' dir='ltr'>sterio</span> <span class='ocrx_word' id='word_1_754' title='bbox 2457 5257 2746 5316; x_wconf 89' lang='lat' dir='ltr'>festinaret</span> <span class='ocrx_word' id='word_1_755' title='bbox 2795 5258 2866 5315; x_wconf 89' lang='lat' dir='ltr'>ad</span> <span class='ocrx_word' id='word_1_756' title='bbox 2897 5273 3177 5329; x_wconf 84' lang='lat' dir='ltr'>eremum,</span> <span class='ocrx_word' id='word_1_757' title='bbox 3210 5258 3384 5317; x_wconf 91' lang='lat' dir='ltr'>etiam</span> <span class='ocrx_word' id='word_1_758' title='bbox 3420 5258 3771 5334; x_wconf 88' lang='lat' dir='ltr'>provocavit.</span> <span class='ocrx_word' id='word_1_759' title='bbox 3825 5258 3978 5319; x_wconf 86' lang='lat' dir='ltr'>Hac</span> 
     </span>
    </p>
   </div>
   <div class='ocr_carea' id='block_1_110' title="bbox 455 5345 3975 5421">
    <p class='ocr_par' dir='ltr' id='par_1_110' title="bbox 455 5345 3975 5421">
     <span class='ocr_line' id='line_1_110' title="bbox 455 5345 3975 5421; baseline 0.001 -19"><span class='ocrx_word' id='word_1_760' title='bbox 455 5345 780 5406; x_wconf 85' lang='lat' dir='ltr'>intellectus</span> <span class='ocrx_word' id='word_1_761' title='bbox 847 5346 1045 5421; x_wconf 88' lang='lat' dir='ltr'>regula</span> <span class='ocrx_word' id='word_1_762' title='bbox 1102 5346 1516 5406; x_wconf 81' lang='lat' dir='ltr'>inviolabiliter</span> <span class='ocrx_word' id='word_1_763' title='bbox 1564 5356 1955 5409; x_wconf 90' lang='lat' dir='ltr'>conservetur.</span> <span class='ocrx_word' id='word_1_764' title='bbox 2014 5349 2155 5409; x_wconf 89' lang='lat' dir='ltr'>Cum</span> <span class='ocrx_word' id='word_1_765' title='bbox 2247 5346 2444 5421; x_wconf 89' lang='lat' dir='ltr'>itaque</span> <span class='ocrx_word' id='word_1_766' title='bbox 2491 5354 2683 5404; x_wconf 90' lang='lat' dir='ltr'>nostra</span> <span class='ocrx_word' id='word_1_767' title='bbox 2725 5361 2843 5404; x_wconf 91' lang='lat' dir='ltr'>non</span> <span class='ocrx_word' id='word_1_768' title='bbox 2886 5352 3040 5416; x_wconf 88' lang='lat' dir='ltr'>sunt,</span> <span class='ocrx_word' id='word_1_769' title='bbox 3075 5346 3173 5405; x_wconf 92' lang='lat' dir='ltr'>sed</span> <span class='ocrx_word' id='word_1_770' title='bbox 3223 5347 3481 5421; x_wconf 87' lang='lat' dir='ltr'>ejusdem</span> <span class='ocrx_word' id='word_1_771' title='bbox 3543 5347 3725 5405; x_wconf 90' lang='lat' dir='ltr'>Patris</span> <span class='ocrx_word' id='word_1_772' title='bbox 3782 5348 3975 5406; x_wconf 86' lang='lat' dir='ltr'>nostri</span> 
     </span>
    </p>
   </div>
   <div class='ocr_carea' id='block_1_111' title="bbox 455 5432 3973 5511">
    <p class='ocr_par' dir='ltr' id='par_1_111' title="bbox 455 5432 3973 5511">
     <span class='ocr_line' id='line_1_111' title="bbox 455 5432 3973 5511; baseline 0.002 -24"><span class='ocrx_word' id='word_1_773' title='bbox 455 5432 630 5504; x_wconf 78' lang='lat' dir='ltr'>igitur</span> <span class='ocrx_word' id='word_1_774' title='bbox 671 5434 727 5490; x_wconf 91' lang='lat' dir='ltr'>in</span> <span class='ocrx_word' id='word_1_775' title='bbox 766 5448 865 5491; x_wconf 91' lang='lat' dir='ltr'>ore</span> <span class='ocrx_word' id='word_1_776' title='bbox 906 5435 1158 5493; x_wconf 91' lang='lat' dir='ltr'>duorum</span> <span class='ocrx_word' id='word_1_777' title='bbox 1200 5433 1292 5493; x_wconf 91' lang='lat' dir='ltr'>vel</span> <span class='ocrx_word' id='word_1_778' title='bbox 1336 5434 1513 5493; x_wconf 87' lang='lat' dir='ltr'>trium</span> <span class='ocrx_word' id='word_1_779' title='bbox 1557 5438 1789 5495; x_wconf 89' lang='lat' dir='ltr'>testium</span> <span class='ocrx_word' id='word_1_780' title='bbox 1830 5444 1937 5496; x_wconf 89' lang='lat' dir='ltr'>stet</span> <span class='ocrx_word' id='word_1_781' title='bbox 1985 5450 2158 5498; x_wconf 88' lang='lat' dir='ltr'>omne</span> <span class='ocrx_word' id='word_1_782' title='bbox 2248 5436 2420 5494; x_wconf 88' lang='lat' dir='ltr'>verba</span> <span class='ocrx_word' id='word_1_783' title='bbox 2460 5438 2538 5506; x_wconf 91' lang='lat' dir='ltr'>(S.</span> <span class='ocrx_word' id='word_1_784' title='bbox 2572 5438 2701 5493; x_wconf 85' lang='lat' dir='ltr'>Ben.</span> <span class='ocrx_word' id='word_1_785' title='bbox 2734 5438 2865 5505; x_wconf 86' lang='lat' dir='ltr'>Reg.</span> <span class='ocrx_word' id='word_1_786' title='bbox 2907 5451 2957 5494; x_wconf 95' lang='lat' dir='ltr'>c.</span> <span class='ocrx_word' id='word_1_787' title='bbox 3002 5435 3054 5505; x_wconf 85' lang='lat' dir='ltr'>t)</span> <span class='ocrx_word' id='word_1_788' title='bbox 3097 5455 3109 5494; x_wconf 92' lang='lat'><strong>:</strong></span> <span class='ocrx_word' id='word_1_789' title='bbox 3160 5459 3181 5489; x_wconf 76' lang='grc' dir='ltr'>ι</span> <span class='ocrx_word' id='word_1_790' title='bbox 3216 5435 3573 5508; x_wconf 90' lang='lat' dir='ltr'>Secundum,</span> <span class='ocrx_word' id='word_1_791' title='bbox 3615 5436 3829 5511; x_wconf 91' lang='lat' dir='ltr'>inquit,</span> <span class='ocrx_word' id='word_1_792' title='bbox 3862 5452 3973 5509; x_wconf 76' lang='lat' dir='ltr'>ge-</span> 
     </span>
    </p>
   </div>
   <div class='ocr_carea' id='block_1_112' title="bbox 513 5599 1210 5663">
    <p class='ocr_par' dir='ltr' id='par_1_112' title="bbox 513 5599 1210 5663">
     <span class='ocr_line' id='line_1_112' title="bbox 513 5599 1210 5663; baseline 0.017 -16"><span class='ocrx_word' id='word_1_793' title='bbox 513 5599 615 5663; x_wconf 82' lang='lat'>(96)</span> <span class='ocrx_word' id='word_1_794' title='bbox 652 5600 879 5663; x_wconf 82' lang='lat' dir='ltr'>Epistola</span> <span class='ocrx_word' id='word_1_795' title='bbox 905 5607 961 5657; x_wconf 84' lang='lat'>16</span> <span class='ocrx_word' id='word_1_796' title='bbox 984 5604 1108 5659; x_wconf 86' lang='lat' dir='ltr'>libri</span> <span class='ocrx_word' id='word_1_797' title='bbox 1134 5615 1210 5660; x_wconf 82' lang='lat' dir='ltr'>tv.</span> 
     </span>
    </p>
   </div>
  </div>
