4170 6462
364 334 477 394 395

1438 367 1456 385 -
1501 335 1706 394 LIBER
1742 333 2041 403 SEXTUS,
2083 335 2302 394 EPIST.
2345 335 2438 393 Xll

3530 335 3634 396 391

367 464 472 505 nus
496 457 573 504 est
601 447 1076 515 anachoretarum,
1098 448 1158 507 id
1182 457 1287 517 est,
1313 450 1686 506 eremitarum.
1725 423 1951 514 llorum,
1980 454 2030 513 Α
2057 449 2185 506 illuc
2226 451 2544 507 cohortatus
2587 449 2801 508 invitat.
2832 449 2932 507 ilic
2969 452 3212 523 spiritale
3247 461 3524 510 certamen
3557 453 3639 510 in-

365 538 461 611 qui
495 553 603 593 non
635 539 1008 594 conversionis
1039 538 1254 596 fervore
1299 540 1524 604 novitio,
1556 541 1652 596 sed
1687 549 1954 596 monaste-

365 631 436 687 rii
463 631 787 705 probatione
811 631 1066 685 diuturna
1091 631 1396 687 didicerunt
1423 639 1615 686 contra
1655 629 1951 696 diabolum,

360 723 664 780 multorum
709 721 906 776 solatio
935 719 1052 788 jam
1097 720 1265 785 docti,
1292 735 1566 792 pugnare;
1605 728 1660 776 et
1687 719 1824 776 bene
1873 721 1954 774 itt-

366 813 565 870 structi
615 813 857 867 fraterna
907 826 972 866 ex
1029 811 1178 877 acie,
1215 811 1295 866 ad
1344 811 1671 882 singularem
1724 825 1953 882 pugnam

366 903 561 968 eremi,
603 903 779 958 securi
823 899 936 970 jam
970 902 1090 956 sine
1128 900 1504 956 consolatione
1543 899 1792 964 alterius,
1840 899 1954 954 sola

365 1011 556 1059 manu,
585 994 671 1050 vel
697 995 945 1059 brachio,
991 1001 1180 1049 contra
1216 993 1347 1047 vitia
1383 992 1588 1058 carnis,
1621 990 1704 1047 vel
1747 991 1954 1062 cogita-

371 1087 602 1150 tionum,
651 1085 763 1141 Deo
811 1084 1130 1150 auxiliante,
1185 1082 1460 1140 sufﬁciunt
1506 1096 1765 1154 pugnare.
1801 1101 1821 1134 ι
1876 1081 1957 1135 Ex

368 1177 568 1246 quibus
591 1177 781 1246 utique
811 1175 1100 1231 manifeste
1129 1175 1400 1246 colligitur
1427 1175 1552 1244 quia
1582 1177 1772 1230 doctor
1803 1173 1958 1229 almi-

370 1265 508 1322 ﬁcus
538 1267 606 1323 de
637 1266 968 1322 monasterio
1011 1265 1236 1321 fratrem
1273 1266 1572 1335 quemlibet
1613 1265 1683 1320 ad
1715 1278 1956 1320 eremum

2051 542 2257 612 cipere,
2296 541 2404 598 illic
2430 542 2620 599 edocet
2653 557 3052 600 consummare.
3098 543 3195 600 llic
3221 545 3476 600 admonet
3510 547 3640 602 tiro-

2051 641 2213 686 natus
2261 647 2410 686 arma
2464 632 2740 703 corripere
2765 673 2783 699 ,
2822 642 2887 688 ut
2927 633 3035 690 illic
3077 636 3288 692 noverit
3341 636 3638 707 phalangas

2053 723 2288 779 hostium
2325 723 2689 795 vitiorumque
2736 725 3042 782 barbariem
3091 742 3197 782 non
3225 727 3501 782 enerviter
3532 729 3636 783 ob-

2053 822 2330 871 truncare.
2388 815 2497 872 Sed
2547 816 2686 873 forte
2737 819 2951 874 dicatur
2995 821 3121 890 quia
3165 836 3264 875 nos
3321 820 3494 876 sancti
3537 821 3640 874 viri

2051 905 2216 961 verba
2247 905 2316 961 ad
2343 915 2541 962 nostra
2567 908 2862 965 voluntatis
2886 909 3170 964 arbitrium
3196 909 3460 966 violenter
3489 909 3640 965 inﬂe-

2053 997 2290 1064 ctimus,
2341 1003 2400 1052 et
2450 999 2629 1067 potius
2681 1001 3014 1070 argumentis
3070 1001 3352 1054 innitimur
3393 1016 3554 1070 quam
3584 1000 3642 1054 in

2056 1087 2160 1140 hac
2188 1087 2634 1156 interpretatione
2656 1090 2944 1144 verborum
2971 1090 3125 1146 nobis
3149 1088 3476 1162 suffragetur
3505 1090 3646 1146 veri-

2057 1186 2162 1231 tas.
2195 1175 2538 1246 lnquiramus
2563 1177 2738 1233 adhuc
2765 1179 3136 1234 beatissimum
3172 1181 3374 1245 virum,
3417 1189 3477 1234 ut
3503 1180 3647 1251 quod

2057 1279 2220 1334 super
2250 1263 2407 1332 hujus
2433 1265 2844 1335 disceptationis
2887 1269 3115 1324 articulo
3161 1270 3356 1325 sentiat
3390 1270 3644 1325 enuclea-

369 1357 738 1428 conscendere
785 1373 892 1412 non
922 1357 1082 1412 modo
1128 1372 1234 1412 non
1263 1357 1559 1426 prohibuit,
1591 1372 1778 1412 verum
1811 1356 1959 1412 insu-
2055 1353 2167 1407 tius
2192 1353 2486 1420 elucescat,
2525 1365 2585 1410 et
2621 1355 2709 1410 illa
2735 1357 2952 1425 quidem
2976 1358 3095 1428 ejus
3121 1374 3241 1428 quae
3275 1375 3438 1430 supra
3470 1361 3653 1430 posui-

369 1463 470 1520 per
497 1448 707 1503 monuit
731 1457 786 1502 et
807 1449 1009 1514 docuit;
1040 1448 1260 1518 insuper
1291 1448 1454 1505 etiam
1481 1449 1801 1520 quibusdam
1832 1461 1958 1518 per-
2057 1461 2181 1500 ntus
2231 1445 2286 1500 in
2334 1447 2452 1516 ipso
2507 1457 2706 1504 sancta;
2758 1450 2956 1517 regulae
3007 1452 3354 1521 reperiuntur
3403 1453 3647 1508 exordio.

371 1541 716 1597 suasionibus
765 1541 1028 1597 incitavit.
1073 1541 1470 1597 Auctoritatem
1511 1542 1710 1612 quippe
1755 1542 1865 1606 dat,
1901 1548 1963 1596 ut
2061 1533 2355 1591 Videamus
2373 1551 2518 1592 nunc
2534 1553 2642 1608 quo
2660 1540 2906 1594 eamdem
2928 1541 3166 1612 regulam
3194 1543 3300 1598 fine
3328 1543 3650 1599 concludat:

369 1635 626 1690 diuturna
671 1633 821 1705 prius
860 1635 1179 1703 probatione
1223 1633 1394 1688 frater
1434 1634 1490 1689 in
1521 1633 1850 1688 monasterio
1873 1631 1960 1686 di-
2065 1644 2088 1680 ι
2123 1627 2383 1699 Regulam
2411 1639 2593 1686 autem
2623 1631 2760 1688 hanc
2784 1633 3188 1704 descripsimus,
3221 1646 3279 1692 ut
3300 1637 3442 1693 hanc
3467 1639 3656 1694 obser-

372 1734 490 1781 scat
511 1724 746 1796 qualiter
774 1725 828 1780 in
854 1739 1040 1781 eremo
1064 1734 1252 1780 contra
1277 1723 1460 1780 callidi
1493 1723 1778 1779 tentatoris
1803 1737 1964 1794 arguo
1996 1791 2025 1796 _
2063 1728 2256 1775 vantes
2299 1719 2354 1775 in
2404 1723 2750 1778 monasteriis
2791 1723 3152 1794 aliquatenus,
3184 1727 3268 1783 vel
3314 1729 3654 1784 honestatem

373 1791 554 1872 menta
582 1815 856 1887 confligat.
887 1815 986 1870 llic
1009 1815 1152 1870 enim
1176 1831 1417 1886 pugnare
1444 1814 1737 1871 multorum
1768 1791 1961 1869 solatio
1993 1791 2040 1855 Β
2067 1827 2301 1885 morum,
2345 1823 2438 1868 aut
2472 1814 2685 1870 initium
2717 1791 3154 1874 conversationis
3177 1835 3277 1876 nos
3322 1821 3657 1877 demonstre-

375 1903 548 1960 fretus
593 1905 828 1971 inchoat,
881 1913 941 1959 ut
979 1904 1088 1959 illic
1135 1905 1475 1975 postmodum
1509 1904 1624 1961 sola
1671 1919 1833 1960 manu
1879 1902 1966 1958 vel
2065 1916 2188 1956 mus
2217 1903 2438 1958 habere.
2467 1903 2754 1971 Caeterum,
2786 1907 2877 1976 qui
2917 1908 2985 1962 ad
3011 1909 3398 1978 perfectionem
3431 1927 3658 1967 conver-

373 1999 598 2056 brachio
641 1997 1051 2069 infatigabiliter
1083 2012 1142 2053 se
1165 2006 1223 2052 et
1265 1997 1638 2054 indesinenter
1681 2009 1964 2062 exercens,

375 2090 557 2147 carnis
603 2091 981 2164 ingruentibus
1030 2090 1197 2156 vitiis,
1247 2089 1333 2146 vel
1384 2089 1818 2163 cogitationibus.
1859 2103 1966 2144 non

374 2182 712 2238 succumbat.
743 2178 842 2236 Hic
873 2181 1006 2248 tiro;
1041 2180 1153 2236 illic
1181 2181 1355 2236 miles.
1396 2180 1495 2236 llic
1524 2181 1674 2236 rudis
1707 2190 1762 2237 et
1788 2190 1963 2246 tener,

374 2275 471 2344 qui
498 2273 598 2329 sub
624 2272 798 2343 campi
826 2273 1050 2328 doctore
1089 2271 1478 2327 certaminibus
1517 2271 1811 2336 assuescit;
1861 2271 1969 2326 illic

379 2367 664 2420 roboratus
697 2361 812 2431 jam
857 2363 1108 2418 cominus
1135 2361 1377 2426 dimicat,
1408 2369 1466 2415 et
1491 2361 1766 2430 singulare
1794 2371 1970 2416 certa-

379 2470 504 2510 men
530 2453 734 2510 Christi
769 2453 1068 2508 monachus
1114 2468 1223 2508 non
1273 2460 1508 2508 recusat.
1558 2451 1658 2507 llic
1703 2451 1850 2508 velut
1873 2467 1972 2522 per

383 2543 650 2599 simulatae
690 2557 882 2614 pugna:
915 2540 1255 2612 proludium;
1307 2540 1419 2596 illic
1467 2541 1622 2597 docta
1669 2557 1860 2596 manus
1902 2542 1970 2596 ad

378 2635 565 2708 praelia
581 2633 837 2691 confserit
851 2647 1120 2701 arma,nec
1134 2633 1501 2702 perhorrescit
1521 2634 1855 2703 constipatos
1871 2633 1974 2688 im-

381 2738 538 2800 pctus
562 2726 902 2782 bellatorum.
927 2724 1038 2780 lllic
1053 2724 1216 2796 198
1240 2725 1400 2780 homo
1422 2723 1490 2780 de
1510 2723 1706 2780 saeculo
1726 2724 1970 2789 veniens,

385 2816 532 2872 velut
573 2815 763 2870 urbem
809 2814 1087 2886 parvulam
1118 2813 1290 2885 Segor
1315 2813 1382 2868 de
1415 2812 1664 2869 Sodomis
1696 2827 1970 2884 egressus,

387 2906 720 2978 ingreditur;
753 2920 876 2960 cum
903 2919 1033 2960 vero
1067 2903 1134 2959 ad
1161 2919 1404 2959 eremum
1449 2903 1660 2968 transit,
1703 2900 1817 2972 jam
1847 2917 1973 2958 cum

383 3001 578 3055 eodem
605 2997 744 3053 Loth
782 3005 1036 3052 montana
1071 2996 1387 3052 conscendit
1422 2994 1574 3066 (Gen.
1605 2994 1740 3066 xix).

453 3089 537 3144 Ad
565 3086 912 3159 perfectionis
937 3087 1102 3158 igitur
1137 3102 1406 3144 summam
1433 3086 1758 3148 tendenti,et
1780 3101 1972 3144 mona-

385 3148 611 3238 sterium
635 3179 900 3235 transitus
928 3148 1127 3234 dicitur
1151 3193 1274 3234 esse
1320 3193 1426 3233 non
1468 3177 1698 3242 mansio,
1739 3193 1845 3233 non
1877 3175 1972 3231 ha-
2002 3148 2048 3209 ί)

386 3272 598 3337 bitatio,
640 3271 736 3327 sed
782 3271 1107 3341 hospitium;
1167 3285 1274 3327 non
1322 3269 1447 3326 linis
1488 3269 1823 3335 intentionis,
1878 3269 1973 3324 sed

385 3363 632 3432 quaedam
658 3349 814 3433 quies
844 3361 1071 3415 itineris.
1101 3359 1184 3416 Ad
1219 3362 1322 3416 hoc
1354 3360 1515 3430 plane
1539 3359 1769 3430 quisque
1796 3359 1976 3430 signa-

387 3468 478 3514 tur
505 3459 731 3514 idoneus
770 3465 832 3511 ut
874 3471 998 3512 eum
1049 3455 1117 3510 ad
1159 3454 1585 3510 ecclesiasticum
1614 3453 1860 3509 ordinem
1889 3469 1977 3510 sa-

385 3547 686 3604 cerdotalis.
701 3545 896 3603 electio
923 3544 1218 3617 provehat;
1259 3545 1327 3599 ad
1357 3544 1461 3599 hoc
1499 3542 1974 3614 grammaticorum

388 3639 604 3696 scholas
632 3638 949 3710 ingreditur,
988 3646 1067 3702 ut,
1097 3652 1220 3691 cum
1249 3633 1411 3690 fuerit
1447 3634 1500 3689 in
1540 3642 1658 3688 arte
1682 3633 1974 3702 perfectus.

389 3729 660 3795 discedat;
679 3730 747 3785 ad
769 3729 871 3784 hoc
892 3728 1029 3784 scita
1049 3726 1222 3799 legum
1245 3725 1511 3797 quispiam
1533 3725 1713 3782 studet
1730 3723 1976 3794 adipisci,

389 3829 449 3876 ut
489 3833 779 3876 causarum
828 3817 1124 3874 forensium
1174 3817 1296 3874 lites
1345 3817 1646 3872 luculenter
1699 3815 1874 3872 valeat
1922 3813 1978 3869 in

391 3909 759 3968 tribunalibus
783 3909 1022 3981 judicutn
1055 3923 1330 3980 perorare.
1387 3908 1540 3964 Sicut
1580 3921 1711 3979 ergo
1744 3906 1833 3962 isti
1873 3920 1978 3961 non

394 4002 450 4057 in
483 4001 587 4058 hoc
621 4002 764 4073 quod
803 4000 1011 4057 faciunt
1053 3999 1219 4054 animi
1266 3998 1625 4055 intentionem
1668 3998 1855 4066 figunt,
1887 3994 1982 4051 sed

391 4092 448 4148 in
489 4090 654 4146 alium
701 4091 886 4161 procul
918 4089 1082 4146 dubio
1129 4087 1288 4146 finem
1330 4088 1576 4152 tendunt,
1599 4087 1678 4142 sic
1703 4086 1983 4153 nimirum,

392 4184 474 4242 sic
505 4185 823 4252 monachus,
866 4199 1026 4256 quem
1075 4193 1255 4238 tamen
1293 4193 1428 4238 tetas
1459 4181 1543 4237 vel
1585 4179 1848 4254 mgritudo
1877 4195 1982 4235 non

394 4289 675 4353 aggravat,
707 4289 763 4338 et
806 4280 861 4335 in
905 4277 1238 4335 monasterio
1278 4275 1631 4348 corporaliter
1679 4275 1897 4344 degere,
1931 4283 1988 4329 et

395 4376 463 4430 ad
485 4389 723 4430 eremum
748 4381 860 4428 toto
887 4371 1156 4429 desiderio
1181 4371 1344 4427 debet
1372 4369 1680 4425 medullitus
1705 4368 1983 4433 anhelare,

2065 1994 2294 2050 sationis
2318 1993 2596 2062 festinant,
2625 2009 2753 2054 sunt
2785 1999 3044 2056 doctrinae
3071 2011 3382 2058 sanctorum
3409 2003 3655 2071 Palmm,

2066 2098 2294 2154 quarum
2320 2088 2630 2143 observatio
2658 2090 2908 2157 perducit
2955 2091 3230 2148 hominem
3267 2094 3337 2148 ad
3370 2093 3654 2150 celsitudi-

2069 2189 2193 2231 nem
2216 2176 2584 2246 perfectionis.
2619 2198 2639 2231 ι
2671 2181 2835 2236 Vides
2861 2181 3030 2252 igitur
3065 2183 3406 2256 quia_doctor
3429 2185 3659 2256 insignis

2070 2266 2125 2320 in
2157 2267 2487 2322 monasterio
2529 2269 2747 2338 quidem
2789 2271 3070 2326 constituit
3104 2273 3260 2328 bonae
3295 2275 3663 2331 conversatio-

2070 2357 2155 2412 nis
2179 2357 2410 2422 initium,
2453 2359 2551 2414 sed
2581 2369 2706 2430 post
2746 2360 2814 2416 ad
2859 2361 3190 2419 sublimioris
3217 2364 3344 2419 vitae
3383 2365 3435 2419 in
3473 2376 3663 2421 sancta

2072 2447 2333 2517 religione
2353 2459 2613 2520 provocat
2643 2451 2979 2522 institutum;
3005 2462 3062 2509 ut
3092 2454 3203 2510 illic
3227 2455 3454 2512 honeste
3481 2457 3666 2514 vivere

2072 2553 2358 2608 moresque
2387 2555 2732 2612 componere.
2767 2544 2911 2599 velut
2952 2544 3008 2599 in
3035 2547 3283 2602 convalle
3312 2549 3503 2618 primae
3531 2564 3660 2604 con-

2072 2628 2400 2685 versationis
2430 2630 2691 2701 incipiat;
2723 2631 2916 2688 deinde
2937 2633 3048 2702 jam
3099 2634 3433 2704 spiritalibus
3457 2637 3668 2692 exerci-

2075 2716 2165 2772 tiis
2192 2717 2480 2774 roboratus
2511 2740 2529 2785 ί
2559 2728 2816 2790 tanquam
2865 2735 2897 2776 a
2943 2721 3081 2778 lacte
3120 2723 3187 2778 ad
3222 2724 3455 2780 solidum
3485 2725 3668 2782 cibum

2077 2811 2372 2874 transiens,
2423 2811 2688 2867 verticem
2736 2812 3084 2883 perfectionis
3136 2817 3416 2871 ascendat.
3452 2818 3534 2873 Ad
3563 2817 3669 2874 hoc

2075 2902 2277 2958 animal
2304 2903 2356 2960 in
2386 2913 2630 2961 materno
2658 2915 2848 2963 ventre
2884 2908 3190 2979 concipitur
3223 2916 3282 2964 ut
3332 2911 3666 2982 egrediatur.

2076 2995 2147 3051 Et
2186 3005 2334 3052 certe
2382 3012 2607 3054 necesse
2652 3009 2737 3054 est
2783 3009 2841 3054 ιιι
2887 3010 3059 3056 mater
3085 3003 3342 3069 abortiat,
3384 3003 3486 3059 nisi
3525 3002 3670 3060 fetus

2081 3085 2244 3157 199
2277 3086 2342 3140 ad
2368 3087 2449 3142 sui
2479 3088 2866 3157 plenitudinem
2915 3089 3276 3147 convalescat.
3330 3091 3440 3149 Nos
3480 3083 3665 3149 autem

2078 3179 2330 3235 volumus
2373 3189 2432 3234 ut
2469 3194 2685 3250 seraper
2727 3189 2916 3237 uterus
2955 3190 3177 3248 tumeat,
3216 3191 3273 3238 et
3319 3185 3462 3255 quod
3501 3186 3674 3242 sane!

2079 3277 2397 3339 conceptum
2438 3277 2524 3325 est
2562 3285 2668 3324 non
2697 3278 2964 3341 erumpat.
3011 3270 3258 3327 Sinistrae
3307 3272 3502 3328 indolis
3536 3289 3674 3345 puer

2080 3369 2184 3424 est,
2225 3359 2313 3414 cui
2351 3357 2465 3428 jam
2511 3359 2898 3430 grandiusculo
2944 3373 3045 3416 nec
3087 3374 3154 3414 ex
3203 3361 3434 3432 gingivis
3481 3363 3673 3420 dentes

2080 3451 2368 3521 prodeunt,
2409 3464 2510 3506 nec
2539 3451 2604 3505 ad
2639 3451 2992 3517 gradientium
3036 3467 3212 3522 genua
3263 3455 3672 3511 convalescunt.

2082 3543 2252 3598 Porro
2286 3551 2488 3606 autem,
2519 3557 2642 3597 cunt
2683 3541 2798 3612 ipsa
2845 3542 3243 3598 cmnobitarum
3285 3545 3470 3614 regula
3499 3545 3676 3616 perfe-

2082 3633 2321 3689 ctionem
2347 3646 2406 3687 se
2436 3648 2542 3686 non
2575 3631 2776 3687 habere
2804 3631 3104 3702 perhibeat,
3133 3634 3229 3688 sed
3252 3633 3519 3690 volentem
3545 3651 3672 3705 per-

2085 3723 2173 3779 fici
2191 3725 2259 3780 ad
2283 3724 2452 3779 eremi
2477 3724 2729 3779 instituta
2761 3733 3010 3795 patenter
3056 3726 3408 3792 transmittat,
3440 3741 3542 3782 cur
3572 3743 3673 3784 nos

2086 3817 2154 3873 ad
2214 3817 2566 3888 perfectionis
2599 3831 2782 3872 arcem
2830 3827 2887 3872 et
2934 3816 3038 3888 ipsi
3083 3817 3452 3876 conscendere
3490 3819 3677 3876 ﬂocci-

2087 3909 2393 3980 penditnus.
2417 3917 2474 3964 et
2495 3907 2735 3979 quidem,
2761 3920 2829 3963 ne
2848 3909 2918 3964 ad
2945 3908 3170 3966 meliora
3200 3910 3505 3981 proficiant,
3534 3928 3680 3969 sein-

2089 4016 2190 4072 per
2207 4001 2330 4056 aliis
2360 4001 2706 4056 invidemus?

2161 4093 2480 4164 Respiciens
2506 4091 2691 4150 Iesum
2721 4094 3090 4152 ambulantem
3129 4094 3384 4163 Joannes,
3428 4097 3679 4155 clamat:

2095 4205 2116 4239 ι
2151 4186 2292 4243 Ecce
2351 4186 2536 4258 Agnus
2587 4186 2680 4242 Dei
2731 4187 2916 4259 (Joan.
2971 4189 3034 4260 ι).
3081 4207 3102 4241 ι
3133 4190 3216 4246 Ad
3273 4191 3388 4246 ha-c
3431 4193 3684 4261 protinus

2091 4277 2440 4350 Evangelista
2477 4277 2794 4349 subjungit:
2833 4298 2850 4330 ι
2882 4279 2949 4334 Et
2977 4279 3267 4336 audierunt
3294 4283 3402 4337 duo
3430 4282 3683 4353 discipuli

2092 4370 2441 4442 loquentem,
2490 4378 2546 4424 et
2592 4370 2762 4424 secuti
2806 4379 2933 4426 sunt
2973 4370 3158 4427 Jesum
3207 4371 3418 4443 (Ibid.).
3455 4392 3474 4426 ι
3518 4373 3680 4440 Quid,

396 4477 665 4540 quatenus
696 4467 804 4522 illic
833 4482 930 4538 per
957 4465 1313 4551 intentionem
1357 4463 1556 4519 mentis
1599 4463 1748 4519 velut
1789 4462 1986 4520 nobilis
2014 4503 2066 4564 ι)
2094 4478 2246 4533 rogo,
2281 4460 2517 4531 querelae
2557 4461 2824 4530 potuisset
2853 4461 3055 4518 habere
3098 4461 3360 4532 Joannes,
3392 4465 3519 4520 dum
3565 4465 3682 4535 ipse

397 4562 564 4616 arbor
596 4560 856 4615 radicitus
902 4541 1137 4625 haereat;
1168 4557 1256 4614 hic
1292 4572 1352 4613 se
1382 4557 1448 4612 ad
1477 4565 1688 4626 tempus
1729 4556 1831 4611 sub
1857 4556 1991 4612 obe-

397 4653 618 4707 dientite
669 4650 932 4720 regularis
975 4657 1229 4705 exerceat
1279 4648 1593 4718 disciplina,
1639 4656 1701 4703 ut
1738 4646 1989 4702 videlicet

399 4745 715 4804 monasterii
752 4745 1094 4800 conversatio
1146 4759 1254 4799 non
1304 4742 1450 4798 aliud
1495 4756 1659 4812 quam
1708 4740 1876 4796 eremi
1916 4740 1988 4796 sit

400 4837 748 4908 prteparatio,
775 4845 829 4892 et
850 4837 1024 4891 altiori
1055 4835 1329 4906 proposito
1358 4843 1505 4893 totus
1534 4833 1730 4889 militet
1755 4833 1822 4889 ad
1847 4833 1990 4902 quod

403 4944 463 4984 se
493 4930 644 5000 prius
680 4929 733 4983 in
762 4929 1090 4983 monasterio
1128 4928 1454 4984 constitutus
1485 4934 1722 4982 exercet.
1765 4924 1857 4980 Sic
1895 4924 1988 4981 Ja-

403 5019 526 5083 cob,
578 5019 721 5088 quod
781 5034 878 5089 per
927 5018 1062 5073 duas
1103 5034 1368 5074 annorum
1423 5019 1756 5087 septimanas
1805 5016 1990 5072 Laian

405 5109 656 5179 opilionis
702 5124 852 5164 more
885 5109 1127 5173 servivit,
1175 5109 1242 5164 ad
1293 5109 1396 5164 huc
1424 5107 1696 5163 duntaxat
1733 5116 1792 5163 ut
1821 5109 1991 5164 solam

408 5197 945 5266 Racheliscopulam
984 5207 1288 5253 mereretur
1337 5197 1586 5253 intendit.
1630 5197 1694 5253 Et
1717 5196 1830 5267 jam
1869 5199 1992 5269 qni-

409 5287 530 5341 dem
561 5287 711 5341 Liam
739 5285 1006 5360 conjugali
1031 5285 1158 5357 jure
1185 5297 1521 5358 susceperat,
1559 5289 1653 5344 sed
1675 5305 1772 5359 per
1793 5291 1995 5346 amoris

412 5378 587 5434 intimi
615 5378 940 5434 desiderium
988 5380 1042 5434 in
1086 5387 1328 5434 venustae
1365 5379 1614 5435 iiachelis
1656 5379 1992 5451 amplexibus

413 5470 724 5542 quiescebat
749 5468 903 5541 (Gen.
931 5469 1104 5538 uix).
1132 5469 1190 5524 ln
1221 5469 1324 5524 illis
1363 5469 1543 5539 itaque
1565 5479 1765 5525 sancte
1795 5471 1992 5539 regulae

413 5561 613 5628 verbis,
642 5577 763 5632 quae
807 5577 969 5632 supra
1018 5562 1316 5630 posuimus,
1363 5561 1645 5631 perspicue
1689 5561 1994 5616 declaratur

415 5654 543 5724 quia
587 5652 650 5711 S.
699 5652 1042 5717 Benedictus,
1079 5654 1205 5707 dum
1246 5653 1301 5708 in
1349 5652 1679 5708 monasterio
1718 5651 1990 5707 hominem

412 5743 588 5813 ponit,
617 5743 682 5800 ad
707 5757 949 5799 eremum
986 5741 1189 5814 dirigit.
1221 5741 1320 5796 llic
1356 5741 1572 5812 quidem
1614 5740 1862 5808 collocat,
1898 5740 1990 5798 sed

831 5839 1108 5900 Pars-01..
1161 5839 1264 5900 CX
1279 5837 1400 5899 LIV
1415 5887 1432 5901 .

2091 4555 2194 4612 sibi
2238 4554 2422 4613 Iesum
2467 4559 2754 4616 manifeste
2791 4560 3094 4631 praeferret,
3127 4570 3182 4617 et
3219 4561 3293 4616 illi
3324 4571 3681 4629 sequerentur

2093 4648 2282 4719 utique
2309 4649 2609 4719 potiorem?
2654 4650 2712 4706 Si
2763 4667 2896 4723 ergo
2943 4653 3055 4723 ipsa
3100 4669 3221 4723 qua:
3259 4661 3458 4722 praeest
3495 4653 3678 4723 regula

2096 4741 2163 4796 ad
2201 4755 2261 4796 se
2289 4740 2620 4814 confluentes
2645 4744 2712 4798 ad
2739 4758 2984 4800 eremum
3023 4747 3282 4808 destinat,
3323 4761 3426 4815 qua
3459 4752 3682 4801 temeri-

2098 4839 2230 4896 tate,
2261 4845 2368 4900 qua
2412 4829 2591 4888 fronte
2637 4833 2683 4887 is
2727 4833 2818 4905 qui
2863 4836 2964 4888 sub
3000 4833 3182 4904 regula
3227 4842 3308 4889 est
3357 4834 3683 4889 constitutus

2096 4923 2358 4978 obsistat?
2386 4922 2509 4979 Jam
2544 4923 2664 4980 luce
2709 4925 2908 4982 clarius
2953 4935 3104 4996 patet
3146 4926 3268 4995 quia
3297 4927 3390 4996 qui
3435 4943 3683 4997 quaeren-

2096 5014 2240 5068 tibus
2295 5028 2539 5069 eremum
2566 5025 2731 5082 vetat,
2787 5016 2959 5085 ipsam
2998 5016 3184 5084 praeui
3215 5017 3379 5074 dubio
3434 5018 3673 5088 regulam

2096 5102 2313 5159 rebellis
2343 5099 2624 5160 oblocutor
2667 5105 2973 5175 impugnat;
3010 5114 3066 5160 et
3109 5102 3235 5161 dum
3268 5107 3465 5178 regulae
3499 5107 3681 5162 verbis

2097 5194 2292 5249 adimit
2311 5195 2695 5250 auctoritatem
2719 5234 2734 5262 ,
2765 5195 2939 5265 ipsum
2969 5205 3172 5251 sancta:
3205 5198 3400 5267 regula:
3426 5201 3680 5253 condem-

2097 5292 2192 5339 nat
2217 5293 2518 5340 auctorem.
2557 5285 2696 5340 Vera
2743 5291 2918 5339 mater
2971 5285 3138 5340 filium
3184 5287 3351 5340 tradit
3391 5296 3450 5340 ut
3501 5286 3675 5349 vivat;

2099 5376 2233 5431 falsa
2271 5376 2408 5448 petit
2447 5385 2505 5430 ut
2542 5375 2789 5447 publicus
2829 5393 2952 5431 cum
2993 5378 3140 5432 ensis
3168 5377 3370 5431 dividat
3399 5375 3515 5448 (Ill
3549 5375 3678 5446 Reg.

2099 5467 2618 5540 nt).0ctogenarius
2656 5466 2937 5534 Bcrzellai,
2978 5477 3037 5522 ut
3074 5469 3327 5524 Chanuaa
3375 5467 3679 5538 [Chanaanl

2099 5558 2194 5614 filii
2222 5558 2546 5614 utilitatibus
2564 5558 2830 5621 consulat,
2855 5556 2971 5626 ejus
2993 5557 3356 5612 sustentaculo
3385 5560 3683 5613 senectutis

2098 5652 2338 5704 incurvae
2353 5650 2706 5718 gravetudine
2728 5649 2916 5704 fulcire
2937 5664 3040 5702 non
3066 5657 3252 5712 curat;
3281 5649 3569 5705 dummodo
3594 5649 3683 5703 illo

2101 5741 2214 5813 regi
2247 5739 2416 5797 David
2451 5739 2790 5796 familiariter
2823 5741 3045 5805 haereat,
3097 5740 3212 5808 ipse
3256 5740 3472 5796 destitui
3514 5744 3676 5810 ploltﬁ
