4170 6452
528 310 640 375 5-95

1066 308 1122 363 S.
1163 306 1365 362 PETRI
1405 304 1690 360 DAMIANI
1719 303 1873 360 OPP.
1910 303 2088 359 PARS
2131 301 2262 358 SEU
2301 300 2540 358 TOMUS
2579 302 2619 356 I.
2658 332 2720 343 —
2745 301 2966 358 EPIST.
2999 300 3126 356 LIB.
3164 300 3303 358 VIII.

3695 289 3798 345 596

521 430 735 486 auxilio
761 441 866 483 non
902 432 1116 480 recusat
1149 420 1234 493 (II
1264 420 1395 490 Reg.
1423 417 1858 490 x).siIiIarionem
1887 414 2122 471 dimittat
2151 420 2192 476 Α
2212 414 2349 482 .quia
2378 415 2444 470 de
2471 424 2598 470 noto
2636 417 2963 470 monasterio
2990 419 3289 486 suscepisse
3321 418 3615 476 monachos
3645 437 3804 479 accu-

523 522 818 584 -Antonius,
853 524 911 570 ut
933 515 1079 570 solus
1109 513 1175 568 ad
1203 511 1392 567 altiora
1422 509 1768 565 conscendat.
1801 506 1909 561 Nos
1937 515 2117 560 autem

523 616 801 685 diligimus
828 609 1143 670 monachos,
1165 604 1306 659 sicut
1325 603 1528 666 asinos,
1555 599 1635 653 vel
1665 608 1814 654 certe
1841 599 1984 652 sicut
2007 611 2119 652 ser.-

527 721 648 760 vos.
670 703 869 757 Amant
889 698 1034 752 enim
1058 693 1301 751 homines
1323 692 1436 746 haec
1455 687 1728 752 animalia,
1745 701 1850 741 non
1879 685 2006 749 illis,
2022 686 2118 740 sed

526 796 654 861 sibi,
672 802 738 849 =ut
764 808 830 847 ea
857 789 1107 845 videlicet
1133 796 1227 840 aut
1253 784 1305 840 in
1330 796 1482 838 suam
1513 779 1844 834 transferant
1872 790 2113 841 carnem,

527 889 612 944 vel
635 897 692 942 ut
711 899 896 940 eorum
917 881 1164 936 fruantur
1183 874 1398 932 auxiliis
1409 873 1475 929 ad
1497 871 1760 926 laborem.
1776 869 1978 922 Amant
1999 867 2116 922 hac

525 979 774 1034 homines
787 983 846 1028 ut
891 972 991 1041 ipsi
1011 971 1148 1025 bene
1170 968 1306 1030 sint;
1337 963 1425 1018 illa
1441 978 1590 1025 vero,
1607 969 1700 1015 aut
1724 975 1830 1016 non
1865 959 1994 1022 sint,
2021 963 2116 1011 aut

523 1071 666 1125 male
686 1070 814 1123 sint.
831 1063 938 1120 Nos
956 1064 1140 1124 etiam,
1156 1070 1213 1112 ut
1235 1056 1508 1126 potiemur
1529 1046 2113 1108 duntaxatobedientia

521 1159 939 1221 monachorum,
973 1151 1162 1208 Salutis
1199 1161 1386 1203 eorum
1425 1144 1645 1199 omnino
1674 1137 2114 1211 parvipendimus

525 1255 942 1308 incrementum.
979 1242 1092 1298 Hoc
1120 1247 1380 1312 praeterea
1423 1234 1693 1298 novimus,
1723 1229 1847 1300 quia
1869 1227 2113 1283 B.Bene—

523 1346 700 1400 dictus
727 1338 896 1394 eremi
925 1337 1099 1391 cultor
1132 1329 1356 1390 exstitit,
1397 1335 1452 1381 et
1482 1327 1582 1380 hoc
1627 1331 1774 1378 certe
1811 1334 1918 1375 non
1959 1328 2114 1388 opta-

525 1441 600 1491 vit
627 1453 746 1491 esse
777 1433 921 1504 quod
950 1431 1074 1494 fuit;
1102 1426 1194 1482 sed
1217 1423 1494 1494 quoniam,
1541 1419 1681 1474 sicut
1720 1418 1835 1492 ipse
1879 1421 2114 1469 testatur

524 1529 575 1602 (I
591 1529 631 1582 V
661 1528 788 1596 Reg.
813 1523 924 1594 $1.),
948 1518 1313 1588 unusquisque
1333 1513 1604 1584 proprium
1625 1511 1823 1565 donum
1848 1507 2008 1602 habet
2042 1519 2110 1556 ex

520 1600 657 1687 Deo,
683 1620 824 1673 alius
851 1618 948 1678 sic,
982 1615 1118 1669 alius
1147 1611 1364 1682 quidem
1390 1607 1497 1671 sic;
1531 1619 1633 1660 nec
1669 1617 1859 1658 onmcs
1891 1600 2112 1669 capiunt

521 1713 746 1765 verbum
781 1710 914 1771 hoc;
945 1702 1306 1775 dispensative
1332 1696 1616 1754 constituit
1641 1694 1791 1766 prius
1837 1705 2112 1749 monaste-

2213 520 2425 572 samur,
2473 505 2592 561 luce
2635 505 2835 562 clarius
2881 514 3094 561 constat
3131 507 3256 576 quia
3288 507 3346 562 S.
3370 508 3718 566 Benedictum
3748 515 3800 568 in

2211 595 2325 654 .hoc
2369 596 2504 650 nihil
2550 611 2774 666 prorsus
2815 595 3158 651 offendimus.
3201 597 3350 653 Sicut
3377 600 3521 654 enim
3545 602 3701 657 nobis
3748 605 3800 660 in

2213 698 2405 739 eremo
2439 685 2690 740 videlicet
2730 686 3074 752 constitutis,
3106 686 3241 741 nihil
3271 696 3330 742 ut
3376 703 3803 760 exsequeremnr

2220 775 2472 847 injunxit,
2496 777 2602 842 'ita,
2635 787 2693 831 ut
2721 791 3057 844 caveremus,
3091 778 3226 832 nihil
3255 780 3477 835 omnino
3503 783 3799 852 prohibuit.

2216 867 2374 924 Sicut
2411 877 2591 925 autem
2633 871 2882 940 superius
2921 870 3054 925 satis
3093 886 3362 942 superque
3397 873 3704 942 docuimus,
3743 885 3803 930 ut

2215 975 2282 1015 ex
2329 961 2663 1016 monasterio
2709 961 2877 1015 frater
2911 962 2975 1016 ad
3017 976 3261 1017 eremum
3307 973 3572 1032 transeat,
3608 966 3801 1022 doctor

2216 1049 2444 1120 insignis
2474 1065 2580 1104 non
2615 1051 2776 1106 modo
2804 1066 2911 1105 non
2943 1053 3151 1117 abnuit,
3179 1067 3367 1107 verum
3407 1055 3572 1109 etiam
3608 1071 3801 1127 sugge-

2212 1141 2308 1206 rit,
2338 1143 2595 1210 provocat
2623 1151 2679 1196 et
2709 1143 2966 1210 impellit,
3015 1153 3179 1213 atque
3209 1154 3265 1198 ut
3293 1147 3576 1202 evidenter
3622 1160 3800 1206 osten-

2215 1237 2369 1290 deret
2399 1235 2499 1290 hoc
2544 1237 2684 1304 apud
2725 1251 2784 1291 se
2811 1246 3066 1306 quantam
3117 1238 3370 1294 desiderii
3402 1241 3506 1294 vim
3552 1242 3795 1308 haberet,

2213 1325 2315 1380 hoc
2347 1327 2544 1394 regulas
2571 1343 2680 1381 suae
2708 1328 3035 1398 principium
3075 1328 3289 1394 indidit,
3333 1331 3434 1385 hoc
3469 1332 3796 1405 descriptum

2214 1416 2320 1469 line
2357 1417 2660 1482 concludit;
2705 1421 2771 1470 ah
2804 1417 2903 1471 hac
2939 1417 3146 1473 scilicet
3183 1431 3402 1474 sanctus
3429 1420 3520 1475 ille
3552 1421 3688 1478 liber
3715 1424 3796 1478 in-

2212 1505 2433 1574 cipitur,
2465 1507 2516 1560 in
2547 1509 2647 1561 hac
2674 1522 2770 1577 per
2795 1507 3038 1562 auxesim
3085 1509 3317 1562 nmteria
3365 1511 3708 1579 terminatur,
3738 1525 3796 1569 ut

2213 1597 2388 1666 ipsutn
2419 1599 2817 1666 quodannnodo
2846 1614 2943 1668 per
2974 1613 3190 1653 onmem
3241 1600 3322 1654 sui
3375 1607 3577 1654 textum
3609 1606 3794 1673 ιιι-ξιξρί-

2213 1702 2340 1757 pere
2374 1690 2640 1744 videatur.
2679 1688 2849 1743 Porro
2886 1700 3088 1754 autem,
3120 1704 3242 1744 cum
3280 1691 3651 1761 inci-piendum
3691 1697 3792 1751 ista
3865 1741 3876 1746 -

519 1803 674 1856 rialis
700 1802 822 1853 vitae
841 1796 1144 1868 planitiem,
1173 1801 1232 1846 ut
1275 1789 1382 1844 illic
1424 1785 1718 1855 disciplina:
1765 1782 1988 1855 ﬂagellis
2027 1792 2108 1838 at—
2135 1785 2183 1846 Β
2211 1780 2281 1835 sit
2310 1781 2515 1851 regula,
2543 1790 2831 1850 quatenus,
2875 1790 2934 1834 ut
2967 1781 3183 1834 auditor
3229 1781 3486 1837 reddatur
3530 1784 3790 1856 intentus,

517 1895 711 1948 tritiet
734 1886 1009 1944 exercitiis
1067 1881 1327 1943 roborati,
1376 1878 1487 1946 jam
1511 1875 1724 1930 facilius
1766 1873 1932 1928 eremi
1973 1888 2104 1928 con-

519 1985 839 2044 scendamus
872 1982 945 2033 ad
976 1990 1177 2031 arcem.
1221 1972 1332 2026 Hoc
1373 1970 1555 2040 itaque
1587 1968 1925 2031 Benedictus,
1957 1967 2105 2038 quod

517 2087 574 2133 et
627 2077 818 2130 beatus
870 2070 1073 2124 fecerat
1119 2065 1339 2121 Paulus.
1391 2063 1629 2133 Agamus
1670 2060 1933 2130 siquidem
1988 2069 2110 2114 erat

516 2165 826 2237 Apostolus,
851 2160 1098 2218 homines
1118 2167 1296 2212 tamen
1327 2155 1392 2209 ad
1411 2153 1721 2223 coniugium
1739 2155 2064 2222 provocabat
2089 2171 2102 2206 :

520 2277 540 2308 ε
579 2255 983 2325 Unusquisque,
1011 2249 1286 2318 inquiens,
1325 2260 1548 2299 uxorem
1594 2245 1846 2312 accipiat,
1885 2255 1943 2299 et
1969 2260 2102 2298 una-

515 2359 742 2417 quaeque
802 2343 976 2396 virum
1025 2351 1181 2393 suum
1231 2336 1468 2390 habent:
1511 2333 1597 2387 vir
1645 2334 1798 2386 uxori
1859 2333 2100 2387 debitum

514 2438 730 2500 mddat,
750 2445 806 2489 et
835 2442 970 2487 uxor
998 2430 1112 2484 viro
1141 2426 1191 2500 (ι
1219 2427 1340 2481 Cor.
1369 2424 1490 2493 vn).
1528 2444 1547 2476 ι
1586 2423 1751 2478 Paulo
1775 2432 1898 2492 post
1923 2432 2103 2480 tamen

514 2530 644 2584 dicit
671 2546 684 2582 :
712 2545 733 2578 ι
795 2525 926 2584 Volo
978 2536 1167 2578 omnes
1213 2520 1458 2574 homines
1499 2532 1621 2573 esse
1655 2518 1798 2574 sicut
1837 2520 2100 2589 meipsum

512 2619 725 2692 (105th).
764 2639 782 2670 ι
827 2616 987 2670 Aliud
1037 2627 1167 2674 vero
1210 2611 1426 2667 volebat
1476 2609 1801 2678 Apostolus,
1854 2621 1910 2665 et
1957 2609 2104 2664 aliud

510 2709 878 2782 praecipiebat.
928 2705 1151 2760 Volebat
1196 2717 1322 2765 nos,
1362 2701 1504 2755 sicut
1553 2700 1666 2770 ipse
1711 2707 1851 2764 erat,
1889 2699 2105 2755 calibcs

509 2817 646 2865 esse,
672 2808 892 2874 propter
920 2796 1190 2853 excellens
1221 2793 1471 2849 videlicet
1514 2792 1792 2846 vernantis
1830 2792 2104 2860 pudicitia:

508 2892 792 2946 meritum:
823 2889 918 2943 sed
947 2886 1158 2942 volebat
1186 2885 1325 2939 inire
1361 2883 1697 2954 coniugium,
1729 2884 1855 2952 quia
1893 2882 2103 2954 fragili-

509 2984 636 3037 tatis
680 2988 878 3035 nostrae
923 2975 1220 3046 periculum
1273 2973 1516 3028 timebat.
1562 2974 1800 3028 Volendo
1843 2989 1929 3028 me
1981 2988 2102 3028 esse

509 3073 648 3129 sicut
679 3086 738 3126 se
774 3078 1032 3141 provocat
1079 3076 1139 3121 ut
1179 3069 1508 3131 ascendam;
1541 3065 1816 3120 oiferendo
1847 3066 2096 3136 copulam

508 3125 823 3232 nuptialem,
861 3158 1058 3214 retinet
1098 3155 1452 3211 sustentando
1492 3125 1571 3209 ine
1619 3169 1890 3209 corruam.
1913 3125 1995 3209 Ad
2028 3154 2098 3209 ilo
2126 3125 2172 3189 ο

509 3254 600 3308 iud
640 3251 826 3322 gliscit
878 3249 1202 3312 ultroneus,
1263 3247 1366 3302 hoc
1413 3245 1660 3301 concedit
1718 3246 1936 3300 invitus.
1989 3245 2104 3300 Ma-

508 3343 621 3397 vult
675 3338 818 3397 enim
877 3354 965 3395 me
1027 3353 1148 3394 esse
1209 3336 1352 3408 quod
1413 3347 1497 3392 est
1558 3351 1718 3407 quam
1783 3351 1904 3392 esse
1955 3336 2100 3407 quod

507 3451 616 3490 non
653 3441 755 3489 est.
805 3433 979 3504 Elegit
1028 3441 1206 3487 tamen
1245 3445 1334 3486 me
1380 3438 1674 3498 utrumque
1722 3430 1826 3485 sibi
1876 3444 2100 3485 manere

506 3528 670 3598 200
709 3526 946 3584 vicinum
981 3540 1142 3594 quam
1189 3522 1376 3593 procul
1422 3523 1613 3578 abesse
1647 3537 1872 3592 prorsus
1916 3531 2098 3577 extra-

507 3637 693 3678 neum.
741 3620 893 3674 Sicnt
929 3633 1059 3688 ergo
1102 3616 1163 3670 Β.
1189 3615 1387 3670 Paulus
1422 3616 1594 3683 magis
1632 3624 1782 3684 optat
1827 3615 2096 3686 agamiam

507 3730 668 3784 quam
698 3711 1112 3783 monogamiam,
1137 3709 1222 3763 vel
1246 3707 1564 3778 digamiam;
1599 3722 1664 3761 ne
1694 3715 1870 3761 tamen
1897 3707 2096 3776 quique

508 3808 726 3878 fragiles
776 3807 1026 3860 labantur
1079 3805 1130 3858 in
1184 3802 1428 3874 pellices,
1459 3801 1710 3856 concedit
1754 3816 1983 3866 uxores;
2021 3803 2094 3857 ita

505 3898 760 3952 nimirum
791 3897 853 3950 Β.
878 3895 1222 3956 Benedictus,
1255 3908 1566 3964 quanquam
1612 3893 1938 3962 propensius
1965 3893 2095 3948 velit

505 4003 604 4042 nos
631 4001 751 4041 esse
781 3987 924 4053 quod
952 3969 1108 4050 erat:
1127 3986 1228 4040 hoc
1254 3993 1355 4049 est,
1398 3985 1565 4038 eremi
1602 3993 1924 4049 sectatores,
1960 3985 2094 4040 tole-

505 4077 732 4132 rabilius
759 4085 940 4129 tamen
967 4074 1116 4128 ducit
1146 4087 1244 4129 nos
1273 4073 1519 4130 infirmos
1546 4091 1610 4129 ac
1636 4075 1840 4130 debiles
1884 4075 1939 4130 in
1976 4091 2092 4130 mo-

509 4165 730 4221 nasterii
755 4172 911 4234 portu
935 4162 1017 4217 vel
1051 4162 1357 4233 ignobiliter
1381 4165 1567 4218 vivere
1596 4178 1758 4234 quam
1805 4163 1858 4219 in
1888 4172 2092 4234 tempe—

506 4264 688 4314 Stuosa
721 4251 962 4322 naufragi
1004 4253 1186 4318 mundi
1219 4254 1477 4324 voragine
1503 4253 1770 4324 deperire.

577 4345 796 4401 Fratres
831 4344 1009 4412 itaque
1041 4343 1094 4396 in
1125 4345 1456 4399 monasterio
1491 4344 1842 4400 immobiliter
1876 4360 2090 4415 perma-

505 4443 717 4499 nentes,
750 4434 1010 4496 tolerandi
1041 4443 1199 4500 sunt;
1225 4434 1292 4488 ad
1321 4448 1566 4488 eremum
1594 4435 1723 4492 vero
1748 4433 1956 4492 fervido
1980 4437 2088 4508 spi-

503 4532 609 4588 ritu
643 4529 1092 4600 transn'iigrantes
1114 4529 1388 4600 plausibus
1415 4544 1477 4583 ac
1503 4528 1787 4598 praeconiis
1808 4528 2086 4584 eﬁ‘erendi.

505 4624 582 4682 liii
623 4623 887 4693 siquidem
928 4622 1028 4678 sub
1065 4621 1258 4676 divinat
1293 4620 1646 4690 protectionis
1676 4619 1866 4691 clypeo
1907 4620 2094 4681 delite-

504 4722 691 4778 scunt;
735 4712 823 4768 isti
865 4727 993 4768 vero
1036 4711 1087 4766 in
1119 4726 1371 4780 campum
1406 4709 1721 4766 certaminis
1762 4711 2090 4780 prodeuntes

506 4806 743 4862 victoriae
786 4804 954 4860 titulis
995 4805 1341 4859 decorantur.
1379 4801 1459 4856 illi
1496 4799 1791 4856 defendunt
1823 4815 1951 4868 sua;
1999 4802 2088 4856 isti

503 4897 751 4953 referunt
797 4894 990 4965 spolia.
1040 4894 1117 4948 Illi
1147 4893 1256 4948 Deo
1286 4900 1604 4963 protegente
1649 4901 1777 4947 sunt
1809 4892 2088 4962 insupera-

503 4989 669 5052 biles;
703 4987 789 5042 isti
821 4987 1060 5056 quotidie
1089 4992 1340 5056 satagunt
1366 4983 1598 5042 hostium
1624 4998 1846 5038 suorum
1877 4984 2091 5039 calcare

503 5079 764 5136 cervices.
816 5079 889 5131 lili
933 5086 1122 5132 contra
1181 5074 1379 5132 inmnia
1426 5073 1703 5128 constituti
1755 5072 2086 5136 obsidentes,

503 5189 572 5228 ne
619 5172 991 5244 ingrediantur
1037 5169 1347 5232 obsistunt;
1408 5167 1498 5223 isti
1563 5166 1803 5219 minaces
1852 5165 2087 5219 hostium

503 5280 705 5319 cuneos
734 5261 918 5332 procul
949 5263 1016 5316 de
1045 5261 1158 5314 suis
1185 5257 1382 5316 finibus
1414 5267 1562 5328 terga
1602 5257 1854 5310 cedentes
1901 5256 2087 5323 expel-

504 5353 640 5406 lunt.
695 5352 761 5407 Et
803 5352 933 5422 quid
981 5350 1134 5420 plura
1186 5349 1408 5403 dicam?
1448 5347 1526 5405 illi
1575 5347 1782 5402 scilicet
1833 5364 1862 5400 a
1891 5346 2088 5402 saeculo

505 5454 632 5499 sunt
657 5447 881 5509 remoti;
925 5444 1014 5498 isti
1047 5444 1156 5498 Deo
1185 5441 1296 5511 jam
1331 5440 1750 5496 confabulemur
1782 5441 1974 5494 intima
2011 5441 2088 5495 illi

505 5535 769 5591 charitate
805 5535 1100 5606 conjuncti.
1151 5534 1229 5589 Illi
1268 5532 1442 5588 altare
1487 5547 1690 5586 aereum
1741 5531 2083 5601 custodiunt;

504 5627 594 5680 isti
615 5627 727 5696 jam
771 5629 1145 5699 ingrediuntur
1175 5625 1377 5682 Sancta
1423 5633 1754 5680 sanctorum.
1807 5621 1878 5678 Ut
1905 5635 2084 5680 autem

504 5716 558 5771 in
585 5716 730 5772 calce
757 5717 912 5787 hujus
953 5717 1190 5787 epistolae
1222 5718 1334 5789 jam
1375 5717 1762 5775 subnectamus
1790 5713 2083 5786 epiIOgum,

2209 1873 2595 1926 commendent
2641 1888 2765 1942 qme
2795 1873 3078 1926 scribenda
3125 1881 3268 1937 sunt,
3325 1874 3428 1929 iste
3475 1891 3580 1928 non
3615 1878 3786 1933 solum

2210 1967 2262 2020 in
2313 1967 2427 2037 ipso
2477 1967 2673 2036 regula:
2722 1967 3027 2036 incipientis
3071 1969 3316 2036 exordio,
3373 1972 3467 2025 sed
3498 1975 3633 2026 etin
3685 1973 3790 2028 fine

2208 2071 2424 2127 quoque
2467 2067 2636 2112 totum
2670 2071 2805 2126 Opus
2840 2072 2996 2111 sumn
3048 2058 3332 2128 levigando
3383 2071 3440 2115 et
3468 2061 3792 2118 annuliando

2207 2150 2493 2220 depretiat,
2534 2159 2592 2203 ut
2629 2148 3028 2203 cmnobitarum
3064 2149 3309 2204 ordinem
3339 2152 3634 2208 eremiticze
3666 2154 3792 2209 vitae

2207 2255 2490 2314 supparem
2540 2250 2761 2297 statuat.
2814 2240 2884 2296 Ut
2932 2257 3062 2310 ergo
3113 2242 3308 2298 fratres
3354 2245 3419 2299 ad
3447 2260 3689 2302 eremmn
3725 2250 3790 2303 de

2207 2333 2574 2388 monasteriali
2609 2335 2714 2387 vita
2745 2337 3137 2400 conscendant,
3167 2345 3221 2390 et
3248 2351 3346 2391 nos
3372 2337 3578 2392 hortari
3610 2350 3663 2393 et
3694 2356 3792 2394 nos

2205 2423 2468 2479 debemus
2512 2439 2635 2478 cum
2677 2424 2951 2479 eharitate
3003 2427 3323 2498 suscipere,
3378 2437 3439 2482 ut
3488 2445 3592 2483 non
3647 2429 3792 2486 velut

2207 2518 2397 2572 hostes
2439 2533 2469 2572 a
2521 2518 2681 2571 beato
2713 2518 2830 2572 viro
2857 2518 3226 2586 schismatica,
3257 2521 3401 2590 quod
3447 2521 3608 2588 absit,
3640 2537 3793 2576 aven

2207 2608 2360 2680 sione
2410 2607 2715 2672 discedere,
2748 2609 2865 2675 sed,
2896 2618 2955 2662 ttt
2981 2625 3168 2664 revera
3199 2609 3467 2680 discipuli,
3514 2613 3792 2667 videamur

2203 2707 2260 2752 et
2287 2697 2359 2752 illi
2394 2697 2620 2752 invicem
2645 2698 2973 2752 unanimiter
2999 2700 3329 2755 consentire.

2741 2809 3076 2867 EPISTULA
3118 2811 3252 2868 XIII.
3342 2862 3350 2868 .

2308 2917 2376 2956 AD
2416 2917 2472 2954 li.
2510 2918 2752 2958 ABBATEM
2793 2919 3411 2961 CONSTANTINOPULI'I‘ANI
3449 2922 3684 2964 C(INOBI'I

2858 3011 2904 3050 S.
2939 3013 3138 3051 ΜΔΒΙΔΞ.

2202 3086 2598 3161 Aestimemus.
2617 3119 2686 3161 έ
2708 3087 3000 3161 illonachos
3030 3089 3275 3152 Latinos.
3304 3092 3393 3161 qui
3435 3092 3485 3146 in
3520 3104 3790 3150 monaste-

2277 3158 2358 3230 rio
2405 3157 2464 3230 S.
2499 3158 2679 3211 Mariis
2721 3159 3189 3230 Constantinopoli
3234 3157 3634 3228 versabantur,
3685 3167 3790 3220 hac

2272 3228 2516 3302 epistola
2552 3243 2877 3302 magnopere
2926 3228 3095 3300 201‘
3130 3233 3493 3298 commendat,
3539 3237 3683 3302 quod
3733 3237 3787 3288 in

2276 3300 2379 3353 illis
2410 3299 2718 3367 regionibus
2751 3309 2957 3356 rectum
2984 3299 3106 3356 fidei
3137 3311 3193 3356 et.
3221 3303 3342 3357 vitat
3389 3299 3659 3358 tramitem
3711 3314 3790 3358 tea

2273 3379 2484 3422 nerent.
2524 3367 2610 3442 _De
2636 3371 2934 3442 quaestione
2959 3385 3108 3442 vero,
3139 3373 3204 3426 de
3231 3388 3337 3442 qua
3371 3375 3438 3428 ah
3472 3375 3576 3428 illis
3621 3376 3788 3429 inter-

2273 3449 2492 3514 rogatus
2517 3438 2712 3505 fuerat,
2739 3441 2816 3494 ait
2861 3440 3159 3514 seillorum
3208 3438 3418 3508 nuntio,
3449 3446 3540 3514 qui
3575 3445 3673 3501 has
3699 3447 3786 3500 iit-

2273 3518 2418 3564 teras
2453 3510 2658 3563 laturus
2685 3518 2851 3576 esset,
2883 3510 3093 3592 abunde
3123 3510 3473 3570 satisfecisse.

2269 3623 2479 3679 Domno
2510 3622 2579 3676 Μ.
2612 3624 2905 3680 venerabili
2938 3625 3116 3680 abbati
3156 3629 3468 3683 monasterii
3501 3629 3559 3683 S.
3604 3629 3786 3687 Mari-.3

2202 3716 2257 3772 in
2286 3715 2749 3782 Constantinopoli
2777 3725 2831 3770 et
2879 3716 3095 3787 reliquis
3125 3716 3405 3796 fratribus,
3429 3719 3641 3776 Parens
3667 3727 3785 3793 pec-

2197 3815 2352 3861 calor
2379 3806 2673 3860 monachus
2702 3807 2753 3859 in
2785 3805 3012 3860 Domino
3043 3807 3292 3861 salutem.

2266 3896 2607 3960 Gaudemus,
2649 3897 2983 3952 dilectissimi
3028 3899 3255 3962 fratres,
3298 3900 3423 3970 quia
3468 3901 3592 3956 dum
3640 3901 3785 3956 inter

2194 3993 2410 4040 exteras
2439 3995 2624 4055 gentes
2658 3993 2714 4040 et
2752 3985 2804 4038 in
2844 3985 3141 4056 peregrinae
3182 3987 3377 4055 lingua:
3407 3989 3625 4060 regione
3660 4005 3784 4042 (on-

2195 4076 2405 4142 sistitis,
2432 4091 2458 4129 a
2484 4076 2751 4130 catholica
2779 4083 2957 4130 tamen
3017 4072 3118 4131 lidc
3142 4087 3196 4131 et
3218 4077 3323 4148 piis
3343 4079 3616 4148 operibus,
3645 4079 3784 4132 sicut

2194 4170 2336 4224 fama
2356 4168 2606 4240 vulgante
2632 4168 3012 4238 comperimus,
3043 4184 3148 4224 non
3179 4170 3458 4225 exsulatis.
3489 4170 3646 4226 Cives
3674 4169 3776 4224 ita-

2194 4276 2299 4332 que
2331 4269 2638 4316 sanctorum
2669 4270 2722 4316 et
2752 4260 3030 4318 domestici
3057 4261 3150 4317 Dei
3187 4277 3215 4316 a
3246 4263 3404 4318 domo
3430 4265 3646 4334 propria
3674 4279 3780 4317 non

2193 4353 2464 4419 receditis,
2496 4355 2619 4408 dum
2656 4353 2795 4408 intra
2833 4363 3032 4410 sanctae
3060 4355 3317 4410 Ecclesia:
3357 4358 3621 4426 gremium
3655 4371 3783 4411 con‘

2197 4442 2412 4506 stituti,
2469 4457 2568 4512 per
2619 4451 2778 4497 rectae
2827 4443 3254 4503 conversationis
3310 4444 3506 4499 lineam
3560 4459 3785 4516 peregre

2199 4532 2489 4588 festinatis.
2526 4532 2581 4586 In
2602 4548 2933 4604 quacunque
2963 4534 3216 4588 nimirum
3247 4537 3462 4606 regione
3492 4546 3782 4600 terrarum,

2199 4622 2477 4692 mqualiter
2501 4631 2651 4693 patet
2691 4623 2810 4676 aula
2845 4623 3126 4678 caelorum.
3169 4625 3234 4678 Et
3265 4626 3351 4679 ubi
3389 4635 3552 4681 recta:
3580 4625 3699 4679 fidei
3729 4636 3784 4681 et

2198 4721 2398 4769 sanctae
2425 4713 2853 4768 conversationis
2895 4714 3034 4768 idem
3061 4721 3143 4768 est
3173 4714 3455 4779 meritum,
3489 4714 3560 4768 nil
3587 4713 3787 4784 prmju-

2197 4805 2342 4859 dicat
2374 4804 2657 4858 diversitas
2685 4803 2862 4873 aliqua
2908 4805 3250 4874 varietasque
3298 4805 3622 4876 linguarum.
3661 4807 3782 4860 Ubi-

2195 4906 2408 4961 cunque
2453 4892 2657 4948 scilicet
2699 4892 2789 4946 Dei
2834 4907 3022 4948 servus
3070 4893 3363 4958 inhabitet,
3409 4903 3615 4964 oportet
3655 4909 3779 4948 cun

2198 4983 2484 5037 saecularcs
2519 4998 2548 5037 a
2582 4999 2640 5038 se
2684 4991 2848 5052 atque
2877 4984 3121 5039 carnales
3157 4994 3308 5040 actus
3341 4987 3690 5052 abscindere,
3727 4996 3784 5042 et

2197 5074 2580 5129 mortificatum
2605 5075 2672 5128 ab
2697 5075 2799 5129 hoc
2822 5075 3018 5130 stecnlo
3045 5092 3142 5145 per
3174 5087 3376 5132 rectum
3399 5078 3572 5131 sancti
3601 5081 3780 5147 operis

2195 5167 2465 5222 tramitem
2496 5164 2779 5221 indefessis
2807 5182 3022 5236 semper
3045 5167 3298 5238 gradibus
3321 5169 3617 5224 ambulare.
3645 5170 3780 5225 Hinc

2193 5266 2278 5312 est
2307 5256 2449 5325 quod
2489 5255 2865 5311 Adonibezech
2910 5258 3018 5327 regi
3063 5275 3318 5313 mamunn
3361 5275 3537 5314 summ
3565 5270 3644 5316 tas
3686 5277 3779 5331 pe-

2193 5348 2427 5417 dumque
2453 5348 2764 5417 prazciditur
2789 5347 2988 5418 (Judic.
3020 5349 3084 5421 ι),
3121 5359 3180 5404 ut
3207 5366 3304 5420 per
3337 5351 3439 5407 hoc
3465 5353 3778 5408 abscindens

2193 5443 2290 5498 dos
2319 5458 2349 5496 a
2381 5443 2534 5497 nobis
2561 5442 2838 5498 saecularis
2870 5443 2991 5496 vitae
3022 5458 3264 5513 gressus,
3295 5454 3351 5499 et
3377 5455 3532 5500 actus
3575 5445 3780 5515 liquido

2191 5536 2520 5606 designetur.
2551 5535 2924 5590 Adonibczech
2957 5535 3156 5605 quippe
3193 5536 3580 5605 interpretatur
3609 5535 3780 5588 domi-

2191 5645 2288 5682 nus
2327 5625 2582 5695 fulminis.
2623 5625 2728 5680 Per
2766 5637 2925 5695 quem
2957 5625 3237 5692 videlicet,
3272 5625 3400 5696 quid
3430 5625 3576 5679 aliud
3613 5641 3774 5694 quam

2193 5715 2437 5777 diabolus
2477 5717 2824 5788 intelligitur?
2860 5715 2969 5772 ille
2992 5717 3188 5789 quippe
3224 5719 3474 5775 dominus
3505 5717 3794 5783 fulminisy
