4170 6504
630 487 737 546 39‘)

1130 484 1188 541 S.
1231 487 1437 544 PETRI
1477 487 1760 544 DAMIANI
1799 485 1951 545 OPP.
2001 482 2181 541 PARS
2228 482 2361 540 SEU
2399 483 2633 542 TOMUS
2665 484 2709 541 I.
2748 483 3057 542 —-EPIS'I‘.
3097 484 3223 542 LIB.
3269 485 3402 545 VIII.

3797 488 3908 544 400

633 603 979 677 postmodum
1018 609 1142 657 ante
1189 616 1408 656 crucem
1441 600 1663 662 cellulae,
1698 599 1800 654 sub
1845 594 2217 654 excommuni-
2245 596 2613 667 Ajubilacum,
2648 613 2754 652 non
2800 597 3211 653 sacerdotalimn
3263 602 3511 658 tubarum
3562 600 3908 672 clangoribus

631 697 860 751 rationis
904 710 962 750 se
993 693 1266 749 devotavit
1313 692 1566 764 elogium,
1621 692 1667 746 si
1721 690 1893 746 nostri
1944 689 2218 760 prioratus

631 789 994 846 obedientiam
1025 803 1093 843 ex
1124 787 1386 842 industria
1416 785 1640 838 ulterius
1669 783 1914 838 violaret.
1940 780 2086 836 Cave
2129 793 2217 833 er-

633 897 700 952 go
748 879 962 934 ne'tam
1003 885 1270 941 sanctum,
1313 885 1423 928 tam
1461 871 1770 928 venerabile
1824 867 2216 926 monasterium

635 971 704 1032 is,
731 969 820 1037 qui
872 976 951 1022 tot
994 963 1612 1021 excommunicationum
1663 958 1896 1015 vinculis
1942 958 2217 1012 involutus

634 1069 738 1122 est,
764 1058 991 1128 polluat,
1021 1065 1076 1111 et
1101 1070 1196 1126 per
1227 1061 1335 1107 tam
1368 1053 1678 1124 religiosum
1707 1060 2066 1120 sanctumque
2090 1065 2220 1104 con-

634 1161 851 1206 ventum
901 1149 1117 1204 lethalis
1168 1147 1331 1214 lepra:
1377 1159 1434 1200 se
1471 1145 1695 1215 prurigo
1748 1141 2032 1205 dilqudat,
2080 1141 2222 1196 sicut

636 1241 942 1297 Israelitica:
993 1239 1134 1310 plebi
1173 1238 1354 1294 divina
1393 1251 1496 1290 vox
1547 1237 1625 1290 ait
1669 1253 1682 1287 :
1743 1253 1761 1285 ι
1805 1233 2110 1288 Anathema
2163 1232 2219 1285 in

637 1333 818 1388 medio
850 1331 924 1385 tui
953 1339 1058 1396 est,
1093 1328 1280 1392 Israel,
1312 1343 1418 1382 non
1458 1325 1664 1396 poteris
1692 1333 1838 1380 stare
1881 1332 2070 1377 contra
2123 1321 2224 1376 ho-

639 1435 751 1480 stes
783 1433 921 1487 tuos,
953 1423 1124 1477 donec
1160 1419 1403 1476 deleatur
1431 1434 1498 1473 ex
1537 1426 1606 1476 te.
1630 1417 1720 1486 qui
1751 1417 1854 1471 hoc
1883 1413 2221 1470 contamina-

643 1525 728 1568 tus
758 1523 843 1568 est
883 1512 1090 1568 scelere
1141 1509 1280 1582 (los.
1332 1511 1449 1581 vn).
1490 1529 1508 1560 ι
1562 1508 1673 1578 Ego
1722 1516 1924 1573 autem,
1956 1505 2048 1575 qui
2087 1503 2222 1574 lapsi

641 1606 830 1660 fratris
892 1615 1120 1658 mortem
1160 1601 1314 1657 sitire
1363 1616 1469 1654 non
1516 1600 1726 1665 debeo,
1761 1597 1878 1668 ejus
1927 1593 2224 1652 calamitati

641 1695 977 1765 compatiens
1010 1694 1294 1749 commotis
1335 1692 1635 1746 visceribus
1663 1688 1982 1761 ingemisco,
2022 1697 2078 1742 et
2114 1699 2221 1739 non

642 1789 802 1842 modo
858 1787 962 1843 sibi
1014 1785 1298 1841 venialiter
1346 1782 1646 1853 indulgere,
1673 1781 1770 1836 sed
1820 1780 1864 1835 si
1917 1779 2222 1850 resipiscat,

640 1889 862 1948 paratus
898 1893 1016 1932 sum
1044 1891 1142 1947 pro
1180 1874 1352 1930 salute
1383 1873 1521 1928 illius
1551 1873 1715 1928 etiam
1739 1872 1974 1926 animam
2002 1883 2221 1940 ponere.

640 1947 745 2023 Pro
797 1968 1065 2024 charitate
1097 1967 1260 2036 igitur
1312 1973 1492 2018 vestra
1531 1972 1953 2031 sanctorumque
1991 1960 2221 2013 fratrum
2254 1947 2300 2006 Β

639 2070 964 2124 vestrorum,
992 2072 1220 2127 quorum
1252 2071 1352 2126 ego
1381 2070 1574 2109 servus
1600 2068 1741 2115 sum,
1781 2067 1906 2107 cum
1932 2050 2132 2105 vestris
2160 2048 2228 2103 ad

640 2166 726 2203 me
757 2149 1126 2204 tantummodo
1164 2148 1359 2201 litteris
1383 2147 1586 2210 veniat,
1617 2153 1670 2198 et
1710 2158 1794 2199 me
1817 2143 1960 2199 circa
1992 2159 2050 2197 se
2081 2157 2232 2194 mau-

641 2251 852 2295 suetum
905 2240 1042 2306 fore,
1090 2241 1273 2294 mitem
1301 2245 1463 2308 atque
1491 2235 1810 2291 benevolum
1855 2249 1961 2289 non
2004 2231 2228 2296 diﬂidat,

643 2331 880 2400 alioquin
934 2330 1175 2384 Romana
1223 2328 1430 2399 synodo
1457 2326 1570 2394 jam
1620 2326 2082 2396 propinquante...
2114 2323 2228 2376 si...

644 2420 750 2474 Sed
769 2401 1087 2474 nolo‘minas
1109 2418 1328 2482 inferre,
1355 2415 1583 2471 suﬂiciat
1603 2413 1991 2475 tantummodo,
2016 2408 2232 2464 nemihi

641 2510 1011 2580 prmjudicium
1043 2510 1156 2574 fiat,
1182 2508 1398 2562 interim
1428 2522 1550 2560 cmn
1581 2503 1883 2559 humilitate
1917 2503 2228 2571 deposcere.

1182 2598 1518 2655 EPISTOLA
1558 2595 1697 2650 XVI.

1136 2710 1203 2748 AD
1243 2707 1385 2746 ADAM
1428 2704 1715 2744 HONACI‘IUM
1727 2725 1742 2741 ο

816 2788 836 2856 (
873 2786 1111 2840 "ubelur
1147 2795 1275 2838 tum.
1314 2781 1411 2835 III
1436 2823 1452 2847 ,
1491 2792 1665 2851 estque
1705 2795 1888 2849 opusc.
1928 2774 2042 2846 59.)

1067 2879 1230 2950 204
1271 2875 1600 2933 EPISTOIA
1650 2873 1737 2927 XV
1749 2873 1809 2927 ll.

1048 2988 1114 3025 AD
1139 2983 1478 3024 ABII’IIANDUI
1507 2979 1752 3030 IONACIIU
1764 2979 1822 3016 Il.

852 3063 1115 3134 (Habetur
1155 3073 1280 3116 tom.
1322 3059 1442 3124 III,
1476 3067 1651 3128 estque
1689 3071 1868 3126 opusc.
1910 3052 2023 3122 45.)

1155 3150 1484 3208 EPISTOLA
1524 3148 1708 3204 XVIII.

1272 3259 1341 3297 AD
1367 3254 1608 3297 EUMDEII.

853 3335 1117 3404 (Habetur
1137 3347 1265 3390 tom.
1291 3333 1410 3399 ΙΙΙ,
1443 3341 1618 3403 estque
1641 3326 1878 3400 opuscul.
1903 3324 2017 3396 46.)

1170 3422 1509 3479 EPISTOLA
1558 3419 1700 3476 XIX.

818 3535 885 3574 AD
921 3531 1241 3573 RODULPHUI
1293 3531 1361 3569 ΕΤ
1388 3525 1730 3569 ARII‘RANDUII
1757 3521 2056 3564 IONACHOS.

637 3613 1040 3667 Aacuusnruu.
1065 3638 1133 3647 —
1165 3604 1569 3674 [Egritudinum
1605 3613 1866 3674 _suarum,
1912 3596 2108 3674 quibus
2133 3609 2235 3665 per

709 3683 972 3754 plurimos
987 3679 1118 3754 dies
1147 3669 1287 3754 male
1322 3683 1574 3754 vexatus
1597 3670 1796 3754 fuerat,
1828 3669 2236 3754 seriemexpo;

711 3735 848 3809 ite—ns
888 3749 1020 3805 nihil
1067 3747 1342 3810 iracunde,
1377 3743 1514 3799 nihil
1563 3740 1910 3810 impatienter
1957 3737 2108 3810 dicit,
2140 3735 2235 3790 sed

711 3805 866 3894 quasi
905 3820 1043 3894 alter
1066 3817 1264 3894 Paulus
1292 3805 1343 3870 in
1383 3805 1784 3894 infirmitatibus
1809 3807 1923 3861 suis
1948 3805 2232 3894 gloriatur,

712 3876 931 3963 ubique
958 3889 1287 3963 benedicens
1327 3894 1382 3939 et
1428 3883 1653 3963 laudans
1690 3879 1981 3963 .D_eum,ﬂet
2029 3876 2233 3963 grati-as

712 3946 1208 4034 agensAltissimo,
1240 3958 1312 4010 ita
1344 3965 1404 4034 ut
1433 3953 1644 4024 insigne
1671 3949 1971 4005 tolerantia:
2001 3957 2056 4002 et
2082 3946 2233 4002 forti-

710 4027 914 4088 tudinis
938 4028 1241 4098 exemplum
1268 4027 1528 4095 prtebeat.

709 4121 1058 4180 Charissimis
1110 4118 1372 4173 fratribus
1429 4115 1719 4170 Ronuwno
1773 4120 1829 4166 et
1880 4111 2232 4173 ARIPBANDO,

639 4215 858 4269 Pnaus
885 4219 1138 4282 peccator
1183 4206 1479 4262 monachus
1508 4205 1712 4260 intima:
1761 4200 2064 4258 dilectionis
2107 4197 2235 4253 affe-

640 4314 811 4360 ctum.
1205 4364 1207 4367 η

718 4390 1002 4447 llnanimis
1049 4388 1300 4444 amicitiae
1342 4386 1621 4458 proprium
1672 4390 1757 4439 est
1793 4389 1854 4437 ut
1897 4395 2022 4438 cum
2063 4378 2235 4434 fratre

642 4488 814 4544 frater
843 4494 897 4540 et
929 4496 1188 4554 prospera
1217 4478 1581 4536 communicet
1605 4485 1662 4532 et
1685 4475 1936 4539 adversa,
1967 4478 2234 4542 quatenus

643 4577 879 4634 fideliter
904 4573 1114 4629 animus
1136 4571 1278 4627 sicut
1314 4566 1565 4624 referenti
1586 4566 1639 4621 in
1662 4563 1989 4619 adversitate
2014 4575 2235 4631 compa-

2321 688 2654 743 intonantem
2683 688 2868 759 (Leuit.
2901 691 2960 760 I),
2993 692 3086 745 sed
3110 692 3364 762 suSpiriis
3390 694 3566 764 potius
3594 710 3659 750 ac
3695 698 3907 764 gemiti-

2320 781 2464 835 tibus
2494 780 2912 852 lacrymabiliter
2945 781 3312 851 obrepentem.
3344 783 3622 840 Dominico
3649 787 3908 842 nimirum

2321 871 2408 928 die
2433 872 2767 939 febricitans,
2801 874 2852 928 in
2885 874 3140 930 lectulum
3166 875 3357 938 decidi,
3388 886 3704 948 septemque
3728 888 3908 934 trans-

2320 966 2458 1022 actis
2480 966 2933 1030 hebdomadibus,
2958 980 3111 1035 aeque
3155 966 3432 1022 Dominico
3465 969 3571 1032 die,
3619 970 3709 1038 qui
3749 969 3911 1025 nimi-

2325 1072 2442 1110 rum
2483 1057 2964 1126 quinquagesimus
3004 1064 3154 1121 erat,
3199 1056 3311 1112 Deo
3342 1073 3428 1112 me
3476 1061 3864 1116 ressuscitante
3889 1105 3904 1126 ,

2321 1146 2554 1202 surrexi.
2584 1145 2966 1202 Verumtamen
2996 1147 3113 1220 lege
3143 1149 3335 1214 diaitaz,
3363 1160 3420 1206 ut
3449 1153 3763 1208 asserebant
3795 1171 3910 1210 me-

2323 1239 2449 1305 dici,
2477 1253 2571 1308 per
2593 1239 2853 1294 incuriam
2884 1240 3098 1309 violata,
3126 1242 3215 1297 vix
3246 1253 3377 1310 tres,
3402 1245 3515 1300 sive
3535 1255 3766 1316 quatuor
3794 1249 3911 1304 dies

2322 1323 2425 1390 sub
2448 1335 2701 1390 colorata:
2740 1335 2988 1390 sanitatis
3021 1333 3286 1390 lenocinio
3326 1336 3456 1390 mihi
3504 1337 3644 1392 male
3681 1338 3909 1394 blanditi

2322 1436 2469 1493 sunt,
2501 1437 2557 1483 et
2581 1442 2708 1484 ecce
2733 1427 2784 1482 in
2816 1428 3105 1483 recidivam
3132 1442 3393 1483 corruens
3425 1445 3520 1499 per
3541 1430 3726 1500 viginti
3757 1443 3908 1502 post-

2325 1520 2544 1577 modum
2581 1521 2697 1576 dies
2731 1521 2968 1590 ejusdem
3003 1521 3324 1577 valetudinis
3367 1523 3616 1581 laborare
3663 1527 3910 1582 molestia

2325 1629 2430 1668 non
2458 1614 2686 1669 cessavi.
2731 1613 2820 1669 Sic
2851 1615 3032 1685 itaque
3069 1615 3486 1686 postjubilaeum
3527 1633 3634 1673 non
3671 1620 3868 1689 quietis
3892 1660 3909 1683 ,

2325 1707 2420 1764 sed
2456 1708 2684 1765 turbinis
2719 1709 2935 1779 impleta
2969 1717 3055 1765 est
3081 1709 3480 1780 quodammodo
3516 1715 3909 1785 septuagesima

2325 1799 2676 1870 captivitatis.
2717 1799 2889 1855 Porro
2921 1812 3127 1868 autem,
3161 1801 3287 1856 dum
3318 1818 3406 1859 me
3449 1812 3610 1858 tanta:
3647 1806 3914 1875 passionis

2328 1893 2489 1948 ardor
2522 1901 2802 1958 exureret,
2842 1893 2968 1947 dum
2999 1892 3220 1948 mistum
3248 1891 3481 1964 flegmati
3510 1893 3671 1966 205
3696 1897 3915 1967 sangui-

2331 1999 2455 2039 nem
2513 2000 2802 2055 spuerem,
2853 1985 2980 2040 dum
3033 1993 3110 2041 tot
3158 1995 3306 2043 certe
3355 1989 3688 2046 imminentis
3733 1989 3914 2046 obitus

2331 2077 2485 2146 signa
2510 2077 2921 2147 praetenderem,
2952 2086 3012 2132 ut
3039 2078 3232 2132 medici
3262 2093 3476 2150 quoque
3503 2081 3916 2139 circumstantes

2331 2173 2716 2242 propemodum
2756 2172 3145 2241 desperarent,
3176 2171 3281 2226 hoc
3316 2172 3443 2227 mihi
3490 2174 3634 2230 dedit
3669 2177 3916 2247 omnipo-

2334 2272 2457 2318 tens
2495 2265 2665 2326 Deus,
2707 2271 2764 2317 ut
2813 2263 2867 2317 in
2905 2261 3114 2317 nullius‘
3140 2263 3373 2332 querela:
3406 2279 3650 2320 murmur
3687 2270 3918 2323 excede-

2333 2369 2469 2420 rem,
2501 2355 2596 2409 sed
2615 2364 2809 2408 cuncta
2839 2353 3100 2418 libenter,
3130 2362 3187 2408 et
3211 2369 3278 2409 ex
3303 2355 3485 2410 animo
3518 2356 3823 2412 tolerarem.

2403 2446 2640 2513 Gratias,
2673 2448 2913 2517 inquam,
2941 2462 3044 2516 ago
3090 2447 3206 2513 tibi,
3238 2449 3545 2505 misericors
3593 2450 3754 2518 Deus,
3787 2453 3916 2522 quia

2333 2556 2456 2597 cum
2477 2539 2726 2609 dignatus
2747 2537 2915 2592 fueris
2944 2538 3044 2593 sub
3061 2548 3406 2608 peccatorum
3433 2556 3673 2596 meorum
3702 2546 3915 2600 ruderi-

2334 2633 2437 2686 bus
2483 2630 2552 2684 ad
2603 2628 2926 2700 supplicium
2973 2628 3111 2696 rapi,
3159 2627 3412 2698 dignatus
3459 2645 3518 2685 es
3554 2647 3640 2685 me
3677 2643 3918 2701 paterna:

2335 2719 2641 2776 severitatis
2679 2719 2803 2790 igne
2847 2717 3179 2786 decoquere,
3207 2727 3263 2773 et
3309 2718 3503 2775 anima:
3545 2736 3676 2776 mea:
3717 2723 3920 2793 rubigi-

2335 2826 2460 2866 nem
2509 2819 2768 2880 tanquam
2815 2807 2992 2862 mallei
3027 2808 3276 2864 cudentis
3307 2810 3631 2880 impactione
3662 2829 3913 2886 purgare.

2335 2901 2700 2969 Quamobrem
2730 2915 2837 2953 non
2887 2911 3006 2952 mea
3054 2897 3304 2954 voluntas
3350 2899 3482 2967 ﬁat,
3523 2902 3764 2967 Domine,
3795 2921 3918 2974 quae

2243 2984 2252 2990 “
2334 3009 2502 3064 prava
2529 3006 2744 3062 semper
2770 3001 2876 3056 est,
2921 3000 2977 3044 et
3005 2991 3238 3062 injusta;
3291 3002 3378 3048 tua
3411 2994 3610 3064 potius,
3641 3012 3759 3066 qua:
3791 2999 3916 3052 ειηιί

2337 3086 2628 3140 virtutibus
2683 3091 2738 3139 et
2789 3082 3098 3138 hominibus
3161 3093 3246 3140 est
3298 3085 3576 3143 lnnniliter
3617 3089 3915 3144 adoranda.

2337 3176 2467 3243 Ure,
2493 3192 2617 3233 seca
2642 3217 2658 3243 ,
2693 3175 2916 3231 concide
2937 3215 2952 3241 ,
2996 3190 3296 3246 omnesque
3338 3177 3622 3234 vulnerum
3671 3196 3918 3238 meorum

2259 3292 2308 3357 ρ
2337 3271 2490 3327 sinus
2518 3287 2584 3324 ac
2610 3270 2848 3325 latebras
2877 3278 3222 3339 perscrutare
3243 3309 3257 3334 ,
3310 3270 3552 3341 nihilque
3595 3289 3814 3343 prorsus
3856 3275 3913 3330 in

2336 3377 2424 3417 me
2453 3362 2618 3417 lateat
2664 3361 2940 3432 putridum
2969 3361 3115 3432 quod
3157 3363 3454 3419 curationis
3486 3375 3589 3419 tua:
3624 3376 3918 3435 praetervo-

2335 3453 2411 3508 let
2447 3452 2856 3507 ferramentum.
2890 3451 3002 3507 Nec
3049 3462 3268 3519 tamen,
3309 3455 3434 3510 dum
3477 3457 3575 3511 hos
3620 3458 3920 3528 disciplina:

2336 3545 2573 3601 caelestis
2597 3546 2735 3601 ictus
2757 3546 3129 3615 aequanimiter
3148 3546 3285 3613 fero,
3306 3564 3438 3604 mea:
3466 3551 3755 3620 patientiae,
3773 3555 3920 3622 quod

2335 3638 2500 3703 absit,
2522 3638 2757 3693 ascribo.
2790 3637 2869 3692 Tu
2899 3639 3177 3705 nimirum,
3209 3640 3450 3705 Domine,
3501 3653 3554 3698 tu
3601 3645 3679 3700 sic
3705 3645 3917 3715 flagella

2339 3739 2446 3794 tua,
2500 3731 2628 3786 dum
2663 3730 2850 3796 caedis,
2894 3739 3223 3800 attemperas
3271 3741 3329 3786 ιιι
3374 3733 3497 3787 dum
3528 3734 3594 3787 ad
3643 3751 3915 3790 ειιιιιιιιιιιιι⁵

2335 3821 2537 3878 doloris
2555 3831 2611 3877 et
2635 3823 2893 3893 angustia:
2913 3823 3179 3893 pet-feror,
3201 3825 3273 3880 ita
3298 3835 3357 3880 ut
3384 3841 3658 3896 spasmnm
3681 3829 3913 3897 patiens.

2335 3929 2472 3984 pene
2502 3929 2625 3968 mox
2653 3913 2931 3984 exspirare
2957 3915 3270 3985 compellar,
3288 3916 3429 3970 illico
3448 3919 3677 3972 sentiam
3706 3922 3916 3987 pondus

2337 4005 2510 4059 intimi
2535 4004 2734 4059 doloris
2757 4005 3096 4071 itnmintti,et
3119 4005 3378 4061 caedentis
3398 4023 3616 4060 manum
3640 4008 3915 4077 dispensa-

2337 4096 2443 4152 tiva
2471 4095 2706 4166 quadam
2734 4095 2956 4150 lenitate
2987 4096 3264 4166 suspendi,
3285 4105 3344 4150 nt
3367 4107 3620 4166 tanquam
3651 4099 3912 4166 quadrifi-

2335 4190 2459 4245 dam
2487 4189 2608 4258 quis
2635 4191 2895 4244 scuticam
2921 4188 2972 4242 in
2999 4189 3225 4243 verbere
3260 4198 3532 4254 teneat,et
3560 4191 3774 4245 interim
3801 4191 3915 4260 pie-

2337 4291 2448 4336 tate
2462 4281 2676 4345 ductus,
2690 4296 2853 4334 unum
2877 4294 2942 4335 ex
2959 4281 3044 4336 his
3059 4281 3232 4336 lorum
3248 4296 3277 4335 a
3291 4281 3437 4336 caede
3451 4291 3781 4352 compescat.
3797 4281 3912 4337 Non

2335 4389 2435 4444 ego
2463 4375 2667 4444 itaque,
2684 4373 2776 4428 sed
2807 4383 2860 4427 tu
2883 4371 3321 4438 clementissime,
3341 4373 3500 4443 hujus
3522 4375 3797 4444 patientiae
3817 4392 3914 4429 au-

2337 4475 2454 4520 ctor
2480 4478 2559 4529 es,
2584 4463 2675 4534 qui
2698 4464 2797 4518 sub
2823 4471 2978 4518 tanto
2999 4464 3367 4518 moderamine
3390 4474 3566 4520 motus
3605 4466 3683 4519 tui
3705 4465 3914 4537 ﬂagella
3993 4503 3998 4506 -

2336 4553 2596 4624 disponis.
2615 4552 2765 4608 Licet
2778 4553 2923 4607 enim
2950 4553 3247 4624 elegiacum
3267 4555 3394 4624 quid
3416 4565 3470 4609 et
3486 4555 3708 4626 lugubre
3727 4558 3914 4612 nimie-

642 4671 795 4737 titur,
848 4669 920 4723 ita
970 4664 1322 4721 nihilominus
1375 4670 1430 4718 et
1463 4662 1516 4717 in
1566 4658 1843 4732 prosperis
1896 4655 2226 4712 unanimiter
2252 4651 2310 4716 D
2338 4657 2448 4702 tate
2476 4645 2753 4716 languoris
2777 4644 3068 4714 aliquando
3109 4645 3400 4715 depressus
3423 4644 3636 4702 etl‘utire
3676 4648 3915 4718 compel-

637 4764 953 4840 collzetetur.
996 4759 1107 4831 Ego
1134 4772 1261 4814 vero
1289 4754 1592 4811 cumulatus
1613 4760 1866 4822 utroque,
1889 4749 2104 4808 beatam
2128 4762 2222 4802 vo-

636 4855 722 4911 bis
749 4854 924 4911 refero
955 4866 1088 4907 meae
1114 4846 1437 4906 calamitatis
1465 4843 1771 4906 historiam,
1813 4848 1874 4897 ut
1911 4847 1967 4896 et
1989 4851 2223 4910 superno

639 4946 866 5002 verbere
913 4959 999 4999 me
1040 4937 1320 5014 patiamini
1358 4937 1712 4992 vehementer
1737 4932 2003 4997 attritum,
2044 4939 2094 4985 et
2128 4943 2225 4998 per

638 5035 881 5107 ejusdem
924 5035 1015 5089 Dei
1073 5031 1244 5089 nostri
1293 5029 1589 5101 potentiam
1628 5023 2010 5096 congaudeatis
2058 5022 2223 5077 etiam

637 5131 933 5187 clementer
960 5135 1228 5197 ereptum.
1267 5143 1286 5176 ‹
1316 5122 1601 5192 Castigans
1621 5118 1786 5184 enim,
1824 5115 2112 5186 castigavit
2137 5129 2224 5170 me

637 5221 918 5285 Dominus,
942 5226 999 5273 et
1038 5216 1198 5271 morti
1250 5229 1356 5269 non
1403 5210 1628 5267 tradidit
1656 5222 1744 5263 me
1771 5204 1944 5279 (Psal.
1974 5203 2163 5274 cxvn).
2202 5221 2220 5255 ι

638 5312 933 5366 Oraveram
966 5305 1122 5378 plane
1149 5319 1312 5374 quam
1353 5317 1494 5370 saepe
1519 5310 1580 5355 ut
1606 5300 1661 5354 in
1693 5313 1781 5353 me
1805 5295 2041 5352 ctelestis
2065 5293 2228 5348 disci-

635 5400 795 5470 plina:
818 5399 968 5469 vigor
995 5397 1249 5460 irrueret,
1280 5401 1336 5447 et
1361 5392 1690 5462 petulantem
1719 5389 1823 5443 mei
1870 5386 2111 5455 corporis
2138 5385 2223 5439 in-

637 5491 921 5544 solentiam
950 5502 1055 5542 non
1081 5485 1189 5541 levi
1234 5483 1507 5553 languoris
1544 5479 1866 5551 aegritudine
1907 5476 2221 5546 castigaret.

638 5581 692 5633 In
729 5597 833 5650 quo
869 5595 954 5634 me
989 5578 1168 5634 divi'ia
1200 5573 1489 5631 clementia
1512 5587 1618 5627 non
1647 5569 1913 5638 despexit,
1956 5567 2052 5623 sed
2081 5566 2221 5622 ultra

637 5685 786 5738 spem
812 5672 1060 5740 precibus
1095 5681 1362 5731 annuens,
1413 5678 1518 5718 non
1550 5661 1669 5717 sine
1711 5659 1918 5715 foenore
1945 5672 2068 5713 mea
2097 5665 2222 5712 vota

636 5758 944 5828 complevit.
975 5758 1133 5813 Dedit
1159 5758 1301 5813 enim
1343 5753 1473 5810 mihi
1514 5751 1869 5807 Pentecosten
1916 5748 2220 5820 lugubrem,

637 5865 745 5906 non
780 5849 1121 5918 Paschalem,
1157 5858 1232 5914 et,
1282 5855 1342 5902 ut
1388 5846 1462 5902 ita
1507 5843 1759 5907 dixerim,
1804 5842 2034 5902 contulit
2086 5842 2220 5899 mihi
2257 5862 2262 5866 ·

2329 4737 2431 4802 lar,
2463 4737 2648 4800 ardeo,
2675 4734 2894 4801 morior,
2927 4735 3255 4801 intercidor;
3285 4737 3388 4792 hoc
3416 4736 3642 4806 simplex
3673 4739 3913 4808 corporis

2330 4825 2583 4898 gemitus,
2637 4840 2744 4880 non
2791 4825 3030 4895 querula:
3063 4827 3259 4882 mentis
3305 4838 3389 4882 est
3437 4843 3700 4883 murmur.
3736 4827 3912 4882 Unum

2331 4927 2594 4990 praeterea
2627 4928 2680 4975 te
2709 4933 2860 4990 rogo,
2891 4921 3154 4989 piissime,
3185 4928 3244 4975 ut
3292 4921 3451 4976 modo
3479 4922 3600 4977 vita:
3637 4937 3771 4977 meae
3799 4930 3911 4977 ter—

2332 5011 2537 5064 minum
2569 5024 2760 5080 ponas,
2789 5025 2889 5065 nec
2934 5024 3019 5064 me
3049 5010 3279 5066 ulterius
3306 5011 3489 5065 vivere
3532 5011 3587 5065 in
3637 5022 3914 5066 consueta:

2333 5100 2561 5168 ignaviae
2605 5108 2791 5168 tepore
2841 5100 3146 5169 permittas.
3196 5098 3347 5166 Quod
3395 5100 3438 5154 si
3485 5100 3660 5168 placet
3707 5100 3914 5153 incom-

2327 5191 2682 5262 prehensibili
2725 5200 2833 5246 tua:
2871 5190 3176 5260 majestatis
3224 5191 3450 5247 arbitrio
3498 5207 3586 5248 me
3638 5191 3691 5246 in
3751 5190 3914 5260 hujus

2327 5283 2508 5340 carnis
2557 5282 2829 5354 ergastulo
2857 5283 3061 5338 diutius
3098 5283 3363 5353 protrahi,
3399 5283 3463 5338 da
3513 5283 3664 5346 mihi,
3704 5299 3912 5354 quaeso,

2326 5376 2592 5446 potiorem
2619 5376 2820 5431 amoris
2845 5377 2922 5431 tui
2947 5379 3072 5436 vim.
3102 5377 3183 5433 vel
3215 5377 3518 5432 uberiorem
3543 5379 3918 5448 compunctio-

2329 5470 2414 5526 nis
2432 5471 2684 5540 gratiam,
2705 5479 2799 5526 aut
2823 5471 2972 5529 eerte
2993 5470 3276 5540 cujuslibet
3302 5471 3520 5526 virtutis
3561 5481 3916 5540 augmentum

2328 5564 2471 5633 quod
2523 5563 2786 5618 hactenus
2833 5578 2938 5618 non
2990 5563 3295 5629 habuerim,
3349 5563 3584 5634 alioquin
3633 5579 3915 5633 nunquam

2327 5657 2630 5712 clementiae
2658 5665 2762 5711 tuae
2795 5656 3006 5725 placeat
3033 5666 3094 5712 ut
3114 5658 3359 5724 evadam,
3391 5658 3493 5712 nisi
3515 5656 3915 5727 quantulacun-

2327 5765 2433 5819 que
2461 5747 2589 5802 mihi
2624 5746 2841 5802 virtutis
2866 5748 3062 5818 gratia,
3093 5762 3256 5818 quam
3281 5748 3510 5804 necdum
3553 5762 3674 5803 sum
3717 5761 3918 5821 conse-

2325 5851 2506 5910 cutus,
2547 5847 2846 5898 accrescat.
