4170 6462
356 257 454 314 601

1448 264 1650 324 LIBER
1689 265 1963 322 SEXTUS
1982 306 1997 331 ,

2037 266 2249 322 El’IST.
2291 269 2405 324 xx.
3300 314 3309 323 .
3518 236 3635 324 toi

434 371 568 424 Dum
593 364 707 424 haec
737 378 793 425 et
832 372 917 428 his
943 371 1137 428 similia
1158 372 1495 445 frequentius
1531 377 1686 441 itero,
1713 375 1947 433 funerea:
1973 380 2027 440 Δ
2123 379 2236 436 Hoc
2256 381 2441 452 itaque
2462 383 2619 438 modo
2645 384 2900 455 captiosis
2922 395 3088 458 atque
3109 386 3470 459 blandiloquis
3495 405 3624 458 per-

359 460 494 516 mihi
529 470 792 534 parantur
837 464 1149 534 exsequiae,
1206 467 1406 539 sacrati
1454 467 1559 523 olei
1608 467 1942 524 delibutione

359 550 667 627 perungor;
705 553 758 610 in
786 555 987 611 cineris
1016 571 1079 612 ac
1104 555 1267 614 cilicii
1311 566 1503 626 strato,
1536 567 1793 631 tanquam
1835 560 1945 617 illic

360 646 718 713 emoriturus,
767 661 1031 716 exponor.
1080 646 1239 703 Sicut
1270 648 1439 715 enim,
1471 648 1646 706 fracta
1689 649 1945 706 videlicet

360 740 450 794 ovi
481 747 618 795 testa
640 732 709 793 ’et
751 746 964 795 rotante
992 739 1232 805 cultello,
1262 739 1478 796 vitellus
1522 741 1820 813 egreditur,
1863 742 1945 798 sic

363 829 548 884 anima
578 844 697 884 mea
743 831 927 885 carnis
952 829 1116 885 vulsa
1160 831 1483 900 visceribus,
1514 833 1742 888 exitium
1770 834 1946 889 mina-

360 921 545 977 batur.
575 920 785 977 Interea
832 919 1003 977 frater
1044 921 1281 994 quidam,
1311 922 1422 980 Leo
1449 924 1689 993 nomine,
1736 934 1855 981 erat
1889 926 1946 982 in

361 1026 570 1078 eremo,
611 1011 932 1083 grandaevus
975 1013 1193 1083 quidem
1231 1024 1417 1081 aetate,
1447 1016 1544 1073 sed
1581 1016 1947 1073 venerabilior

364 1106 626 1161 districta:
677 1106 1112 1162 conversationis
1148 1107 1330 1164 studio
1365 1115 1423 1164 et
1464 1107 1730 1178 simplicis
1774 1106 1945 1163 animi

364 1194 623 1267 puritate.
672 1194 811 1250 Huic
836 1195 1018 1264 itaque
1045 1210 1144 1266 per
1165 1196 1343 1253 visum
1391 1198 1477 1252 vir
1520 1198 1838 1269 splendidus
1882 1213 1948 1255 ac

364 1285 659 1358 praeclarus
685 1286 956 1357 apparuit,
990 1301 1225 1357 eumque
1251 1288 1381 1360 quid
1416 1298 1606 1361 ageret
1644 1289 1944 1361 inquisivit.

365 1378 465 1434 Cui
494 1393 556 1434 se
576 1376 750 1432 frater
770 1377 860 1434 ille
889 1378 1127 1434 dormire
1144 1380 1392 1449 quidem,
1419 1380 1516 1436 sed
1549 1381 1760 1437 tristem
1785 1380 1948 1436 nimis

365 1483 490 1525 esse
524 1466 911 1527 deimminenti
942 1467 1144 1539 prioris
1188 1469 1270 1525 sui
1318 1477 1496 1526 morte
1536 1470 1833 1541 perhibuit.
1880 1470 1952 1527 Et

367 1559 458 1615 ille
489 1576 504 1614 :
537 1578 556 1612 ι
587 1557 706 1625 Die,
738 1558 935 1628 inquit,
960 1558 1123 1616 Petro
1162 1560 1434 1629 Damiani,
1460 1563 1529 1617 de
1554 1577 1662 1633 quo
1688 1561 1946 1633 loqueris,

365 1649 569 1705 nullam
598 1650 651 1704 in
679 1648 904 1704 medicis
932 1664 1084 1721 spem
1110 1659 1300 1720 ponat,
1327 1660 1548 1708 centum
1576 1653 1950 1709 tantummodo

365 1754 634 1811 pauperes
681 1747 908 1812 pascat,
944 1749 1001 1796 et
1040 1742 1292 1812 protinus
1336 1757 1397 1799 se
1444 1743 1829 1801 convalescere
1882 1743 1953 1800 de
1981 1730 2025 1791 Β

368 1830 667 1901 languore,
712 1844 874 1899 quem
920 1831 1145 1900 patitur,
1191 1847 1298 1887 non
1346 1832 1577 1889 diffidat.
1615 1853 1635 1888 ι
1674 1834 1775 1891 Cui
1822 1849 1950 1890 cum

367 1920 533 1992 206
560 1919 670 1987 Ille,
697 1917 765 1976 de
786 1921 1003 1976 meliori
1029 1923 1219 1995 utique
1245 1924 1355 1979 vita
1383 1924 1672 1993 sollicitus,
1704 1926 1909 1982 diceret
1934 1944 1949 1982 :

369 2010 605 2067 Habebit
646 2010 773 2078 ille,
823 2012 1075 2080 domine,
1121 2015 1475 2085 paradisum?
1514 2016 1816 2088 Respondit
1852 2017 1952 2073 :ln

370 2102 629 2172 paradiso
656 2102 876 2174 quidem
926 2106 1251 2174 quantocius
1289 2116 1397 2174 est,
1425 2107 1523 2163 sed
1560 2108 1648 2163 dic
1692 2107 1793 2175 illi,
1824 2108 1954 2178 quia

371 2207 500 2247 mox
529 2202 590 2247 ut
627 2195 953 2265 pauperibus
1000 2195 1255 2252 alimenta
1317 2198 1631 2265 contulerit,
1675 2208 1985 2270 resumpta-

372 2286 620 2356 protinus
668 2287 1076 2357 incolumitate,
1121 2291 1396 2362 gaudebit.
1444 2292 1722 2365 Evigilans
1774 2294 1958 2365 itaque

373 2378 636 2435 continuo
663 2380 834 2436 frater
860 2380 926 2436 ad
969 2382 1253 2438 ecclesiam
1278 2385 1478 2456 pergit,
1502 2401 1666 2456 quam
1696 2387 1824 2443 dum
1866 2387 1955 2442 in-

374 2474 569 2544 gredi,
618 2474 912 2531 conticinio
954 2477 1129 2533 noctis
1159 2477 1450 2545 abnuente,
1488 2493 1594 2534 non
1633 2479 1844 2551 potuit,
1878 2479 1961 2535 vi-

380 2565 535 2621 sione
587 2574 767 2621 tamen
813 2568 1099 2632 attonitus,
1146 2567 1214 2622 ad
1264 2569 1513 2625 cellulam
1569 2585 1679 2625 non
1738 2570 1953 2626 redivit.

376 2656 517 2724 Quid
544 2656 735 2728 plura?
768 2656 1041 2715 Visionem
1070 2660 1242 2715 frater
1279 2658 1542 2717 fratribus
1583 2661 1790 2727 retulit,
1818 2661 1961 2717 elec-

377 2765 660 2821 niosynam
711 2751 1080 2822 indigentibus
1137 2752 1350 2808 ardenti
1397 2752 1669 2809 desiderio
1712 2752 1958 2809 fraterna

376 2839 624 2895 charitas
671 2839 1036 2908 ministravit;
1090 2841 1289 2912 quibus
1337 2841 1504 2897 etiam
1551 2855 1620 2896 ex
1665 2841 1960 2897 abundanti

377 2944 631 2985 nummos
658 2930 928 2998 adhibuit,
971 2942 1030 2986 et
1063 2932 1143 2988 sic
1169 2947 1271 3004 ego
1309 2932 1397 3009 die
1431 2932 1624 2999 altero,
1652 2934 1962 2991 valetudine

377 3021 671 3077 recedente
696 3022 964 3077 convalui.
996 3022 1289 3093 Reparatio
1312 3023 1496 3094 itaque
1518 3025 1772 3080 sanitatis
1796 3024 1957 3079 fidem

376 3113 609 3184 prmbuit
649 3113 865 3169 visioni.
906 3114 1015 3171 Sed
1060 3130 1184 3171 cum
1214 3116 1398 3186 pisces
1440 3117 1664 3173 omnino
1707 3117 1959 3174 deessent
1984 3095 2030 3158 ο
2062 3123 2157 3179 Dei
2181 3095 2405 3178 m'unere
2430 3095 2657 3193 piscium
2684 3095 3011 3177 exuberasse
3046 3130 3388 3192 proventum.
3421 3119 3633 3173 Dictum
3708 3158 3713 3163 .
3768 3126 3785 3134 ·

376 3215 434 3259 et
470 3203 853 3282 languescente
881 3206 1163 3262 stomacho
1193 3222 1388 3277 capere
1415 3207 1672 3262 alimenta
1702 3223 1807 3264 non
1836 3223 1961 3278 pos-

377 3309 514 3358 sem,
564 3304 845 3365 coeperunt
880 3294 1080 3352 fratres
1128 3297 1453 3368 importunis
1493 3297 1747 3367 precibus
1794 3297 1960 3353 vehe-

378 3395 594 3444 menter
647 3387 918 3452 insistere,
950 3397 1012 3443 ut
1052 3387 1246 3444 saltem
1289 3389 1470 3444 triduo
1514 3403 1667 3445 esum
1714 3387 1961 3447 carnium

379 3480 710 3551 reparationi
743 3481 1070 3537 tabescentis
1089 3490 1145 3536 et
1159 3479 1304 3537 eli‘eti
1326 3482 1574 3551 corporis
1602 3481 1959 3553 indulgerem.

379 3570 620 3638 Quorum
642 3571 827 3641 utique
852 3570 896 3626 si
935 3570 1184 3639 precibus
1207 3571 1632 3641 acquiescerem,
1678 3571 1963 3642 quodcun-

381 3678 488 3733 que
510 3663 615 3719 illis
642 3662 977 3734 pcenitentia:
1002 3663 1193 3720 vellem
1223 3664 1434 3733 pondus
1463 3664 1820 3735 injungerem,
1842 3661 1964 3732 pol-

382 3753 687 3811 licebantur
734 3753 979 3809 ultronea
1017 3768 1076 3809 se
1111 3752 1399 3808 devotione
1440 3750 1706 3823 perferre.
1756 3750 1966 3818 Quibus

383 3862 509 3918 ego,
547 3848 690 3917 quod
716 3847 844 3904 olim
886 3846 1227 3917 Pharulphus
1250 3845 1615 3902 Urbisveteris
1650 3859 1854 3908 comes,
1873 3843 1965 3914 qui

383 3945 602 3993 centum
617 3936 781 3992 millia
805 3952 1026 3993 mansos
1051 3936 1253 3992 habere
1277 3935 1583 4002 dicebatur,
1611 3943 1820 4006 egerat,
1845 3933 1967 3990 dedi

384 4027 628 4084 ridiculae
648 4027 944 4085 delusionis
956 4028 1283 4100 exemplum.
1309 4027 1621 4092 Enimvero,
1666 4026 1808 4081 sicut
1833 4024 1967 4079 mihi

386 4118 618 4174 relatum
662 4127 769 4185 cst,
806 4119 932 4176 dum
964 4119 1031 4174 ad
1081 4133 1323 4175 mensam
1375 4132 1559 4173 comes
1594 4115 1684 4172 ille
1734 4115 1971 4172 discum-

274 4282 286 4291 .
386 4210 561 4275 heret,
589 4211 807 4281 quidam
835 4211 910 4266 illi
941 4210 1237 4266 monachus
1263 4209 1558 4276 assidebat,
1580 4223 1742 4279 quem
1771 4222 1968 4278 rogare

385 4303 578 4374 capit,
600 4313 659 4358 ut
687 4304 810 4375 quia
835 4305 1013 4374 pisces
1051 4303 1295 4369 deerant,
1326 4303 1562 4359 dictante
1613 4301 1963 4365 necessitate,

388 4395 647 4451 carnibus
698 4404 1031 4451 vesceretur.
1079 4394 1265 4450 Primo
1316 4393 1534 4464 quidem
1598 4392 1690 4449 ille
1744 4407 1967 4464 negare,

391 4485 585 4542 deinde
625 4487 826 4542 sensim
868 4484 1236 4557 paulatimque
1306 4484 1645 4550 mollescere,
1697 4493 1973 4554 postremo

391 4582 559 4654 cmpit
586 4581 849 4647 animum,
881 4581 1188 4637 hortatibus
1211 4578 1601 4636 delectabiliter
1645 4576 1972 4647 impellenti-

391 4676 517 4739 bus,
543 4673 822 4730 inclinare.
848 4671 1108 4741 Verrinus
1135 4670 1343 4726 interea
1365 4669 1536 4725 callus
1566 4666 1870 4740 apponitur,
1917 4674 1976 4722 et

393 4766 500 4822 hoc
531 4780 638 4820 non
661 4779 781 4819 esse
806 4777 1027 4819 carnem
1056 4777 1122 4818 ac
1144 4778 1243 4833 per
1280 4763 1384 4818 hoc
1427 4759 1976 4832 irreprehensibiliter

393 4857 602 4914 comedi
625 4869 803 4927 posse,
833 4868 1024 4911 vecors
1055 4854 1354 4909 monachus
1376 4851 1642 4907 fallaciter
1680 4850 1975 4905 adhortan-

396 4951 531 5006 tium
564 4947 826 5005 lenocinio
854 4947 1132 5003 suadetur.
1165 4945 1252 5000 Fit
1274 4946 1454 5016 itaque
1478 4945 1544 5001 de
1582 4944 1699 5009 illo,
1726 4943 1871 5014 quod
1906 4943 1974 4998 de

396 5039 561 5095 stulto
592 5038 709 5093 viro
735 5046 900 5107 atque
927 5052 956 5090 a
991 5036 1280 5091 meretrice
1308 5035 1533 5105 decepto
1579 5049 1679 5104 per
1730 5031 1978 5088 Salomo-

399 5148 521 5187 uem
553 5132 785 5186 dicitur:
819 5150 836 5181 i
875 5128 1125 5191 lrretivit,
1164 5128 1360 5197 inquit,
1404 5139 1528 5180 eum
1560 5125 1744 5180 multis
1766 5138 1975 5180 sermo-

400 5224 574 5286 nibus,
608 5231 662 5278 et
683 5221 957 5278 blanditiis
979 5220 1244 5275 labiorum
1292 5217 1560 5288 protraxit
1588 5217 1769 5283 illum;
1793 5216 1980 5272 statim

401 5331 520 5371 eam
550 5314 814 5384 sequitur,
836 5312 991 5383 quasi
1012 5312 1109 5366 bos
1132 5311 1322 5387 ductus
1344 5309 1412 5363 ad
1436 5309 1801 5376 victimam,et
1825 5323 1980 5378 quaSt

402 5422 576 5474 agnus
602 5404 888 5460 lasciviens
919 5412 973 5458 et
1002 5392 1279 5474 ignorans,
1308 5409 1365 5455 et
1386 5400 1556 5455 nescit
1578 5400 1721 5469 quod
1766 5399 1833 5454 ad
1860 5399 1981 5454 vin—

402 5498 518 5552 cula
549 5496 745 5552 stultus
775 5496 1042 5561 trahatur,
1075 5494 1245 5549 donec
1296 5492 1580 5562 transfigat
1601 5492 1802 5563 sagitta
1823 5491 1982 5561 jecur

403 5586 549 5657 ejus;
578 5588 722 5643 velut
751 5588 795 5643 si
826 5588 944 5643 avis
969 5586 1183 5643 festinet
1205 5586 1271 5640 ad
1287 5585 1560 5653 laqueum,
1586 5593 1641 5641 et
1662 5583 1832 5639 nescit
1853 5583 1979 5655 quia

405 5680 468 5739 de
498 5681 737 5754 periculo
766 5680 908 5739 illius
948 5681 1121 5754 agitur
1160 5677 1339 5752 (Prov.
1369 5678 1485 5747 vn).
1537 5696 1555 5730 ι

2039 472 2383 529 suasionibus
2409 471 2577 528 frater
2602 474 2689 529 ille
2734 476 2992 546 pellectus
3024 479 3358 551 impingitur,
3390 490 3446 534 et
3474 480 3621 534 velut

2041 563 2158 618 avis
2184 563 2379 630 mollis,
2395 565 2611 621 viscarii
2637 569 2987 638 compedibus
3015 569 3285 626 irretitur.
3304 572 3640 629 Verecunda.

2041 652 2274 724 denique
2299 654 2448 729 prius
2476 671 2572 711 ora
2602 658 2799 715 rubore
2839 659 3181 728 suffundens,
3201 677 3266 717 ac
3295 663 3667 727 intuentium,

2040 758 2100 800 se
2137 760 2236 816 per
2270 747 2558 803 circuitum
2595 751 2785 807 oculos
2829 768 3215 824 expavescens,
3252 765 3626 812 summotenus

2041 835 2216 907 primo
2237 836 2459 909 ligurire
2492 842 2677 912 erepit,
2707 844 2900 900 deinde
2931 847 3099 902 semel
3126 848 3343 903 edendi
3373 848 3642 904 libertate

2043 926 2636 1005 concepta,|prurientis
2652 932 2791 1001 gula:
2827 934 2975 989 frena
3000 935 3218 992 laxavit.
3244 937 3488 1007 Cumque
3508 939 3621 1007 jam

2043 1016 2271 1072 satiatus
2297 1019 2556 1076 existeret
2584 1024 2887 1081 etcarnalis
2910 1026 3174 1083 illecebrae
3200 1037 3323 1084 vota
3352 1030 3590 1099 comples
3607 1062 3621 1072 -

2043 1117 2143 1170 set.
2169 1122 2295 1165 ecce
2317 1112 2708 1181 permaximum
2761 1115 2960 1172 lucium
3010 1118 3220 1190 dapifer
3260 1120 3457 1183 attulit,
3487 1131 3542 1175 et
3571 1121 3630 1175 in

2044 1214 2107 1254 se
2135 1203 2575 1283 convescprtium
2603 1205 2788 1262 oculos
2808 1216 2862 1263 et
2887 1224 2983 1263 ora
3035 1211 3322 1266 convertit.
3380 1213 3626 1282 Cumque

2045 1290 2191 1346 hunc
2240 1298 2296 1346 et
2349 1295 2650 1351 monachus
2675 1296 2969 1353 miraretur
2993 1308 3049 1354 et
3075 1302 3264 1356 oculos
3300 1303 3354 1357 in
3385 1318 3508 1359 eum
3540 1304 3625 1359 iu-

2046 1381 2217 1436 bianti
2271 1382 2603 1439 curiositatis
2656 1386 2914 1443 aviditate
2969 1389 3254 1460 deligeret,
3293 1392 3374 1447 ait
3397 1408 3627 1449 comes:

2048 1470 2183 1541 Quia
2205 1489 2400 1531 carnes
2427 1483 2682 1547 tanquam
2713 1478 2885 1535 laicus
2908 1482 3216 1548 comedisti,
3254 1483 3457 1553 piscem
3498 1493 3621 1538 tan-

2048 1580 2213 1649 quam
2239 1568 2538 1623 monachus
2575 1583 2673 1624 cur
2707 1569 2980 1625 attendis?
3028 1570 3192 1628 Plane
3213 1572 3258 1627 si
3291 1573 3394 1628 hoc
3425 1573 3519 1627 tibi
3560 1573 3625 1626 li-

2049 1659 2243 1724 cuerit,
2266 1660 2591 1716 versiculum
2609 1661 2757 1717 illum
2779 1678 3016 1734 congrue
3041 1665 3386 1721 decantabis:
3420 1684 3440 1717 ι
3474 1664 3629 1721 Meus

2053 1759 2137 1806 est
2186 1750 2410 1829 Galaad,
2455 1761 2511 1807 et
2555 1768 2707 1809 meus
2744 1762 2830 1808 est
2883 1753 3159 1811 Manasses
3204 1755 3377 1828 (Psal.
3416 1756 3548 1827 us).
3600 1777 3618 1808 ι

2052 1839 2222 1897 Porro
2253 1850 2433 1897 autem
2450 1843 2494 1897 si
2521 1843 2780 1899 carnibus
2808 1843 3178 1908 abstinuisses,
3207 1828 3370 1915 piscis
3395 1846 3497 1900 iste
3535 1845 3631 1899 tibi

2053 1928 2121 1985 de
2142 1930 2404 1985 industria
2424 1933 2765 1998 servabatur,
2798 1934 2892 1989 sed
2916 1934 3041 2004 quia
3057 1936 3313 1991 carnibus
3336 1936 3634 2005 appetitum

2054 2018 2237 2075 carnis
2288 2019 2601 2090 implevisti,
2655 2021 2839 2078 fauces
2891 2034 3012 2079 tuas
3065 2024 3229 2094 piscis
3264 2025 3352 2080 hic
3389 2034 3511 2095 post
3536 2024 3632 2077 ali-

2055 2100 2234 2164 menta
2265 2109 2499 2165 carnalis
2525 2110 2686 2181 207
2708 2111 2960 2181 ingluvici
2992 2129 3097 2168 non
3146 2113 3416 2168 transibit.
3466 2111 3635 2180 llujus

2053 2199 2237 2268 itaque
2265 2216 2372 2255 non
2421 2199 2695 2257 immerito
2731 2202 3064 2257 confusionis
3112 2203 3405 2274 ignominia
3444 2203 3638 2271 dignus

2054 2291 2283 2358 exstitit,
2323 2293 2415 2362 qui
2468 2292 2634 2348 robur
2681 2293 2896 2365 ingenui
2930 2294 3122 2365 rigoris
3179 2295 3429 2364 degeneri
3495 2294 3634 2347 male

2055 2370 2444 2438 blandientium
2490 2384 2706 2440 suadela
2773 2385 3040 2453 mollivit,
3099 2386 3367 2458 digneque
3422 2385 3639 2455 pertulit

2056 2474 2330 2530 manifesti
2355 2475 2577 2544 pudoris
2611 2476 2979 2546 opprobrium,
3033 2476 3159 2530 dum
3211 2476 3437 2540 illicem,
3464 2488 3517 2529 ct
3544 2490 3636 2529 oc-

2057 2567 2257 2639 cultius
2305 2568 2613 2624 titillautem
2650 2569 2832 2624 carnis
2877 2584 2982 2623 non
3034 2570 3277 2624 cohibuit
3323 2550 3639 2638 appetitum.

2060 2659 2176 2725 Sic,
2206 2660 2447 2729 inquam,
2480 2662 2559 2717 sic
2606 2663 2744 2716 forte
2789 2662 2921 2715 mihi
2970 2661 3135 2716 faciet
3183 2661 3463 2724 Dominus,
3529 2659 3640 2714 fra—

2059 2757 2171 2804 tres
2197 2750 2411 2816 mei,ut
2445 2765 2567 2805 cum
2611 2750 2958 2805 obtinueritis
2985 2750 3207 2804 edendis
3251 2764 3338 2804 me
3378 2750 3638 2802 carnibus

2058 2841 2426 2913 acquiescere,
2463 2823 2713 2914 dignetur
2752 2843 2886 2898 mihi
2927 2841 3356 2897 benedictionem
3404 2840 3633 2910 piscium

2059 2938 2337 3003 exhibere,
2359 2946 2416 2993 et
2441 2938 2546 2993 hoc
2575 2936 2736 3003 modo
2757 2939 3021 3007 pteniteat
3074 2951 3161 2992 me
3209 2950 3306 3005 per
3355 2935 3642 3005 impatien~

2063 3031 2194 3084 tiam
2218 3028 2356 3102 gula:
2392 3028 2626 3085 violasse
2640 3030 2997 3100 propositum,
3019 3030 3148 3083 dum
3179 3028 3308 3082 mihi
3340 3025 3547 3080 videant
3573 3042 3642 3080 ex

2062 3213 2373 3285 factumque
2393 3221 2495 3270 est.
2527 3211 2661 3267 Nam
2692 3214 2856 3269 tertio
2884 3212 2971 3267 die
3015 3222 3304 3282 postquam
3353 3210 3469 3265 hmo
3496 3210 3642 3262 dicta

2062 3317 2206 3371 sunt,
2234 3316 2289 3364 et
2323 3322 2354 3362 a
2385 3304 2632 3362 Guidone
2655 3304 3087 3361 Corneliensium
3122 3305 3342 3367 comite,
3362 3313 3418 3357 et
3444 3316 3510 3355 ex
3544 3300 3643 3354 Fa-

2062 3398 2279 3454 ventiua
2325 3398 2460 3452 urbe
2489 3404 2570 3451 tot
2609 3395 2740 3450 mihi
2763 3395 2924 3450 delati
2968 3401 3098 3451 bunt
3135 3395 3334 3464 pisces,
3368 3402 3425 3447 ut
3451 3408 3641 3447 eorum

2064 3493 2197 3548 mihi
2244 3507 2341 3563 per
2379 3491 2641 3562 plurimos
2686 3490 2804 3545 dies
2858 3490 3096 3545 edulium
3128 3505 3232 3544 non
3269 3491 3502 3544 deesset.
3552 3488 3645 3542 Sic

2065 3587 2248 3658 itaque
2279 3600 2374 3655 per
2421 3582 2715 3653 Pharulpbi
2765 3583 3088 3638 monachum
3127 3581 3430 3637 deludentis
3456 3595 3645 3634 exem-

2064 3677 2235 3747 plum,
2262 3673 2552 3730 deterioris
2578 3674 2724 3729 evasi
2772 3673 3107 3729 confusionis
3137 3671 3508 3742 opprobrium.
3538 3668 3644 3722 To-

2066 3767 2346 3824 lerabilius
2365 3766 2564 3836 quippe
2584 3773 2671 3820 est
2688 3765 2758 3820 ab
2786 3764 3096 3819 hominibus
3120 3762 3323 3832 despici
3358 3776 3521 3831 quam
3550 3776 3643 3814 co-

2067 3878 2184 3917 ram
2205 3860 2504 3917 divinitatis
2529 3857 2809 3926 majestate
2832 3855 3108 3912 confundi.

2139 3949 2267 4006 llaec
2295 3949 2466 4013 vobis,
2491 3945 2852 4011 dilectissimi,
2904 3954 3161 4015 tanquam
3201 3942 3553 4013 complicibus
3593 3951 3649 3995 ct

2069 4043 2282 4108 amicis,
2311 4041 2521 4096 amicus
2544 4039 2792 4111 exposui,
2811 4053 3052 4108 meaeque
3074 4034 3401 4091 visitationis
3424 4033 3647 4094 seriem,

2068 4134 2484 4194 velut.uterinis
2521 4133 2814 4198 fratribus,
2873 4130 3114 4185 unanimi
3154 4126 3523 4183 familiaritate
3569 4126 3651 4181 di-

2070 4227 2233 4300 gessi.
2261 4224 2615 4296 Omnipotens
2633 4222 2778 4299 Deus
2811 4221 3016 4279 sanctis
3055 4220 3308 4292 precibus
3346 4219 3545 4273 vestris
3593 4217 3649 4271 in

2071 4318 2254 4375 anima
2283 4318 2503 4390 quidem
2526 4331 2614 4372 me
2639 4314 3191 4377 reddatincolumem,
3226 4311 3439 4382 corpori
3470 4320 3650 4365 autem

2076 4426 2198 4469 meo
2251 4410 2472 4480 dignam
2498 4422 2634 4465 meae
2660 4408 2943 4478 pravitatis
2969 4406 3169 4461 inferat
3192 4404 3478 4470 ultionem,
3517 4418 3653 4471 qua-

2071 4516 2228 4563 tenus
2242 4494 3013 4563 clementissimumludicem,
3031 4510 3197 4564 quem
3210 4494 3300 4551 hic
3313 4509 3537 4550 sensero
3550 4509 3647 4565 per

2070 4595 2291 4649 verbera
2325 4591 2547 4647 duriora
2583 4597 2912 4645 commotum
2939 4629 2956 4654 ,
3005 4586 3116 4643 illic
3152 4601 3368 4641 merear
3399 4586 3657 4639 invenire

2076 4683 2443 4754 tranquillum.
2493 4680 2647 4735 liunc
2673 4684 2843 4734 tilium
2885 4686 3153 4741 nostrum,
3184 4673 3549 4737 dilectissimi,
3600 4674 3653 4725 in

2076 4786 2254 4831 vestra
2274 4783 2398 4845 post
2423 4773 2588 4828 Deum
2614 4771 2815 4827 ﬁducia.
2864 4770 3067 4839 dirigo.
3087 4766 3221 4821 Nam
3243 4763 3501 4834 quidquid
3529 4777 3657 4831 pro-

2076 4865 2268 4922 fecerit
2292 4865 2362 4920 de
2388 4878 2572 4928 causa,
2601 4877 2699 4932 pro
2743 4877 2851 4930 qua
2889 4859 3140 4924 mittitur,
3187 4855 3340 4911 vobis
3385 4854 3653 4909 duntaxat

2077 4957 2384 5030 specialiter
2411 4957 2730 5014 ascribetur.

2622 5086 2954 5144 EPISTOLA
3001 5083 3122 5140 XX.

2616 5218 2679 5257 ΔΙ)
2704 5216 2757 5261 Βι
2789 5214 3097 5255 ΜΟΝΔῧΗυδί.

2081 5321 2480 5376 Anconem-run.
2512 5346 2579 5356 —
2609 5314 2869 5386 Hortatur
2896 5312 3219 5386 monachum
3250 5307 3560 5386 quemdam,
3590 5320 3663 5386 ne

2155 5392 2376 5446 alterius
2402 5388 2588 5456 culpas
2632 5383 2937 5456 purgandas
2964 5383 3254 5456 suscipiat,
3267 5382 3309 5456 si
3329 5382 3658 5456 susceperit,

2156 5445 2363 5525 subita,
2379 5445 2649 5528 plenaque
2657 5445 2846 5528 expiet
2857 5445 3198 5528 poenitentia;
3218 5450 3300 5528 _0b
3329 5445 3661 5528 idqueaddw

2157 5534 2232 5586 cit
2258 5518 2572 5599 exemplum
2600 5518 2872 5599 monachi,
2899 5525 3133 5599 quicum
3159 5520 3347 5574 fuisset
3386 5518 3665 5599 negligen?

2160 5602 2262 5655 tior
2297 5603 2351 5655 in
2380 5594 2539 5656 amici
2575 5599 2732 5654 noxis
2777 5594 3078 5659 abluendis,
3120 5606 3312 5666 pomus
3359 5594 3665 5649 purgatum

2164 5670 2345 5727 subiit.
