4170 6450
497 305 604 364 107

1009 307 1069 362 S.
1113 303 1318 362 PETRI
1359 304 1644 362 DAMIANI
1683 303 1836 364 OPP.
1877 303 2059 360 PARS
2098 302 2228 364 SEU
2283 302 2521 362 TOMUS
2559 301 2600 359 I.
2642 332 2713 344 —
2751 300 2970 359 EPIST.
3010 300 3140 357 LIB.
3179 299 3314 358 VIII.

3671 296 3778 354 608

500 421 598 492 ΙῙ.,
627 387 925 492 pertinet]:
968 439 986 472 ι
1020 418 1121 487 Qui
1167 419 1299 483 vult,
1335 419 1529 491 inquit,
1567 418 1754 475 venire
1799 427 1921 488 post
1970 432 2079 483 me,
2111 422 2158 480 Α
2185 417 2447 474 calicibus
2477 415 2793 488 epotandls?
2827 435 2845 468 ι
2878 413 3066 488 (Prov.
3095 415 3277 487 xxm.)
3305 413 3439 469 Nam
3471 416 3515 471 si
3555 415 3661 480 his,
3686 415 3779 486 qui

507 512 734 584 abneget
761 510 1134 580 semetipsum,
1161 519 1216 564 et
1263 510 1416 565 tollat
1453 525 1670 566 crucem
1703 524 1856 565 suam
1909 510 2088 580 quoti-

2191 510 2242 564 in
2273 510 2399 565 vino
2439 519 2740 574 morantur,
2772 523 2875 574 vae,
2911 522 3032 578 quae
3076 506 3330 562 nimirum
3377 507 3782 565 lamentationis

505 603 616 668 die,
642 610 697 656 et
725 607 990 671 sequatur
1015 616 1102 656 me
1131 601 1284 670 (Luc.
1313 603 1414 670 ut).
1445 620 1466 654 ι
1508 601 1640 668 Quae
1671 600 1923 655 nimirum
1955 615 2090 655 crux
2187 608 2271 654 est
2296 615 2421 663 vox,
2463 599 2800 665 intentatur;
2847 614 3044 669 aquam
3089 614 3188 669 pro
3231 599 3326 654 Dei
3365 614 3550 656 amore
3588 600 3780 656 biben-

503 701 756 748 sanctum
786 692 1017 747 Domino
1057 691 1181 761 jure
1210 701 1458 756 vocatur,
1489 691 1614 761 quia
1644 705 1741 760 per
1767 705 1886 744 eam
1935 705 2091 744 mun-

507 783 628 846 dus,
652 781 743 851 qui
793 783 930 836 adeo
979 781 1300 852 profanatus
1328 779 1534 845 fuerat,
1577 779 1934 836 benedicitur.
1983 777 2090 834 Sed

504 873 630 942 quia
655 873 923 943 prolixius
951 873 1076 930 alibi
1102 874 1171 928 de
1199 882 1388 929 sancta
1416 888 1482 928 ac
1507 872 1742 942 pretiosa
1768 887 1932 927 cruce
1958 886 2090 926 con-

506 966 848 1036 scripsimus,
877 981 946 1022 ne
990 966 1240 1022 fortassis
1271 967 1457 1022 eadem
1496 966 1585 1022 hic
1615 966 1893 1035 contingat
1929 966 2092 1020 obre-

504 1072 654 1126 pere,
689 1057 792 1113 ista
822 1057 1086 1112 duntaxat
1114 1057 1166 1112 in
1197 1057 1300 1113 hoc
1329 1057 1610 1128 epistulari
1640 1057 1962 1126 compendio
1994 1055 2095 1110 sub

503 1146 788 1202 celeritate
817 1147 1072 1213 decursa,
1103 1147 1351 1204 sufﬁcere
1377 1147 1710 1218 iudicamus.

583 1236 864 1293 Hoctvita:
913 1248 1020 1293 tua:
1065 1239 1299 1310 signum,
1357 1239 1429 1294 fili
1475 1237 1816 1301 charissime,
1857 1236 1998 1292 sicut
2039 1235 2094 1290 in

508 1327 688 1384 fronte
717 1328 984 1400 depingis,
1015 1330 1090 1384 ita
1123 1329 1475 1385 nihilominus
1502 1328 1683 1384 cordis
1712 1328 1787 1382 tui
1820 1327 2099 1382 liminibus

507 1422 791 1492 imprime;
822 1422 968 1492 quod
998 1422 1140 1478 ultor
1167 1423 1390 1494 angelus
1417 1438 1672 1489 cernens,
1703 1423 1822 1478 sine
1865 1429 1956 1476 tua
1988 1435 2096 1476 non

515 1513 694 1568 tardet
731 1514 953 1569 laesione
1003 1515 1236 1571 transire
1273 1514 1472 1587 (Exod.
1507 1516 1630 1584 xu).
1673 1515 1799 1571 Haec
1826 1513 2098 1584 pbylacte-

513 1602 592 1656 ria
625 1618 735 1673 prae
763 1604 935 1658 oculis
963 1605 1067 1660 tuis
1093 1605 1210 1660 sine
1236 1605 1542 1660 cessatione
1571 1605 1940 1676 dependeant;
1984 1604 2099 1659 haec

510 1692 762 1763 stigmata
797 1709 996 1764 corpus
1032 1703 1182 1749 tuum
1218 1695 1477 1765 undique,
1508 1695 1653 1751 sicut
1697 1695 1986 1766 Apostolus
2029 1694 2099 1750 de

2191 688 2334 744 tibus
2359 687 2614 760 gaudium
2637 689 2839 758 absque
2861 687 2968 742 ulla
2995 687 3271 743 dubietate
3295 689 3652 758 promittitur.
3680 688 3780 747 Ubi

2191 778 2368 833 adhuc
2415 786 2540 848 apte
2587 776 2967 848 subiungitur:
3021 797 3040 830 ι
3093 775 3207 832 Non
3265 779 3528 836 intuearis
3571 780 3782 837 vinum.

2191 870 2408 940 quando
2437 869 2699 936 flavescit,
2725 886 2847 925 cum
2877 870 3208 940 splenduerit
3231 871 3283 925 in
3304 871 3447 926 vitro
3473 872 3624 926 color
3647 870 3782 940 ejus,

2193 962 2511 1031 ingreditur,
2565 962 2780 1028 blande,
2830 963 2924 1019 sed
2975 964 3028 1018 in
3070 965 3366 1020 novissimo
3406 965 3671 1020 mordebit
3727 974 3788 1022 ut

2193 1056 2436 1121 coluber,
2465 1065 2521 1112 et
2569 1057 2711 1113 sicut
2739 1057 2957 1126 regulus
2985 1073 3193 1114 venena
3225 1058 3487 1116 diffundet
3513 1058 3727 1131 (Ibid.).
3759 1079 3779 1114 ι

2192 1147 2380 1218 Neque
2409 1162 2510 1203 nos
2557 1149 2761 1205 idcirco
2794 1149 2862 1205 de
2902 1148 3162 1219 praedicto
3189 1149 3400 1220 liquore
3428 1151 3682 1215 dicimus,
3729 1159 3789 1206 ut

2194 1244 2500 1292 creaturam
2530 1238 2648 1303 Dei,
2679 1253 2798 1309 quae
2826 1239 3016 1309 utique
3043 1239 3184 1294 bona
3209 1249 3311 1305 est,
3340 1241 3637 1296 obscurare
3669 1249 3788 1296 ten-

2196 1337 2390 1395 temus,
2437 1329 2528 1385 sed
2575 1331 2698 1387 ideo
2727 1332 2931 1400 vinum,
2963 1348 3178 1397 carnes.
3223 1333 3384 1404 213
3417 1331 3691 1402 conjugis,
3734 1343 3791 1390 et

2196 1419 2364 1475 multa
2409 1421 2495 1477 his
2541 1422 2762 1488 similia,
2811 1425 3092 1480 monachis
3139 1426 3512 1496 postponenda
3561 1441 3792 1497 perpen-

2195 1511 2392 1577 dimus,
2445 1520 2505 1567 ut
2549 1513 2873 1570 abstinendo
2920 1529 2951 1570 a
3003 1516 3270 1571 creaturis
3315 1514 3559 1570 Creatori
3591 1515 3794 1571 arctius

2195 1600 2532 1676 placeamus.
2582 1607 2689 1663 Sed
2725 1609 2815 1678 qui
2846 1623 3043 1678 aquam
3075 1609 3215 1674 odis,
3259 1609 3374 1679 ipsa
3407 1618 3459 1665 te
3487 1609 3633 1665 velut
3657 1610 3794 1664 viva:

2199 1697 2351 1753 vocis
2383 1697 2686 1754 invectione
2714 1700 3023 1764 conveniat,
3050 1708 3105 1755 et
3134 1699 3406 1770 ingratum
3441 1709 3492 1756 te
3535 1702 3647 1757 suis
3674 1715 3795 1756 esse

513 1799 574 1839 se
605 1793 854 1851 testatur,
887 1785 1108 1840 inurant
1142 1804 1156 1840 :
1193 1805 1212 1839 ι
1246 1787 1380 1857 Ego,
1421 1788 1630 1858 inquit,
1677 1789 1928 1858 stigmata
1973 1785 2100 1842 Jesu
2133 1773 2500 1848 B'beneficiis,
2531 1788 2763 1858 propriae
2789 1789 3105 1845 assertionis
3136 1789 3455 1860 allegatione
3485 1791 3792 1846 convincat.

512 1875 568 1930 in
601 1891 832 1947 corpore
874 1892 997 1932 meo
1034 1887 1191 1948 porto
1229 1877 1371 1949 (Gal.
1413 1879 1510 1946 vt).
1541 1897 1560 1930 ι
1603 1879 1765 1948 212
1795 1877 2005 1947 Frange
2023 1876 2108 1945 je-

2283 1877 2422 1948 Age,
2477 1877 2673 1949 inquit,
2715 1878 2856 1936 bone
2897 1879 3002 1946 vir,
3048 1895 3149 1936 cur
3197 1894 3283 1935 me
3317 1880 3460 1936 elato
3507 1879 3797 1953 supercilio

507 1966 684 2036 juniis
727 1983 946 2038 corpus,
979 1970 1217 2039 propriis
1248 1968 1616 2024 voluntatibus
1653 1967 1887 2032 abstine,
1917 1967 2109 2022 alienae
2211 1965 2482 2037 despicis?
2513 1982 2610 2023 cur
2641 1982 2728 2022 me
2751 1970 3112 2035 exsecranda,
3156 1970 3568 2036 stomachando,
3594 1985 3792 2042 rugosa

513 2069 568 2116 te
606 2059 872 2128 jussionis
913 2059 1141 2130 imperio
1183 2060 1590 2131 promptissima
1649 2058 1938 2116 devotione
1983 2056 2110 2113 sub.
2193 2055 2390 2111 fronte
2415 2056 2789 2114 fastidis?cur
2824 2073 2911 2114 me
2942 2068 3223 2129 tantopere
3249 2075 3278 2114 a
3306 2067 3394 2114 tua
3419 2061 3679 2116 societate
3705 2075 3794 2116 re-

515 2159 719 2216 sterne,
753 2150 1000 2220 procacis
1038 2149 1232 2219 lingua:
1267 2149 1593 2219 petulantias
1628 2148 1872 2204 modesta
1907 2146 2109 2202 silentii
2209 2145 2405 2216 pellis?
2426 2147 2482 2201 Si
2512 2147 2564 2201 id
2583 2148 2650 2201 de
2677 2157 2732 2203 te
2759 2163 2994 2214 mereor,
3018 2164 3126 2203 non
3151 2149 3365 2213 resisto,
3383 2165 3489 2204 non
3520 2158 3794 2218 torqueor,

517 2256 746 2295 censura
805 2241 1089 2306 cohibeat,
1130 2240 1306 2310 jocosi
1360 2241 1628 2295 sermonis
1679 2239 1947 2296 lenocinia
1998 2251 2105 2291 non

520 2339 834 2400 erumpant,
859 2331 1030 2388 illices
1055 2331 1353 2387 carnalium
1383 2332 1693 2402 passionum
1725 2339 1904 2384 motus
1930 2329 2115 2383 distri-

513 2430 621 2476 cta:
658 2422 1009 2478 continentiae
1049 2424 1196 2495 rigor
1241 2423 1438 2490 elidat,
1480 2433 1540 2478 ut
1583 2423 1676 2493 qui
1717 2436 1862 2477 nunc
1896 2420 2114 2476 Christo

519 2523 712 2581 sponte
738 2514 1116 2580 commoreris,
1145 2523 1350 2584 quanto
1374 2514 1591 2586 gravior
1619 2529 1751 2570 crux
1776 2513 1894 2582 ejus
1925 2512 1979 2568 in
2023 2523 2114 2567 tua

519 2604 938 2659 conversatione
982 2605 1336 2674 conspicitur,
1370 2615 1521 2661 tanto
1560 2605 1656 2661 tibi
1687 2605 1902 2676 plenior
1933 2619 2116 2660 resur-

523 2693 785 2749 rectionis
813 2692 936 2764 ejus
959 2694 1132 2765 gloria
1157 2695 1487 2751 cumuletur.

1055 2803 1389 2862 EPISTOLA
1429 2804 1618 2861 XXIII.

927 2913 995 2951 AD
1034 2913 1365 2954 θυιιιεωιωι
1406 2914 1716 2954 ΠΟΝΔΩΙΠῙΠ.

522 2985 924 3042 Ancusssruu.
965 3018 1035 3029 —-
1071 2988 1416 3055 Monachum,
1445 2994 1534 3060 qui
1580 3007 1644 3045 ex
1678 2992 2010 3047 monasterio
2052 2991 2119 3047 ad

2212 2239 2478 2307 siquidem
2504 2239 2651 2309 juste
2691 2239 2832 2294 hanc
2873 2240 3253 2295 contumeliam
3281 2241 3456 2310 patior
3486 2257 3500 2294 :
3534 2241 3799 2311 responde

2212 2328 2344 2384 mihi
2373 2329 2502 2398 quid
2534 2344 2634 2398 ego
2669 2329 2763 2384 tibi
2788 2345 3038 2398 unquam;
3061 2330 3187 2385 mali
3218 2329 3356 2396 feci,
3379 2331 3490 2386 imo
3516 2331 3643 2401 quid
3671 2330 3798 2385 boni

2213 2434 2320 2473 non
2367 2417 2610 2473 contuli?
2655 2419 2768 2490 Ego
2798 2421 3053 2475 nimirum
3089 2430 3142 2476 te
3173 2437 3270 2492 per
3323 2423 3580 2476 virtutem
3623 2420 3797 2476 sancti

2214 2508 2474 2579 Spiritus,
2513 2510 2605 2580 qui
2642 2525 2730 2566 me
2777 2520 3214 2577 consecraverat,
3262 2511 3328 2567 de
3377 2526 3534 2566 servo
3575 2509 3800 2577 diaboli,

2215 2599 2332 2655 fieri
2359 2600 2461 2656 feci
2511 2600 2678 2655 filium
2711 2601 2968 2673 Dei._Ego
3001 2613 3056 2658 te
3095 2604 3161 2658 de
3195 2617 3512 2674 possessore
3541 2603 3803 2673 gehennae

2215 2693 2446 2764 produxi
2489 2693 2642 2763 regni
2667 2693 2906 2749 caelestis
2945 2693 3246 2759 haeredem,
3279 2693 3344 2749 de
3368 2693 3560 2749 colono
3581 2691 3800 2758 inferni,

2216 2786 2390 2841 civem
2445 2785 2652 2840 reddidi
2693 2784 2962 2855 paradisi;
3015 2785 3082 2840 de
3111 2784 3392 2840 tenebrosa
3439 2783 3635 2854 stipula
3664 2783 3804 2853 ignis

2217 2875 2430 2942 :eterni,
2457 2890 2611 2932 novas
2650 2875 2838 2946 gratiae
2883 2875 3064 2930 lumen
3095 2875 3338 2931 exhibui.
3373 2893 3392 2927 ι
3438 2872 3618 2929 Eratis
3657 2872 3804 2927 enim

2219 2967 2509 3039 aliquando
2556 2968 2792 3023 tenebrae
2820 3008 2836 3034 ,
2896 2983 3042 3024 nunc
3093 2975 3273 3022 autem
3321 2967 3412 3022 lux
3459 2967 3515 3022 in
3576 2965 3806 3021 Domino

595 3071 836 3133 eremum
867 3073 928 3113 se
949 3067 1232 3114 venturum
1277 3056 1548 3133 pollicitus
1592 3077 1705 3115 rem
1743 3063 1798 3116 in
1825 3063 1939 3117 dies
1967 3063 2120 3117 diffe-
2157 3126 2188 3133 _
2221 3059 2439 3133 (Ephes.
2473 3059 2550 3130 v).
2591 3078 2610 3111 ι
2670 3059 2747 3115 De
2789 3071 2921 3114 vase
2976 3059 3072 3114 ira:
3124 3059 3405 3128 composui
3452 3073 3547 3112 vas
3593 3056 3807 3112 miseri-

598 3127 780 3188 rebat;
833 3139 1116 3252 ﬁneterea,
1166 3126 1308 3200 quod
1355 3131 1464 3184 vini
1513 3133 1660 3200 potui
1705 3133 2017 3187 renuntiare
2063 3141 2114 3188 et

601 3211 798 3252 aauam
872 3197 1019 3252 ibere
1051 3215 1155 3252 non
1186 3201 1318 3252 satis
1345 3216 1500 3252 aequo
1526 3203 1707 3252 animo
1735 3213 1966 3252 noleral.
2001 3213 2114 3252 lan-

2225 3126 2444 3206 cordiaz.
2494 3126 2606 3219 Ego
2661 3159 2716 3206 te
2742 3157 2955 3204 vetusta
2999 3126 3364 3205 damnationis
3391 3147 3571 3202 tunica
3601 3147 3724 3202 exui
3752 3154 3809 3202 et

601 3211 798 3266 aquam
830 3197 1019 3273 bibere
1051 3215 1155 3273 non
1183 3197 1318 3273 satis
1345 3197 1707 3273 aaqttoanimo
1735 3213 1966 3273 poterat,
2001 3213 2120 3256 tan-

598 3281 761 3335 quam
788 3269 949 3322 IIIIIIIS
973 3269 1187 3344 mollem
1213 3269 1766 3344 leniteriperslringit',
1794 3283 1849 3328 et
1873 3275 2120 3344 apposita

601 3352 758 3412 aqua:
796 3342 1210 3410 prosopopmia,
1246 3357 1350 3412 qua
1398 3342 1558 3410 hujus
1598 3342 1849 3398 elementi
1887 3342 1998 3398 tum
2039 3345 2121 3398 di-

598 3409 779 3482 gnitas
824 3409 1142 3482 summaque
1171 3412 1224 3467 in
1265 3409 1518 3468 homines
1554 3413 1776 3480 utilitas,
1815 3423 1926 3468 tum
1955 3415 2122 3468 etiam

598 3479 830 3554 plurima
873 3483 980 3536 vini
1017 3479 1213 3537 damna
1245 3492 1636 3554 proponuntur,
1675 3501 1780 3539 non
1825 3485 2124 3540 abhorren—

598 3551 723 3624 dam
763 3550 880 3620 ejus
908 3567 1028 3608 esse
1069 3550 1660 3622 potionem'concludit.
1707 3556 1945 3624 Denique
1988 3557 2125 3610 dilli—

598 3621 828 3676 cultates
855 3638 1043 3678 omnes
1073 3621 1192 3678 Sese
1222 3625 1275 3678 in
1301 3623 1389 3678 via
1419 3625 1640 3693 spiritus
1665 3621 2002 3695 objicientes,
2033 3626 2120 3691 iis.

596 3695 1010 3817 gumtpraecipit
1052 3695 1365 3766 Apostolus,
1414 3696 1582 3750 armis
1620 3698 1952 3766 superandas
2003 3711 2125 3752 esse

636 3777 730 3817 oce
759 3803 775 3817 .

636 3777 775 3819 οεθι.

601 3881 962 3938 Dilectissimo
1007 3881 1162 3938 fratri
1203 3883 1527 3950 GUILIELIIO,
1559 3880 1774 3939 Ps-rnus
1808 3890 2124 3953 perpetuam

532 3971 855 4026 cltaritatcm
885 3973 937 4026 in
967 3972 1206 4029 Christo.

600 4059 788 4127 Miror,
829 4060 1174 4117 dilectissime
1217 4063 1409 4128 frater,
1440 4078 1538 4118 cur
1577 4064 1644 4119 ad
1670 4078 1938 4131 ercmum,
1982 4064 2127 4120 sicut

525 4149 879 4218 promiseras,
911 4164 1016 4204 non
1057 4151 1275 4217 venisti,
1315 4153 1426 4208 imo
1452 4142 1596 4224 quod
1627 4170 1838 4210 mecum
1883 4170 1989 4210 non
2030 4171 2128 4226 per

529 4240 803 4307 nuntiutn,
845 4242 940 4296 sed
992 4257 1090 4312 per
1138 4245 1484 4312 sponsionem
1529 4245 1762 4314 propriae
1815 4245 1937 4302 fidei
1977 4247 2128 4316 pepi—

530 4347 712 4403 geras,
751 4347 857 4386 non
889 4331 1146 4402 implesti.
1179 4333 1296 4398 Dic,
1327 4348 1478 4404 rogo,
1503 4335 1594 4403 qui
1636 4342 1688 4388 te
1733 4333 1800 4395 ab
1828 4335 1996 4390 eremi
2037 4350 2129 4388 au-

530 4425 779 4480 steritate
817 4423 1118 4479 deterruit?
1161 4424 1272 4480 Cur
1319 4425 1558 4479 animum
1607 4425 1883 4482 bellatoris
1926 4425 2128 4487 Christi

530 4527 713 4572 terror
741 4516 976 4587 degener
1001 4517 1330 4589 occupavit?
1376 4516 1628 4588 Nunquid
1667 4518 1776 4582 vini
1806 4532 1968 4589 sapor
2007 4534 2124 4574 mu-

530 4614 686 4670 liebri
708 4613 964 4669 blanditia
987 4614 1217 4684 rigidum
1241 4615 1488 4682 militem,
1512 4616 1654 4671 intra
1673 4616 1866 4672 domus
1886 4615 2124 4672 claustra

531 4709 786 4774 retinuit;
837 4718 894 4764 et
930 4709 1042 4780 jam
1087 4709 1378 4781 galeatum,
1426 4708 1540 4779 jam
1581 4710 1748 4765 armis
1794 4711 2124 4774 accinctum,

527 4800 642 4868 jam
688 4814 882 4868 magna
931 4800 1250 4869 spirantem,
1281 4800 1433 4856 exire
1462 4800 1530 4855 ad
1573 4799 1816 4870 praelium
1849 4814 1954 4854 non
1994 4814 2124 4869 per-

534 4890 726 4946 misit?
774 4891 881 4946 Sed
933 4891 1075 4947 heu!
1134 4893 1257 4962 quis
1304 4891 1478 4961 pudor
1515 4900 1748 4947 mentem
1801 4889 1978 4945 mollis
2023 4890 2125 4945 viri

535 4984 697 5053 hujus
743 4983 984 5051 invadet,
1015 4985 1135 5054 quis
1165 4986 1501 5041 verecundiae
1535 4986 1702 5042 rubor
1731 4985 1847 5056 ejus
1879 4999 1975 5040 ora
2004 4998 2130 5053 per-

535 5074 764 5140 fundet,
819 5090 942 5130 cum
991 5077 1185 5131 viderit
1225 5077 1359 5133 alios
1403 5077 1600 5148 opimis
1645 5085 1868 5132 onustos
1911 5073 2130 5145 spoliis,

535 5171 772 5227 victores
799 5171 868 5224 de
897 5170 1039 5224 bello
1064 5173 1276 5234 reverti,
1308 5181 1362 5226 et
1388 5171 1620 5242 cupiosis
1651 5170 1846 5224 ditatos
1872 5167 2131 5238 praemiis,

536 5271 662 5333 post
691 5261 1021 5331 triumphum
1055 5276 1176 5314 cum
1216 5271 1364 5316 tanta
1407 5262 1578 5332 gloria
1610 5259 1906 5316 coronari?
1931 5258 2128 5324 Quanti

540 5353 668 5407 huic
701 5354 972 5408 constabit
1006 5353 1277 5407 modicum
1315 5354 1519 5416 vinum,
1567 5353 1657 5422 qui
1704 5352 1806 5407 sibi
1855 5359 1934 5404 tot
1984 5349 2128 5406 votis

541 5445 748 5513 optabit
783 5447 1026 5501 hausisse
1065 5443 1375 5499 venenum?
1408 5442 1546 5496 Audi
1593 5443 1723 5512 quid
1769 5442 1987 5510 sapiens
2029 5439 2129 5495 Sa-

543 5532 725 5587 lomon
770 5536 958 5590 dicat:
997 5554 1016 5586 (
1051 5534 1146 5590 Cui
1174 5534 1290 5589 vae?
1335 5531 1487 5603 cujus
1529 5531 1670 5602 patri
1699 5531 1810 5585 vae?
1850 5530 1934 5584 cui
1963 5529 2130 5584 rixas?

547 5623 633 5677 cui
665 5624 872 5680 foveae?
896 5629 978 5681 cui
1009 5628 1126 5681 sine
1151 5642 1313 5682 causa
1343 5626 1609 5680 vulnera?
1636 5625 1722 5680 cui
1747 5622 1970 5682 suffusio
1997 5639 2127 5679 ocu-

547 5714 762 5771 lorum?
792 5733 969 5774 nonne
1012 5719 1096 5774 his
1147 5719 1236 5789 qui
1279 5729 1562 5775 morantur
1588 5717 1640 5774 in
1673 5717 1798 5776 vino
1821 5727 1878 5775 et
1914 5717 2130 5775 student

2225 3242 2348 3294 novi
2396 3240 2633 3295 hominis
2675 3240 2792 3296 luce
2833 3239 3048 3295 vestivi.
3102 3239 3214 3310 Ego
3246 3247 3298 3293 te
3324 3238 3542 3294 vinculo
3569 3239 3807 3309 antiqua:

2223 3331 2690 3402 praevaricationis
2720 3330 2946 3395 absolvi,
2979 3338 3034 3384 et
3065 3345 3162 3400 per
3191 3345 3276 3384 me
3322 3338 3698 3400 regeneratum
3723 3327 3806 3383 di-

2222 3425 2362 3500 vina:
2403 3423 2710 3495 adoptionis
2741 3423 2866 3479 filiis
2893 3421 3203 3494 aggregavi.
3241 3421 3360 3490 Ipse
3386 3422 3516 3476 mihi
3547 3421 3699 3476 testis
3725 3435 3804 3486 es,

2223 3519 2349 3588 quia
2393 3533 2516 3573 cum
2563 3526 2772 3587 septem
2821 3515 3175 3586 originalibus
3217 3514 3362 3569 vitiis
3394 3514 3445 3568 in
3477 3529 3653 3570 meum
3685 3527 3808 3584 gre-

2226 3611 2392 3666 mium
2445 3611 2790 3676 descendisti,
2837 3618 2893 3666 et
2941 3625 3065 3664 mox
3115 3610 3434 3679 purificatus
3471 3618 3526 3664 et
3580 3608 3805 3672 nitidus,

2224 3700 2430 3770 absque
2481 3699 2587 3754 ulla
2641 3713 2865 3769 prorsus
2920 3697 3129 3769 peccati
3173 3698 3494 3769 contagione
3534 3698 3806 3768 prodiisti.

2225 3790 2340 3862 Ego
2361 3799 2412 3845 te
2438 3790 2714 3846 sordidum
2739 3790 3074 3860 fetidumque
3109 3790 3407 3860 reperiens,
3439 3805 3545 3845 non
3567 3789 3808 3845 dubitavi

2227 3883 2464 3936 animam
2510 3879 2673 3936 simul
2719 3889 2776 3935 et
2829 3895 3026 3952 corpus
3075 3879 3330 3946 abluere;
3367 3889 3422 3934 et
3463 3889 3518 3935 tu
3550 3895 3636 3936 me
3665 3895 3808 3936 nunc

2227 3973 2542 4044 dedignaris
2587 3971 2779 4028 saltem
2820 3971 2978 4026 labiis
3024 3971 3302 4028 adhibere.
3353 3971 3465 4042 Ego
3517 3982 3568 4027 te
3614 3971 3812 4025 divinis

2229 4061 2368 4118 facio
2399 4063 2664 4121 interesse
2692 4062 2956 4118 conviviis
2987 4078 3002 4116 :
3034 4069 3091 4116 et
3121 4070 3178 4116 tu
3218 4076 3305 4116 me
3334 4063 3402 4117 ab
3429 4061 3681 4116 humanis
3703 4077 3807 4117 non

2228 4154 2503 4209 erubescis
2549 4152 2814 4224 projicere
2863 4154 3085 4208 mensis.
3143 4152 3294 4220 Esto,
3354 4153 3436 4209 sic
3457 4162 3568 4218 eat,
3595 4154 3809 4209 caeteris
3876 4174 3885 4194 ι

2231 4246 2398 4300 rebus
2423 4261 2520 4300 sua
2542 4246 2665 4314 jura
2697 4253 3000 4310 serventur,
3033 4245 3162 4300 mihi
3191 4244 3314 4311 soli,
3344 4254 3404 4299 ut
3427 4260 3665 4310 mereor,
3685 4260 3810 4314 pro-
3875 4288 3885 4313 ι

2229 4335 2332 4408 prii
2382 4336 2604 4391 honoris
2657 4335 2997 4406 privilegium
3065 4335 3454 4390 subtrahatur!
3504 4334 3806 4400 videlicet,

2232 4427 2359 4496 quia
2398 4426 2613 4482 caeteris
2640 4425 2923 4481 elementis
2951 4441 3070 4482 sum
3103 4425 3289 4494 junior
3309 4434 3571 4495 tempore,
3610 4426 3812 4482 idcirco

2155 4486 2208 4547 Β
2236 4486 2466 4573 forsitan
2509 4515 2764 4572 omnibus
2791 4515 2964 4570 debeo
2985 4486 3354 4570 essetinferior
3380 4486 3677 4585 dignitate?
3707 4514 3814 4569 Sed

2231 4610 2530 4678 interroga,
2555 4608 2804 4673 obsecro,
2835 4605 3079 4677 Moysen,
3103 4607 3356 4677 perquire
3379 4606 3432 4660 in
3454 4607 3638 4660 mundi
3663 4606 3814 4674 prin-

2229 4700 2373 4770 cipio
2403 4701 2547 4769 quod
2597 4700 2700 4755 sibi
2730 4699 3058 4754 elementum
3082 4700 3150 4755 ad
3175 4700 3526 4755 habitandum
3575 4697 3812 4768 Spiritus

2229 4800 2455 4846 sanctus
2477 4790 2724 4860 elegerit.
2757 4788 3010 4860 Nunquid
3036 4790 3276 4845 terram?
3323 4789 3568 4860 nunquid
3594 4789 3813 4843 aerem?

2230 4883 2471 4954 nunquid
2502 4883 2718 4946 ignem?
2747 4881 2934 4948 Plane,
2959 4881 3061 4937 nisi
3103 4882 3358 4948 mentior,
3391 4882 3466 4936 illi
3488 4895 3811 4951 correspon-

2233 4976 2382 5032 debit
2406 4993 2419 5028 :
2447 4996 2464 5028 ι
2485 4976 2719 5046 Spiritus
2747 4976 2837 5032 Dei
2867 4971 3142 5031 ferebatur
3163 4991 3325 5045 super
3345 4973 3679 5046 aquas(Cen.
3696 4971 3756 5043 ι).
3789 4992 3808 5025 ι

2232 5066 2319 5132 Ει,
2349 5075 2407 5120 ιιι
2430 5068 2542 5136 jam
2573 5067 2640 5122 de
2687 5067 3058 5137 spiritualibus
3080 5067 3291 5131 sileam,
3319 5081 3420 5136 ego
3469 5065 3564 5120 tibi
3591 5077 3810 5134 corpus,

2232 5167 2288 5214 et
2317 5159 2637 5214 vestimenta
2669 5166 2724 5212 et
2768 5168 2986 5224 cuncta,
3035 5157 3233 5228 quibus
3277 5158 3465 5222 uteris,
3493 5155 3684 5222 abluo;
3714 5170 3813 5227 ego

2234 5250 2330 5305 tibi
2355 5266 2482 5304 arva
2515 5252 2579 5304 ad
2610 5249 2968 5320 proferendas
3011 5247 3197 5320 fruges
3237 5248 3465 5318 irrigare
3495 5263 3600 5302 non
3623 5262 3808 5312 cesso;

2218 5357 2337 5413 ego
2386 5342 2618 5414 navigiis
2669 5342 2773 5396 iter
2822 5341 3057 5412 praebeo,
3085 5347 3280 5396 cuncta
3330 5347 3487 5395 terra:
3517 5337 3810 5392 animantia

2236 5449 2447 5500 recreo,
2473 5449 2634 5504 poma
2664 5447 2882 5504 quoque
2936 5441 2991 5488 et
3027 5431 3196 5496 olera,
3222 5431 3419 5500 quibus
3452 5426 3711 5490 vesceris,
3746 5425 3814 5480 ad

2237 5529 2568 5583 incrementa
2642 5525 2900 5596 perduco.
2967 5523 3143 5576 Taceo
3211 5520 3491 5585 volucres,
3550 5526 3813 5587 praetereo

2236 5623 2432 5693 pisces,
2477 5620 2567 5690 qui
2598 5618 2840 5690 quotidie
2887 5631 2984 5688 per
3023 5629 3144 5670 mea
3198 5629 3361 5684 regna
3406 5620 3726 5674 nascuntur,
3757 5617 3813 5664 et

2237 5712 2342 5771 mei
2381 5711 2514 5769 laris
2552 5725 2614 5769 se
2661 5708 2914 5769 vernulas
2971 5707 3215 5794 confiteri
3257 5704 3565 5763 nullatenus
3620 5700 3814 5760 erube-
