4170 6466
409 303 516 358 409

1591 317 1790 376 LIBER
1817 313 2112 384 SEXTUS,
2151 315 2364 374 EPIST.
2404 315 2588 376 XXIII.

3569 328 3676 382 M0

408 426 586 502 scunt.
623 418 752 499 lpsag
779 422 1010 496 denique
1050 428 1205 494 vites,
1230 447 1388 502 quas,
1413 449 1500 490 me
1537 443 1870 504 contempto,
1902 433 1987 486 in-
2017 433 2065 490 Α
2093 430 2282 488 Graeco
2308 433 2569 488 vocabulo
2593 432 2792 489 dicitur
2813 449 2972 505 aqua,
3005 437 3247 506 profecto
3273 439 3478 495 musica
3506 444 3677 497 nostri

405 527 537 566 sana
586 515 1022 586 concupiscentia
1075 521 1275 594 diligis,
1319 525 1424 581 nisi
1450 541 1569 582 meo
1597 526 1867 596 adjutorio
1897 541 1990 579 ra-

405 606 603 662 dicitus
627 609 1016 678 coalescerent,
1040 616 1288 684 protinus
1320 619 1574 674 arefactze
1605 619 1784 692 ignem
1807 619 1988 691 potius

401 710 691 769 pascerent
734 718 898 772 quam
963 705 1348 765 inundantibus
1413 712 1622 780 poculis
1681 711 1986 767 bibulorum

403 803 622 848 ventres
678 794 1094 866 ingurgitarent.
1125 798 1231 856 Sed
1256 817 1354 856 cur
1378 817 1476 873 ego
1499 801 1552 857 in
1593 802 1846 860 brevibus
1881 804 1983 858 im-

401 885 620 938 moror?
641 886 1090 958 Quandoquidem
1118 900 1174 946 et
1203 892 1316 963 ipsa
1344 901 1501 948 terrae
1525 893 1714 960 moles,
1742 895 1832 950 ubi
1857 895 1986 950 visi-

401 975 530 1031 bilia
574 992 804 1048 quaeque
852 992 1180 1050 nascuntur,
1235 985 1490 1055 adjuncto
1532 987 1664 1043 mihi
1705 989 1983 1044 consortio

400 1067 567 1131 aeris,
612 1069 746 1123 meis
797 1072 1181 1129 sustentaculis
1233 1075 1384 1130 velut
1417 1078 1712 1146 suppositis
1757 1077 1984 1148 quibus-

401 1160 524 1210 dam
555 1158 794 1223 basibus,
820 1172 874 1215 ut
899 1163 1198 1219 consistere
1215 1167 1407 1234 possit,
1431 1167 1706 1234 innititur,
1733 1183 1852 1224 mea
1873 1167 1983 1223 vir-

399 1253 516 1301 tute
539 1247 780 1303 fulcitur.
810 1250 915 1306 Sed
944 1251 1071 1307 dum
1106 1262 1306 1310 terram
1335 1256 1597 1324 sustineo,
1635 1274 1980 1330 nequaquam

401 1335 525 1392 imis
549 1348 826 1409 contenta,
854 1358 986 1399 mete
1015 1345 1203 1401 ditioni
1232 1347 1395 1403 etiam
1425 1349 1548 1404 caeli
1577 1349 1791 1406 culmen
1817 1367 1980 1406 usur-

398 1445 488 1498 po.
521 1427 677 1486 Sicut
705 1432 757 1487 in
795 1432 992 1491 Genesi
1026 1436 1225 1506 legitur
1254 1457 1268 1494 :
1301 1457 1322 1493 ε
1355 1440 1550 1496 Divisit
1577 1457 1795 1513 quoque
1836 1444 1979 1499 Deus

398 1536 592 1590 aquas,
619 1539 739 1594 quae
765 1536 923 1582 erant
946 1527 1050 1583 sub
1078 1529 1438 1596 firmamento,
1473 1535 1542 1589 ab
1563 1535 1643 1590 eis
1667 1549 1789 1604 quae
1821 1543 1980 1590 erant

397 1631 565 1686 super
585 1617 991 1676 firmamentum
1023 1619 1176 1693 (Gen.
1213 1624 1274 1694 ι).
1314 1643 1333 1676 ι
1368 1624 1558 1681 Totam
1588 1626 1752 1699 214.
1780 1627 1980 1698 quippe

399 1719 602 1764 terram
644 1710 881 1766 caelestis
930 1712 1070 1783 ignis
1109 1722 1385 1780 exureret,
1441 1716 1544 1771 nisi
1577 1726 1761 1772 noster
1789 1717 1979 1772 mador

395 1797 632 1854 incendii
663 1799 807 1856 vires
831 1802 1046 1858 assidue
1093 1813 1440 1875 temperaret.
1469 1806 1540 1861 At
1569 1805 1822 1872 fortasse,
1850 1806 1976 1877 quia

395 1889 658 1982 liquidam
709 1894 890 1949 cernis
940 1910 1131 1951 carere
1178 1897 1403 1982 viribus,
1439 1898 1728 1954 invalidam
1769 1899 1978 1954 credis?

395 1981 504 2036 Sed
530 1981 575 2036 si
600 1983 752 2038 vobis
780 1999 898 2040 mea
945 1981 1223 2042 fortitudo,
1245 1988 1477 2056 deesset,
1529 1991 1674 2061 quis,
1727 2005 1878 2062 rogo,
1907 1990 1978 2046 ad

397 2073 648 2148 terendas
695 2071 876 2145 fruges
903 2078 1090 2144 gravia
1143 2077 1412 2136 molarum
1443 2095 1571 2135 saxa
1595 2081 1838 2137 rotaret?
1857 2079 1976 2136 Non

394 2171 479 2218 est
502 2147 636 2234 ergo
653 2165 822 2221 virtus
845 2169 1241 2223 contemnenda
1267 2169 1510 2239 liquoris,
1538 2185 1658 2241 quae
1679 2180 1788 2226 tam
1817 2169 1977 2227 facile

396 2263 578 2310 movet
611 2255 865 2311 duritiam
923 2256 1137 2327 lapidis,
1169 2267 1244 2324 et,
1270 2267 1329 2314 ut
1369 2275 1475 2314 non
1514 2259 1732 2330 ignores
1773 2261 1978 2315 miran-

396 2345 523 2400 dam
575 2357 785 2403 naturae
830 2363 966 2404 mea;
1002 2351 1320 2420 potentiam,
1357 2351 1472 2421 ipse
1508 2352 1667 2422 ignis,
1707 2354 1798 2422 qui
1843 2353 1975 2408 mihi

396 2438 585 2504 etiam,
630 2440 783 2510 juxta
814 2440 1222 2497 dialecticorum
1266 2443 1407 2498 dicta
1444 2447 1752 2502 contrarius
1798 2446 1978 2502 cerni-

397 2539 509 2594 tur,
539 2543 606 2584 ex
655 2545 740 2585 me
767 2540 913 2586 certe
940 2531 1297 2602 depromitur,
1342 2544 1397 2590 et
1421 2549 1488 2590 ex
1518 2536 1655 2591 meis
1677 2536 1976 2592 visceribus

392 2631 729 2694 procreatur.
778 2622 912 2678 Nam
951 2625 996 2679 si
1045 2625 1383 2696 crystallum,
1435 2627 1579 2696 quod
1627 2627 1832 2698 absque
1867 2627 1976 2682 ulla

392 2715 690 2785 quaestione
705 2715 1020 2770 obdurescit
1040 2731 1106 2771 ex
1129 2716 1319 2788 glacie,
1335 2717 1490 2774 radio
1512 2718 1643 2775 solis
1660 2720 1974 2790 opponitur,

394 2807 528 2863 nulli
557 2808 778 2864 dubium
818 2810 948 2879 quin
975 2825 1043 2865 ex
1073 2824 1140 2865 eo
1181 2812 1425 2880 protinus
1456 2813 1596 2884 ignis
1622 2813 1849 2868 oriatur.
1871 2813 1980 2869 La-

389 2898 546 2969 pides
580 2914 801 2969 quoque
847 2900 941 2970 qui
980 2901 1046 2955 ad
1083 2900 1388 2957 faciendam
1437 2903 1642 2959 calcem
1681 2905 1734 2958 in
1760 2905 1977 2960 camino

392 2990 602 3045 decocti
647 3001 793 3056 sunt,
836 2992 880 3046 si
916 3001 1036 3062 post
1074 2993 1349 3062 quodlibet
1377 2994 1594 3066 longum
1639 3003 1855 3066 tempus
1876 3012 1976 3068 ego

394 3081 639 3151 tetigero,
673 3081 941 3154 fumigare
970 3083 1128 3141 simul
1157 3093 1214 3139 et
1243 3085 1436 3140 ardere
1470 3087 1721 3156 protinus
1755 3087 1970 3153 videas;

390 3177 449 3225 et
493 3139 584 3239 qui
637 3139 865 3227 eatenus
911 3181 1069 3227 erant
1121 3172 1324 3245 frigidi,
1369 3139 1497 3244 post
1532 3176 1702 3230 nostri
1734 3186 1972 3232 attactus
2001 3139 2047 3202 Ο

2028 3260 2041 3273 ’
2082 3265 2296 3311 constet
2323 3254 2578 3325 quoniam
2607 3253 2797 3325 ﬂegma
2838 3271 2907 3312 ex
2947 3273 3102 3328 aqua:
3146 3259 3374 3312 humore
3411 3257 3672 3328 gignitur,

395 3259 679 3330 imperium
710 3262 778 3316 ad
805 3261 1038 3318 calorem
1067 3265 1357 3334 pristinum
1376 3275 1502 3320 sunt
1526 3267 1764 3322 adducti.
1781 3266 1977 3334 Quaero

392 3350 490 3408 abs
526 3367 598 3419 te,
642 3354 685 3407 si
715 3354 880 3419 nosti,
912 3353 1040 3424 quid
1070 3363 1154 3410 est
1181 3357 1325 3425 quod
1357 3356 1409 3411 in
1436 3356 1709 3429 plerisque
1737 3357 1977 3414 ﬂumini-

389 3441 515 3509 bus,
543 3454 820 3500 crescente
843 3445 928 3502 vel
946 3454 1204 3516 surgente
1230 3446 1380 3512 luna,
1407 3463 1494 3502 me
1513 3448 1702 3504 videas
1729 3449 1782 3502 in
1807 3449 1976 3504 altum

391 3551 655 3600 crescere,
687 3537 969 3593 deficiente
999 3553 1126 3594 vero
1158 3541 1346 3595 eadem
1391 3539 1518 3596 luna
1546 3542 1810 3598 cessare?
1838 3542 1978 3609 Quid

390 3637 475 3683 est
503 3628 687 3693 etiam,
729 3629 774 3684 si
807 3630 1084 3696 didiceris,
1117 3632 1261 3700 quod
1305 3627 1482 3687 fontes
1509 3632 1562 3687 in
1613 3633 1812 3700 hieme,
1853 3649 1976 3689 cum

390 3720 570 3774 omnia
605 3735 741 3790 pene
771 3722 952 3792 algore
977 3723 1276 3793 rigescunt,
1311 3739 1400 3779 me
1427 3724 1661 3795 tepidam
1683 3734 1736 3780 et
1765 3724 1979 3783 fuman-

392 3822 522 3880 tem,
555 3815 742 3870 εκτειίνο
768 3821 948 3870 autem
1000 3825 1240 3887 tempore
1284 3815 1536 3886 frigidam
1575 3818 1848 3874 reddunt?
1891 3820 1977 3875 An

389 3904 625 3961 fortasse
656 3906 1096 3976 philosophorum
1124 3909 1454 3966 vanitatibus
1481 3911 1681 3977 credis,
1716 3911 1809 3982 qui
1850 3919 1980 3967 tunc

390 3997 531 4068 apud
576 3998 858 4067 antipodas
885 4011 1006 4054 esse
1042 3999 1336 4069 opinantur
1377 4011 1623 4056 aestatem
1668 4017 1792 4056 cum
1836 4001 1979 4071 apud

391 4103 617 4158 superos
645 4087 724 4143 sol
755 4089 1014 4144 recedens
1039 4090 1202 4145 faciat
1239 4090 1512 4146 hiemem?
1540 4089 1646 4146 Sed
1675 4092 1720 4146 si
1746 4090 1977 4162 diligen-

392 4187 478 4234 ter
509 4179 764 4244 attendis,
814 4179 919 4234 hoc
959 4179 1180 4236 omnino
1218 4178 1411 4235 falsum
1444 4189 1500 4235 et
1539 4181 1724 4237 solidae
1763 4181 1981 4237 veritati

393 4270 665 4339 reperitur
701 4284 822 4325 esse
847 4271 1204 4325 contrarium.
1247 4272 1370 4327 Haec
1402 4270 1566 4342 igitur
1594 4271 1735 4342 apud
1777 4281 1829 4326 te
1863 4279 1979 4327 stu-

296 4428 308 4443 .
391 4361 544 4417 diose
595 4364 869 4434 perquire,
902 4373 959 4419 et
1011 4379 1134 4418 cum
1176 4364 1241 4418 ad
1275 4365 1536 4434 liquidum
1580 4365 1818 4421 enodare
1869 4379 1980 4420 non

2088 524 2324 580 nominis
2350 526 2506 581 titulo
2529 527 2769 582 cernitur
2795 527 3068 598 insignita.

2158 611 2268 669 Nec
2293 615 2457 670 etiam
2490 616 2602 686 ipse
2627 626 2817 672 auctor
2837 617 3171 690 Pythagoras
3202 635 3232 675 a
3263 631 3444 699 nostra
3476 624 3680 679 disser-

2088 704 2232 758 tione
2269 705 2563 772 discordat,
2593 708 2684 777 qui
2734 708 3008 773 vldelicet,
3059 719 3118 764 ut
3165 710 3325 780 hujus
3375 713 3676 784 disciplina:

2085 792 2352 849 inveniret
2377 795 2540 859 viam,
2567 797 2846 855 acetabula
2869 786 3116 868 quaedam
3145 803 3212 856 ad
3234 791 3495 872 aquarum
3525 821 3676 859 men-

2083 897 2264 939 suram
2291 885 2530 941 studiose
2558 890 2878 956 composuit,
2909 899 2964 945 et
2985 891 3063 946 sic
3092 907 3306 947 omnem
3337 894 3674 950 harmoniae

2081 971 2354 1029 facultatis
2383 975 2654 1045 peritiam,
2696 992 2783 1033 me
2826 978 2985 1045 duce,
3033 996 3120 1036 me
3163 982 3412 1051 praeside,
3457 983 3672 1038 tandem

2079 1063 2371 1146 efﬁcaciter
2417 1067 2525 1120 voti
2574 1082 2795 1138 compos
2840 1069 3138 1136 adinvenit,
3188 1072 3456 1140 hodieque
3502 1073 3670 1127 etiam
3724 1142 3733 1150 .

2079 1157 2340 1228 quidquid
2374 1158 2426 1212 in
2455 1159 2814 1233 bydraulicis,
2845 1162 3104 1232 quidquid
3150 1163 3204 1216 in
3234 1164 3453 1235 organis
3493 1165 3676 1219 suavi-

2080 1255 2164 1303 ter
2191 1247 2516 1314 modulatur,
2560 1264 2680 1305 mea
2713 1251 3067 1307 nihilominus
3097 1254 3296 1310 virtute
3326 1254 3568 1310 fulcitur.
3605 1255 3674 1310 Et

2079 1352 2138 1396 ut
2164 1340 2277 1409 jam
2304 1343 2821 1400 excellentissimum
2861 1361 2996 1402 mea:
3029 1348 3306 1418 dignitatis
3333 1350 3674 1422 privilegium

2079 1431 2334 1500 pandam,
2363 1446 2627 1501 suspenso
2664 1433 2718 1488 in
2745 1450 2910 1492 cruce
2935 1437 3180 1504 Domino,
3211 1455 3279 1494 ex
3309 1441 3428 1509 ipso
3457 1439 3678 1495 Creato-

2079 1523 2156 1576 ris
2181 1523 2286 1576 mei
2313 1521 2481 1578 latere
2506 1525 2677 1595 prodii
2697 1524 2878 1598 (Joan.
2900 1528 3014 1598 xu)
3047 1546 3061 1582 :
3084 1540 3139 1584 et
3158 1545 3373 1586 omnem
3399 1539 3668 1586 terrarum

2078 1616 2268 1668 orbem
2300 1621 2577 1684 totumque
2619 1631 2823 1682 aerem,
2871 1618 3078 1674 sociato
3108 1619 3239 1674 mihi
3274 1620 3677 1690 pretiosissima

2079 1705 2197 1776 ejus
2223 1709 2484 1778 sanguine
2523 1711 2862 1766 consecravi.
2893 1711 3030 1767 Hinc
3057 1721 3142 1768 est
3173 1713 3318 1768 enim
3346 1714 3489 1784 quod
3513 1712 3678 1768 Joan-

2011 1775 2055 1835 Β
2084 1813 2179 1853 nes
2204 1775 2480 1868 apostolus
2523 1801 2632 1855 ait:
2669 1820 2688 1852 ι
2735 1801 2835 1857 llic
2881 1812 2966 1858 est
3008 1805 3098 1873 qui
3142 1804 3291 1860 venit
3335 1775 3432 1875 per
3476 1820 3675 1874 aquam

2080 1898 2135 1943 et
2156 1892 2497 1960 sanguinem,
2525 1891 2685 1949 Jesus
2711 1893 2960 1950 Christus
2985 1896 3036 1965 (l
3063 1896 3224 1952 Joan.
3247 1898 3335 1970 v):
3382 1917 3400 1950 ι
3436 1909 3490 1952 et
3516 1899 3675 1969 paulo

2080 1982 2435 2050 post-subdit:
2463 2002 2482 2036 ι
2515 1983 2648 2038 Tres
2672 1993 2820 2052 sunt,
2843 1987 2935 2055 qui
2963 1988 3328 2042 testimonium
3357 1987 3520 2058 215
3544 1990 3672 2043 dant

2078 2071 2134 2126 in
2161 2081 2326 2136 terra,
2345 2073 2587 2142 spiritus,
2604 2088 2743 2143 aqua
2761 2083 2816 2129 ct
2830 2076 3056 2146 sanguis
3071 2075 3281 2148 (Ibid.).
3307 2097 3325 2129 ι
3345 2077 3464 2132 .lam
3485 2092 3613 2132 vero
3627 2077 3671 2131 si

2077 2171 2270 2217 cuncta
2309 2164 2557 2232 superius
2585 2165 2976 2235 comprehensa
3005 2170 3271 2232 attendas,
3309 2168 3518 2238 reliqua
3546 2183 3665 2223 om-

2079 2252 2167 2307 nia
2199 2267 2334 2307 meae
2381 2253 2571 2309 ditioni
2613 2252 2853 2323 subjecta
2900 2254 3167 2311 elementa
3213 2258 3518 2311 considera.
3565 2255 3674 2312 Sed

2079 2341 2204 2398 dum
2244 2343 2515 2412 praaconia
2558 2359 2692 2399 meae
2731 2343 2908 2399 laudis
2937 2360 3217 2411 enumero,
3254 2346 3346 2415 qui
3387 2347 3513 2413 sim,
3543 2346 3676 2417 quid

2076 2436 2309 2502 valeam,
2337 2437 2530 2492 melius
2573 2439 2802 2493 forsitan
2841 2440 3031 2505 doceo,
3063 2441 3108 2495 si
3142 2450 3194 2495 te
3234 2441 3301 2495 ad
3331 2442 3674 2511 temetipsum

2077 2529 2299 2594 reduco,
2327 2539 2592 2599 quatenus
2620 2530 2747 2585 dum
2771 2545 2888 2585 mea
2921 2531 2975 2584 in
3016 2539 3068 2586 te
3096 2531 3366 2586 dominari
3392 2531 3516 2600 jura
3546 2548 3674 2602 per-

2077 2619 2345 2688 spexeris,
2399 2618 2466 2674 de
2516 2619 2740 2687 reliquis
2783 2619 2947 2673 etiam
2991 2620 3128 2675 meis
3173 2621 3384 2675 viribus
3425 2621 3676 2676 dubitare

2075 2725 2184 2764 non
2217 2710 2410 2779 possis.
2441 2709 2610 2782 Igitur
2635 2725 2740 2766 non
2773 2712 2992 2782 ignoras
3027 2712 3169 2781 quod
3198 2727 3264 2766 ex
3293 2721 3526 2783 quatuor
3553 2713 3668 2767 ele-

2076 2801 2275 2856 mentis
2294 2801 2409 2872 ipse
2433 2801 2704 2866 consistis,
2731 2803 2822 2856 sed
2852 2801 2977 2855 dum
3001 2817 3187 2856 eorum
3211 2802 3311 2855 tria
3345 2817 3441 2872 per
3467 2801 3675 2871 reliqua

2076 2893 2319 2962 corporis
2375 2892 2618 2948 membra
2667 2891 2986 2957 subsidunt,
3053 2891 3397 2962 omnipotens
3442 2891 3708 2947 Creator.

2077 2983 2213 3038 mihi
2245 2982 2688 3038 excellentiorem
2721 2981 3064 3052 dignitatem,
3106 2991 3163 3038 et
3201 2982 3347 3037 velut
3380 2981 3674 3051 quamdam

2075 3074 2413 3144 principatus
2457 3088 2638 3128 arcem
2684 3073 2828 3128 inter
2874 3072 2977 3126 alia
3023 3071 3269 3136 contulit,
3309 3072 3435 3127 dum
3486 3086 3574 3127 me
3620 3071 3675 3127 in

2081 3165 2198 3235 ipso
2263 3164 2439 3235 capite
2501 3166 2682 3221 sedem
2736 3165 2937 3222 habere
2988 3167 3289 3222 constituit.
3345 3166 3480 3221 Nam
3547 3167 3676 3222 dum

2077 3345 2271 3418 ﬂegma
2301 3355 2482 3402 autem
2507 3346 2560 3401 in
2588 3348 2763 3416 capite
2787 3348 2878 3413 sit,
2904 3349 3034 3403 nulli
3065 3349 3284 3404 dubium
3300 3351 3427 3419 quin
3449 3351 3676 3404 thronus

2079 3451 2234 3507 aquae
2294 3436 2346 3490 in
2395 3436 2573 3505 capite
2621 3436 2908 3506 praesidere
2953 3439 3221 3494 videatur.
3269 3438 3422 3495 Unde
3473 3440 3670 3493 mirum

2080 3529 2214 3584 satis
2239 3527 2382 3596 quod
2411 3525 2646 3597 liquidus
2668 3527 2864 3582 humor
2890 3537 3042 3583 tanto
3082 3529 3392 3598 magisterio
3419 3530 3473 3583 in
3514 3544 3675 3600 supe-

2080 3619 2210 3674 riori
2238 3629 2388 3689 parte
2421 3621 2786 3690 suspenditur,
2826 3629 2885 3673 ut
2915 3623 2982 3674 ad
3027 3619 3282 3674 inferiora
3328 3620 3552 3675 minime
3583 3621 3675 3675 de-

2079 3695 2313 3776 labatur,
2342 3720 2568 3782 excepto
2596 3726 2693 3781 per
2721 3711 2953 3766 arterias
2976 3712 3186 3767 cerebri
3227 3711 3423 3766 leniter
3450 3710 3668 3777 defluat,

2080 3811 2138 3857 et
2178 3803 2454 3874 spiramen
2497 3803 2609 3858 oris
2641 3802 2782 3857 unde
2827 3801 3004 3856 valeat
3046 3802 3250 3872 egredi,
3280 3801 3428 3856 velut
3466 3801 3668 3856 ostium

2081 3898 2249 3962 petat.
2295 3891 2354 3945 In
2403 3906 2511 3962 quo
2559 3891 2816 3945 nimirum
2869 3892 3154 3961 perspicue
3200 3893 3451 3960 superbia
3493 3902 3673 3946 vestra

2081 3985 2412 4048 retunditur,
2445 3999 2568 4054 quae
2596 3984 2726 4037 dum
2770 3983 3109 4038 extrinsecus
3157 3983 3387 4053 positam
3417 3983 3676 4054 dedigna-

2083 4083 2172 4130 tur
2219 4074 2460 4141 haurire,
2492 4073 2712 4130 assidue
2753 4083 2935 4137 tamen
2986 4073 3200 4146 cogitur
3231 4090 3317 4128 me
3367 4077 3512 4129 inter
3559 4076 3677 4131 oris

2082 4175 2234 4238 septa
2279 4166 2510 4232 versari,
2551 4174 2609 4221 et
2648 4173 2707 4220 ut
2753 4167 2826 4220 ita
2865 4151 3078 4236 loquar.
3121 4182 3207 4222 me
3252 4181 3464 4221 mecum
3510 4165 3678 4238 fugis,

2083 4262 2209 4317 dum
2233 4273 2557 4330 quocunque
2580 4268 2631 4314 te
2652 4259 2902 4324 verteris,
2937 4260 3054 4315 sine
3083 4273 3169 4313 me
3194 4274 3314 4315 esse
3339 4275 3443 4316 non
3472 4263 3673 4331 possis.

2081 4349 2239 4414 Nam,
2268 4349 2408 4405 sicut
2435 4346 2764 4418 aquimolum
2807 4363 3149 4419 nequaquam
3186 4358 3364 4420 potest
3396 4350 3512 4405 sine
3549 4366 3676 4421 gur-

391 4456 616 4528 poteris,
645 4457 1120 4527 profundissimam
1143 4466 1351 4513 naturas
1373 4474 1505 4512 meae
1526 4459 1632 4512 vim
1657 4458 1980 4528 impenetra-
2006 4487 2060 4549 υ
2084 4439 2543 4549 Βίβίῆίηυηάίξηείθ
2569 4438 2837 4549 ίτυηξθηιδ
2880 4439 3202 4543 ῐξθΓΜῩῙθτθν
3220 4441 3306 4549 ’ίίδ
3335 4456 3422 4544 "le
3449 4455 3676 4549 ηεῖθεξδδθ

391 4547 555 4601 bilem
585 4562 704 4602 esse
731 4549 981 4603 decerne.
1023 4545 1154 4612 Sed,
1184 4547 1311 4601 dum
1341 4547 1624 4603 brevitatis
1650 4547 1831 4602 studio
1860 4563 1978 4601 ma-

386 4637 602 4708 jestatis
625 4655 756 4694 mere
771 4641 896 4708 jura
925 4641 1200 4696 succincte
1226 4648 1555 4706 transcurro,
1582 4640 1706 4695 nolo
1738 4651 1790 4696 te
1815 4639 1981 4696 lateat

391 4732 517 4802 quia
548 4740 602 4786 et
628 4731 681 4788 in
711 4731 1014 4788 liberalium
1047 4733 1244 4787 artium
1283 4731 1476 4788 studiis
1509 4748 1616 4788 non
1649 4733 1978 4791 mediocrem

393 4824 682 4896 primatum
740 4833 919 4879 teneo.
972 4823 1414 4894 Quandoquidem
1476 4825 1542 4879 ad
1590 4823 1844 4880 discenda
1883 4825 1982 4881 ho-

395 4932 578 4971 rarum
623 4916 818 4985 spatia,
870 4916 936 4970 ad
981 4917 1402 4984 comparandum
1445 4916 1573 4972 solis
1621 4919 1807 4973 orbem
1855 4933 1978 4973 cum

394 5008 606 5077 sphazra
633 5006 777 5071 caeli,
806 5005 872 5060 ad
899 5004 1289 5060 dimensionem
1321 5006 1525 5062 zodiaci
1557 5017 1981 5077 cunctorumque

395 5100 692 5170 signorum,
725 5099 792 5153 ad
831 5097 1212 5152 discernendos
1253 5097 1592 5168 planetarum
1621 5098 1876 5165 circulos,
1915 5099 1982 5154 ad

397 5199 760 5256 dimensiones
815 5206 1084 5253 terrarum
1134 5214 1256 5252 cum
1297 5197 1417 5253 coeli
1473 5207 1719 5268 partibus
1767 5215 1983 5270 compa-

398 5303 616 5366 randas,
665 5301 789 5356 dum
828 5309 1136 5373 geometra,
1186 5297 1270 5353 vel
1312 5299 1616 5370 astrologus
1662 5313 1986 5370 componere

397 5415 651 5478 satagunt
673 5405 1032 5477 horologium,
1064 5405 1130 5460 ad
1157 5415 1404 5460 nostrum
1429 5414 1717 5460 recurrunt
1734 5407 1982 5477 protinus

397 5511 744 5584 elementum.
771 5509 891 5566 Jam
914 5525 1042 5564 vero
1065 5509 1131 5565 de
1156 5509 1359 5564 musica
1380 5524 1478 5564 cur
1498 5509 1699 5579 aliquid
1714 5510 1976 5593 referam;

397 5628 521 5669 cum
551 5612 668 5682 ipso
711 5626 810 5666 suo
843 5611 1061 5667 nomine
1090 5611 1294 5668 nostris
1337 5626 1395 5667 se
1439 5611 1648 5681 legibus
1683 5615 1977 5680 subditam.

397 5725 467 5768 ex
512 5721 698 5770 nostro
731 5711 999 5784 principio
1033 5720 1260 5770 testetur
1282 5713 1564 5779 exortam?
1593 5691 1729 5774 Nam
1752 5716 1796 5772 si
1829 5733 1978 5775 musa

2085 4542 2170 4588 est
2203 4533 2344 4588 inter
2371 4539 2661 4600 utrumque
2699 4531 2920 4585 humani
2963 4532 3077 4586 oris
3127 4531 3297 4587 molas
3343 4533 3463 4586 sine
3505 4533 3680 4588 inter-

2087 4624 2346 4681 missione
2397 4624 2709 4686 decurrere,
2757 4630 2816 4676 ut
2867 4636 2965 4676 sua
3013 4622 3183 4692 possit
3237 4622 3396 4676 verba
3452 4621 3681 4690 loquens

2086 4715 2268 4785 lingua
2313 4713 2572 4768 formare.
2618 4711 2676 4767 Si
2713 4727 2842 4784 ergo
2887 4711 2941 4766 in
2971 4711 3221 4766 omnibus
3264 4711 3348 4765 his
3377 4726 3498 4765 meo
3527 4709 3682 4778 adju-

2089 4809 2230 4864 torio
2269 4806 2494 4876 indiges,
2550 4819 2669 4859 mea
2703 4815 2871 4874 opera
2918 4801 3226 4857 necessario
3255 4799 3447 4862 uteris.
3487 4815 3585 4854 cur
3624 4801 3677 4855 in

2088 4899 2204 4956 solo
2233 4896 2426 4968 poculo
2457 4910 2637 4951 meum
2665 4895 2864 4950 habere
2894 4892 3302 4948 contubernium
3333 4891 3680 4962 dedignaris?

2085 4990 2219 5046 Redi
2246 5003 2374 5060 ergo
2406 4990 2474 5043 ad
2505 5003 2608 5049 me,
2643 4985 2888 5056 fugitive,
2919 4992 3214 5046 revertere,
3251 4983 3332 5036 vir
3361 4984 3586 5054 ingrate,
3622 4991 3676 5038 et

2083 5080 2174 5151 qui
2209 5089 2314 5134 tua:
2343 5094 2438 5149 per
2462 5077 2644 5132 omnia
2683 5085 2764 5131 est
2792 5075 2981 5129 salutis
3009 5073 3301 5141 obnoxius,
3334 5089 3402 5128 ne
3445 5074 3683 5129 videaris

2085 5171 2287 5228 habere
2313 5169 2530 5225 fastidio
2557 5177 2870 5223 nauseatus.

2157 5263 2228 5318 At
2271 5261 2494 5318 forsitan
2540 5259 2779 5329 inquies,
2813 5257 2968 5314 doleo
2993 5265 3174 5329 caput,
3224 5258 3451 5330 langueo
3477 5266 3679 5311 stoma-

2089 5359 2272 5412 chum.
2315 5353 2442 5408 Haac
2490 5359 2614 5407 sunt
2649 5349 2942 5420 emplastra
2984 5351 3246 5414 mollium,
3287 5352 3400 5406 haec
3442 5350 3682 5421 palliatio

2087 5442 2379 5500 carnaliter
2407 5441 2703 5495 viventium
2733 5442 3142 5497 monachorum.
3175 5441 3319 5495 Satis
3355 5455 3534 5495 macra
3567 5439 3682 5495 haec

2087 5535 2330 5592 cernitur
2355 5531 2652 5597 excusatio,
2685 5523 2807 5586 cum
2836 5539 3066 5599 aegrotos
3089 5539 3142 5585 et
3170 5546 3307 5600 aqua
3339 5529 3598 5598 refoveat,
3626 5537 3683 5585 et

2085 5628 2270 5682 vinum
2300 5628 2613 5696 frequenter
2651 5625 2884 5680 occidat.
2925 5624 3177 5694 Nunquid
3204 5625 3349 5680 enim
3372 5623 3686 5680 Praecursor

2093 5717 2306 5776 Domini
2342 5717 2632 5788 aliquando
2671 5725 2904 5788 aegrotus
2947 5715 3208 5791 elanguit,
3257 5717 3347 5790 qui
3392 5716 3575 5774 vinum
3625 5720 3681 5771 et
