4170 6456
490 278 594 332 “Ti

982 270 1037 326 S.
1063 269 1270 327 PETRI
1312 263 1598 324 DAMIANI
1633 261 1785 318 OPP.
1828 253 2009 311 PARS
2050 250 2183 307 SEU
2215 251 2451 310 TOMUS
2489 256 2530 310 1.
2575 287 2642 296 -
2699 252 2921 312 EPIST.
2955 254 3082 309 LIB.
3121 253 3250 310 Vlll.

3646 257 3754 313 M6

563 389 629 441 de
671 384 972 443 coercenda
1005 386 1181 454 lingua
1217 393 1273 438 et
1302 381 1482 454 verbis
1525 388 1728 454 temere
1772 388 1880 427 non
1908 450 1916 454 _
1943 365 2075 422 eﬂ‘u-
2102 363 2155 423 Α
2179 367 2306 440 quia
2328 370 2570 438 quisquis
2606 369 2658 424 in
2692 370 2793 426 hac
2827 371 2932 424 vita
2966 369 3258 440 perfectam
3286 369 3458 440 egerit
3487 383 3757 441 ptenttcu-

565 458 763 515 tiendis
815 448 1223 515 admonuisset,
1278 452 1458 506 statim
1517 448 1707 504 deinde
1765 450 2074 513 spontanea:

564 533 846 586 verberum
890 525 1169 582 inﬂictioui
1216 523 1589 580 detrahentem
1642 516 1881 587 graviter
1918 527 2074 567 coar-

565 604 677 671 guit
713 611 1106 671 scoparumque
1157 593 1453 671 remedium
1475 604 1602 671 ‘non
1634 587 1792 671 modo
1821 597 2074 671 non‘esse

507 723 512 727 ,
1017 649 1104 724 ille
1146 662 1511 737 existimabat,
1557 655 1861 737 setl_pi.ttttt,
1908 649 2071 737 etJad

565 740 838 811 purganda
865 728 1088 811 peccata
1126 734 1472 811 peridoneum
1518 728 1866 782 validissimis
1911 728 2075 778 ratio-

573 806 729 865 nibus
755 818 810 864 et
831 806 1091 876 exemplis
1109 807 1464 860 demonstrat.

563 900 751 954 Pareo
776 899 1088 954 Csassnoso
1116 892 1401 956 monacho,
1438 888 1652 944 Perses
1681 893 1933 958 peccator
1959 897 2074 938 mo-

495 990 701 1046 nachus
730 988 978 1044 salutem.

528 1091 532 1094 '
568 1081 669 1148 Qui
697 1079 961 1134 dicaciam
989 1074 1351 1146 eloquentiam
1380 1080 1554 1143 putat,
1594 1084 1774 1125 rerum
1817 1064 2072 1122 similitu-

495 1169 622 1224 dine
648 1168 861 1232 ductus,
901 1166 1138 1221 oberrat.
1182 1165 1335 1219 Sicut
1361 1161 1506 1216 enim
1533 1160 1618 1214 vir
1643 1158 1871 1228 Sapiens
1897 1154 2028 1209 dicit
2056 1170 2070 1206 :

501 1276 518 1308 ι
548 1257 712 1312 Labia
733 1256 1153 1326 imprudentium
1177 1253 1337 1310 stulta
1368 1252 1686 1314 narrabunt,
1706 1247 1871 1302 verba
1893 1251 2074 1300 autem

495 1343 839 1416 prudentium
883 1355 1088 1401 statera
1134 1342 1578 1415 ponderabuntur
1619 1338 1807 1411 (Eccli.
1860 1337 1995 1406 xxi).
2050 1354 2069 1388 ι

496 1436 662 1492 Plane
703 1437 844 1492 sicut
885 1451 1057 1504 equus
1107 1433 1325 1490 effrenis
1373 1447 1469 1502 per
1513 1431 1790 1484 anfractus
1838 1435 1895 1483 et
1929 1427 2075 1481 invia

496 1526 675 1597 plana,
692 1526 777 1581 vel
799 1527 967 1581 ardua
983 1539 1207 1596 quaeque
1231 1523 1565 1586 transmittit,
1591 1520 1863 1590 siclingua
1886 1517 2077 1573 stultm

497 1633 615 1671 rum
648 1625 816 1685 recta,
841 1617 925 1673 vel
945 1615 1156 1682 frivola,
1187 1615 1350 1685 220
1384 1621 1444 1667 ut
1488 1612 1738 1683 qualibet
1763 1616 2074 1680 suppetunt,

498 1706 867 1814 ipdiﬂ'erenter
893 1722 958 1763 ac
1002 1707 1191 1814 leviter
1212 1704 1398 1761 efﬂuit.
1431 1704 1675 1758 Prudens
1705 1709 1924 1803 autem,.
1955 1714 2075 1814 quae
2101 1709 2154 1772 Β

497 1797 723 1852 dicenda
769 1807 914 1863 sunt,
948 1798 1239 1868 ponderat;
1273 1805 1328 1851 et
1372 1803 1627 1865 tanquam
1657 1802 1849 1848 cautus
1876 1791 2074 1855 viator,

497 1885 726 1940 solerter
750 1888 980 1941 attendit
1009 1888 1098 1942 ubi
1126 1887 1319 1957 lingua:
1356 1901 1468 1940 suae
1502 1885 1788 1955 vestigium
1814 1884 1960 1954 ﬁgat.
1987 1881 2079 1937 Ille

498 1976 754 2045 quidquid
784 1977 1057 2031 occultum
1088 1985 1192 2042 est,
1220 1991 1316 2046 pcr
1344 1976 1738 2045 impatientiam
1770 1973 1916 2028 fandi
1949 1989 2075 2043 pro—

496 2063 645 2117 ducit
686 2063 740 2116 in
783 2064 1057 2130 medium;
1093 2065 1215 2130 iste,
1245 2065 1290 2120 si
1329 2065 1497 2120 dictet
1539 2064 1763 2130 utilitas,
1791 2063 1892 2118 sub
1928 2063 2080 2119 clave

495 2151 696 2206 silentii
743 2162 924 2208 servat
971 2169 1252 2210 arcanum.
1303 2153 1456 2209 Unde
1505 2163 1564 2209 et
1611 2155 1753 2209 idem
1807 2153 2076 2225 Sapiens:

505 2261 523 2293 ι
571 2242 628 2296 lu
654 2259 769 2310 ore,
809 2245 1003 2314 inquit,
1037 2244 1306 2299 fatuorum
1353 2260 1448 2300 cor
1471 2260 1683 2310 eorum,
1713 2253 1769 2299 et
1818 2245 1872 2298 in
1917 2244 2082 2299 corde

498 2334 824 2401 sapientium
837 2351 898 2390 os
925 2337 1134 2391 illorum
1153 2336 1364 2408 (Ibid).
1400 2356 1418 2389 ι
1448 2336 1746 2391 Plurimum
1772 2336 1864 2401 fel,
1887 2335 2080 2400 frater,

499 2423 556 2478 in
596 2441 696 2481 nos
731 2443 902 2497 nuper
953 2431 1258 2494 evomuisti,
1325 2429 1511 2484 dicens
1559 2437 1613 2483 et
1652 2429 1895 2484 scribens
1937 2429 2080 2497 quod

499 2520 687 2575 vesani
724 2521 912 2593 utique
946 2522 1142 2592 capitis
1169 2523 1419 2577 videatur
1452 2522 1677 2577 ebullire
1702 2521 1962 2578 furorem.
2014 2522 2082 2576 Et

497 2617 693 2664 caetera
725 2611 964 2678 quidem,
988 2626 1110 2681 qua:
1135 2610 1425 2666 simultatis
1454 2612 1735 2667 acerrimae
1777 2611 1948 2666 livore
1991 2611 2084 2667 de-

496 2696 788 2754 bacchatus
817 2714 897 2766 es,
939 2700 1271 2767 omittimus;
1303 2701 1370 2756 de
1400 2701 1701 2772 disciplinis
1749 2711 1931 2757 autem
1961 2717 2085 2758 ver-

497 2788 709 2856 herum,
747 2806 884 2861 quas
918 2793 1020 2847 sibi
1052 2791 1248 2848 fratres
1280 2793 1797 2849 consuetudiualiter
1823 2793 2079 2860 inferunt,

497 2875 589 2931 ubi
616 2877 968 2935 detractionis
996 2881 1182 2951 pedem
1225 2883 1429 2938 diutius
1459 2885 1804 2953 impressisti,
1833 2900 1959 2940 cum
1986 2885 2082 2940 Dei

499 2965 702 3020 auxilio
735 2972 1140 3039 respondemus.
1172 2971 1286 3028 Hoc
1335 2973 1517 3043 itaque
1572 2973 1873 3044 disciplinae
1910 2989 2080 3046 genus

499 3071 838 3128 nequaquam
867 3062 1142 3118 modernis
1163 3063 1453 3118 eststudiis
1480 3065 1690 3119 noviter
1709 3065 2079 3132 adinve‘ntum,
2105 3057 2154 3121 Β

500 3148 595 3203 sed
622 3164 687 3204 ex
719 3165 890 3207 sacra:
919 3152 1216 3223 Scriptum
1239 3153 1418 3224 potius
1440 3154 1764 3210 auctoritate
1785 3155 2077 3225 prolatum.

499 3238 760 3297 Novimus
811 3244 956 3298 enim
1025 3242 1313 3299 Dominum
1374 3243 1708 3306 Salvatorem
1752 3261 1782 3299 a
1834 3246 2082 3315 praesidis

499 3331 764 3386 militibus
791 3334 1164 3400 verberatum;
1217 3334 1405 3390 beatos
1434 3334 1708 3404 apostolos
1736 3334 1789 3388 in
1837 3336 2082 3392 conciliis

499 3437 530 3477 a
577 3425 917 3480 sacerdotum
961 3425 1296 3496 principibus
1343 3441 1544 3492 caesos;
1597 3426 1886 3482 nonnullos
1913 3427 2078 3483 etiam

496 3525 806 3573 sanctorum
838 3526 1134 3590 martyrum
1162 3519 1390 3590 legimus
1417 3519 1582 3590 virgis
1607 3534 1670 3576 ac
1688 3519 1872 3592 flagris
1898 3521 2082 3577 durio-

498 3611 650 3667 ribus
671 3610 939 3678 Alaniatos;
970 3611 1170 3668 Paulus
1215 3613 1376 3668 etiam
1406 3613 1535 3683 quia
1565 3621 1649 3669 ter
1690 3614 1860 3683 virgis
1907 3630 2080 3670 caesus

494 3715 600 3771 est,
650 3715 704 3764 et
744 3705 885 3774 quod
936 3705 1224 3776 quinquies
1277 3706 1676 3777 quadragenas,
1728 3721 1836 3762 una
1877 3708 2075 3774 minus,

495 3797 703 3866 accepit
732 3795 818 3868 (Il
854 3796 978 3852 Cor.
1009 3795 1108 3867 xt).
1143 3797 1297 3864 Quod
1337 3797 1522 3867 utique
1549 3797 1656 3853 tale
1684 3805 1784 3853 est.
1816 3797 2080 3868 Praecepit

493 3888 550 3943 in
596 3887 1015 3963 Denteronomio
1045 3889 1325 3955 Dominus,
1368 3889 1599 3944 dicens:
1636 3908 1656 3941 ι
1689 3889 1747 3945 Si
1789 3904 1936 3957 eum,
1985 3891 2080 3961 qui

498 3983 826 4051 peccaverit,
852 3982 1063 4052 judices
1086 3983 1305 4054 dignum
1332 3983 1588 4049 viderint,
1628 3991 1994 4054 prosternent,
2023 3993 2080 4040 et

493 4086 677 4126 coram
713 4087 773 4128 se
807 4070 1008 4128 facient
1033 4072 1332 4126 verberari.
1368 4092 1387 4126 ι
1421 4072 1522 4130 Ubi
1551 4082 1604 4129 et
1651 4090 1776 4130 mox
1815 4074 2073 4130 additur:

501 4181 520 4215 ι
560 4162 667 4218 Pro
691 4178 943 4217 mensura
973 4163 1182 4233 peccati
1222 4164 1326 4219 erit
1365 4174 1418 4219 et
1447 4165 1728 4236 plagarum
1746 4166 1970 4232 .modus,
2003 4168 2078 4223 ita

495 4263 558 4310 ut
606 4255 1092 4326 quadragenarium
1137 4271 1420 4310 numerum
1459 4258 1720 4313 duntaxat
1766 4273 1874 4313 non
1925 4274 2081 4314 exce-

493 4349 642 4411 dant,
671 4361 739 4400 ne
767 4344 906 4402 foede
927 4346 1198 4403 laceratus
1222 4356 1348 4403 ante
1369 4349 1554 4405 oculos
1580 4358 1699 4406 tuos
1727 4350 1887 4406 obeat
1910 4349 2080 4406 frater

2177 461 2326 526 tiam,
2353 461 2552 515 nullam
2578 463 2920 531 postmodum
2953 478 3052 531 pro
3077 461 3191 517 suis
3217 464 3528 518 excessibus
3558 466 3756 521 sentiet

2173 565 2410 622 poenam.
2455 551 2623 607 Porro
2646 552 2918 606 ternarius
2951 563 3170 622 propter
3211 556 3526 624 mysterium
3553 569 3756 614 sanctae

2175 640 2479 706 Trinitatis,
2511 644 2578 699 ad
2603 645 2794 710 fidem;
2824 645 3105 714 quinarius
3127 656 3344 717 propter
3371 649 3610 719 quinque
3630 666 3754 704 sett-

2173 751 2267 792 sus
2298 746 2529 799 nostros.
2565 738 2798 806 pertinet
2833 740 2899 792 ad
2932 740 3317 808 operationem.
3362 740 3429 794 Et
3453 743 3578 812 quia
3607 744 3758 812 quis-

2173 845 2278 900 que
2305 847 2425 886 cum
2469 841 2681 901 peccat,
2721 832 2806 888 vel
2843 843 2990 886 errat
3035 833 3087 887 in
3126 833 3251 899 fide,
3297 835 3378 888 vel
3405 835 3671 906 delinquit
3700 837 3754 891 in

2173 936 2358 990 opere,
2388 921 2607 995 dignum
2633 921 2753 985 fuit,
2797 932 2857 978 ut
2887 922 3104 987 Paulus,
3131 924 3222 993 qui
3246 923 3535 994 utrobique
3561 940 3756 995 pecca-

2174 1020 2347 1078 verat,
2393 1014 2459 1066 ad
2501 1012 2756 1081 perfecta:
2784 1013 3118 1083 purgationis
3161 1011 3412 1069 effectum
3467 1027 3549 1069 ter
3591 1017 3757 1086 virgis

2175 1118 2370 1168 caesus,
2398 1112 2453 1158 et
2484 1103 2772 1173 quinquies
2799 1105 3084 1157 verberum
3109 1117 3358 1158 ureretur
3394 1106 3759 1176 quadragenis

2176 1195 2262 1267 (Il
2285 1195 2408 1250 Cor.
2441 1195 2537 1266 xl).
2586 1195 2737 1263 Quod
2773 1205 2952 1251 autem
2991 1197 3210 1261 dicitur,
3251 1213 3358 1252 una
3406 1198 3604 1264 minus,
3655 1198 3759 1254 hoc

2175 1295 2259 1343 est
2283 1286 2472 1356 procul
2500 1286 2684 1353 dubio,
2712 1287 2967 1356 qttoniam
3011 1286 3319 1342 Judzeorum
3353 1286 3564 1356 judices
3591 1304 3758 1342 unum

2176 1379 2537 1434 decreverunt
2565 1380 2730 1434 ictum
2753 1379 2821 1434 de
2848 1381 3204 1450 quadraginta
3237 1381 3482 1436 minuere
3505 1397 3521 1446 ;
3545 1388 3604 1434 ut
3630 1383 3756 1435 dum

2177 1471 2244 1525 ad
2273 1470 2498 1540 legalem
2525 1471 2789 1526 calculum
2819 1489 2926 1528 non
2961 1474 3352 1543 pertingerent,
3399 1482 3588 1528 contra
3616 1489 3755 1543 pra:-

2176 1569 2393 1630 ‘ceptum
2429 1561 2562 1631 legis
2594 1561 2900 1616 nullatenus
2925 1562 3188 1617 excedere
3210 1563 3530 1632 potuissent,
3553 1571 3608 1618 et
3630 1565 3757 1619 dum

2179 1657 2314 1710 citra
2343 1655 2716 1726 persisterent,
2755 1655 2981 1710 ulterius
3001 1671 3108 1709 non
3140 1655 3449 1710 transirent.

2977 1755 3204 1800 vetusta:
3259 1745 3390 1816 legis
3443 1747 3759 1812 auctoritas,

2179 1835 2277 1891 sed
2336 1824 2391 1890 et
2429 1836 2738 1907 evangelica
2797 1836 2968 1905 gratia
3006 1838 3291 1891 verborum
3348 1837 3534 1909 plagas
3603 1840 3762 1893 modo

2180 1944 2279 1999 per
2308 1940 2595 2000 praecepta,
2648 1931 2807 1986 modo
2859 1946 2956 2000 per
3001 1932 3248 2002 exempla
3289 1934 3667 1999 commendet;
3703 1944 3763 1989 ut
3813 1976 3822 1984 .

2182 2027 2340 2096 221
2394 2035 2448 2081 et
2485 2033 2703 2082 sanctos
2752 2026 3030 2094 apostolos
3077 2027 3132 2080 in
3189 2027 3419 2081 concilio
3464 2041 3656 2091 caesos,
3706 2037 3762 2082 et

2181 2117 2368 2172 beatos
2414 2125 2684 2188 martyres
2735 2116 2974 2186 legamus
3020 2132 3388 2186 saepenumero
3429 2120 3758 2174 verberatos.

2187 2227 2206 2260 (
2243 2208 2590 2277 Quaecunque
2647 2219 2826 2264 autem
2873 2209 3075 2279 scripta
3120 2220 3263 2271 sunt,
3295 2209 3360 2262 ad
3393 2219 3630 2265 nostram
3661 2213 3759 2266 do-

2182 2299 2414 2352 ctrinam
2453 2298 2655 2367 scripta
2699 2306 2825 2353 sunt
2854 2297 3044 2369 (Rom.
3079 2301 3191 2369 xv).
3220 2320 3238 2352 )
3280 2299 3418 2367 Quid
3468 2301 3760 2357 absurdum

2181 2399 2286 2453 est,
2318 2389 2446 2458 quid
2478 2390 2743 2460 ineptum,
2769 2391 2812 2445 si
2845 2406 2989 2445 nttnc
3019 2399 3204 2446 sancta
3251 2392 3487 2447 Ecclesia
3529 2394 3581 2447 in
3614 2395 3763 2463 pacis

2181 2481 2296 2536 otio
2340 2481 2512 2535 utitur
2557 2497 2664 2551 quo
2690 2482 2890 2537 dudum
2927 2485 3184 2538 utebatur
3227 2483 3279 2538 in
3330 2484 3513 2540 bello?
3548 2484 3679 2538 Nam
3707 2495 3764 2540 et

2182 2572 2480 2642 Apostolus
2516 2571 2712 2627 iterum
2741 2572 2872 2627 dicit
2900 2588 2916 2626 :
2954 2591 2973 2623 ι
3004 2571 3221 2642 Castigo
3254 2589 3450 2642 corpus
3482 2589 3678 2638 meum,
3709 2583 3766 2629 et

2183 2663 2238 2718 in
2268 2665 2584 2719 servitutem
2610 2665 2793 2735 redigo
2819 2663 2879 2735 (I
2913 2664 3034 2719 Cor.
3065 2664 3162 2735 ix).
3189 2685 3207 2717 ι
3239 2665 3304 2719 Et
3325 2666 3453 2720 alibi
3482 2683 3495 2720 :
3534 2684 3552 2717 ι
3578 2665 3762 2721 Sancti

2183 2754 2415 2811 ludibria
2460 2765 2516 2813 et
2544 2757 2771 2811 verbera
2803 2757 3010 2826 experti
3040 2756 3226 2824 (Hebr.
3255 2756 3354 2828 xl).
3391 2777 3410 2810 ι
3447 2755 3612 2812 Porro
3636 2757 3764 2812 dum

2183 2861 2376 2901 manus
2395 2847 2670 2902 carnificis
2701 2863 2842 2902 nunc
2864 2848 2932 2903 ab
2963 2847 3251 2918 inlligcndo
3285 2848 3613 2920 martyribus
3644 2864 3766 2903 ver-

2183 2939 2315 2993 bere
2343 2946 2539 3002 cessat,
2568 2937 2696 3008 quid
2714 2936 2892 3001 obest,
2940 2938 2985 2992 si
3018 2948 3204 2994 sancta
3236 2939 3453 2994 devotio
3485 2939 3599 3008 ipsa
3636 2939 3766 2994 sibi-

2184 3038 2318 3096 met,
2342 3031 2483 3085 unde
2508 3031 2711 3086 sanctis
2735 3031 3064 3102 martyribus
3109 3031 3380 3102 particeps
3408 3032 3524 3088 ﬁeri
3560 3047 3766 3088 merea-

2185 3130 2293 3189 tur,
2325 3121 2617 3178 exhibeat?
2644 3121 2777 3178 Nam
2794 3138 2918 3178 cum
2942 3134 3135 3194 sponte
3157 3139 3244 3178 me
3264 3125 3499 3194 propriis
3519 3125 3766 3180 manibus

2181 3222 2309 3270 ante
2338 3224 2688 3284 conspectum
2739 3217 2833 3272 Dei
2882 3218 3132 3282 verbero,
3181 3217 3481 3274 devotionis
3521 3219 3766 3290 ingenua:

2182 3305 2530 3372 desiderium,
2558 3308 2604 3363 si
2630 3306 2876 3363 carnifex
2901 3319 3232 3374 occurreret,
3265 3319 3549 3380 promptus
3577 3321 3765 3366 osten-

2182 3395 2270 3451 do.
2304 3395 2440 3464 Quia
2485 3397 2532 3452 si
2576 3412 2675 3466 pro
2722 3413 2908 3453 amore
2934 3397 3132 3454 Christi
3177 3408 3287 3454 tam
3313 3399 3489 3454 dulcis
3522 3410 3605 3456 est
3633 3401 3766 3456 mihi

2181 3502 2362 3558 poena,
2393 3504 2517 3544 cum
2563 3492 2752 3556 deest;
2789 3506 2898 3560 quo
2941 3491 3317 3562 susciperetur
3343 3492 3544 3557 animo,
3565 3493 3608 3548 si
3638 3507 3761 3562 pcr-

2182 3590 2400 3637 secutor
2422 3581 2685 3638 offerret?
2717 3583 2918 3639 Vellem
2948 3599 3047 3654 pro
3077 3583 3296 3640 Christo
3327 3585 3511 3640 subire
3554 3596 3762 3656 marty-

2181 3675 2343 3742 r-ium,
2372 3691 2481 3731 non
2511 3676 2706 3741 habeo,
2734 3688 2983 3732 cessante
3021 3678 3221 3742 studio,
3253 3679 3562 3733 facultatem
3591 3695 3607 3741 ;
3651 3679 3764 3748 ipse

2181 3782 2270 3822 me
2316 3768 2633 3824 verberibus
2690 3777 2948 3834 atterens,
3000 3771 3227 3824 ostendo
3269 3769 3457 3824 saltem
3510 3770 3766 3826 ferventis

2181 3859 2350 3914 animi
2407 3859 2761 3917 voluntatem.
2829 3860 3121 3918 Enimvero
3181 3863 3228 3917 si
3296 3878 3383 3918 me
3445 3873 3764 3932 persecutor

2182 3950 2449 4017 allideret,
2497 3952 2615 4022 ipse
2663 3969 2750 4008 me
2778 3953 3146 4020 verberarem,
3187 3955 3312 4024 quia
3367 3955 3762 4009 verberandum

2180 4058 2269 4098 me
2301 4045 2584 4100 ultroneus
2608 4045 2945 4101 exhiberem.
2976 4043 3110 4099 Nam
3141 4046 3184 4100 si
3227 4045 3455 4101 solerter
3483 4044 3763 4115 Scriptura

2180 4137 2490 4202 discutitur,
2520 4137 2636 4208 ipse
2681 4154 2776 4194 rex
2819 4149 3119 4212 martyrum
3167 4140 3414 4195 Christus
3445 4156 3548 4195 non
3590 4140 3761 4195 solum

2181 4245 2212 4284 a
2236 4230 2392 4297 .luda,
2421 4232 2514 4288 sed
2564 4233 2728 4287 etiam
2763 4247 2793 4286 a
2837 4232 3000 4289 Patre
3051 4241 3106 4289 et
3143 4250 3175 4288 a
3229 4233 3519 4304 semetipso
3548 4250 3765 4305 quoque

2182 4326 2414 4380 traditus
2461 4326 2751 4382 invenitur.
2789 4325 2922 4380 Nam
2963 4327 3029 4382 de
3059 4325 3219 4381 Patre
3273 4327 3404 4382 dicit
3434 4326 3760 4396 Apostolus:

495 4449 619 4494 tuus
649 4439 828 4509 (Deut.
862 4439 1011 4512 xxv).
1051 4460 1069 4493 ι
1115 4440 1264 4508 Quod
1300 4441 1550 4497 videlicet
1575 4441 1650 4496 illi
1681 4442 1877 4514 populo
1905 4441 2076 4514 legale
2101 4432 2154 4493 D
2185 4439 2203 4472 ε
2231 4420 2368 4514 Qui}!
2412 4421 2653 4514 Proprie
2689 4419 2826 4514 Filio
2870 4435 2977 4514 "°_"
3037 4420 3298 4514 Peperci!»
3327 4423 3564 4514 εδδ-ρΓο
3607 4421 3765 4475 nobis

491 4539 842 4600 praeceptum,
901 4529 1058 4585 nobis
1098 4539 1181 4586 est
1228 4530 1498 4602 allegoria:
1550 4533 1892 4602 mysterium.
1926 4532 2075 4600 Qua-

492 4621 847 4693 dragenarius
873 4622 1136 4692 siquidem
1167 4637 1426 4678 numerus
1466 4622 1718 4677 humana:
1749 4623 1873 4678 vita:
1905 4624 2077 4694 signi-

492 4713 622 4769 ﬁcat
651 4730 892 4770 cursum.
909 4713 1047 4769 Hinc
1068 4715 1314 4784 estquod
1339 4713 1502 4768 Israel
1530 4715 1687 4769 annis
1715 4715 2074 4784 quadraginta

491 4806 735 4876 graditur
757 4823 854 4877 per
879 4807 1174 4870 desertum,
1217 4805 1342 4860 hinc
1399 4804 1608 4875 Moyses
1637 4814 1690 4860 et
1729 4806 1896 4873 Elias,
1922 4807 2074 4860 insu-

489 4913 587 4969 per
615 4905 670 4952 et
693 4897 807 4966 ipse
838 4897 1096 4952 Dominus
1121 4905 1198 4952 tot
1226 4896 1416 4951 diebus
1441 4906 1761 4966 protraxere
1784 4897 2072 4966 jejunium.

490 4987 592 5055 Qui
615 4987 777 5043 etiam
803 4987 944 5042 sicut
964 4988 1113 5044 horis
1140 4987 1516 5056 quadraginta,
1551 4988 1605 5042 iu
1633 4988 1883 5057 sepulcro
1927 5005 2074 5044 mor-

492 5091 614 5134 tuus
662 5078 856 5149 iacuit,
915 5080 987 5134 ita
1043 5079 1394 5133 nihilominus
1449 5087 1569 5148 post
1616 5081 2073 5134 resurrectionem

491 5185 642 5224 suam
686 5159 874 5225 diebus
915 5170 1136 5224 totidem
1179 5185 1303 5224 cum
1335 5169 1613 5240 discipulis
1643 5169 1761 5234 fuit,
1811 5177 2077 5238 quatenus

491 5275 588 5316 nos
619 5277 714 5316 sua
748 5262 989 5316 membra
1020 5261 1140 5330 pius
1179 5260 1436 5331 magister
1457 5262 1701 5323 edoceat,
1728 5269 1787 5315 ut
1810 5275 1905 5328 per
1928 5261 2076 5327 capi-

491 5351 561 5406 tis
592 5352 763 5406 nostri
798 5351 1018 5423 vestigia
1047 5351 1374 5422 gradientes,
1407 5361 1464 5406 et
1511 5351 1708 5406 mortui
1763 5349 1982 5415 mundo,
2023 5359 2079 5405 et

490 5443 636 5496 velut
672 5444 942 5514 peregrini
975 5443 1312 5512 hospitemur
1342 5443 1394 5496 in
1428 5443 1642 5497 saeculo.
1676 5442 1899 5514 Mystice
1939 5456 2074 5510 quo-

487 5546 595 5602 que
639 5543 893 5601 peccator
927 5536 979 5589 in
1023 5535 1140 5606 lege
1169 5535 1295 5590 dum
1327 5533 1582 5604 vapulare
1611 5534 1946 5605 praccipitur,
1976 5550 2072 5588 ex-

493 5623 1106 5707 cediquadragenarius
1135 5628 1411 5700 plagarum
1437 5643 1696 5684 numerus
1717 5627 2069 5700 prohibetur;

2178 4513 2430 4569 omnibus
2463 4513 2684 4568 tradidit
2715 4513 2862 4568 illum
2889 4511 3068 4585 (Rom.
3092 4511 3244 4584 vui);
3277 4531 3294 4563 ι
3327 4514 3394 4566 de
3420 4511 3552 4566 Filio
3581 4520 3762 4565 autem

2180 4606 2346 4662 alibi:
2376 4624 2395 4658 ε
2435 4606 2535 4674 Qui
2565 4605 2772 4673 dilexit,
2807 4606 3003 4677 inquit,
3049 4622 3155 4669 me,
3187 4616 3242 4659 et
3280 4604 3499 4659 tradidit
3525 4603 3761 4671 scipsum

2104 4704 2110 4710 '
2179 4713 2278 4767 pro
2307 4711 2392 4751 me
2421 4696 2623 4764 (Galat.
2654 4696 2738 4768 ιι).
2773 4715 2793 4750 ι
2847 4696 2974 4752 Sive
3011 4713 3141 4767 ergo
3191 4711 3277 4751 me
3323 4695 3542 4766 propria
3573 4709 3765 4747 manus

2180 4788 2400 4858 afﬂigat,
2440 4788 2552 4844 sive
2580 4787 2826 4843 carnifex
2857 4789 3020 4843 ictum
3061 4786 3282 4859 inﬂigat,
3327 4802 3427 4858 ego
3456 4785 3766 4855 specialiter

2179 4880 2339 4950 hujus
2364 4881 2781 4936 examinationis
2815 4889 3004 4934 auctor
3030 4880 3225 4943 existo,
3257 4879 3346 4949 qui
3397 4895 3484 4934 me
3533 4878 3600 4932 ad
3629 4895 3762 4931 exa-

2179 4973 2492 5028 minandum
2535 4973 2813 5028 ultroneus
2843 4973 3031 5027 oll'ero.
3070 4971 3362 5038 Praeterea,
3395 4971 3522 5042 quia
3557 4983 3764 5042 tympa—

2178 5080 2306 5119 num
2365 5075 2448 5122 est
2499 5064 2654 5135 pellis
2704 5065 2877 5131 arida,
2936 5063 3044 5126 ille,
3105 5063 3256 5131 juxta
3302 5062 3653 5131 Prophetam,
3708 5062 3762 5113 in

2182 5170 2435 5229 tympano
2467 5158 2750 5212 Dominum
2806 5157 3066 5211 veraciter
3098 5155 3280 5209 laudat
3316 5153 3486 5223 (Psal.
3522 5153 3632 5222 eL),
3671 5151 3762 5220 qui

2179 5249 2481 5304 confectum
2501 5248 2710 5319 jejunio
2761 5264 2956 5317 corpus
2980 5263 3074 5318 per
3114 5246 3455 5316 disciplinam
3487 5246 3758 5300 verberat.

2182 5341 2346 5395 Plane
2397 5351 2451 5397 et
2498 5342 2636 5396 sacri
2683 5357 2917 5396 canones
2947 5341 3252 5403 nonnullos,
3302 5339 3392 5408 qui
3422 5337 3760 5406 delinquunt,

2180 5437 2438 5507 vapulare
2467 5437 2815 5508 prmcipiunt;
2855 5437 2992 5490 unde
3025 5435 3195 5487 sancti
3229 5433 3445 5504 plurimi
3479 5429 3762 5500 pontifices

2180 5529 2442 5598 quosdam
2491 5528 2557 5581 ad
2589 5527 2960 5595 paenitentiam
2987 5527 3288 5589 venientes,
3326 5524 3478 5592 prius
3508 5521 3559 5574 in
3591 5519 3763 5573 oculis

2180 5623 2293 5678 suis
2316 5620 2592 5677 verberari
2617 5621 2957 5692 prtccipiunt,
2989 5619 3177 5688 sicque
3203 5618 3457 5684 deinceps
3494 5611 3762 5683 poeniten-
