4170 6458
512 410 618 469 417

506 527 594 580 tia:
607 521 868 595 judicium
898 522 1200 591 imponunt.
1246 519 1383 574 Nam
1424 527 1480 575 et
1519 529 1646 574 ante
1688 534 1807 584 nos,
1834 517 2086 578 omnibus
2111 520 2165 579 Α

507 615 621 672 fere
675 613 881 671 sanctis
909 613 1256 668 monasteriis
1289 613 1404 668 haec
1455 612 1753 681 disciplinae
1778 612 1962 684 regula
1993 627 2086 666 ue-

504 721 778 778 quaquam
809 703 908 758 fuit
939 702 1350 770 incognita,etsi
1379 717 1485 758 non
1530 702 1665 757 adeo
1693 701 2038 772 frequentata
2064 719 2080 768 ;

505 798 646 852 unde
691 805 744 851 et
779 794 1019 864 singulos
1047 808 1218 848 annos
1259 793 1590 862 poenitentia:
1628 792 1862 848 millenis
1907 794 2086 863 scopis

505 890 772 945 redimere
821 897 1240 943 consueverunt.
1273 885 1352 940 Tu
1391 901 1604 956 quoque
1641 901 1747 940 non
1791 885 2086 956 disciplina:

506 982 770 1052 regulam.
804 981 898 1035 sed
947 977 1206 1048 longioris
1256 977 1557 1046 disciplinae
1600 976 1888 1031 detestaris
1945 977 2087 1032 insa-

505 1075 676 1139 niam,
710 1089 810 1129 nec
841 1073 1117 1143 improbas
1151 1087 1272 1126 cum
1322 1071 1602 1140 disciplina
1657 1071 1762 1124 dici
1792 1070 2083 1140 psalmum,

504 1165 598 1218 sed
643 1163 1038 1233 perhorrescis,
1106 1171 1165 1217 ut
1219 1162 1565 1218 continnctur
1627 1176 1748 1215 cum
1801 1159 2084 1230 disciplina

503 1254 848 1310 Psalterium.
904 1254 1008 1310 Sed
1054 1255 1160 1320 dic,
1199 1256 1450 1320 obsecro,
1481 1253 1673 1316 frater,
1703 1262 1761 1308 ut
1801 1269 1921 1307 cum
1953 1268 2086 1324 pace

509 1354 600 1398 tua
648 1344 859 1413 loquar,
891 1343 1179 1398 detestaris
1207 1343 1348 1410 illas,
1384 1359 1503 1413 quzc
1549 1357 1615 1396 ex
1669 1357 1819 1396 more
1865 1341 2002 1398 fiunt
2030 1343 2083 1397 in

503 1433 738 1504 capitulo
769 1432 1129 1504 disciplinas?
1179 1435 1406 1490 damnas
1441 1433 1692 1489 fortassis
1731 1443 1786 1489 et
1811 1433 1914 1490 hoc
1941 1434 2086 1504 quod

505 1541 648 1596 saepe
694 1523 854 1580 fratri
891 1527 958 1580 de
1013 1525 1116 1580 levi
1163 1526 1408 1596 qualibet
1459 1525 1758 1581 offensione
1812 1525 2084 1592 confesso,

502 1617 722 1671 vicenas
765 1614 1024 1680 fortasse,
1069 1615 1174 1679 vel,
1235 1625 1296 1670 ut
1353 1615 1608 1680 multum,
1672 1615 2084 1686 quinquagenas

502 1709 790 1763 verberum
856 1706 1040 1778 plagas
1099 1709 1285 1764 subire
1351 1707 1737 1779 praecipimus?
1803 1707 1911 1764 Sed
1959 1708 2085 1778 quia

504 1799 800 1872 disciplina:
829 1799 946 1855 ista:
969 1801 1036 1855 ad
1061 1799 1398 1855 tolerandum
1443 1799 1589 1856 leves
1615 1810 1742 1855 sunt
1765 1808 1821 1856 et
1850 1801 2082 1871 exiguae,

1643 404 1846 461 LIBER
1874 403 2170 472 SEXTUS,
2204 404 2419 462 EPIST.
2450 405 2685 464 XXVIII.

3660 406 3766 463 M8

2677 517 3011 577 EPISTOLA
3049 520 3282 579 XXVIII.

2811 630 2880 669 AD
2914 631 3153 670 EUIDEII.

2185 702 2583 776 Anouucaruu.
2615 735 2684 746 —
2710 705 2854 762 Duas
2881 707 3207 776 quazstiones
3247 706 3350 762 sibi
3391 721 3420 760 a
3459 705 3618 762 Petro
3652 722 3768 762 mo-

2259 775 2455 846 nacho_
2475 777 2780 846 propositas
2823 775 3089 832 dissolvit.
3123 777 3302 834 Prima
3337 787 3474 841 erat,
3512 792 3610 831 cur
3649 793 3768 832 ma-

2256 857 2393 917 gnus
2418 844 2712 914 Gregorius
2751 847 2980 901 dixisset
3029 847 3150 902 ideo
3189 847 3430 911 divitem,
3478 847 3567 914 qui
3609 862 3766 917 opem

2255 911 2466 969 Lazaro
2519 911 2766 972 mendico
2824 918 2966 972 ferre
3019 918 3364 986 contempsit,
3423 911 3768 972 adaeteinos

2257 985 2528 1066 cruciatus
2571 988 2896 1066 damnatum
2936 1003 3080 1066 esse,
3120 985 3247 1066 quia
3275 989 3373 1042 sub
3402 987 3551 1041 Novo
3579 987 3768 1066 Testa-

2259 1063 2465 1119 mento,
2496 1057 2546 1108 in
2577 1073 2684 1126 quo
2714 1058 3083 1112 misericordia
3133 1057 3187 1112 in
3232 1071 3496 1126 pauperes
3524 1057 3768 1126 praecipi-

2258 1133 2368 1206 tur,
2393 1137 2550 1206 natus
2579 1137 2712 1206 erat.
2745 1129 3194 1206 Alteraqurestio
3221 1129 3286 1180 de
3313 1129 3445 1206 vitio
3482 1127 3770 1206 curiosita-

2258 1197 2356 1258 tis;
2387 1197 2456 1265 fde
2491 1213 2598 1265 quo
2642 1197 2786 1251 idem
2825 1198 2882 1252 S.
2924 1200 3114 1254 doctor
3160 1197 3490 1252 mentionem
3535 1197 3764 1262 fecerat,

2257 1264 2398 1334 quod
2431 1264 2522 1321 hic
2539 1268 2669 1335 quid
2695 1269 2787 1333 sit,
2815 1269 3139 1322 ostenditur.

2258 1353 2443 1410 Psrno
2461 1357 2786 1413 charissimo
2813 1357 2992 1423 fratri,
3021 1358 3238 1414 Parcus
3260 1358 3509 1414 salutem.

2259 1444 2467 1511 Quzeris
2513 1463 2544 1500 a
2598 1463 2704 1513 me,
2755 1449 3108 1505 dilectissime
3160 1449 3255 1516 ﬁli,
3296 1449 3428 1519 quid
3474 1448 3576 1504 sibi
3615 1447 3766 1514 velit,

2187 1538 2332 1606 quod
2361 1539 2414 1592 in
2445 1539 2662 1594 homilia
2698 1541 2882 1596 divitis
2913 1542 2974 1596 Β.
3002 1541 3297 1614 Gregorius
3337 1543 3415 1596 ait
3461 1541 3662 1613 (fremit.
3696 1540 3770 1596 40

2187 1628 2242 1682 in
2291 1627 2552 1700 Evang.):
2610 1651 2628 1684 ι
2659 1631 2910 1687 Nonnulli
2973 1641 3168 1702 putant
3219 1642 3492 1704 praacepta
3555 1631 3770 1686 Veteris

2188 1719 2529 1776 Tcstamenti
2575 1722 2906 1779 districtiora
2934 1739 3056 1780 esse
3077 1741 3237 1794 quam
3269 1725 3401 1780 Novi
3426 1738 3446 1777 :
3475 1725 3571 1780 sed
3599 1723 3654 1780 hi
3684 1724 3798 1777 ni-‘

2189 1811 2386 1865 mirum
2441 1811 2740 1881 improvida
2789 1813 3226 1868 consideratione
3253 1810 3531 1867 falluntur.
3572 1811 3629 1866 In
3676 1810 3772 1866 illo

503 1902 668 1963 atque
693 1892 837 1946 inter
866 1890 1064 1947 fratres
1089 1891 1414 1963 regulariter
1453 1901 1708 1957 assuetae,
1734 1892 2079 1962 perspicuum
2110 1894 2158 1955 Β
2183 1901 2328 1955 enim
2370 1916 2476 1956 ηοη
2536 1901 2768 1968 tenacia,
2825 1902 2923 1956 sed
2981 1901 3171 1971 rapina
3219 1889 3514 1967 ,ηίιιιθιυιις
3548 1899 3622 1954 ibi
3679 1915 3771 1954 re,

503 1995 588 2042 cst
615 1986 738 2056 quia
785 2001 893 2041 non
935 1985 1184 2056 derogas,
1231 2001 1340 2040 non
1401 1984 1772 2055 reprehendis,
1799 1999 1867 2040 ne
1889 1992 2080 2040 contra

504 2092 847 2134 communem
904 2077 1074 2132 sancti
1134 2077 1341 2140 ordinis
1363 2077 1838 2132 "consuetudinem
1899 2075 2083 2130 venire

504 2167 760 2222 videaris.
803 2166 920 2237 Age
982 2165 1168 2236 igitur,
1221 2167 1265 2221 si
1321 2166 1746 2236 quinquagenas,
1777 2173 1836 2219 ut
1877 2165 2082 2220 dictum

503 2269 606 2326 est,
644 2260 769 2315 licet
802 2259 1102 2330 imponere,
1145 2273 1242 2313 cur
1289 2274 1394 2313 non
1439 2257 1603 2312 etiam
1638 2271 1953 2327 sexageuas,
1999 2255 2085 2310 vel

502 2353 688 2420 etiam,
723 2351 768 2406 si
797 2349 1171 2421 praesumimus
1197 2349 1398 2414 dicere,
1425 2362 1596 2418 usque
1616 2348 1910 2402 centenas?
1931 2345 2085 2413 Quod

505 2445 550 2500 si
578 2443 949 2501 centenarium
986 2443 1039 2497 in
1083 2442 1186 2498 hoc
1213 2443 1314 2512 pia:
1345 2441 1646 2496 devotionis
1674 2439 1944 2495 sacrificio
1980 2455 2074 2494 nu-

505 2552 711 2592 merum
749 2536 877 2591 licet
916 2536 1201 2606 attingere,
1233 2550 1333 2590 cur
1361 2548 1467 2587 non
1497 2533 1660 2588 etiam
1695 2532 2082 2598 ducentomm,

505 2644 603 2682 cur
621 2643 726 2681 non
747 2634 1133 2689 trecentorum,
1165 2622 1708 2694 quadringentorum,
1740 2621 1903 2690 222
1927 2621 2088 2689 quin-

506 2717 830 2790 gentorum?
861 2732 958 2771 cur
1003 2725 1152 2771 certe
1197 2722 1254 2769 et
1293 2713 1674 2777 millenarium,
1723 2725 1788 2765 ac
1833 2711 2086 2780 deinceps

510 2829 616 2867 non
639 2811 799 2867 liceat
822 2818 1064 2865 attexere
1101 2821 1383 2863 numerum
1404 2803 1590 2861 ?Satis
1618 2803 1763 2858 enim
1794 2803 2082 2858 absurdum

510 2911 614 2968 est,
641 2913 695 2956 ut
717 2902 870 2972 cujus
895 2900 972 2954 rei
996 2914 1123 2968 pars
1151 2897 1372 2956 minima
1397 2903 1552 2964 grate
1576 2893 1889 2963 suscipitur,
1913 2891 2088 2946 maxi-

511 3011 596 3050 ma
627 2994 1026 3064 reprobetur,et
1050 2989 1211 3044 nimis
1235 2988 1470 3058 ineptqu
1500 2994 1583 3042 est
1605 2986 1772 3051 credi,
1805 2993 1863 3039 ut
1884 2983 2084 3040 bonum

507 3085 633 3155 quid
663 3085 856 3140 debeat
886 3081 1066 3150 incipi,
1092 3080 1186 3134 sed
1218 3093 1324 3134 non
1348 3077 1695 3148 permittatur
1711 3075 1916 3146 augeri.
1941 3074 2089 3141 Quo-

2183 1989 2381 2059 injuste
2423 1991 2634 2046 sublata
2673 1991 3014 2046 restitutione
3038 1991 3372 2060 quadruplici
3400 1990 3639 2061 punitur.
3667 1988 3768 2044 Hic

2183 2094 2364 2139 autem
2406 2085 2556 2139 dives
2582 2083 2684 2139 iste
2729 2099 2836 2138 non
2885 2084 3174 2140 abstulisse
3215 2082 3388 2139 aliena
3419 2081 3773 2152 reprehendi-

2186 2186 2294 2244 tur,
2345 2178 2439 2233 sed
2481 2193 2578 2233 sua
2631 2191 2738 2232 non
2776 2176 3008 2231 dedisse.
3043 2193 3062 2228 ι
3103 2175 3310 2242 Quibus
3357 2173 3544 2243 utique
3591 2171 3771 2227 verbis

2185 2271 2374 2324 doctor
2406 2269 2632 2340 insignis
2662 2269 2764 2323 hoc
2787 2267 3055 2323 duntaxat
3083 2265 3382 2336 approbare
3409 2265 3597 2318 nititur
3617 2263 3770 2333 quia,

2185 2358 2230 2413 si
2263 2359 2413 2414 dives
2460 2357 2549 2412 ille
2576 2358 2630 2412 in
2667 2355 2844 2412 Veteri
2888 2356 3237 2411 Testamento
3280 2353 3466 2409 fuisset
3495 2353 3770 2417 inventus,

2187 2448 2443 2502 tartareis
2491 2446 2652 2517 223
2698 2447 2876 2516 pinnis
2930 2444 3237 2499 nullatenus
3291 2451 3435 2498 esset
3502 2440 3768 2502 addictus.

2184 2535 2345 2591 Juxta
2371 2551 2500 2606 ergo
2525 2537 2665 2591 hanc
2699 2535 3052 2591 assertionem
3078 2535 3282 2589 idcirco
3311 2532 3491 2602 periit,
3515 2531 3642 2601 quia
3671 2530 3772 2586 sub

2185 2644 2324 2684 nova
2354 2629 2524 2698 gratia
2550 2629 2878 2688 constitutus
2904 2626 3254 2698 Evangelium
3279 2639 3498 2681 servare
3529 2633 3772 2679 contem—

2179 2718 2314 2788 psit.
2354 2717 2460 2772 Sed
2509 2733 2540 2773 e
2565 2717 2800 2783 diverso,
2829 2725 2886 2771 tu
2939 2715 3194 2782 moveris,
3222 2723 3278 2768 et
3300 2713 3456 2779 dicis,
3497 2713 3772 2783 quomodo

2180 2809 2293 2879 jam
2346 2817 2475 2864 tunc
2531 2808 2738 2864 Nomm
2777 2808 3181 2864 Testamentum
3236 2805 3476 2862 illuxisse
3530 2805 3768 2868 dicatur,

2186 2917 2309 2957 cum
2338 2902 2588 2958 Christus
2619 2901 2847 2956 necdum
2897 2901 2951 2954 in
3005 2913 3169 2954 cruce
3196 2911 3507 2966 suspensus,
3540 2894 3769 2950 necdum

2187 3009 2288 3064 per
2313 2993 2728 3063 resurrectionis
2757 3003 2812 3046 et
2837 2989 3172 3046 ascensionis
3201 2987 3427 3058 gloriam
3457 2985 3636 3040 fuerat
3671 3000 3768 3038 su~

2185 3083 2476 3141 blimatus?
2527 3083 2640 3139 Imo
2691 3084 2864 3153 ipsum
2927 3079 3317 3149 Evangelium,
3366 3077 3507 3147 quod
3557 3075 3770 3132 servari

505 3175 664 3231 modo
692 3167 836 3230 enim
871 3179 1045 3242 potest
1074 3169 1212 3236 fieri,
1249 3176 1310 3223 ut
1329 3167 1374 3223 si
1403 3181 1569 3237 parva
1615 3166 1897 3236 disciplina
1933 3164 2083 3234 puri.-

2189 3174 2516 3245 prtecipitur,
2559 3175 2788 3230 necdum
2841 3181 2961 3228 erat
3005 3173 3059 3226 in
3113 3172 3304 3226 orbem
3361 3177 3628 3224 terrarum
3674 3182 3774 3239 per

507 3267 653 3330 ticat,
702 3264 756 3320 in
783 3233 1076 3333 conspectu
1101 3233 1207 3315 Dei
1235 3233 1587 3328 multiplicata
1619 3233 2082 3310 sordescatfiNam

2189 3267 2557 3336 apostolorum
2605 3282 2700 3322 ora
2756 3264 3030 3320 diffusum.
3077 3262 3360 3318 Postremo
3389 3275 3487 3316 nec
3537 3233 3774 3330 Spiritus

507 3359 552 3416 si
577 3358 830 3412 diurnum
851 3353 1114 3422 jejunium
1145 3351 1346 3406 bonum
1395 3357 1500 3414 est,
1530 3347 1850 3412 biduanum,
1893 3354 1950 3401 et
1993 3345 2089 3400 tri-

506 3449 740 3503 duanum
778 3444 972 3500 melius
996 3450 1099 3498 est.
1138 3441 1230 3496 Sic
1277 3438 1522 3510 vigilare,
1578 3437 1659 3492 sic
1707 3435 1956 3507 psallere,
2008 3436 2088 3492 sic

507 3543 771 3605 laborare,
802 3541 883 3595 sic
910 3539 1153 3603 obedire,
1183 3537 1263 3592 sic
1308 3533 1751 3590 meditationibus
1780 3528 2090 3600 Scriptura-

507 3647 626 3688 rum
683 3629 969 3700 vigilanter
1020 3627 1292 3682 insistere.
1344 3623 1729 3692 Unusquisque
1763 3623 1884 3690 pius
1937 3619 2090 3674 labor

507 3738 614 3792 quo
644 3720 904 3791 prolixior
952 3725 1057 3784 est,
1100 3731 1166 3772 eo
1205 3715 1576 3787 propensioris
1603 3713 1871 3769 mercedis
1920 3711 2087 3782 gloria

507 3813 700 3882 dignus
735 3817 854 3876 est;
899 3808 1074 3863 solum
1123 3815 1307 3860 autem
1365 3807 1467 3860 hoc
1513 3803 1729 3874 pietatis
1763 3817 1935 3874 genus
1979 3817 2088 3872 quo

507 3905 681 3973 magis
731 3911 981 3974 augetur,
1011 3915 1075 3956 eo
1127 3899 1366 3956 deterius
1406 3897 1776 3966 jndicabitur‘!
1819 3895 1980 3962 Dicis,
2031 3903 2090 3950 ut

507 3993 636 4064 quid
657 3995 929 4064 percutior
953 3990 1212 4047 carnem?
1242 3988 1574 4059 respondeo;
1607 3997 1667 4042 ut
1687 3986 1814 4056 quid
1844 3985 2089 4055 percutio

507 4085 794 4157 spiritum?
835 4085 975 4140 Dicit
1023 4084 1166 4138 enim
1204 4081 1534 4137 Psalmista:
1576 4099 1596 4132 ι
1632 4077 1988 4135 Exercitabar
2033 4083 2091 4132 et

507 4176 796 4246 scopebam
823 4174 1070 4246 spiritum
1113 4189 1290 4228 meum
1335 4170 1510 4244 (Psat.
1557 4171 1764 4239 Lxxvl).
1798 4187 1819 4220 ι
1855 4165 2088 4223 Carnem

507 4268 798 4338 siquidem,
837 4274 893 4322 et
941 4265 1188 4336 spiritum
1220 4277 1405 4333 secpo,
1433 4261 1526 4332 qui
1551 4275 1638 4316 me
1663 4259 1954 4330 deliquisse
1993 4273 2091 4329 per

509 4373 727 4414 carnem
773 4369 830 4416 et
877 4358 1130 4428 spiritum
1170 4368 1538 4426 recognosco:
1577 4351 1744 4408 Istum
1785 4350 2078 4423 correptio-

515 4465 667 4515 uum,
699 4447 846 4503 illam
897 4463 1022 4503 cum
1075 4447 1289 4501 caeteris
1331 4443 1711 4499 afﬂictionibus
1747 4443 1911 4497 etiam
1968 4457 2089 4512 per.-

508 4538 760 4596 cussione
813 4537 1112 4606 virgarum,
1148 4543 1206 4588 ut
1227 4534 1352 4604 quia
1381 4532 1502 4588 laeta
1541 4547 1630 4587 me
1672 4546 1802 4587 caro
1834 4531 1998 4585 traxit
2020 4531 2087 4585 ad

510 4627 743 4697 culpam,
774 4626 969 4681 afllicta
997 4625 1222 4680 reducat
1255 4624 1324 4679 ad
1344 4621 1791 4679 veniam.Lorica
1820 4631 1902 4677 est
1927 4622 2089 4676 homo

511 4721 730 4775 indutus
760 4719 828 4773 ad
865 4731 1107 4783 carnem,
1133 4716 1327 4770 ferreis
1356 4715 1600 4770 membra
1624 4713 1840 4768 diversa
1869 4711 2092 4768 circulis

511 4810 697 4875 ambit,
726 4808 894 4864 mittit
918 4823 1042 4862 eum
1078 4806 1262 4862 labore
1289 4815 1614 4870 metaumas,
1642 4801 1815 4857 allidit
1845 4802 1901 4857 in
1934 4802 2090 4872 pavi-

511 4911 751 4958 mentum
809 4899 1056 4955 crebrius
1120 4898 1355 4969 palmas;
1391 4905 1451 4951 nt
1496 4896 1624 4966 quid
1689 4895 1826 4961 haec,
1887 4905 1942 4950 et
2003 4895 2090 4950 his

511 4995 727 5058 similia,
766 4993 865 5047 nisi
903 5003 983 5058 ut-,
1009 4992 1134 5046 dum
1173 5007 1270 5061 per
1298 4993 1414 5046 haec
1434 5005 1633 5060 corpus
1660 4989 1933 5059 afﬂigitur,
1983 4989 2096 5043 ani-

515 5105 613 5141 mae
675 5085 1019 5156 refrigerium
1090 5081 1451 5154 procuretur?
1505 5080 1877 5149 Quodcunque
1941 5079 2087 5135 enim

514 5177 643 5233 illud
681 5187 767 5232 est
791 5192 887 5246 per
911 5175 1054 5244 quod
1087 5189 1217 5228 caro
1253 5173 1585 5242 paenitentia:
1628 5187 1790 5227 causa
1820 5171 2092 5225 laceratur

514 5279 675 5339 atque
724 5263 1054 5338 percellitur,
1086 5281 1181 5336 per
1229 5265 1330 5318 hoc
1369 5265 1532 5318 homo
1560 5261 1928 5333 proculdubio
1962 5276 2092 5316 con-

517 5362 674 5416 tracti
702 5370 884 5416 reatus
911 5358 1160 5429 squalore
1179 5365 1458 5427 purgatur.
1484 5355 1648 5420 Audi,
1670 5355 1798 5425 quid
1829 5370 1914 5410 me
1932 5369 2093 5410 nosse

515 5452 803 5524 contigerit
855 5452 1012 5506 tertio
1075 5449 1184 5513 die,
1246 5457 1534 5518 postquam
1580 5447 1634 5502 in
1702 5463 1789 5503 me
1837 5455 1943 5502 tua:
1984 5463 2091 5503 non

517 5546 692 5601 dicam
755 5543 1123 5614 malignitatis,
1173 5542 1268 5598 sed
1330 5539 1696 5610 simplicitatis
1745 5540 2092 5610 phreneticus

517 5638 680 5694 ardor
699 5636 976 5693 incanduit
1007 5634 1142 5707 (98).

589 5790 702 5862 (98)
739 5790 942 5848 Ctetera
973 5789 1348 5847 desiderantur
1375 5787 1427 5844 in
1459 5804 1588 5846 mss.

2187 3367 2409 3413 sanctus
2454 3358 2732 3414 hominum
2758 3358 2922 3412 corda
2954 3355 3276 3426 repleverat,
3308 3352 3399 3422 qui
3433 3353 3500 3407 ad
3519 3352 3773 3406 mandata

2187 3451 2453 3506 servanda
2506 3450 2651 3505 vires
2707 3449 2981 3504 mentibus
3042 3446 3418 3502 administrat:
3489 3441 3771 3513 tSpiritus

2187 3550 2404 3596 sanctus
2455 3556 2560 3596 non
2611 3549 2730 3596 erat
2783 3540 2963 3604 datus,
3021 3537 3147 3608 quia
3192 3535 3350 3591 Jesus
3377 3535 3606 3590 necdum
3653 3541 3774 3589 erat

2187 3633 2514 3690 clarificatus
2543 3632 2725 3704 (Joan.
2748 3633 2878 3703 vn).
2912 3649 2931 3683 ι
3687 3637 3692 3640 ·

2259 3725 2396 3780 Huic
2423 3724 2729 3795 quaestioni,
2763 3723 2910 3777 salva
2957 3723 3234 3778 doctorum
3272 3717 3596 3782 reverentia,
3625 3714 3772 3787 quod

2188 3831 2330 3872 nunc
2381 3815 2641 3878 occurrit,
2700 3812 2934 3868 breviter
2980 3811 3371 3880 respondemus
3431 3826 3446 3863 :
3519 3807 3664 3862 Dicit
3714 3808 3771 3862 in

2190 3908 2478 3979 Evangelio
2531 3905 2832 3962 Dominus:
2895 3923 2914 3957 ι
2951 3903 3059 3958 Lex
3090 3914 3144 3959 et
3171 3903 3446 3974 propheta:
3491 3901 3772 3970 usque-ad

2186 3997 2448 4053 Joannem
2490 3994 2708 4067 (Matth.
2767 3993 2869 4065 xi).
2903 4012 2921 4043 ι
2971 3991 3208 4048 Joannes
3251 4001 3431 4047 autem
3480 3991 3766 4062 praecipit:

2193 4109 2213 4141 ι
2245 4088 2345 4155 Qui
2383 4088 2546 4142 habet
2573 4087 2710 4142 duas
2740 4085 2975 4150 tunicas,
3011 4086 3099 4138 det
3147 4099 3252 4138 non
3283 4081 3544 4148 habenti;
3577 4091 3632 4136 et
3677 4081 3772 4152 qui

2189 4181 2354 4236 habet
2400 4193 2570 4241 escas,
2601 4177 2850 4233 similiter
2893 4176 3062 4233 faciat
3094 4174 3246 4248 (Luc.
3282 4174 3389 4243 ιιι).
3421 4192 3442 4227 ›
3475 4173 3630 4229 Sicut
3677 4188 3776 4227 au-

2191 4281 2298 4328 tem
2338 4271 2442 4326 duo
2469 4271 2571 4338 sub
2603 4270 2706 4324 hac
2734 4268 3004 4324 sententia
3027 4276 3157 4323 sunt
3201 4266 3455 4321 mandata
3506 4264 3729 4320 Joannis
3755 4281 3772 4319 :

2191 4362 2268 4418 ita
2295 4362 2402 4417 duo
2445 4369 2574 4417 sunt
2617 4369 2840 4432 peccata
2884 4359 3087 4415 divitis.
3137 4359 3242 4414 Iste
3287 4358 3554 4428 siquidem
3601 4355 3774 4411 dicit:

2191 4452 2292 4522 Qui
2315 4454 2476 4508 habet
2499 4453 2634 4507 duas
2669 4451 2900 4516 tunicas,
2929 4450 3019 4505 det
3049 4463 3155 4503 non
3184 4446 3437 4512 habenti;
3470 4447 3557 4500 ille
3587 4446 3779 4500 indue-

2193 4546 2354 4600 batur
2403 4557 2644 4614 purpura
2683 4551 2740 4598 et
2788 4543 2972 4614 bysso.
3011 4540 3112 4609 Qui
3147 4540 3310 4596 habet
3337 4554 3493 4594 escas
3521 4538 3773 4593 similiter

2194 4639 2389 4704 faciat;
2425 4637 2516 4692 ille
2566 4637 2888 4708 epulabatur
2935 4634 3179 4706 quotidie
3231 4631 3532 4703 splendide,
3588 4631 3682 4685 sed
3715 4631 3770 4685 in

2191 4738 2424 4800 utroque
2475 4729 2644 4783 durus
2691 4736 2749 4782 et
2781 4727 3108 4782 inhumanus
3155 4722 3516 4787 convincitur,
3565 4721 3691 4775 dum
3719 4727 3779 4774 et

2191 4818 2396 4874 nudum
2447 4815 2714 4873 Lazarqu
2769 4832 2934 4872 canes
2981 4815 3269 4885 lingerent,
3323 4827 3422 4866 nec
3454 4810 3677 4865 vestiret
3721 4816 3780 4864 et

2192 4913 2428 4984 cupienti
2463 4909 2650 4968 satiari
2683 4912 2750 4967 de
2803 4911 2983 4974 micis,
3011 4923 3130 4977 quae
3177 4905 3446 4961 cadebant
3473 4904 3539 4959 de
3568 4917 3776 4967 mensa,

2192 5005 2394 5060 victum
2441 5003 2542 5060 sibi
2601 5003 2846 5057 funditus
2895 5001 3206 5069 denegaret.
3265 4994 3456 5064 Magna
3511 5007 3618 5058 res,
3668 5007 3778 5046 non

2196 5094 2417 5159 mirum,
2453 5093 2499 5149 si
2555 5092 2772 5162 longum
2839 5090 3003 5146 habet
3052 5088 3284 5143 initium.
3338 5085 3545 5140 Novum
3597 5084 3781 5152 itaque

2198 5185 2624 5246 Testamentum,
2673 5181 2870 5236 saltem
2919 5190 3180 5251 quantum
3219 5179 3286 5234 ad
3334 5179 3477 5234 hanc
3535 5175 3780 5246 pertinet

2195 5276 2610 5340 humanitatem,
2655 5272 2770 5342 jam
2815 5285 2937 5328 erat
2974 5283 3238 5343 coeptum,
3268 5272 3370 5326 etsi
3403 5272 3640 5326 nondum
3679 5282 3782 5322 un-

2198 5371 2360 5439 dique
2387 5377 2536 5423 esset
2557 5366 2623 5421 ad
2654 5364 3041 5436 perfectionem
3065 5380 3233 5435 usque
3263 5362 3603 5432 perductum.
3635 5359 3782 5430 Ergo

2198 5461 2360 5516 datur
2381 5459 2624 5532 intelligi,
2655 5458 2780 5530 quia
2812 5459 2962 5514 dives
3003 5459 3104 5513 iste
3135 5465 3376 5526 tempore
3411 5451 3636 5508 Joannis
3657 5450 3781 5518 fuit,

2198 5555 2294 5609 sed
2321 5551 2438 5621 ejus
2463 5552 2734 5608 mandatis
2772 5551 3148 5620 obtemperare
3193 5546 3536 5614 contempsit.
3562 5543 3639 5599 De
3672 5559 3786 5614 quo

2195 5645 2447 5704 videlicet
2474 5655 2715 5717 tempore
2746 5644 2996 5701 Salvator
3021 5643 3133 5698 ait:
3171 5661 3191 5693 ι
3223 5642 3264 5696 Δ
3292 5651 3534 5710 tempore
3557 5637 3787 5696 Joannis
