4170 6510
333 407 425 460 421

1491 403 1690 462 LIBER
1732 407 2025 474 SEXTUS,
2065 408 2280 464 EPIST.
2314 408 2524 466 XXXII.

3489 419 3596 471 ωε

333 513 606 576 Proxima,
639 509 835 580 inquit,
864 519 1046 577 nocte,
1076 511 1318 568 collectis
1348 527 1526 568 rerum
1561 527 1772 572 tuarum
1795 533 1910 572 sar—
1937 529 1984 583 Α
2011 519 2294 589 'spiritibus
2339 521 2620 579 valeamus
2649 523 3006 586 inﬁnderaltili
3057 529 3356 589 certamine
3402 531 3597 585 tritur-

331 601 543 667 cinulis,
585 604 866 673 requiesce
891 617 1084 673 meque
1113 603 1186 657 ad
1217 611 1268 658 te
1292 612 1574 658 venturum
1602 606 1720 661 sine
1739 607 1905 664 dubie

327 695 659 769 prastolare,
706 703 767 750 ut
797 708 898 765 ego
944 703 1211 749 nocturno
1256 693 1471 750 silentio
1519 698 1906 766 superveniens

332 799 484 859 teque
511 788 807 858 reperiens,
840 788 945 842 iter
973 796 1200 856 uterque
1245 787 1407 842 simul
1445 789 1738 845 debeamus
1763 792 1904 846 arri-

329 897 473 953 pere.
513 880 752 936 Credidit
796 879 958 935 iiomo
1003 880 1346 935 sermonibus
1373 880 1699 951 alloquentis
1732 894 1788 939 et
1817 900 1904 940 so-

325 972 440 1043 pori
468 986 526 1026 se
555 972 792 1037 tradens,
820 970 960 1025 sicut
986 971 1295 1026 admonitus
1325 971 1524 1037 fuerat,
1549 977 1902 1044 exspectavit.

330 1062 526 1117 Eadem
555 1069 713 1116 nocte
754 1060 1058 1129 versipellis
1086 1061 1311 1130 spiritus
1351 1062 1418 1116 ad
1455 1076 1578 1116 eum
1616 1064 1906 1133 sicutpro-

328 1152 546 1206 miserat
571 1152 720 1206 venit
747 1151 906 1222 eique
953 1150 1091 1205 dixit
1125 1169 1136 1203 :
1170 1151 1309 1206 Ecce
1337 1162 1410 1218 te,
1443 1152 1559 1207 sine
1583 1162 1672 1208 tuo
1697 1153 1903 1222 labore,

328 1242 378 1295 in
423 1242 657 1309 patriam
708 1249 879 1306 tuam,
925 1249 979 1296 te
1036 1242 1331 1307 nesciente,
1391 1243 1600 1308 reduxi,
1661 1255 1717 1300 et
1760 1246 1904 1315 quod

327 1331 418 1384 tibi
468 1331 826 1400 promiseram
869 1346 978 1385 non
1021 1331 1203 1400 segnis
1245 1331 1484 1402 implevi.
1537 1333 1782 1403 Cumque
1847 1351 1906 1390 se

327 1423 486 1476 homo
508 1436 673 1493 super
701 1423 872 1475 rivum
905 1422 1214 1492 quemdam,
1239 1438 1401 1493 quem
1430 1424 1630 1479 dudum
1661 1426 1905 1495 apprime

326 1518 572 1575 noverat,
610 1510 924 1576 invenisset,
956 1519 1010 1566 et
1036 1511 1154 1566 loca
1185 1526 1409 1582 quaeque
1435 1514 1686 1582 contigua
1727 1516 1907 1587 inSpe-

327 1611 442 1656 rato
486 1617 552 1657 ac
597 1603 776 1656 subito
807 1601 1140 1670 postliminio
1183 1602 1358 1657 revisn
1402 1613 1766 1674 cognosceret,
1801 1613 1909 1660 tre-

326 1696 592 1752 mefactus
635 1697 872 1766 expavit,
904 1705 959 1751 et
1002 1697 1146 1751 hunc
1174 1696 1472 1768 malignum
1501 1698 1771 1768 spiritum,
1814 1700 1904 1768 qui

324 1802 380 1842 se
405 1795 515 1841 tam
547 1795 769 1857 repente
810 1789 875 1841 de
903 1787 1217 1858 longinquis
1241 1789 1442 1843 ﬁnibus
1471 1797 1903 1860 transposuerat,

328 1879 696 1934 indubitanter
738 1879 974 1950 agnovit.
1033 1878 1131 1933 Cui
1178 1895 1309 1934 mox
1355 1881 1579 1951 spiritus
1633 1880 1903 1938 fallaciter
1935 1885 1979 1944 Β

324 1986 516 2036 verax,
569 1971 678 2024 imo
717 1971 986 2026 veraciter
1029 1969 1214 2037 fallax,
1245 1970 1361 2025 ait:
1389 1972 1540 2040 Vide,
1579 1989 1687 2028 non
1729 1974 1903 2046 negli-

323 2075 416 2131 gas
449 2069 506 2114 ut
531 2061 717 2131 quinta
747 2058 880 2114 feria
918 2060 1168 2130 proxime
1190 2069 1418 2116 ventura
1461 2062 1566 2117 huc
1604 2062 1672 2116 ad
1701 2079 1789 2118 me
1814 2079 1901 2118 ve-

324 2154 441 2209 nias
489 2161 544 2208 et
577 2153 856 2224 praeﬁxum
910 2152 1178 2210 mercedis
1234 2167 1366 2208 mea:
1415 2154 1656 2208 debitum
1707 2155 1904 2210 solvas.

325 2244 529 2313 Quibus
558 2244 778 2309 auditis,
806 2244 891 2297 vir
942 2243 1034 2298 ille
1077 2246 1414 2300 sacerdotem
1463 2247 1751 2314 quemdam
1781 2262 1910 2302 eon-

324 2336 462 2390 citus
504 2334 659 2396 adiit,
713 2349 942 2405 qumque
989 2334 1091 2388 sibi
1124 2334 1467 2405 contigerant
1515 2349 1611 2404 per
1657 2336 1908 2391 ordinem

327 2427 542 2492 retulit;
602 2427 730 2496 quid
787 2425 948 2480 etiam
997 2427 1100 2480 sibi
1144 2426 1209 2480 de
1254 2425 1490 2496 praefato
1538 2427 1719 2482 debite
1766 2427 1911 2481 foret

323 2518 590 2588 agendum
624 2517 858 2572 solerter
897 2516 1196 2586 inquisivit.
1239 2516 1408 2584 Quem
1453 2519 1738 2588 presbyter
1764 2533 1908 2586 aqua

324 2594 663 2664 sanctilil-ata
710 2623 1054 2678 respersum,
1106 2608 1429 2678 quibusdam
1477 2611 1650 2664 sacris
1713 2610 1910 2665 litteris

323 2683 744 2770 sanctorumque
799 2701 1117 2770 patrociniis
1163 2701 1496 2770 prtemunit,
1551 2716 1788 2772 eumque
1839 2703 1908 2757 ad

323 2792 676 2846 constitutum
710 2792 990 2846 remittens
1015 2791 1212 2857 locum,
1254 2791 1490 2846 condicti
1532 2791 1699 2846 debiti
1739 2807 1910 2861 quan-

326 2883 556 2948 titatem,
587 2897 693 2936 non
731 2890 789 2936 ut
836 2882 1080 2937 exactori
1123 2882 1462 2952 nequissimo
1501 2883 1766 2947 traderet,
1815 2882 1910 2937 sed

324 2982 380 3026 ut
407 2973 467 3028 in
511 2988 572 3027 os
602 2972 768 3043 226
794 2973 910 3042 ejus
955 2972 1266 3043 projiceret,
1301 2973 1608 3044 imperavit.
1661 2972 1911 3042 Curaque

323 3065 386 3120 ad
415 3065 706 3135 prmfatum
743 3065 922 3120 locum
959 3074 1188 3134 uterque
1233 3066 1462 3120 invicem
1507 3065 1910 3130 convenissent,

324 3164 378 3208 et
423 3156 511 3209 vir
538 3155 626 3210 ille
668 3157 961 3226 byzanteos
1010 3156 1061 3209 in
1114 3170 1293 3210 aerem
1349 3164 1649 3226 spargeret,
1683 3156 1907 3211 dicens:

2002 611 2200 678 phare,
2223 612 2492 682 'Apostolu
2515 629 2615 671 nos
2649 619 3000 686 exhortante,
3032 625 3125 693 qui
3155 627 3265 678 ait:
3305 639 3324 673 ‹
3359 621 3592 681 διεῖπεν-,σο

2009 710 2093 756 tes
2122 711 2334 756 scutum
2368 704 2516 768 ﬁdei,
2550 706 2603 760 in
2647 723 2754 777 quo
2788 711 3006 778 possitis
3037 716 3216 769 omnia
3239 713 3351 768 tela
3379 718 3597 786 nequ-is-

2003 790 2130 848 simi
2160 792 2314 862 ignea
2333 797 2715 866 exstinguere,
2745 807 2800 852 et
2838 800 3042 870 galeam
3073 803 3262 860 salutis
3303 807 3590 870 assumite,

2008 888 2064 933 et
2085 878 2330 949 gladium
2377 885 2622 952 spiritus,
2661 889 2804 956 quod
2849 897 2934 943 est
2979 893 3202 947 verbum
3237 895 3338 950 Dei
3356 896 3586 967 .(Ephes.

2008 971 2105 1041 vi).
2147 989 2165 1022 ι
2229 972 2344 1028 Hoc
2405 975 2590 1045 itaque
2643 978 2820 1048 gladio
2852 1020 2866 1044 ,
2910 981 3310 1050 dilectissime,
3380 998 3597 1059 semper

2006 1063 2313 1134 accingere,
2345 1081 2453 1135 quo
2485 1067 2732 1121 videlicet
2780 1078 2836 1124 et
2877 1071 3104 1127 callidus
3135 1075 3418 1131 insidiator
3459 1094 3591 1133 con-

2007 1150 2185 1208 fossus
2223 1156 2472 1220 intereat,
2520 1158 2851 1213 et‘Christus
2878 1160 2933 1213 in
2961 1171 3021 1216 te
3059 1163 3204 1218 velut
3236 1165 3291 1218 in
3343 1169 3593 1222 munitis-

2007 1243 2146 1298 simo
2165 1253 2470 1300 castrorum
2494 1262 2712 1301 suorum
2740 1253 3146 1322 propugnaculo
3169 1255 3584 1312 victor-existat.

2522 1369 2854 1434 EPISTOLA
2899 1381 3065 1437 XXX.

2008 1475 2076 1518 a‘o
2129 1473 2410 1520 Tl-IUZONEII
2451 1480 2752 1525 'uoaacuuu
2813 1487 3133 1529 MONASTERII
3185 1492 3502 1535 FLOltEl‘lTlNl
3541 1497 3586 1538 s.

2697 1555 2898 1596 MANE.

2246 1627 2655 1717 (ﬂauum-tom.
2681 1629 2801 1697 Ill,
2835 1643 3011 1704 estque
3033 1654 3210 1705 epusc.
3244 1639 3357 1710 5i.)

2517 1739 2852 1798 EPISTULA
2895 1745 3088 1801 XXXI.

2012 1841 2080 1882 AD
2111 1843 2413 1886 'DOMINICUH
2453 1845 2758 1890 LORICATU!
2800 1853 3032 1892 PRIOBEM
3063 1855 3111 1894 8.
3146 1857 3326 1898 MAN/l3
3367 1860 3586 1912 SlellE,

2519 1919 2747 1968 musque
2785 1922 3072 1964 EBEMITAS.

2230 1993 2500 2065 (Habetur
2525 2004 2649 2050 (om.
2691 1996 2812 2062 111,
2840 2013 3015 2070 estque
3045 2019 3224 2072 epusc.
3253 2003 3369 2075 55.)

2497 2109 2842 2179 EPISTOLA.
2876 2103 3090 2168 XXXII.

2111 2211 2182 2251 an
2235 2205 2364 2255 suos
2419 2207 2687 2256 sn‘smns
2743 2217 3066 2259 uomsrenu
3123 2211 3484 2263 GAMUGNENSIS

2612 2286 2658 2326 S.
2709 2288 2982 2328 ΒΛΒΝΔΒΑΕ.

2007 2380 2405 2440 Aucuuuiv'ruu.
2461 2417 2530 2426 -—
2577 2385 2867 2444 Monachos
2912 2389 2962 2442 in
3013 2383 3175 2444 vicini
3238 2392 3339 2445 sibi
3389 2391 3592 2448 montis

2015 2471 2022 2474 ‘
2079 2465 2260 2532 eremo
2318 2449 2719 2532 cotntnoraiitcs
2760 2453 2938 2532 227
3000 2461 3380 2530 reprehendit,
3449 2465 3595 2532 quod

1987 2577 1990 2584 ,
2078 2526 2340 2595 quasdam
2387 2527 2532 2595 leges
2573 2543 2603 2582 a
2649 2543 2708 2582 se
2756 2526 3427 2586 itTTedrum'monasterio
3459 2526 3592 2588 cen-

2079 2597 2297 2672 stitutas
2323 2613 2548 2672 prorsus
2567 2599 2905 2672 negligerent
2933 2609 2988 2672 et
3011 2601 3297 2663 violarent,
3327 2603 3586 2672 quodque

2079 2665 2134 2720 in
2159 2665 2481 2734 quibusdam
2509 2665 2670 2721 rebus
2703 2665 3049 2724 saecularibus
3085 2665 3396 2725 scandalum
3437 2665 3596 2726 affer-

2081 2745 2221 2790 rent.
2268 2737 2496 2809 Eosdem
2539 2752 2774 2807 quoque,
2804 2741 2948 2809 quod
2994 2749 3331 2795 terrenarum
3379 2741 3594 2797 divitia-

2022 2838 2026 2840 -
2077 2819 2199 2883 rum
2234 2807 2542 2876 cupidiores
2569 2817 2754 2862 essent
2797 2807 3050 2883 quodque
3078 2812 3215 2883 cibis
3258 2811 3592 2866 delicatiori—

2025 2898 2028 2902 ι
2075 2877 2180 2930 bus
2201 2887 2486 2930 uterentur
2509 2893 2670 2946 quam
2701 2877 2888 2933 eorum
2924 2877 3076 2934 arcto
3097 2881 3312 2936 vivendi
3341 2883 3605 2938 institute-

2080 2947 2412 3021 conveniret,
2442 2949 2762 3021 gravissime
2788 2949 3125 3021 perstringit.
3152 2953 3230 3005 Ad
3261 2963 3590 3016 extremum,

2080 3025 2290 3092 quanta
2321 3018 2392 3068 sit
2431 3018 2612 3071 cautio
2641 3018 2941 3092 adhibenda
2972 3018 3052 3072 in'
3081 3020 3146 3074 iis
3173 3022 3354 3092 rebus,
3393 3039 3512 3092 qua:
3561 3042 3592 3077 ει

2079 3085 2376 3154 majoribus
2405 3095 2555 3157 recte
2595 3089 2908 3143 constitutae
2944 3099 3090 3153 sunt,
3119 3085 3434 3157 evellendis,
3463 3099 3594 3148 non-

2077 3159 2350 3212 nullorum
2377 3156 2578 3212 infelici
2605 3160 2993 3214 monachorum
3023 3161 3170 3215 exitu
3203 3156 3462 3217 ostendit.

325 3241 477 3298 Tolle
515 3244 754 3299 debitum
805 3253 978 3309 tuum,
1025 3245 1268 3300 diabolus
1311 3244 1495 3315 procul
1547 3246 1807 3300 assistens
1844 3259 1909 3300 ac
1936 3235 1982 3297 C
2077 3245 2364 3301 Fratribus
2403 3246 2460 3300 in
2482 3244 2750 3317 Gamugni
2797 3261 2984 3305 eremo
3027 3252 3352 3320 constitutis,
3379 3252 3598 3310 Patruus

323 3325 547 3408 propius
583 3337 846 3391 accedere
890 3345 1137 3392 metuens
1168 3337 1424 3406 conqueri
1461 3337 1629 3406 coepit
1654 3348 1708 3390 et
1732 3336 1914 3405 gravi-

325 3436 406 3482 ter
436 3426 806 3496 expostulare,
845 3427 1030 3482 dicens
1059 3446 1071 3480 :
1101 3427 1362 3482 Armatus
1393 3427 1656 3482 adversus
1685 3443 1771 3482 me
1818 3443 1914 3483 ve-

325 3518 441 3584 nis;
476 3517 594 3572 telis
622 3516 920 3586 gladiisque
960 3517 1307 3586 praecinctus,
1340 3525 1599 3586 tauquam
1639 3517 1913 3586 praeliatu-

325 3623 417 3662 rus
443 3610 710 3664 occurris.
751 3607 850 3663 Ubi
892 3619 972 3662 est
1015 3608 1149 3662 fides
1194 3608 1315 3662 tua?
1341 3605 1460 3660 Jam
1491 3609 1619 3676 quia
1653 3607 1747 3661 tibi
1786 3623 1910 3677 pro-

324 3701 592 3773 pinquare
622 3717 730 3757 non
781 3701 977 3767 audeo,
1010 3699 1257 3754 mercede
1306 3715 1424 3754 mea
1465 3699 1757 3754 frustratus
1783 3699 1908 3753 abs-

324 3795 496 3860 cedo;
535 3806 590 3848 ct
634 3810 760 3848 mox
807 3809 989 3849 aerem
1041 3794 1330 3847 obscurum
1361 3792 1574 3846 turbine
1621 3791 1914 3845 concitavit

324 3895 378 3939 ct
404 3901 532 3940 cum
563 3901 760 3955 magno
781 3882 984 3938 furoris
1017 3883 1224 3953 impetu
1254 3881 1322 3936 ab
1346 3890 1571 3952 aspectu
1594 3882 1912 3952 trepidantis
1948 3925 1964 3938 .

324 3976 568 4029 evanuit.
607 3974 708 4042 Qui
759 3975 1007 4045 protinus
1057 3988 1272 4038 aureos,
1324 3983 1382 4026 ut
1405 3970 1648 4041 iacebat,
1691 3985 1722 4025 e
1763 3972 1914 4039 pavi-

326 4078 514 4123 mento
540 4067 788 4140 collegit;
843 4083 906 4121 ac
952 4082 1143 4121 rursus
1173 4067 1239 4121 ad
1283 4065 1621 4121 sacerdotem
1671 4065 1911 4130 rediens,

323 4161 451 4234 quid
483 4162 585 4217 sibi
616 4161 683 4215 de
737 4161 821 4216 bis
852 4159 1118 4232 agendum
1165 4167 1328 4223 esset,
1364 4158 1643 4228 inquirere
1683 4157 1910 4211 studuit.

325 4252 501 4319 Quem
534 4253 819 4322 presbyter
857 4253 924 4306 de
972 4252 1361 4321 byzanteorum
1411 4250 1733 4306 collectione
1759 4249 1928 4306 valde.

325 4345 613 4414 corripuit,
659 4344 744 4398 cui
778 4354 957 4396 tamen
999 4342 1100 4397 hoc
1129 4340 1412 4396 consilium
1441 4340 1612 4406 dedit,
1641 4349 1700 4395 ut
1734 4355 1801 4394 ex
1832 4339 1916 4395 his

328 4433 381 4488 in
433 4435 557 4489 loco
605 4433 738 4488 satis
789 4432 1099 4487 necessario
1149 4440 1368 4500 pontem
1413 4438 1777 4494 construeret,
1823 4429 1917 4499 qui

325 4505 756 4582 commeantium
802 4524 990 4579 usibus
1035 4521 1352 4592 profuturus
1394 4530 1557 4576 esset.
1608 4519 1775 4588 Cujus
1824 4522 1916 4576 ille

327 4618 516 4672 verbis
567 4615 845 4670 humiliter
892 4615 1094 4684 paruit,
1148 4622 1203 4667 et
1249 4622 1493 4684 pontem,
1551 4613 1692 4667 sicut
1729 4611 1912 4680 jussus

326 4707 532 4771 fuerat,
563 4705 872 4760 fabricavit.
907 4703 1011 4758 Sed
1044 4703 1302 4773 quidquid
1329 4701 1417 4755 ille
1449 4717 1572 4756 cum
1620 4701 1836 4754 latomis
1860 4709 1915 4755 et

325 4798 707 4854 cmmenlariis
762 4796 1095 4852 elaborando
1134 4795 1468 4858 construxit,
1521 4793 1624 4848 hoc
1667 4791 1915 4847 diabolus

327 4901 605 4948 nocturno
659 4889 877 4945 silentio
944 4887 1211 4943 violenter
1265 4888 1542 4953 obruens,
1605 4885 1909 4955 dissipavit.

327 4985 501 5052 Quem
525 4985 818 5055 praedictus
839 4983 924 5036 vir
949 4997 1121 5052 usque
1149 4981 1307 5036 tertia
1349 4980 1463 5034 sive
1492 4987 1710 5049 quarta,
1739 4987 1798 5032 ut
1826 4977 1908 5032 die

325 5081 493 5144 citur,
524 5081 666 5144 vice,
696 5088 784 5156 est
806 5087 1038 5132 conatus
1065 5074 1296 5144 erigere.
1339 5072 1445 5128 Sed
1481 5071 1741 5141 quidquid
1769 5085 1914 5140 pra:-

327 5171 547 5226 cedenti
577 5170 664 5225 die
691 5185 798 5225 non
843 5168 963 5223 sine
994 5182 1190 5237 magno
1227 5165 1412 5220 labore
1441 5163 1764 5228 construxit,
1811 5163 1915 5218 hoc

327 5261 416 5315 die
458 5262 632 5317 altero
669 5276 767 5330 per
799 5269 1097 5315 nocturnas
1140 5257 1338 5314 diaboli
1387 5255 1673 5310 machinas
1699 5255 1913 5309 destru-

329 5365 480 5426 ctum
506 5353 728 5423 reperit.
764 5353 831 5408 Ut
857 5352 1022 5422 igitur
1050 5359 1251 5406 caetera
1279 5350 1526 5420 exempla
1565 5349 1722 5418 huius
1749 5349 1912 5404 omit-

329 5453 463 5507 tam,
498 5444 542 5498 si
581 5444 668 5498 ille
709 5445 799 5514 qui
844 5457 1028 5498 sacras
1073 5442 1286 5496 litteras
1318 5448 1741 5509 sanctorumque
1784 5439 1911 5492 reli-

328 5536 492 5609 quias
533 5536 783 5600 habebat,
833 5543 1076 5589 armatus
1121 5544 1283 5602 atque
1315 5531 1572 5587 terribilis
1607 5531 1660 5584 in
1711 5530 1919 5600 antiqui

329 5627 512 5682 hostis
543 5629 712 5684 oculis
741 5631 1045 5696 videbatur,
1079 5630 1153 5682 ita
1187 5636 1247 5681 ut
1287 5627 1353 5682 ad
1393 5639 1518 5680 eum
1549 5625 1809 5680 accedere
1837 5623 1920 5678 vel

327 5722 769 5790 appropinquare
800 5722 1122 5793 nequiverit,
1159 5729 1364 5792 quanto
1390 5718 1569 5773 studio
1612 5732 1710 5772 nos
1755 5718 1920 5772 debe-

327 5825 455 5878 mus
479 5813 716 5872 cmlests
740 5815 940 5886 eloquii
985 5815 1106 5870 telis
1143 5813 1452 5883 accingere,
1483 5819 1540 5865 ut
1566 5809 1632 5866 de
1670 5809 1923 5879 malignis

2010 3345 2268 3407 peccator
2295 3339 2592 3394 monachus
2613 3341 2864 3395 salutem.

2087 3446 2106 3478 ι
2136 3428 2305 3484 Filius
2341 3430 2578 3499 sapiens,
2607 3431 2682 3483 ait
2712 3429 2988 3497 Salomon,
3019 3433 3257 3490 ltetilieat
3276 3443 3507 3505 patrem,
3531 3436 3595 3491 ﬁ-

2012 3516 2115 3574 lius
2143 3533 2272 3573 vero
2299 3518 2494 3574 stultus
2515 3520 2772 3574 maestitia
2798 3531 2881 3575 est
2899 3521 3089 3576 matris
3113 3538 3228 3578 sua:
3249 3523 3432 3593 (Prov.
3454 3529 3531 3596 κ).
3563 3540 3587 3578 τι
3634 3572 3640 3584 ε

2013 3609 2115 3676 Qui
2159 3625 2347 3666 rursus
2403 3610 2479 3665 ait
2515 3629 2530 3666 :
2565 3629 2582 3661 ι
2612 3609 2716 3677 Qui
2766 3621 3061 3682 congregat
3103 3614 3158 3668 in
3203 3621 3411 3680 messe,
3455 3616 3598 3672 ﬁlius

2010 3701 2226 3768 sapiens
2261 3711 2377 3768 est;
2408 3701 2500 3771 qui
2541 3711 2725 3756 autem
2756 3703 2942 3758 stertit
2971 3704 3026 3758 in
3051 3711 3264 3770 testate,
3294 3705 3436 3760 ﬁlius
3463 3720 3598 3761 corr-

2011 3790 2240 3847 fusionis
2283 3792 2481 3863 (ibid.).
2515 3811 2534 3844 ι
2588 3794 2702 3849 Hoc
2741 3809 2877 3865 ergo
2925 3809 3024 3848 cur
3057 3794 3257 3860 dicam,
3309 3796 3592 3863 aperiam:

2014 3884 2110 3939 Vir
2138 3885 2356 3954 quidam
2388 3899 2419 3938 a
2453 3885 2842 3940 Mediolanensi
2888 3885 3022 3940 urbe
3049 3885 3426 3956 progrediens,
3467 3888 3596 3942 dum

2013 3992 2100 4031 me
2128 3984 2420 4045 quaereret,
2447 3990 2544 4046 per
2579 3991 2677 4030 vos
2707 3977 2991 4030 transitum
3017 3974 3239 4043 habuit;
3273 3977 3367 4031 sed
3407 3984 3464 4031 et
3501 3979 3604 4032 ha:-

2012 4067 2190 4121 bitare
2223 4066 2527 4132 vobiscum,
2556 4076 2616 4121 ut
2656 4069 2769 4137 ipse
2809 4065 3086 4137 professus
3111 4075 3213 4132 est,
3261 4069 3362 4123 sub
3390 4082 3457 4123 eo
3495 4083 3612 4124 ου-.

2014 4161 2160 4215 mine
2207 4159 2536 4230 concupivit.
2584 4158 2687 4226 Qui
2733 4159 2860 4214 dum
2899 4158 3075 4214 lassus
3121 4159 3337 4224 itinere,-
3389 4174 3610 4215 moram"

2017 4253 2169 4309 velut
2213 4253 2544 4323 quiescendo
2585 4253 2952 4322 protraheret,
2982 4253 3077 4308 sed
3121 4253 3188 4308 ab
3214 4253 3610 4323 explorationis-

2014 4352 2214 4401 vestrze
2240 4343 2490 4400 custodia
2521 4343 2737 4400 clausos
2760 4343 2947 4400 oculos
2993 4359 3100 4400 non
3131 4343 3384 4411 haberet,
3415 4345 3610 4401 nescio-

2017 4454 2155 4510 quos
2219 4446 2456 4492 vestrum
2511 4435 2684 4492 aniles
2719 4452 2890 4508 nugas
2935 4445 2992 4492 et
3030 4437 3203 4492 otiosa
3248 4437 3602 4492 deliramenta

2017 4530 2303 4600 perpendit
2341 4527 2695 4598 profundere,
2731 4537 2940 4584 etcum
2985 4527 3140 4583 laicis
3166 4527 3425 4584 scurriles
3445 4527 3610 4596 jocos

2019 4632 2075 4678 et
2101 4621 2331 4679 ludibria
2367 4623 2504 4676 vidit
2539 4620 2747 4677 urbana
2789 4622 3043 4677 miseere.
3079 4620 3234 4676 Unde
3278 4620 3482 4675 factum
3517 4626 3608 4674 est

2018 4724 2078 4768 ut
2106 4728 2214 4768 non
2257 4713 2417 4767 modo
2447 4727 2548 4767 nos
2592 4720 2948 4780 nostrumque
3006 4718 3229 4782 propter
3267 4725 3366 4765 vos
3407 4719 3608 4764 contu-

2015 4805 2264 4861 bernium
2291 4818 2452 4860 omne
2473 4811 2868 4866 contemneret,
2891 4801 2982 4857 sed
3006 4812 3060 4856 et
3082 4801 3258 4871 ipsum
3286 4801 3607 4855 conversio-

2015 4896 2102 4950 nis
2146 4895 2406 4957 animum,
2463 4903 2729 4963 quantum
2786 4892 2988 4962 potuit,
3041 4891 3284 4945 funditus
3331 4890 3614 4944 amisisset

2017 4985 2361 5056 (amitteret).
2412 4965 2616 5052 Aperte
2655 4985 2863 5038 scilicet
2904 4983 3013 5037 vita
3069 4991 3254 5036 nostra
3290 4979 3605 5047 iructilicat,
3657 5008 3662 5029 ;

2021 5083 2083 5129 ut
2108 5089 2216 5129 non
2257 5073 2418 5128 tnodo
2453 5086 2551 5142 per
2583 5071 2866 5128 anfractus
2901 5081 2957 5128 et
2999 5071 3147 5126 invia
3174 5087 3203 5125 a
3230 5071 3455 5141 justitiae
3493 5083 3606 5126 tra-
3657 5071 3660 5074 ⁴

2019 5166 2155 5220 mite
2205 5177 2420 5233 semper
2474 5165 2590 5233 ipsa
2638 5163 2892 5242 declinet,
2932 5178 3120 5219 verum
3163 5165 3325 5219 etiam
3369 5178 3398 5217 a
3437 5162 3606 5217 divini

2019 5257 2198 5312 cultus
2226 5265 2449 5327 egressu
2477 5270 2573 5326 per
2597 5269 2708 5309 sua:
2735 5256 3021 5324 pravitatis
3055 5255 3306 5326 exempla
3332 5253 3605 5308 deturbet.

2019 5346 2167 5403 Satis
2206 5347 2366 5416 plane
2397 5343 2685 5416 vigilanter
2728 5346 3059 5400 attendimus
3093 5349 3236 5415 quod
3281 5362 3379 5416 per
3412 5359 3608 5414 etpro-

2020 5438 2328 5494 brationem
2356 5436 2630 5505 piopbetaa
2661 5435 2963 5489 minitantis
3002 5437 3252 5490 audimus
3285 5455 3299 5491 :
3333 5455 3351 5488 ί
3384 5435 3494 5490 Per
3514 5450 3613 5490 ros

2021 5546 2218 5587 nomen
2254 5529 2346 5583 Dei
2389 5527 2798 5598 blasphematur
2829 5527 2982 5599 (Isai.
3013 5545 3120 5592 LII;
3171 5528 3320 5582 Rom.
3355 5529 3438 5598 ιι).
3474 5543 3494 5579 ι
3543 5529 3613 5582 ll-

2024 5622 2113 5678 lud
2153 5624 2320 5677 etiam
2373 5621 2516 5691 quod
2544 5625 2609 5675 de
2655 5619 2778 5674 ﬁliis
2825 5619 2941 5675 Heli
3000 5619 3282 5690 Scriptura
3339 5627 3607 5673 testatur:

2028 5714 2234 5777 «Erat,
2273 5711 2465 5787 inquit,
2518 5718 2798 5780 peccatum
2848 5723 3138 5780 puerorum
3195 5707 3399 5779 grande
3447 5709 3611 5762 nimis

2029 5821 2214 5862 coram
2242 5805 2493 5870 Domino,
2523 5804 2650 5874 quia
2678 5803 3040 5860 detrahebant
3068 5801 3315 5856 homines
3344 5815 3377 5855 a
3400 5803 3611 5858 sacrm-
