4170 6452
567 343 672 398 £23

1108 341 1167 399 S.
1208 342 1414 399 PETRI
1453 341 1739 398 DAMIANI
1777 342 1930 401 OPP.
1973 341 2156 398 PARS
2195 341 2328 401 SEU
2357 341 2594 400 TOMUS
2621 325 2660 398 l.
2698 371 2772 386 -—
2807 342 3027 401 EPIST.
3069 343 3199 401 LIB.
3236 343 3370 402 VIII.

3734 346 3839 404 42/.

565 459 650 513 cio
693 456 790 512 Dei
837 456 888 529 (1
917 454 1046 526 Reg.
1083 454 1168 526 ιι).
1203 473 1223 507 ι
1280 453 1451 510 Porro
1493 461 1676 508 autem
1727 467 1891 523 quam
1931 452 2146 523 plurimi
2177 461 2225 517 Α
2253 454 2548 509 salubriter
2591 453 2958 519 interdictum,
2993 455 3096 512 hoc
3135 456 3331 513 lethale
3363 456 3568 513 factum
3613 468 3698 515 est
3737 462 3840 516 ho-

565 566 694 611 sunt
733 552 824 623 qui
862 550 943 606 sic
991 549 1042 603 in
1084 548 1373 604 turbulenti
1402 546 1583 602 seculi
1620 555 1879 616 tanquam
1921 545 1978 601 in
2024 560 2153 615 spu-

566 644 704 701 mosi
754 643 919 699 maris
965 640 1216 711 procellis
1269 655 1331 695 ac
1381 637 1638 692 fluctibus
1687 637 2037 700 ventilantur,
2093 643 2156 689 ut

566 735 669 790 nisi
716 734 783 788 ad
831 733 1073 802 quietum
1123 729 1286 798 hujus
1331 727 1472 783 sacri
1517 727 1725 782 ordinis
1769 741 1828 782 se
1873 724 2157 781 conferant

564 835 802 896 portum,
836 823 979 878 nulla
1011 821 1220 876 ratione
1250 819 1524 875 confidant
1545 818 1777 889 propria:
1806 818 1996 872 salutis
2024 832 2154 872 eva-

565 919 694 972 dere
724 932 882 987 posse
913 913 1270 984 naufragium.
1300 910 1501 978 Quanti
1544 925 1674 981 ergo
1717 909 1998 980 sanguinis
2026 923 2154 963 reus

565 1016 673 1070 est,
723 1007 814 1076 qui
846 1005 946 1060 sub
992 1004 1133 1058 sacri
1181 1002 1397 1056 habitus
1435 1001 1714 1055 schemate
1748 1000 1910 1054 talem
1959 1013 2019 1054 se
2056 1014 2153 1068 per

570 1108 836 1166 susceptae
850 1093 1210 1168 professionis
1232 1093 1495 1148 incuriam
1519 1090 1756 1155 exhibet,
1780 1099 2154 1160 utquaerentes

567 1189 851 1255 accedere,
895 1198 1150 1258 perverse
1195 1185 1444 1248 vivendo,
1487 1182 1791 1237 disturbet?
1833 1181 2153 1252 Evangelica

571 1281 646 1337 illi
677 1281 934 1335 nimirum
980 1277 1246 1333 sententia
1291 1275 1559 1346 congruit,
1589 1288 1695 1343 qua
1724 1272 1924 1328 dicitur
1952 1290 1965 1327 :
1999 1291 2017 1325 ι
2051 1273 2154 1340 Qui

569 1371 1019 1428 scandalizaverit
1048 1384 1212 1423 unum
1241 1383 1309 1422 ex
1359 1369 1443 1422 his
1484 1366 1715 1438 pusillis,
1761 1367 1981 1437 expedit
2017 1367 2065 1422 ei
2097 1374 2155 1421 ut

567 1464 933 1534 suspendatur
961 1460 1101 1515 mola
1149 1459 1385 1515 asinaria
1428 1458 1481 1512 in
1511 1457 1651 1513 collo
1677 1457 1816 1527 ejus,
1849 1465 1906 1512 et
1943 1458 2154 1513 demer-

570 1561 731 1623 gatur
773 1551 826 1605 in
852 1549 1179 1620 profundum
1227 1549 1393 1602 maris
1430 1546 1646 1617 (Matth.
1675 1545 1856 1616 xvut).
1883 1567 1903 1599 ι
1934 1546 2154 1602 Tolera-

568 1645 732 1700 bilius
769 1643 917 1698 enim
947 1641 1144 1706 fuerat,
1193 1649 1253 1695 ut
1297 1640 1444 1696 solus
1493 1639 1546 1694 in
1587 1639 1708 1708 ejus
1743 1654 1905 1708 quem
1935 1639 2155 1710 reliquit

572 1734 761 1788 mundi
811 1733 1077 1803 vertigine
1119 1741 1425 1795 rotaretur,
1477 1746 1638 1800 quam
1686 1731 1882 1786 multos
1929 1745 2072 1786 nunc
2118 1746 2150 1786 a

2253 543 2384 598 mini
2408 558 2504 614 per
2533 553 2802 614 usurpatae
2829 544 3099 601 libertatis
3125 547 3435 603 arbitrium.

2330 632 2445 689 Hoc
2475 633 2636 702 primi
2665 633 2902 689 hominis
2926 646 3230 704 peccatum,
3259 637 3456 693 fratres
3483 638 3609 704 mei,
3632 646 3690 694 ut
3715 654 3838 696 cum

2256 739 2394 795 pace
2441 734 2623 780 vestra
2675 725 2888 795 loquar,
2939 743 3038 783 vos
3073 728 3274 784 iterare
3323 745 3496 800 usque
3529 731 3690 786 hodie
3734 748 3839 788 non

2255 817 2523 883 desinitis,
2555 818 2600 872 si
2631 820 2775 888 quod
2804 819 2956 874 vobis
2987 820 3274 875 inhibitum
3308 833 3412 886 est,
3445 839 3542 892 per
3564 825 3837 893 pruritum

2254 908 2613 964 lenocinantis
2666 908 2932 965 illecebra:
2959 910 3278 980 degustatis.
3322 911 3543 978 Quoties
3586 914 3731 969 enim
3771 915 3841 972 ad

2256 999 2401 1054 hunc
2455 998 2638 1053 cibum
2683 1013 2879 1054 manus
2929 999 3306 1056 inobedientite
3351 1003 3620 1067 tenditur,
3679 1004 3840 1061 toties

2254 1089 2442 1158 procul
2466 1089 2628 1143 dubio
2657 1089 2816 1158 primi
2840 1089 3087 1160 parentis
3111 1090 3267 1161 culpa
3298 1091 3550 1158 iteratur,
3578 1101 3630 1146 et
3653 1107 3839 1148 semen

2255 1181 2442 1249 stirpis
2487 1181 2728 1250 erumpit
2772 1189 3174 1252 consequenter
3223 1183 3278 1237 in
3333 1184 3522 1240 ramis.
3573 1183 3684 1250 Sic,
3714 1202 3839 1255 pro-

2253 1269 2455 1325 fluente
2477 1285 2633 1336 vena,
2668 1271 2814 1326 rivus
2845 1271 3014 1338 fonti,
3045 1281 3251 1329 tractus
3281 1275 3570 1345 respondet
3593 1278 3809 1347 origini.

2327 1361 2441 1417 Hoc
2468 1363 2634 1418 etiam
2679 1379 2767 1418 me
2819 1381 2926 1419 non
2975 1365 3150 1421 levius
3195 1378 3398 1433 movet,
3447 1369 3573 1438 quia
3617 1381 3839 1440 przeter-

2252 1465 2438 1521 gressa
2462 1451 2812 1508 nihilominus
2841 1453 3219 1510 inobedientite
3245 1455 3434 1524 limite,
3463 1457 3838 1530 eleemosynas

2254 1561 2285 1600 a
2325 1544 2675 1602 saecularibus
2721 1547 3099 1603 indifferenter
3144 1550 3426 1619 accipitis,
3476 1551 3836 1622 possessionis

2253 1645 2450 1691 vestrae
2496 1636 2762 1695 funiculos
2787 1639 3059 1695 inhianter
3085 1641 3400 1707 extenditis,
3441 1650 3514 1706 et,
3555 1652 3611 1695 ut
3641 1649 3836 1697 cuncta

2253 1729 2435 1786 brevis
2462 1746 2645 1786 sermo
2671 1733 2978 1799 concludat,
3018 1733 3069 1787 in
3105 1735 3322 1789 occulto
3348 1734 3507 1790 simul
3538 1743 3594 1790 et
3615 1733 3835 1804 publico

569 1824 865 1882 salutiferae
891 1823 1143 1880 stationis
1190 1833 1474 1878 revocaret
1501 1837 1745 1878 accessu.
1792 1821 1848 1877 Si
1875 1836 2002 1891 ergo
2041 1821 2151 1876 vita
2180 1824 2229 1884 B
2258 1820 2374 1876 fieri
2413 1821 2610 1878 divites
2655 1821 2945 1878 festinatis.
2973 1823 3098 1879 Haec
3145 1834 3326 1879 autem
3366 1823 3652 1890 facientes,
3687 1841 3839 1880 ama-

568 1927 754 1976 nostra
789 1927 897 1972 tam
930 1929 1096 1987 prava
1121 1915 1331 1969 videtur
1352 1923 1406 1969 et
1431 1913 1672 1983 squalida
1704 1923 1760 1967 ut
1790 1913 1952 1969 etiam
1984 1928 2151 1969 carne

570 2005 784 2061 vestitis
808 2004 1118 2059 hominibus
1167 2002 1351 2068 feteat,
1387 2002 1561 2072 qualis
1591 2011 1750 2072 putas
1796 2010 1880 2057 est
1921 2002 2148 2073 angelis,

567 2097 658 2166 qui
681 2094 886 2168 jugiter
912 2109 1126 2164 semper
1153 2093 1394 2149 eminent
1424 2093 1476 2147 in
1527 2091 1826 2162 spiritualis
1873 2091 2154 2146 munditize

567 2187 836 2254 culmine;
878 2185 1054 2256 qualis
1089 2187 1219 2250 Deo,
1267 2185 1358 2255 qui
1388 2194 1442 2240 et
1473 2185 1646 2255 ipsam
1693 2193 1915 2253 superat
1956 2183 2156 2256 angeli-

570 2294 690 2334 cam
719 2275 1074 2348 dignitatem?
1107 2275 1260 2331 Unde
1293 2284 1347 2331 et
1382 2274 1510 2330 illud
1548 2273 1894 2330 formidolose
1915 2288 2152 2342 pensan-

570 2368 698 2423 dum
728 2375 832 2434 est,
860 2381 928 2421 ne
956 2366 1096 2432 illos,
1127 2366 1218 2435 qui
1261 2365 1328 2420 ad
1377 2365 1678 2420 custodiam
1710 2371 1951 2417 nostram
1986 2362 2157 2432 depu-

571 2461 671 2514 tati
698 2468 842 2522 sunt,
879 2457 1100 2529 angelos
1124 2459 1248 2512 vita
1298 2466 1500 2512 nostrae
1540 2456 1682 2512 fetor
1709 2454 1964 2521 offendat,
1991 2455 2156 2525 228

569 2558 633 2602 ut
683 2547 866 2618 potius
901 2547 1044 2616 apud
1091 2546 1259 2601 Deum
1295 2545 1552 2616 conqueri
1580 2560 1745 2616 quam
1777 2559 1873 2600 sua
1924 2559 2024 2600 nos
2064 2545 2157 2600 de-

567 2640 730 2695 beant
763 2638 1110 2693 attestatione
1139 2637 1297 2692 tueri.

638 2731 774 2788 Illud
803 2745 1020 2802 quoque
1049 2730 1115 2785 de
1137 2729 1444 2786 sanctitatis
1475 2737 1664 2784 vestrae
1689 2727 1976 2799 praeconiis
2011 2727 2154 2782 noti-

566 2825 657 2880 tiae
684 2833 883 2880 nostrae
918 2823 1331 2894 superaccessit,
1362 2821 1488 2891 quia
1520 2821 1776 2890 pleraque
1805 2820 2036 2890 capitula
2087 2818 2155 2873 ad

565 2915 918 2969 continentia:
961 2911 1288 2982 pertinentia
1328 2909 1690 2979 disciplinam,
1736 2910 2027 2979 quaeinter
2061 2923 2155 2964 vos

565 3005 891 3076 regulariter
937 3003 1348 3067 constituimus,
1409 3001 1488 3055 ita
1535 3016 1678 3056 nunc
1723 2999 1980 3055 oblivioni
2026 3007 2155 3056 sunt

570 3096 792 3161 tradita,
823 3109 887 3149 ac
927 3093 975 3147 si
1006 3091 1177 3147 deliro
1207 3090 1432 3146 cuilibet
1461 3088 1663 3144 fuerint
1701 3089 1959 3145 oblivioni
2001 3105 2153 3146 man-

2253 1914 2483 1969 rissimis
2505 1929 2607 1969 nos
2637 1923 2792 1968 tetra:
2813 1917 3264 1985 concupiscentiis
3290 1917 3527 1972 motibus
3553 1917 3833 1982 laceratis;

2259 2021 2367 2061 non
2399 2008 2576 2061 solum
2604 2004 2782 2072 vobis,
2813 2006 2908 2061 sed
2933 2015 2986 2060 et
3013 2004 3248 2075 posteris
3272 2007 3470 2061 vestris
3493 2006 3830 2060 dulcedinem

2255 2095 2452 2163 quietis
2514 2093 2775 2160 adimitis,
2816 2107 3074 2148 curarum
3115 2093 3456 2148 saecularium
3493 2110 3587 2150 vos
3621 2094 3831 2165 laqueis

2253 2185 2549 2249 innodatis,
2579 2195 2634 2239 et
2655 2186 2801 2254 quod
2823 2186 3173 2240 deterrimum
3196 2195 3300 2252 est,
3329 2188 3596 2256 pugnandi
3621 2203 3838 2256 semper

2254 2288 2377 2329 cum
2433 2273 2822 2337 saecularibus,
2872 2273 2961 2329 vel
3013 2276 3192 2343 potius
3235 2278 3518 2330 materiam
3563 2277 3836 2332 serviendi

2254 2352 2606 2427 constituitis,
2653 2378 2759 2417 non
2790 2363 3205 2418 considerantes
3245 2363 3374 2418 illud
3405 2365 3605 2434 egregii
3637 2366 3832 2434 praedi-

2255 2453 2457 2509 caton's
2483 2493 2499 2519 ,
2541 2453 2684 2524 quod
2726 2454 2874 2510 veris
2914 2453 3453 2511 abrenuntiatoribus
3492 2455 3568 2510 ait
3613 2473 3626 2509 :
3681 2475 3700 2508 ι
3732 2456 3838 2512 lla-

2255 2545 2446 2600 bentes
2492 2543 2748 2599 alimenta
2791 2553 2847 2599 et
2888 2544 3088 2615 quibus
3143 2553 3421 2615 tegamur,
3476 2546 3542 2602 iis
3595 2547 3837 2613 contenti

2255 2637 2445 2692 simus.
2512 2635 2646 2690 Nam
2709 2635 2801 2705 qui
2880 2635 3068 2691 volunt
3133 2636 3327 2691 divites
3402 2634 3521 2692 fieri
3596 2637 3840 2692 incidunt

2257 2728 2312 2783 in
2359 2727 2584 2797 laqueos
2644 2727 2884 2794 diaboli,
2958 2736 3014 2782 et
3061 2727 3430 2794 teutationes,
3497 2743 3562 2784 ac
3625 2729 3839 2784 deside-

2257 2817 2338 2871 ria
2378 2816 2547 2870 multa
2599 2816 2807 2871 inutilia
2855 2825 2912 2872 et
2955 2817 3172 2883 nociva,
3217 2832 3336 2887 quae
3367 2829 3616 2883 mergunt
3662 2820 3836 2875 homi-

2257 2923 2380 2962 nem
2412 2907 2465 2961 in
2499 2907 2776 2962 interitum
2822 2916 2878 2962 et
2937 2908 3292 2978 perditionem
3351 2909 3414 2981 (Ι
3450 2909 3585 2965 Tim.
3637 2911 3768 2981 vr);
3810 2931 3828 2963 ο

2256 3001 2422 3072 229
2463 3001 2554 3056 ubi
2603 3009 2658 3056 et
2701 3002 2985 3071 sequitur:
3029 3021 3044 3053 ι
3079 3001 3250 3057 Radix
3290 3002 3531 3056 omnium
3568 3001 3838 3058 malorum

2255 3105 2340 3152 est
2365 3094 2616 3160 avaritia,
2654 3109 2816 3164 quam
2847 3094 3064 3164 quidam
3107 3103 3419 3164 appetentes
3446 3105 3764 3150 erraverunt
3806 3111 3840 3150 a

570 3189 722 3253 data,
779 3184 1032 3240 videlicet
1082 3191 1143 3236 ut
1195 3181 1380 3235 vinum
1423 3191 1656 3250 utroque
1697 3178 2149 3251 quadragesimali
2179 3180 2224 3243 C
2257 3187 2362 3242 fide
2411 3195 2467 3242 et
2516 3186 2862 3242 inseruerunt
2915 3201 2973 3241 se
3020 3186 3292 3243 doloribus
3327 3187 3508 3243 multis
3557 3187 3768 3259 (llud).
3810 3207 3832 3242 ι

568 3289 814 3346 tempore
861 3289 966 3328 non
1002 3271 1236 3336 bibatur,
1287 3285 1394 3326 non
1445 3271 1610 3341 piscis
1657 3271 1871 3338 edatur,
1923 3279 1982 3324 ut
2031 3271 2139 3325 nisi

568 3365 854 3437 praecipuis
895 3361 1298 3426 festivitatibus,
1338 3360 1494 3416 molis
1525 3361 1794 3430 legumina
1830 3375 1937 3416 non
1971 3368 2154 3416 teran-

568 3467 679 3521 tur,
711 3465 772 3512 ut
798 3453 1122 3525 vespertinae
1151 3450 1431 3507 refectioni
1456 3451 1878 3522 pulmentarium
1908 3465 2016 3505 non
2051 3465 2151 3520 pa-

569 3558 753 3615 retur;
789 3555 851 3601 ut
892 3546 1142 3601 oleastra:
1186 3542 1408 3598 frixum
1454 3543 1732 3597 rarissime
1757 3543 2150 3607 concedantur,

564 3652 624 3697 et
651 3640 818 3696 multa
869 3636 1090 3701 similia,
1130 3649 1250 3705 qum
1299 3634 1472 3704 magis
1529 3633 1755 3688 colenda
1802 3647 1964 3704 quam
1999 3632 2153 3687 scri-

567 3733 741 3787 benda
784 3726 1148 3783 decernimus.
1191 3723 1305 3779 Nec
1351 3723 1577 3789 mirum,
1624 3723 1669 3777 si
1714 3723 1854 3787 hoc,.
1883 3735 1970 3776 me
2009 3736 2153 3777 nunc

568 3820 756 3892 procul
785 3828 997 3888 agente,
1037 3813 1406 3886 praesumitur,
1445 3827 1568 3867 cum
1600 3827 1735 3867 orno
1755 3810 2008 3868 videlicet
2049 3811 2152 3866 sub

569 3914 685 3982 ipsa
733 3909 1018 3966 nativitate
1071 3905 1371 3969 Dominica,
1429 3918 1516 3959 me
1565 3913 1854 3974 praesente,
1913 3902 2009 3958 sed
2057 3917 2154 3958 ne-

567 4005 796 4065 sciente,
827 3999 1058 4056 mulsum
1096 3996 1276 4063 melle,
1301 3995 1464 4052 simul
1491 4003 1549 4051 et
1579 3995 1815 4051 diversis
1841 3995 2147 4066 pigmento-

567 4109 692 4150 rum
732 4089 1027 4164 generibus
1067 4089 1380 4158 parabatur.
1426 4085 1579 4154 Quod
1623 4094 1683 4140 ut
1724 4085 1943 4155 agnovi,
1997 4091 2150 4140 tanto

568 4187 744 4258 magis
785 4183 1012 4255 prodigii
1037 4181 1277 4236 novitate
1307 4193 1596 4250 percussus
1623 4177 1907 4244 exhorrui,
1946 4185 2150 4247 quanto

568 4281 622 4336 id
654 4280 706 4333 in
731 4291 916 4332 eremo
943 4273 1144 4328 factum
1171 4287 1240 4325 ne
1268 4270 1506 4325 audiisse
1543 4285 1630 4325 me
1673 4271 1890 4339 quidem
1921 4278 2150 4324 eatenus

566 4367 908 4438 contigisset.
939 4363 1136 4418 Verum
1175 4361 1279 4416 ista
1326 4361 1587 4424 dicentes,
1633 4374 1732 4414 nec
1760 4373 1884 4414 cum
1913 4359 2020 4414 illis
2050 4374 2150 4414 nos

567 4460 772 4517 sentire
819 4456 941 4528 quis
979 4454 1206 4527 judicet,
1239 4453 1328 4522 qui
1383 4451 1676 4521 prohibent
1727 4465 1758 4506 a
1803 4451 1963 4516 cibis,
2011 4459 2149 4521 quos

568 4554 710 4608 Deus
737 4547 949 4604 creavit
984 4544 1057 4619 (I
1091 4544 1214 4599 Cor.
1253 4543 1350 4616 x);
1393 4559 1493 4598 nec
1537 4543 1845 4616 apostolicae
1871 4543 2147 4598 contraire
2176 4527 2225 4586 Ι)

567 4641 867 4705 δεηιειιιὶω,
910 4651 1016 4708 qua
1047 4650 1144 4690 nos
1167 4634 1492 4689 manducare
1523 4634 1768 4705 praecipit
1811 4648 2148 4704 quaecunque

565 4740 942 4806 apponuntur,
989 4736 1048 4783 et
1095 4725 1231 4781 nihil
1278 4724 1630 4795 rejiciendum
1677 4725 1819 4794 quod
1862 4739 1987 4780 cum
2021 4740 2146 4795 gra-

568 4826 766 4880 tiarum
822 4822 1036 4875 actione
1095 4815 1391 4887 percipitur
1433 4813 1484 4884 (1
1515 4813 1649 4868 Tim.
1693 4813 1789 4885 iv).
1855 4813 2017 4868 Aliud
2063 4822 2151 4870 est

564 4916 728 4978 enim,
763 4912 906 4982 quod
946 4916 1228 4965 creaturas
1267 4906 1362 4960 Dei
1403 4906 1574 4960 bonas
1605 4905 1978 4959 indifferenter
2007 4919 2149 4959 asse-

566 5006 765 5068 rimus;
798 5001 965 5064 aliud,
997 4998 1142 5068 quod
1181 4995 1455 5067 pudicitia:
1503 4995 1896 5062 sobrietatique
1924 5009 2147 5048 servan-

565 5099 647 5155 da:
673 5093 1031 5165 castigatione
1063 5104 1352 5161 corporum
1393 5087 1758 5157 providemus.
1790 5085 1996 5140 Bonum
2031 5094 2149 5140 erat

563 5194 764 5261 quippe
804 5187 856 5240 in
885 5185 1138 5255 paradiso
1167 5182 1395 5251 lignum,
1439 5195 1469 5233 a
1509 5179 1652 5234 bono
1696 5177 1904 5233 scilicet
1941 5176 2148 5249 Opifice

564 5281 880 5343 mnditum;
915 5276 1116 5330 bonum
1146 5271 1497 5327 nihilominus
1527 5285 1634 5325 non
1665 5269 1766 5324 fuit
1795 5272 2145 5332 manducare,

563 5372 755 5427 eodem
794 5367 1116 5423 instituente
1165 5369 1496 5432 praeceptum
1524 5358 1679 5428 (Gen.
1712 5359 1808 5430 ii);
1853 5359 1967 5424 sed,
2017 5359 2146 5414 dum

566 5463 764 5516 bonum
792 5459 934 5514 bono
976 5471 1083 5510 non
1129 5454 1268 5508 bene
1309 5450 1579 5520 jungitur,
1627 5465 1774 5506 mors
1801 5451 2049 5521 protinus
2081 5466 2150 5505 ex

569 5554 838 5609 virulcnto
885 5550 1095 5608 semine
1135 5543 1403 5616 superbia:
1447 5553 1757 5614 generatur.
1803 5543 1958 5610 Quod
2000 5543 2149 5600 enim

569 5647 771 5700 bonum
811 5642 988 5697 fuerat
1023 5655 1118 5710 per
1167 5645 1440 5696 naturam,
1478 5633 1678 5688 malum
1715 5633 1913 5689 factum
1944 5647 2027 5690 est
2053 5649 2149 5706 per

566 5736 946 5796 iaobedientizc
989 5733 1236 5804 culpam;
1287 5736 1342 5785 et
1385 5728 1528 5799 quod
1577 5728 1645 5785 ab
1693 5727 1930 5786 Auctore
1969 5728 2146 5790 fuerat

2253 3278 2547 3334 Enimvero
2586 3278 2724 3333 dona
2784 3277 2868 3332 vel
2895 3277 3197 3334 oblationes
3224 3277 3292 3333 ab
3316 3279 3500 3349 iniquo
3531 3280 3836 3350 suscipere,

2255 3369 2384 3441 quid
2427 3378 2511 3424 est
2555 3369 2700 3424 aliud
2743 3385 2906 3440 quam
2955 3370 3230 3440 propriam
3275 3371 3512 3426 animam
3555 3387 3620 3428 ex
3659 3373 3839 3429 dantis

2253 3459 2506 3529 squalore
2535 3457 2784 3514 foedare?
2823 3458 2958 3514 Hinc
2987 3461 3129 3514 enim
3152 3459 3412 3529 scriptum
3435 3471 3554 3517 est:
3592 3481 3610 3514 ι
3642 3463 3841 3518 Immo-

2254 3552 2416 3607 lantis
2450 3567 2516 3606 ex
2558 3551 2744 3620 iniquo
2774 3550 2976 3605 oblatio
3018 3559 3103 3605 est
3147 3551 3444 3615 maculata,
3476 3562 3529 3607 et
3558 3569 3665 3608 non
3710 3563 3840 3610 sunt

2252 3641 2599 3713 beneplacita:
2613 3642 3061 3698 subsannationes
3077 3643 3381 3712 iniquorum
3397 3642 3416 3715 (
3425 3642 3797 3715 Eccfi.xxxiv).
3810 3664 3831 3699 ι

2253 3735 2320 3791 Et
2350 3749 2604 3790 rursum:
2642 3753 2660 3784 ι
2710 3734 2857 3788 Dona
2887 3733 3191 3802 iniquorum
3242 3749 3347 3788 non
3398 3735 3590 3804 probat
3623 3736 3840 3791 Altissi-

2253 3840 2393 3890 mus,
2432 3839 2532 3879 nec
2570 3822 2789 3893 respicit
2818 3823 2870 3876 in
2902 3822 3266 3877 oblationibus
3299 3823 3625 3892 iniquorum,
3655 3840 3754 3881 nec
3781 3826 3835 3882 in

2252 3916 2596 3972 multitudine
2642 3915 3032 3971 sacrificiorum
3080 3929 3269 3970 eorum
3313 3916 3693 3987 propitiabitur
3736 3934 3837 3989 pro

2249 4006 2488 4078 peccatis
2534 4004 2708 4077 (Ibid.
2726 4004 2764 4076 ).
2802 4024 2820 4058 ›
2854 4005 2920 4060 Ει
2952 4019 3158 4070 revera,
3198 4006 3328 4076 quid
3374 4007 3593 4076 prodest
3627 4008 3836 4076 justum

2251 4101 2458 4156 orando
2487 4099 2790 4162 aedificare,
2821 4098 2962 4167 quod
2998 4113 3197 4169 pravus
3225 4097 3444 4154 festinat
3471 4115 3724 4171 perverse
3753 4103 3838 4155 vi-

2249 4191 2428 4246 vendo
2457 4189 2776 4245 destruere?
2812 4187 2965 4245 Unde
3007 4197 3062 4243 et
3101 4205 3200 4260 per
3225 4187 3476 4246 eumdem
3521 4189 3833 4262 Sapientem

2251 4281 2484 4336 dicitur:
2518 4298 2539 4332 ε
2565 4277 2720 4335 Unus
2757 4280 3032 4335 aedificans
3077 4290 3133 4334 et
3175 4281 3315 4335 alter
3349 4283 3659 4350 destruens,
3703 4283 3834 4354 quid

2251 4375 2470 4443 prodest
2497 4372 2624 4434 illis,
2654 4373 2755 4428 nisi
2787 4372 2982 4428 labor?
3021 4373 3171 4429 Unus
3211 4391 3376 4431 orans
3411 4384 3467 4431 et
3503 4391 3638 4432 unus
3664 4377 3834 4432 male-

2253 4464 2460 4526 dicens.
2489 4462 2641 4532 cujus
2665 4479 2850 4519 vocem
2878 4465 3131 4520 exaudiet
3169 4465 3353 4520 Deus?
3393 4485 3413 4519 ›
3449 4465 3637 4538 (Ιὺὶά.)
3666 4467 3833 4523 Porro

2252 4565 2432 4610 autem
2463 4554 2529 4608 ad
2559 4553 2688 4623 quid
2715 4555 3022 4609 divitiarum
3049 4556 3196 4610 lucra
3227 4557 3680 4627 congerimus?an
3706 4559 3837 4628 quia

2252 4647 2367 4702 haec
2401 4647 2453 4700 iu
2477 4655 2695 4702 nostros
2721 4661 2850 4701 usus
2888 4648 3213 4717 expendere,
3247 4656 3438 4702 natura
3469 4649 3680 4705 modico
3708 4665 3839 4705 con-

2253 4743 2397 4790 tenta
2425 4735 2763 4805 prohibente,
2795 4750 2899 4788 non
2924 4750 3229 4804 possumus,
3255 4736 3307 4790 in
3337 4751 3473 4806 quos
3498 4737 3705 4807 prodigi
3741 4754 3834 4791 va-

2251 4824 2419 4890 leant,
2452 4825 2613 4878 anxia
2641 4838 2856 4894 semper
2883 4825 3242 4880 sollicitudine
3265 4828 3664 4898 perquirimus?
3690 4828 3833 4883 Inte-

2250 4918 2353 4973 rim
2382 4926 2561 4972 autem
2585 4916 2640 4971 in
2666 4931 2854 4970 earum
2881 4917 3335 4988 contemplatione
3365 4919 3506 4974 solas
3534 4919 3826 4974 infelicium

2250 5007 2529 5062 oculorum
2576 5014 2886 5063 nostrorum
2929 5007 3208 5063 illecebras
3238 5009 3534 5090 pascimus,
3583 5026 3704 5064 cum
3735 5026 3830 5066 eas

2250 5097 2565 5167 intorquere
2591 5097 2645 5151 in
2673 5105 2870 5152 nostra:
2899 5100 3238 5155 necessitatis
3268 5101 3532 5170 impendia
3561 5116 3662 5156 non
3686 5102 3832 5157 vale-

2250 5201 2391 5240 mus.
2425 5185 2577 5242 Unde
2616 5196 2671 5241 et
2707 5186 2966 5242 Salomon
2991 5205 3112 5243 cum
3144 5191 3533 5260 prtemisisset:
3568 5211 3586 5244 ε
3619 5192 3831 5248 Avarus

2249 5290 2356 5330 non
2385 5275 2637 5346 impletur
2664 5277 2914 5346 pecunia,
2945 5284 3002 5331 et
3027 5279 3116 5346 qui
3146 5288 3293 5333 amat
3322 5281 3597 5349 pecunias,
3626 5280 3832 5336 fructus

2250 5381 2356 5420 non
2387 5368 2531 5437 capit
2559 5382 2622 5421 ex
2651 5367 2729 5421 eis
2752 5367 2976 5438 (Eccles.
2999 5370 3085 5439 v);
3121 5389 3140 5422 ι
3167 5372 3414 5439 protinus
3444 5372 3655 5426 intulit:
3687 5391 3704 5422 ι
3727 5371 3828 5428 Ubi

2251 5465 2377 5510 sunt
2402 5471 2530 5526 opes
2563 5457 2762 5525 multat,
2795 5457 2946 5512 multi
2969 5467 3020 5514 et
3046 5460 3138 5529 qui
3167 5461 3458 5516 comedunt
3481 5477 3593 5517 eas.
3618 5462 3685 5516 Et
3703 5463 3852 5530 quid.

2250 5549 2471 5620 prodest
2499 5549 2816 5618 possessori.
2857 5549 2962 5604 nisi
3004 5550 3147 5618 quod
3192 5550 3406 5606 divitias
3451 5554 3626 5608 cernit
3663 5552 3831 5607 oculis

2250 5639 2411 5694 suis?
2439 5658 2457 5690 ι
2487 5639 2673 5709 (llud)
2699 5637 2850 5706 Quod
2881 5648 3062 5694 autem
3092 5641 3291 5695 divitia:
3318 5643 3715 5710 possidentibus
3747 5642 3832 5694 in-

2251 5738 2439 5802 geram
2465 5729 2903 5800 sollicitudinem,
2935 5745 3035 5788 nec
3059 5746 3155 5788 eos
3191 5733 3471 5804 quiescere
3499 5746 3688 5789 secure
3715 5747 3820 5802 per
