4170 6466
417 310 521 365 425

1558 303 1752 356 [ιέῑῖἐείξῖ
1797 300 2089 362 SEXTUS,
2128 302 2339 356 Ei’iST.
2382 303 2590 358 ΧΧΧΗ.

3576 313 3672 364 Hii

417 423 650 480 mittant,
704 415 921 476 audiant
956 412 1235 476 monachi,
1285 426 1508 490 quorum
1552 422 1698 464 certe
1743 409 2002 478 professio
2034 419 2073 471 Α
2106 422 2188 464 cst
2217 414 2501 480 appetitor.
2562 417 2654 467 sed
2689 415 2949 478 honorum
2995 419 3169 487 potius.
3205 424 3573 490 communium
3603 443 3682 478 m-

416 527 524 566 non
557 505 903 571 sollicitudini
943 503 1173 567 militat,
1207 485 1310 556 sed.
1346 502 1554 570 quieti:
1591 519 1608 552 ι
1653 500 1832 556 Dulcis
1877 509 1993 564 est,

415 599 612 670 inquit,
644 610 866 662 somnus
893 593 1159 664 aperanti,
1196 592 1311 664 sive
1346 587 1572 648 multum
1593 631 1610 653 .
1652 591 1766 646 sive
1806 605 1996 662 parum

412 688 679 746 comedat.
712 685 981 752 Saturitas
1009 692 1192 740 autem
1223 682 1405 740 divitis
1429 697 1534 736 non
1565 681 1694 744 sinit
1725 697 1848 737 eum
1873 681 1996 737 dor-

412 782 550 844 mire
570 777 770 847 (Et-cla.
802 776 873 843 v).
918 795 936 827 ι
968 775 1258 838 Praeterea,
1286 773 1499 830 tametsi
1525 773 1690 830 homo
1707 771 1994 836 violenter,

412 877 509 924 aut
551 867 752 923 furtive
797 880 904 920 non
941 863 1151 933 rapiat,
1195 863 1362 917 etiam
1412 861 1803 931 sinequaquam
1841 876 1993 926 men-

413 959 616 1022 tiendo,
647 956 732 1010 vel
757 953 1228 1010 circumveniendo
1263 951 1516 1020 decipiat,
1544 966 1656 1006 non
1698 950 1887 1007 leviter
1915 958 1996 1014 ta-

411 1063 534 1103 men
588 1053 808 1117 peccat,
861 1043 905 1097 si
955 1043 1220 1110 duntaxat
1265 1040 1496 1095 alienam
1537 1054 1650 1096 rem
1678 1039 1996 1109 simpliciter

411 1137 777 1208 concupiscat.
814 1133 965 1190 Unde
987 1147 1203 1203 quoque
1233 1132 1285 1188 in
1313 1131 1557 1202 catalogo
1590 1131 1772 1196 decem
1794 1144 1994 1199 praece-

410 1242 624 1300 ptorum
665 1227 919 1298 ponitur:
949 1244 968 1276 ‹
997 1224 1109 1287 Non
1139 1225 1484 1294 concupisces
1513 1239 1626 1286 rem
1655 1212 1884 1292 proximi
1917 1222 1991 1275 tui

411 1323 587 1392 (Deut.
617 1319 711 1390 vr).
753 1339 774 1369 ι
811 1318 943 1386 Quis
968 1326 1147 1378 autem
1184 1324 1366 1383 reatus
1407 1315 1478 1388 sit
1506 1315 1664 1370 alieni
1687 1311 1826 1384 juris
1875 1328 1990 1368 am-

410 1413 563 1478 bitio,
595 1425 656 1470 nt
681 1425 745 1466 ex
777 1408 1041 1466 industria
1070 1408 1232 1478 multa
1259 1416 1601 1477 praeteream,
1624 1421 1732 1460 uno
1757 1405 1818 1458 Β.
1847 1404 1991 1460 Petri

408 1504 630 1568 docetur
657 1500 925 1571 exemplo.
965 1518 982 1550 ι
1011 1498 1201 1559 Nemo,
1246 1498 1452 1569 inquit,
1482 1507 1724 1551 vestrum
1754 1495 1992 1566 patiatur

411 1607 666 1663 tanquam
699 1590 993 1658 homicida,
1026 1597 1120 1647 aut
1150 1589 1259 1655 fur,
1290 1597 1381 1642 aut
1409 1587 1722 1651 maledicus,
1746 1595 1838 1658 aut
1861 1585 1990 1640 alic-

408 1703 598 1750 norum
631 1681 981 1756 appetimru
1008 1679 1132 1736 Retr
1177 1679 1274 1751 tv).
1308 1698 1326 1730 ι
1359 1679 1457 1748 Qui
1481 1679 1624 1736 enim
1649 1677 1793 1732 inter
1817 1677 1989 1742 homi-

2101 504 2383 558 stributor.
2443 506 2565 561 lla'c
2601 518 2781 572 autem
2844 511 3079 563 breviter
3134 512 3388 577 diximus,
3443 527 3501 570 ut
3542 517 3682 572 inter

2099 592 2395 656 alienorum
2438 597 2785 666 appetituros,
2836 609 2890 652 et
2922 600 3104 666 fideles
3134 603 3534 672 dispensatores
3563 621 3683 678 esse

2098 683 2406 742 distantiam
2421 698 2862 756 monstraremus,
2879 706 2945 756 ne
2959 691 3202 758 videlicet
3224 694 3512 764 aliquando
3525 715 3677 770 suun.

2097 775 2195 830 sub
2224 775 2406 831 colore
2436 779 2650 840 virtutis
2673 780 2857 845 vitium
2887 782 3090 857 palliet,
3132 785 3213 837 vel
3248 801 3433 856 latratis
3463 790 3680 846 virtutis

2095 865 2300 922 intimte
2355 868 2683 936 puritatem,
2742 869 2934 929 falsum
2996 872 3108 928 vitii
3163 889 3356 932 nomen
3403 878 3674 947 obscuret.

2085 956 2244 1046 I'Giezi
2289 975 2420 1014 sane
2467 974 2601 1029 puer
2645 963 2834 1027 Elisei,
2889 965 2932 1020 si
2972 968 3358 1036 prophetarum
3416 971 3578 1035 ﬁliis,
3621 983 3678 1028 ut

2096 1048 2354 1108 mentitus
2382 1060 2485 1114 est,
2514 1052 2720 1119 argenti
2753 1052 2951 1108 talenta
2988 1056 3347 1127 suscipiendo,
3381 1061 3677 1124 consuluis-

2095 1146 2196 1202 set,
2229 1153 2567 1208 nequaquam
2596 1142 2889 1208 subeunda:
2924 1144 3087 1212 lepra:
3137 1149 3458 1216 sententiam
3487 1127 3673 1234 pertu-

2095 1226 2263 1294 lisset.
2296 1226 2428 1293 Nam
2460 1229 2658 1282 idcirco
2687 1231 2838 1300 plaga
2883 1248 3173 1300 percussus
3212 1246 3296 1291 est
3325 1224 3494 1307 quam.
3518 1224 3675 1296 (later

2095 1317 2371 1382 amiserat,
2409 1319 2536 1392 quia
2586 1335 2689 1373 non
2733 1322 2799 1375 ad
2847 1323 2948 1377 hoc
2999 1324 3173 1378 aliena
3223 1321 3479 1398 suscepit,
3529 1332 3671 1387 utin

2092 1421 2227 1475 opus
2254 1407 2474 1477 pietatis
2494 1411 2844 1484 expenderet,
2879 1412 2971 1485 sed
3006 1421 3066 1468 ut
3089 1430 3199 1468 sua:
3222 1421 3670 1488 concupiscentiae

2093 1498 2429 1570 satisfaciens
2459 1501 2660 1569 proprii
2686 1499 2824 1569 juris
2860 1503 3159 1576 possideret
3193 1506 3481 1578 peculium.
3518 1511 3674 1577 Unde

2092 1589 2174 1642 vir
2202 1590 2294 1644 Dei
2321 1599 2607 1661 postquam
2632 1606 2754 1645 eum
2774 1593 2931 1664 digne
2953 1597 3272 1665 corripiens,
3301 1600 3403 1654 ait:
3431 1621 3449 1652 ι
3485 1579 3673 1661 Nonne

2092 1695 2184 1734 cor
2231 1695 2408 1735 meum
2449 1681 2502 1736 in
2547 1686 2798 1762 praesenti
2840 1696 2996 1750 erat,
3047 1691 3262 1756 quando
3302 1707 3555 1750 reversus
3589 1671 3673 1751 est

401 1786 569 1847 emas,
595 1781 746 1843 mres
769 1788 931 1850 atque
949 1775 1352 1844 ,ηειριιίεοείιηῑ
1379 1788 1602 1844 regnum
1631 1771 1720 1828 Dei
1741 1768 1984 1842 profecto
2017 1789 2060 1846 Β
2083 1770 2248 1842 homo
2271 1770 2338 1826 de
2367 1786 2528 1827 curru
2550 1788 2648 1828 suo
2671 1774 2726 1828 in
2755 1789 3039 1831 occursum
3069 1779 3161 1832 tibi
3187 1781 3208 1833 ?
3241 1801 3260 1834 ι
3307 1780 3412 1852 (IV
3445 1784 3568 1858 Reg.
3593 1788 3671 1856 v.)

402 1891 506 1928 non
539 1873 815 1944 possident
835 1912 850 1936 ,
889 1870 1240 1940 appetitorem
1269 1865 1541 1933 facultatis
1571 1863 1756 1918 alienae
1784 1861 1984 1935 consti-

403 1968 526 2030 tuit,
556 1979 716 2035 quam
749 1978 915 2033 grave
943 1961 1150 2022 crimen
1190 1971 1458 2028 quamque
1489 1955 1792 2025 damnabile
1822 1954 1980 2015 sit,ex

399 2054 685 2110 collatione
727 2051 984 2113 similium
1016 2049 1296 2118 evidenter
1337 2046 1593 2101 ostendit.
1631 2043 1782 2111 Quod
1817 2043 1980 2098 etiam

401 2146 629 2206 lucidius
659 2144 924 2206 cernitur,
956 2141 1000 2195 si
1038 2138 1179 2208 quod
1210 2137 1295 2192 his
1324 2136 1504 2204 verbis
1535 2133 1875 2200 subiunctum
1900 2141 1980 2185 est

398 2234 666 2300 subtiliter
711 2231 1040 2299 attendatnr.
1091 2226 1226 2280 Nam
1274 2225 1520 2302 protinus
1569 2223 1772 2278 addidit
1818 2239 1830 2273 :
1869 2241 1887 2272 ‹
1924 2221 1979 2274 Si

401 2334 575 2387 autent
631 2331 689 2376 ut
708 2321 1170 2386 Christiano..,rton
1192 2317 1498 2382 erubescat,
1521 2311 1783 2384 glorificet
1801 2319 1979 2363 autem

399 2417 452 2469 in
503 2416 604 2470 isto
649 2413 866 2480 nomine
909 2409 1228 2478 Dominum,
1259 2406 1512 2478 quoniam
1547 2413 1758 2472 tempus
1799 2410 1881 2468 est
1922 2409 1983 2453 ut

399 2505 619 2574 incipiat
644 2503 904 2572 judicium
939 2501 1006 2557 de
1034 2501 1193 2562 domo
1224 2499 1318 2554 Dei
1361 2497 1568 2569 (Ibid).
1603 2515 1619 2548 ι
1655 2495 1726 2551 Ut
1751 2509 1880 2563 ergo
1915 2493 1981 2563 de

399 2596 570 2652 aliena
601 2588 974 2664 appetentihus
1005 2591 1357 2659 disseramus,
1391 2603 1496 2642 non
1539 2588 1678 2659 sicut
1717 2584 1980 2640 Christia-

402 2704 527 2752 nus,
555 2686 650 2741 sed
678 2686 818 2741 sicut
841 2683 1206 2753 Antichristus
1238 2679 1422 2750 procul
1451 2677 1612 2740 dubio
1639 2677 1857 2747 patitur,
1887 2675 1976 2744 qui

402 2776 527 2829 dum
573 2773 764 2838 alienis
795 2771 1112 2842 substantiis
1154 2770 1348 2835 inhiat,
1382 2765 1679 2838 ingruentis
1718 2778 1842 2819 eum
1879 2763 1977 2817 ad-

398 2862 673 2929 versitatis
699 2861 999 2924 sollicitudo
1036 2859 1336 2930 perturbat.
1381 2855 1634 2912 Christus
1659 2852 1804 2908 enim
1832 2851 1979 2907 venit

399 2953 750 3021 semetipsum
781 2960 836 3005 et
860 2951 1136 3010 caelestem
1175 2949 1403 3019 gloriam
1435 2945 1670 3001 tradere.
1703 2942 1976 2999 Antichri-

399 3055 514 3100 Stus
555 3053 735 3110 autem
784 3042 1025 3110 veniens,
1063 3043 1271 3108 animas
1320 3039 1634 3110 hominum,
1681 3035 1972 3105 pretiosam

2086 1879 2209 1919 mox
2262 1864 2510 1928 addidit:
2557 1885 2574 1917 ι
2609 1866 2761 1933 Nune
2806 1883 2934 1938 ergo
2981 1872 3234 1938 accepisti
3285 1883 3565 1943 argentum
3613 1885 3669 1928 et

2085 1965 2281 2020 vestes,
2335 1965 2392 2008 ut
2433 1971 2585 2012 emas
2611 1959 2830 2022 oliveta,
2861 1962 3061 2026 vineta,
3096 1972 3148 2014 et
3193 1979 3338 2027 oves,
3389 1979 3443 2018 et
3480 1968 3664 2029 boves,

2083 2056 2137 2110 et
2173 2059 2359 2106 servos
2385 2055 2438 2099 et
2468 2046 2727 2114 ancillas;
2761 2051 2854 2124 sed
2883 2059 2937 2103 et
2977 2049 3120 2122 lepra
3147 2051 3380 2106 Naaman
3423 2034 3662 2118 atlhmre-

2084 2135 2162 2189 hit
2191 2135 2282 2201 tibi
2305 2146 2360 2189 et
2385 2137 2574 2191 semini
2603 2149 2692 2192 tuo
2715 2154 2886 2216 usque
2909 2140 2960 2193 in
2994 2143 3380 2218 sempiternum
3406 2143 3614 2211 (ΗΜΛ.
3640 2168 3658 2200 ι

2081 2226 2228 2280 Giezi
2265 2241 2426 2296 porro
2449 2244 2630 2284 semen
2662 2219 2810 2314 sunt,
2839 2232 2929 2301 qui
2964 2215 3048 2296 ea,
3098 2249 3216 2303 qum
3245 2235 3296 2289 in
3332 2253 3467 2307 opus
3491 2215 3631 2315 picta

2084 2319 2150 2372 tis
2182 2320 2536 2389 impendenda
2589 2334 2960 2392 susceperant,
3015 2326 3234 2380 sibimet
3276 2327 3331 2394 in
3388 2339 3662 2398 posterum

2083 2412 2241 2466 noxie
2269 2412 2549 2482 profutura
2575 2425 2918 2483 conservant.
2964 2415 3187 2487 lgnohili
3217 2435 3471 2490 namque,
3503 2435 3666 2493 atque

2082 2509 2336 2579 degeneri
2379 2511 2590 2579 parenti
2640 2526 2964 2581 responsura
2997 2515 3308 2581 posteritas,
3363 2517 3486 2569 dum
3519 2534 3665 2582 sum-

2079 2607 2203 2666 ptus
2264 2613 2525 2666 supernos
2584 2600 2635 2652 in
2692 2617 2785 2658 sua
2840 2601 3137 2682 transferre
3207 2603 3355 2658 lucra
3412 2616 3660 2680 conatur.

2080 2685 2240 2740 alieni
2269 2686 2456 2754 procul
2493 2687 2654 2748 dubio
2705 2687 2926 2742 sceleris
2963 2687 3106 2758 lepra
3153 2690 3512 2758 profunditur.
3555 2692 3664 2760 hec

2079 2777 2505 2845 prietereundum
2537 2777 2678 2846 quod
2716 2777 2823 2831 illic
2845 2777 3045 2832 dicitur
3073 2793 3087 2832 :
3128 2799 3145 2830 ι
3184 2779 3249 2834 Et
3274 2795 3555 2854 regressus
3579 2795 3662 2838 est

2080 2865 2239 2918 abeo
2264 2861 2412 2918 Giezi
2442 2865 2706 2934 leprosos,
2761 2866 2916 2937 quasi
2961 2867 3053 2920 nix
3081 2866 3289 2940 (Ibid).
3332 2888 3351 2922 ι
3391 2869 3489 2923 Nix
3517 2871 3660 2926 enim

2077 2954 2219 3019 alba,
2254 2954 2345 3009 sed
2375 2953 2604 3025 frigida;
2639 2956 2919 3024 hypocrita
2959 2971 3171 3025 nempe,
3211 2958 3301 3028 qui
3327 2974 3384 3012 se
3423 2975 3518 3029 per
3539 2976 3662 3029 san-

2077 3043 2281 3108 ctitatis
2307 3043 2640 3104 adumbrata:
2690 3045 3002 3114 figmentum
3037 3027 3386 3116 transfigurat
3417 3027 3467 3102 in
3499 3027 3663 3119 ange-

401 3137 646 3191 videlicet
668 3136 1052 3201 substantiam,
1099 3148 1328 3202 conatur
1371 3129 1690 3186 auferre."Si
1721 3146 1850 3200 ergo
1880 3133 1970 3200 qui
2001 3134 2044 3194 Ο
2077 3135 2183 3188 lum
2209 3134 2363 3199 lucis,
2396 3135 2558 3190 nullis
2585 3134 2818 3190 infervet
2864 3137 3083 3191 aestibus
3121 3138 3445 3201 charitatis;
3503 3150 3661 3210 atque

398 3229 570 3282 aliena
604 3229 808 3299 appetit
851 3227 1191 3290 Christianus
1222 3243 1326 3282 non
1363 3233 1466 3294 est,
1496 3239 1601 3294 qua
1629 3224 1835 3279 ratione
1864 3238 1976 3278 mo-

401 3321 604 3382 nachus
631 3320 889 3383 dicendus
913 3319 1031 3374 est?

468 3411 630 3481 230
651 3409 950 3473 Notandum
986 3417 1166 3466 tamen
1210 3409 1336 3480 quia
1363 3408 1608 3478 quisquis
1652 3423 1759 3463 non
1804 3407 1976 3464 scele-

399 3502 533 3560 ratis
557 3541 571 3565 ,
603 3500 696 3559 sed
719 3499 1118 3558 honestioribus
1143 3500 1276 3556 viris
1301 3499 1504 3568 aliquid
1530 3499 1635 3553 hoc
1657 3497 1836 3556 studio
1871 3496 1971 3551 tol-

398 3593 480 3656 lit,
512 3601 576 3648 ut
619 3590 856 3654 subsidia
889 3590 1147 3652 fratribus
1187 3590 1238 3642 in
1269 3597 1508 3658 egestate
1530 3587 1842 3656 provideat,
1887 3587 1972 3640 vel

399 3684 486 3753 pio
527 3681 754 3744 cuilibet
796 3683 943 3751 operi
995 3690 1244 3751 sumptus
1295 3681 1587 3745 exhibeat;
1619 3679 1737 3734 sive
1785 3679 1970 3747 etiam,

399 3773 538 3843 quod
565 3771 830 3842 insignius
870 3780 978 3834 est,
1010 3772 1335 3842 pauperibus
1384 3771 1436 3837 in
1480 3769 1806 3836 necessitate
1851 3783 1973 3836 suc-

397 3871 609 3926 currat,
663 3860 751 3922 hic
772 3875 878 3927 non
902 3861 1160 3925 dicendus
1185 3869 1273 3920 est
1307 3859 1481 3926 aliena
1511 3858 1849 3929 impudenter
1879 3872 1974 3926 ap-

404 3963 602 4023 petere.
636 3951 730 4015 sed
756 3951 955 4021 notius.
992 3965 1118 4020 nam
1147 3951 1449 4017 communia
1480 3958 1627 4015 sunt.
1649 3963 1684 4016 β
1709 3948 1973 4017 fratribus

396 4049 453 4108 in
484 4045 680 4106 fratres
719 4044 864 4115 iuste
886 4043 1209 4106 transferre.
1243 4041 1323 4106 Ad
1349 4039 1623 4108 ,hoctenim
1653 4053 1790 4108 unus
1811 4049 1968 4096 caete-

403 4140 475 4194 ris
503 4138 664 4196 ditior
690 4145 776 4193 est
801 4145 861 4190 ut
904 4151 1009 4189 non
1036 4133 1205 4196 solum
1231 4128 1838 4199 comissapossideat,
1876 4127 1972 4192 sed

400 4237 460 4283 ut
495 4243 608 4283 .non
669 4225 990 4286 habentibus
1040 4231 1248 4294 eroget,
1281 4231 1337 4278 et
1381 4234 1494 4289 non
1543 4228 1650 4288 tam
1687 4221 1776 4289 pie
1812 4231 1971 4291 quam

393 4320 534 4389 iuste
583 4317 826 4376 minister
855 4317 987 4385 ipse,
1020 4330 1126 4376 non
1157 4314 1427 4376 dominus,
1473 4325 1594 4380 qua:
1639 4317 1766 4380 sunt
1799 4308 1971 4364 aliena

392 4410 683 4478 dispenset.
725 4406 877 4464 Unde
900 4405 1170 4475 Propheta
1197 4402 1590 4468 cumdieeret:
1628 4418 1647 4450 ι
1687 4398 1969 4475 Dispersit,

2058 3279 2066 3294 η
2080 3226 2142 3290 ad
2175 3225 2346 3280 instar
2374 3224 2513 3279 nivis
2539 3224 2698 3286 simul
2724 3221 2806 3280 eSt
2836 3225 2988 3281 albus
3026 3235 3081 3280 et
3107 3225 3353 3297 frigidus,
3401 3229 3524 3296 quia
3555 3229 3658 3300 piis

2077 3316 2291 3384 quidem
2333 3330 2391 3371 se
2423 3317 2697 3371 deservire
2739 3318 2995 3385 operibus
3041 3317 3280 3384 simulat,
3327 3320 3420 3373 sed
3451 3320 3688 3374 viscera.

2077 3405 2260 3476 solidae
2287 3405 2503 3474 pietatis
2541 3405 2770 3475 ignorat.
2817 3406 2954 3474 Quid
2997 3407 3150 3476 plura
3192 3411 3660 3472 conin'ieinorem?

2077 3496 2192 3549 Dixi
2222 3510 2482 3564 przesens,
2512 3497 2630 3550 diro
2654 3512 2797 3550 nunc
2824 3498 3038 3561 altsrns,
3067 3499 3276 3551 tandem
3308 3509 3485 3552 tamen
3517 3511 3660 3568 utro-

2074 3588 2236 3657 bique
2283 3587 2615 3655 perficiens:
2670 3587 2922 3657 Spernite
2974 3588 3228 3652 divitias,
3280 3604 3349 3642 ne
3399 3604 3661 3660 perpetuo

2075 3677 2428 3739 mendicetis:
2461 3686 2632 3737 estote
2663 3677 2965 3738 voluntarie
3003 3693 3287 3746 pauperes,
3322 3688 3381 3731 ut
3407 3679 3524 3734 sine
3550 3680 3657 3735 fine

2069 3770 2330 3843 regnetis.
2361 3789 2376 3819 ι
2406 3769 2578 3834 Beati,
2611 3769 2810 3837 inquit,
2849 3783 3112 3838 pauperes
3145 3769 3370 3838 spiritu,
3401 3771 3654 3838 quoniam

2069 3865 2314 3933 ipsorum
2345 3872 2429 3932 est
2454 3878 2678 3933 regnum
2709 3862 2971 3916 caelorum
3003 3861 3219 3932 (Matth.
3251 3878 3280 3914 v
3306 3879 3320 3926 ;
3352 3862 3478 3917 Luc.
3513 3864 3610 3943 vi).
3634 3884 3652 3915 ι

2074 3955 2141 4010 Εῑ
2177 3953 2431 4009 Salomon
2484 3956 2558 4007 ait
2595 3968 2611 4006 :
2647 3972 2667 4003 ι
2708 3953 2810 4020 Qui
2839 3953 2955 4010 odit
3007 3954 3314 4020 avaritiam,
3351 3954 3491 4025 longi
3524 3955 3659 4026 fient

2073 4046 2188 4100 dies
2217 4042 2333 4112 ejus
2377 4043 2560 4112 (Prov.
2604 4031 2819 4112 xxviii).
2879 4062 2902 4104 ,ι
2935 4043 3001 4097 Ει
3024 4043 3180 4113 231
3211 4043 3404 4104 iterum
3433 4057 3447 4096 :
3483 4061 3505 4096 ι
3540 4043 3656 4100 Non

2071 4135 2370 4215 proderunt
2403 4133 2606 4198 divitiae
2632 4133 2687 4207 in
2719 4133 2804 4194 die
2834 4134 3075 4209 ultionis.
3133 4133 3373 4187 Tristitia
3404 4132 3655 4216 (iustitia)

2074 4235 2255 4292 autem
2309 4227 2560 4292 liberabit
2615 4243 2644 4295 a
2672 4237 2847 4294 morte
2886 4225 3075 4298 (Prov.
3105 4225 3254 4296 11).)
3292 4226 3359 4292 Et
3419 4242 3605 4294 rursus
3638 4245 3652 4280 :

2082 4337 2099 4366 ι
2128 4317 2314 4372 Melior
2338 4325 2423 4378 est
2445 4331 2645 4386 pauper
2672 4316 2726 4370 in
2758 4315 3105 4386 simplicitate
3134 4331 3230 4370 sua
3251 4355 3265 4375 ,
3297 4329 3457 4386 quam
3503 4317 3653 4384 dives

2071 4410 2258 4478 pravis
2296 4408 2580 4477 itineribus
2627 4406 2810 4478 (Prov.
2855 4392 3070 4476 sxw").
3123 4426 3141 4458 ι
3179 4407 3434 4461 Etalibi:
3471 4425 3489 4458 ι
3538 4389 3650 4474 Vir.

395 4502 540 4557 dedit
571 4500 902 4572 pauperibus
926 4495 1098 4567 (Psal-
1130 4495 1267 4565 Cxl).
1303 4513 1322 4547 υ
1357 4507 1463 4548 non
1513 4490 1966 4559 addidit.munera
1995 4483 2046 4540 ί)
2071 4501 2162 4568 qui
2209 4499 2429 4563 festinat
2454 4499 2636 4563 ditari,
2704 4508 2760 4553 et
2813 4497 2933 4553 aliis
2981 4497 3205 4562 invidet,
3259 4499 3471 4570 ignorat
3510 4500 3652 4568 quod

392 4591 548 4660 ejus:
583 4591 679 4646 sed
703 4630 718 4650 ,
751 4607 770 4640 ι
797 4587 1004 4658 iustitia
1040 4585 1155 4654 ejus
1192 4593 1374 4640 manet
1399 4583 1453 4636 in
1499 4580 1754 4646 articulum
1777 4579 1964 4648 [sazcuti

394 4680 606 4753 (ιῡεαι).
627 4700 644 4733 ι
667 4680 801 4735 Hinc
823 4681 1010 4744 etiam,
1037 4693 1161 4740 cum
1183 4677 1250 4731 de
1279 4671 1968 4742 exhibendiscleemosynis

397 4772 654 4828 Dominus
681 4771 1030 4839 loqueretur:
1089 4787 1107 4818 ‹
1144 4765 1370 4827 Videte,
1422 4765 1614 4834 inquit,
1667 4776 1733 4816 ne
1758 4761 1968 4826 faciatis

394 4864 653 4935 justitiam
682 4871 914 4918 vestram
948 4875 1128 4925 coram
1152 4858 1478 4925 hominibus,
1510 4865 1567 4912 ut
1589 4853 1874 4910 videamini
1901 4852 1967 4914 ab

395 4961 472 5013 eis
493 4953 812 5028 (ﬂamma).
849 4974 867 5005 ›
901 4955 1053 5021 Quod
1081 4961 1256 5008 autem
1283 4951 1638 5019 eleemosynae
1669 4948 1967 5016 largitatem

396 5050 482 5104 hic
513 5047 780 5117 praecipue
824 5044 1090 5113 justitiam
1130 5045 1242 5098 vult
1273 5042 1522 5109 intelligi,
1560 5040 1796 5093 insinuat
1833 5038 1968 5106 ipse,

395 5160 518 5199 cum
565 5151 762 5211 prmsto
797 5140 1071 5209 srdijungit
1100 5157 1110 5168 -
1172 5157 1189 5188 ι
1228 5137 1360 5192 Cum
1393 5136 1528 5191 facis
1553 5134 1968 5203 eleemosynam,

397 5235 503 5289 noli
533 5235 656 5288 tuba
684 5231 1113 5300 canere.(lbid.).
1153 5251 1169 5280 ι
1199 5229 1270 5286 lta
1295 5228 1500 5298 iustitia
1526 5234 1626 5287 est,
1658 5239 1775 5294 quae
1797 5223 1970 5278 aliena

400 5334 525 5378 sum
549 5323 1140 5393 reddereﬂuapropter
1163 5321 1254 5388 qui
1283 5320 1541 5376 divitibus
1562 5317 1811 5376 auferens
1836 5314 1969 5383 (99),

402 5415 762 5494 indigentibus
824 5414 1091 5474 exhibet,
1168 5427 1270 5464 non
1345 5409 1644 5476 alienorum
1719 5407 1975 5462 dicendus

473 5563 585 5636 (99)
621 5567 850 5629 Verbum
881 5567 1065 5635 aufero
1100 5568 1171 5618 ita
1200 5572 1432 5631 usurpat
1457 5563 1518 5636 iS.
1552 5564 1758 5636 doctor,
1785 5571 1840 5636 ut
1871 5577 1972 5614 non

404 5634 584 5691 invitis
613 5638 890 5697 divitibus,
933 5638 1024 5690 sed
1077 5636 1206 5704 ipsis
1252 5635 1550 5686 volentibus
1601 5634 1974 5704 aliquidiacci—

405 5707 655 5775 piendum
709 5706 1023 5776 intelligat:
1064 5703 1187 5758 nam
1246 5705 1444 5769 iniquis
1501 5705 1755 5756 divitibus
1807 5703 1974 5754 bonos

814 5800 1081 5856 pATROL
1118 5796 1383 5854 CXLH'.

2074 4598 2286 4653 egestas
2307 4588 2659 4657 superveniet
2683 4587 2733 4640 ei
2763 4587 2972 4658 (Ibid.).
3033 4607 3052 4639 ι

2145 4679 2416 4745 Ρτιιλνὶιιιιι]
2471 4687 2732 4748 ρταξιθγθει
2777 4677 2916 4748 gula:
2961 4678 3172 4732 frenum
3215 4677 3463 4732 cohibeat
3489 4673 3653 4731 disci-

2072 4773 2249 4840 plinre.
2268 4771 2537 4825 Incassum
2561 4785 2792 4839 namque
2813 4779 3044 4824 conatur
3063 4768 3328 4823 aediﬁcare
3352 4767 3649 4837 fastigium,

2074 4864 2165 4933 qui
2216 4862 2268 4916 in
2299 4877 2484 4926 arena,
2521 4877 2640 4931 qua:
2687 4860 2904 4925 dissilit,
2957 4859 3186 4914 collocat
3223 4857 3651 4913 fundamentum.

2073 4954 2172 5020 Qui
2203 4955 2462 5015 virtutum
2492 4952 2760 5022 lapidibus
2787 4951 3009 5014 festinat
3038 4951 3235 5001 atrium
3261 4948 3491 5002 sublime
3521 4963 3653 5002 con-

2070 5057 2320 5109 struere,
2379 5046 2529 5114 prius
2577 5057 2800 5098 necesse
2847 5049 2929 5095 est
2973 5041 3304 5102 inhorrentia
3349 5039 3650 5112 carnalium
3710 5061 3726 5070 -

2073 5138 2487 5202 delectati-onum
2526 5139 2740 5190 dumeta
2785 5147 3046 5204 purgare.
3096 5131 3249 5200 Unde
3291 5146 3384 5201 per
3414 5129 3656 5202 Salomo-

2075 5246 2196 5284 nem
2247 5229 2480 5282 dicitur:
2529 5245 2546 5276 ι
2578 5225 2874 5292 Diligenter
2921 5238 3115 5279 exerce
3147 5209 3332 5294 agrum
3378 5233 3546 5288 tuum,
3599 5231 3657 5274 ut

2075 5329 2258 5390 postea
2319 5318 2554 5374 aedifices
2602 5316 2820 5370 domum
2861 5323 3008 5370 tuam
3047 5313 3243 5386 (Prov.
3287 5314 3455 5380 xxiv).
3491 5331 3509 5362 ι
3563 5309 3658 5375 llle

2077 5412 2274 5480 quippe
2322 5408 2461 5462 bene
2526 5408 2743 5460 domum
2792 5406 2989 5475 mentis
3053 5405 3316 5468 aulilicat,
3364 5404 3453 5472 qui
3511 5403 3659 5470 prius

2079 5565 2318 5636 opponit,
2358 5566 2428 5616 ah
2455 5562 2519 5616 iis
2550 5563 2742 5630 quibus
2775 5578 2993 5636 numera
3029 5560 3196 5628 acripi
3254 5567 3564 5630 negaverat,
3594 5558 3661 5610 ab

2077 5633 2416 5689 iisconeedit
2448 5636 2498 5687 in
2528 5648 2823 5702 pauperum
2854 5633 3158 5685 utilitatem.

2729 5833 2742 5860 χ
3039 5787 3105 5843 Νι
