4170 6460
390 1409 415 1437 λ

572 317 672 372 427
1076 315 1132 370 S.
1176 314 1378 371 PETRI
1416 316 1699 372 DAMIANI
1730 315 1882 373 OI‘I‘.
1923 316 2100 372 PARS
2140 313 2269 370 SEU
2313 312 2546 371 TOMUS
2580 314 2622 369 I.
2662 345 2731 359 -
2770 315 2989 371 EPIST.
3031 314 3156 370 LIB.
3187 314 3322 370 VIII.

3720 317 3826 373 4‘28

573 442 760 497 agrum
802 425 1046 496 corporis
1094 441 1123 479 a
1164 427 1334 495 spinis
1361 427 1614 482 vitiorum
1643 436 1861 498 purgat,
1901 427 2138 496 alioquin
2168 432 2214 488 Α
2246 434 2498 477 montana
2524 426 2911 491 conscendant,
2947 435 3212 495 quatenus
3257 434 3314 481 et
3354 425 3605 481 vitiorum
3647 429 3828 484 elabo-

572 518 615 571 si
643 515 1031 571 desideriorum
1085 504 1500 584 passionumque
1537 516 1835 571 carnalium
1868 525 2052 572 sentes
2087 517 2140 570 in

570 606 752 661 carnis
772 620 903 676 agro
928 604 1195 674 pullulare
1220 606 1492 668 sinuntur,
1527 604 1668 660 fame
1691 606 1816 661 boni
1844 617 2142 670 crescente,

571 707 682 751 tota
715 697 859 751 intus
890 696 1147 749 virtutum
1176 704 1448 751 structura
1504 695 1808 751 collabitur.
1842 696 1978 752 llinc
2026 713 2143 751 rur-

569 802 664 842 sus
697 787 775 841 ait
804 804 819 839 :
853 806 871 837 ι
905 785 1007 841 Per
1037 802 1226 854 agrum
1257 785 1490 841 hominis
1519 786 1655 855 pigri
1689 786 1937 851 transivi,
1967 794 2022 841 et
2050 800 2146 855 per

567 877 782 930 vineam
809 876 908 930 viri
948 876 1116 937 stulti,
1140 886 1191 931 et
1230 890 1356 931 ecce
1386 886 1554 931 totum
1582 876 1916 948 repleverant
1938 877 2143 941 urticae,

567 977 892 1038 operuerant
917 970 1255 1037 superliciem
1287 969 1404 1039 ejus
1435 970 1625 1040 spina},
1665 979 1719 1025 et
1750 970 1981 1023 maceria
2015 969 2148 1039 lapi-

569 1065 696 1115 dum
726 1062 997 1115 destructa
1025 1070 1143 1115 erat
1195 1060 1403 1131 (Ibid.).
1435 1080 1452 1112 ι
1508 1061 1651 1128 Quid
1694 1061 1837 1116 enim
1888 1076 2035 1131 ager,
2065 1060 2150 1114 vel

568 1156 724 1212 vinea
780 1157 916 1226 pigri
950 1157 1202 1217 hominis,
1257 1156 1361 1210 nisi
1395 1171 1522 1209 caro
1570 1155 1858 1224 cujuslibet
1902 1154 2060 1208 otiosi
2094 1155 2146 1207 in

568 1249 864 1317 spiritualis
900 1249 1241 1319 agricultura:
1270 1248 1544 1302 laboribus
1574 1247 1839 1301 desudare
1873 1246 2149 1301 nolentis?

568 1340 705 1407 Quid
733 1351 910 1394 autem
954 1341 1159 1402 urticae.
1197 1340 1301 1417 nisi
1325 1340 1461 1409 gula:
1496 1339 1800 1409 prnrigines
1824 1347 1879 1393 et
1906 1339 2170 1399 carnales,

537 1416 541 1421 ’
571 1432 881 1486 illecelmc?
917 1431 1194 1497 Quomodo
1237 1432 1468 1501 denique
1496 1430 1665 1500 spintc
1698 1438 1841 1494 sunt,
1882 1430 1987 1485 nisi
2026 1445 2149 1501 pas-

565 1522 781 1575 sionum
817 1520 1111 1575 carnalium
1145 1519 1505 1589 punctiones?
1558 1518 1696 1585 Quid
1726 1526 2002 1589 postremo
2029 1533 2146 1572 ma-

569 1612 715 1665 ccria
762 1609 998 1680 lapidum
1028 1609 1130 1663 nisi
1175 1609 1441 1663 charitatc
1494 1608 1668 1662 media
1718 1622 1841 1662 cum
1890 1608 2146 1677 permista

571 1702 958 1756 cohzcrentinm
1002 1710 1271 1755 structura
1320 1700 1621 1754 virtutum?
1670 1700 1816 1769 Ager
1842 1714 1969 1769 ergo
2001 1700 2142 1771 pigri

2248 525 2367 569 rent
2393 508 2663 570 debellare
2691 516 3015 583 barbariem,
3050 525 3106 571 et
3130 517 3357 571 arduum
3385 517 3644 572 virtutum
3678 517 3821 575 festi-

2244 614 2374 660 nent
2397 604 2643 661 obtinere
2666 620 2946 662 cacumen.
2967 605 3140 661 Porro
3162 616 3366 671 autem,
3386 607 3528 678 quod
3555 607 3630 662 illi
3655 611 3822 678 pusil-

2246 696 2521 751 lanimiter
2565 706 2972 767 conquerantur
3011 700 3269 752 adversus
3313 711 3444 763 eos,
3493 698 3586 768 qui
3636 700 3827 755 ferreis

2248 787 2536 843 utebantur
2565 788 2834 852 curribus,
2885 802 2943 843 se
2990 804 3095 843 non
3142 803 3297 858 posse
3342 804 3690 860 consurgere,
3730 793 3831 847 hoc

2247 887 2362 944 est,
2407 879 2550 949 quod
2581 894 2678 933 nos
2707 879 3002 934 imbecilles
3030 887 3097 934 et'
3116 878 3332 950 fragiles
3360 895 3501 950 Stepe
3543 881 3831 938 difﬁdimus

2250 977 2501 1038 tanquam
2531 968 2737 1024 ferreos
2765 984 2978 1034 currus,
3005 970 3081 1024 sic
3103 971 3453 1024 adversantes
3476 970 3828 1040 malignorum

2248 1059 2535 1126 spirituum
2578 1059 2809 1129 impetus
2837 1061 3125 1115 sustinete.
3159 1059 3328 1125 Nam,
3385 1078 3510 1116 cum
3541 1064 3828 1131 petulantia

2249 1148 2407 1220 gulae,
2439 1164 2636 1220 vorago
2674 1148 2901 1204 luxuria:
2944 1150 3293 1220 omniumque
3331 1152 3585 1206 vitiorum
3616 1164 3829 1224 pestes,

2251 1250 2503 1309 tanquam
2550 1240 2897 1296 frementium
2943 1241 3375 1297 Chananamrum
3438 1244 3582 1300 acies
3626 1248 3827 1301 consti-

2251 1331 2392 1409 patis
2418 1331 2703 1385 adversum
2731 1346 2831 1385 nos
2857 1333 3047 1387 cuneis
3080 1332 3489 1404 conglobantur,
3528 1335 3658 1404 quid
3688 1335 3830 1390 aliud

2250 1435 2416 1491 quam
2461 1419 2752 1476 Cbananmi
2789 1436 2887 1490 nos
2914 1420 3109 1477 ferreis
3138 1423 3388 1478 curribus
3415 1423 3713 1494 impetunt,
3756 1434 3828 1489 et.

2251 1527 2318 1567 ne
2345 1514 2410 1567 de
2434 1512 2671 1568 carnalis
2695 1513 2815 1568 vita:
2838 1513 3230 1583 campestribus
3262 1516 3329 1569 ad
3356 1515 3620 1571 virtutum
3650 1518 3831 1571 valea-

2249 1615 2369 1657 mus
2395 1601 2607 1683 excelsa
2638 1603 3025 1668 conscendere,
3065 1602 3256 1658 salutis
3283 1604 3439 1660 nobis
3463 1606 3642 1661 aditus
3670 1607 3835 1662 inter-

2250 1691 2510 1745 cludunt?
2545 1690 2649 1747 Sed
2693 1693 2866 1748 bonus
2892 1693 3099 1748 militia:
3129 1705 3329 1749 nostra:
3356 1693 3465 1750 dux
3494 1696 3834 1752 imbecillita—

569 1803 625 1850 et
675 1795 825 1849 stulti
880 1793 1115 1847 hominis
1156 1792 1344 1847 urticis
1396 1792 1672 1862 spinisque
1716 1792 1974 1861 replemr,
2026 1807 2146 1847 cum
2179 1778 2223 1837 Il
2256 1789 2361 1836 tem
2393 1792 2633 1837 nostram
2679 1784 2745 1837 ad
2783 1783 2996 1838 fortiter
3026 1785 3217 1856 agendi
3245 1788 3606 1842 constantiam
3637 1789 3828 1859 erigit,

568 1901 698 1942 caro
722 1886 1020 1954 cujuspiam
1051 1885 1223 1938 otiose
1257 1884 1505 1949 viventis,
1548 1899 1654 1939 non
1681 1898 1776 1952 per
1811 1884 2145 1955 disciplinam

568 1976 808 2032 continui
835 1976 1049 2030 laboris
1104 1975 1388 2040 excolitur,
1439 1975 1533 2031 sed
1590 1975 1642 2030 in
1671 1976 1959 2046 voluptatis
1987 1984 2149 2044 atque

568 2070 805 2123 lascivia:
853 2066 1093 2122 mollitur
1140 2067 1408 2122 desiderio
1460 2077 1516 2123 et
1554 2069 1841 2123 cuutritnr.
1887 2067 2146 2137 Lapidum

567 2173 781 2227 quoque
820 2157 1052 2211 maceria
1104 2156 1363 2210 labefacta
1393 2156 1645 2219 diruitur,
1678 2158 1801 2225 quia
1836 2165 1947 2210 tota
1972 2156 2147 2209 virtu-

569 2258 683 2303 tum
708 2248 933 2308 fabrica.
973 2246 1121 2300 velut
1154 2246 1403 2315 impactis
1442 2247 1842 2300 incontinentis:
1865 2246 2147 2309 arietibus,

567 2334 878 2409 dissipatur.
905 2337 1165 2407 Princeps
1191 2339 1335 2390 cnim
1357 2351 1649 2405 eommrum
1672 2336 1940 2391 destruxit
1966 2351 2149 2390 lllllfOS

546 2430 925 2486 Hierusalem.
968 2430 1276 2498 Coquorum
1306 2436 1486 2483 autem
1516 2428 1768 2497 princeps
1805 2425 1928 2495 jure
1954 2427 2149 2481 asseri-

570 2531 657 2576 tur
685 2530 903 2583 venter,
956 2519 1041 2573 cui
1075 2518 1327 2572 nimirum
1366 2532 1396 2571 a
1435 2516 1628 2586 coquis
1677 2516 1948 2572 laborioso
1985 2529 2148 2585 opere

567 2611 818 2667 servitur.
849 2608 1109 2678 Quisquis
1131 2622 1261 2678 ergo
1286 2607 1561 2663 desiderat
1585 2606 1944 2676 spiritltalium
1991 2621 2145 2676 sege-

568 2716 680 2759 tum
733 2704 981 2758 ubertate
1031 2702 1323 2763 ditescere,
1378 2699 1600 2755 desudet
1639 2712 1784 2754 nunc
1836 2714 2024 2769 agrum
2065 2700 2148 2753 sui

566 2794 806 2863 corporis
849 2791 1144 2861 disciplinac
1168 2806 1232 2846 ac
1254 2789 1597 2845 continentia:
1633 2803 1853 2845 vomere
1890 2790 2150 2845 continuo

566 2884 751 2945 labore
775 2882 1008 2943 sulcare,
1036 2891 1093 2936 et
1114 2890 1368 2949 tanquam
1402 2880 1673 2933 novalium
1695 2893 1916 2934 suorum
1944 2878 2146 2949 glebas.

565 2971 780 3025 sarculo
809 2969 1051 3038 sapiente
1078 2965 1414 3039 [sarrientc].
1459 2966 1765 3037 confringat
1792 2982 1808 3030 ;
1840 2968 1964 3020 dum
1996 2970 2151 3036 quid-

566 3059 695 3128 quid
733 3058 1076 3113 infecundum
1110 3057 1162 3110 in
1217 3072 1276 3111 se
1323 3055 1755 3126 reprehenderit,
1782 3055 1930 3126 jugis
1975 3057 2146 3125 pumi-

2249 1881 2303 1926 et
2327 1880 2514 1926 contra
2544 1873 2777 1927 hostium
2811 1874 3062 1944 impetus,
3095 1884 3154 1930 ut
3182 1880 3234 1930 in
3279 1876 3471 1932 altiora
3514 1880 3823 1950 progrediaa

2250 1978 2402 2027 mur,
2458 1963 2703 2033 impellit.
2754 1964 2857 2021 Sed
2911 1968 3181 2035 quomodo
3230 1968 3296 2023 de
3345 1969 3576 2025 inimicis
3625 1975 3824 2025 nostris

2250 2058 2579 2126 triumphum
2608 2073 2893 2129 possumus
2912 2059 3183 2128 obtinere,
3210 2062 3302 2130 qui
3325 2075 3541 2131 semper
3561 2063 3613 2116 in
3634 2063 3829 2133 epulis,

2248 2164 2465 2218 semper
2489 2151 2540 2203 in
2573 2150 2885 2219 poculorum
2925 2150 3259 2206 ailluentium
3295 2152 3545 2208 volumus
3586 2153 3831 2224 ingurgi-

2251 2241 2454 2293 tatione
2474 2239 2699 2307 jacere?
2729 2241 2805 2296 De
2833 2241 3031 2310 quibus
3054 2242 3243 2311 utique
3264 2243 3519 2299 Salomon
3547 2245 3656 2298 ait:
3685 2262 3704 2294 ι
3727 2244 3830 2311 Qui

2249 2327 2420 2398 diligit
2459 2328 2645 2398 epulas
2664 2368 2679 2394 ,
2707 2328 2764 2382 in
2793 2335 3036 2398 egestate
3062 2331 3167 2383 erit
3210 2343 3225 2382 :
3265 2332 3356 2398 qui
3385 2339 3532 2384 amat
3562 2331 3744 2385 vinum
3775 2343 3831 2385 ct

2248 2416 2497 2488 pinguia,
2537 2432 2643 2472 non
2690 2417 2950 2473 ditabitur
2994 2415 3179 2488 (Prov.
3229 2419 3364 2491 xxi).
3398 2439 3416 2471 ι
3470 2420 3536 2475 Et
3585 2420 3830 2477 iterum:

2256 2526 2274 2558 ι
2306 2506 2605 2562 Luxuriosa
2639 2522 2726 2562 res
2752 2507 2937 2561 vinum
2960 2548 2974 2571 ,
3010 2517 3063 2563 et
3086 2508 3411 2562 tumultuosa
3436 2509 3699 2576 ebrietas;
3741 2513 3834 2580 qui

2251 2596 2335 2650 bis
2359 2596 2655 2651 delectatur
2678 2610 2783 2651 non
2808 2596 2914 2651 erit
2940 2598 3154 2667 sapiens
3177 2595 3360 2668 (Prov.
3387 2604 3500 2664 xx).
3530 2618 3550 2650 ι
3575 2598 3831 2655 Ventrem

2248 2678 2479 2756 namque
2526 2686 2647 2739 vino
2719 2695 2775 2740 et
2804 2686 2973 2756 epulis
3017 2700 3353 2753 assuescere,
3385 2685 3513 2757 quid
3559 2698 3644 2744 est
3687 2691 3831 2746 aliud

2249 2793 2410 2847 qnam
2447 2778 2691 2833 hostibus
2726 2778 2937 2840 animae,
2985 2789 3046 2833 ut
3080 2780 3473 2852 ingrediantur,
3503 2782 3681 2838 aditus
3709 2799 3835 2853 ape-

2250 2869 2402 2923 rire?
2439 2868 2612 2933 Unde,
2646 2878 2700 2924 et
2730 2870 2870 2924 idem
2915 2868 3169 2924 Salomon
3199 2889 3211 2924 :
3260 2890 3279 2921 ι
3328 2872 3428 2939 Qui
3465 2874 3715 2935 delicate.
3747 2876 3830 2930 iu-

2249 2959 2386 3027 quit.
2424 2973 2453 3009 a
2500 2957 2730 3026 pueritia
2761 2958 2930 3013 nutrit
2957 2973 3171 3014 servum
3207 2975 3398 3027 suum,
3446 2971 3636 3031 postea
3682 2962 3829 3017 illum

2249 3047 2445 3101 sentiet
2481 3056 2851 3103 contumacem
2880 3046 3060 3118 (Prov.
3090 3049 3263 3120 xxix).
3302 3068 3323 3103 ι
3364 3050 3507 3106 Bene
3532 3051 3678 3107 hunc
3714 3067 3833 3107 ser-

569 3118 750 3205 tentia:
778 3146 1184 3202 contusionibns
1245 3118 1419 3210 terat}
1454 3159 1553 3199 nec
1578 3118 1799 3200 desinat
2019 3161 2142 3215 prn-
2174 3118 2217 3173 (ἶ
2251 3153 2374 3192 νιιῐη
2401 3137 2531 3193 loris
2556 3138 2844 3195 COIlibebal
2874 3138 3095 3215 ίηθάίτεο
3140 3118 3231 3211 (ιυί
3271 3141 3523 3197 dicebat:
3560 3160 3581 3193 ε
3613 3144 3832 3214 Castigo

571 3237 765 3293 rientis
788 3237 994 3290 urticas
1018 3247 1183 3305 atque
1212 3234 1647 3289 iuhorresecntes
1673 3233 1974 3288 carnalium
2003 3235 2148 3290 desi-

566 3328 843 3385 deriorum
873 3340 1065 3397 vepres
1116 3325 1377 3380 radicitus
1411 3323 1747 3393 exstirpare,
1795 3340 1904 3394 quo
1952 3326 2145 3380 uberes

565 3427 860 3491 proventus
895 3415 1256 3487 spiritualium
1306 3422 1548 3484 segetum
1578 3415 1754 3470 valeat
1831 3414 1913 3469 sui
1964 3415 2144 3469 cordis

566 3524 691 3564 rura
728 3507 993 3577 proferre.
1038 3504 1190 3561 Unde
1242 3514 1296 3559 et
1345 3504 1486 3559 idem
1528 3502 1783 3558 Salomon
1813 3503 1929 3557 ait:
1988 3522 2006 3553 ι
2042 3503 2141 3569 Qui

556 3609 822 3671 operatur
873 3607 1075 3652 terram
1125 3610 1304 3658 suam,
1352 3593 1686 3648 saturabitur
1732 3591 1996 3661 panibus;
2050 3592 2141 3661 qui

563 3699 804 3746 sectatur
831 3687 1025 3751 otium,
1053 3683 1351 3754 replebitur
1370 3691 1610 3753 egestate
1631 3680 1812 3752 (Prov.
1835 3677 2092 3749 xxvao

630 3779 714 3834 Ad
741 3780 880 3834 hanc.
906 3791 1039 3832 sane
1088 3775 1476 3847 agriculturam
1510 3772 1672 3828 Iosue
1719 3771 2023 3841 allegoricis
2050 3785 2143 3827 ex-

561 3869 959 3925 hortationibus
980 3866 1308 3937 provocabat
1331 3863 1467 3918 lilios
1486 3860 1685 3933 Ioseph
1712 3879 1725 3916 :
1762 3880 1783 3913 ι
1811 3861 1866 3917 Si
1890 3863 2140 3950 populus,

558 3959 759 4029 inquit,
797 3936 996 4010 multus
1019 3970 1098 4018 es,
1134 3954 1365 4009 ascende
1392 3952 1445 4006 in
1470 3952 1686 4017 silvam,
1719 3960 1775 4004 et
1804 3936 2020 4005 suceide
2046 3950 2139 4005 tibi

562 4049 737 4119 spatia
773 4048 822 4101 in
850 4057 1000 4107 terra
1039 4046 1304 4100 Pherczmi
1332 4053 1388 4097 et
1417 4043 1705 4113 Raphaim,
1754 4043 1879 4111 quia
1911 4052 2140 4110 angusta

556 4148 645 4193 est
672 4135 1062 4206 tibipossessio
1083 4136 1279 4189 montis
1292 4133 1549 4202 Ephraim
1568 4132 1703 4203 (Jos.
1732 4132 1865 4201 xvn)
1892 4148 1904 4184 :
1931 4150 1950 4183 ι
1979 4131 2139 4186 Cum-

555 4244 668 4299 que
694 4228 769 4282 ibi
795 4223 1615 4296 conquererentur,ctdicerent:
1653 4242 1672 4274 ι
1702 4222 1817 4276 Non
1843 4223 2141 4291 poterimus

555 4320 627 4374 ad
658 4328 911 4372 montana
941 4314 1326 4378 conscendere,
1350 4329 1473 4369 cum
1504 4314 1691 4368 ferreis
1718 4312 1967 4368 curribus
1985 4321 2140 4369 utan-

554 4390 964 4471 turChananmi,
983 4406 1072 4475 qui
1092 4404 1557 4459 habitantinterra
1568 4406 1883 4473 campestri,
1917 4417 2139 4472 respon-

556 4456 637 4554 dit
661 4456 2134 4566 ;;;;;;i;;.:..;.'.s;.u...es...s.g.:s':.;;ma;a;,
2162 4456 2217 4518 ι)

558 4608 664 4646 non
687 4589 849 4661 232
864 4587 1089 4643 habebis
1098 4594 1299 4642 sortem
1313 4600 1493 4662 unam,
1512 4584 1603 4639 sed
1618 4583 1874 4639 transibis
1890 4584 1958 4638 ad
1979 4598 2134 4638 mon-

555 4693 685 4749 tem,
716 4692 772 4738 et
797 4680 1041 4736 succides
1070 4679 1167 4734 tibi
1204 4687 1365 4763 atque
1398 4675 1651 4748 pnrgabis
1679 4676 1746 4730 ad
1785 4674 2132 4731 habitandum

552 4775 748 4842 spatia,
785 4781 836 4826 et
871 4770 1070 4841 poteris
1096 4768 1233 4822 ultra
1272 4767 1592 4847 procedere,
1640 4781 1762 4819 cum
1805 4764 2134 4820 subverteris

551 4864 939 4923 Chauamenm,
967 4874 1125 4927 quem
1156 4857 1290 4913 dicis
1323 4856 1527 4912 ferreos
1572 4857 1770 4910 habere
1814 4870 2037 4920 currus,
2075 4865 2137 4910 et

550 4967 672 5008 esse
699 4952 1050 5007 fortissimum
1078 4947 1288 5019 (Mitt).
1328 4968 1347 5000 ι
1395 4947 1526 5015 Quae
1556 4947 1810 5002 nimirum
1838 4948 2023 5002 multis
2053 4947 2131 5001 in-

551 5042 788 5114 digentia
842 5041 1019 5095 verbis
1068 5052 1392 5110 exponerem
1438 5038 1707 5101 fortassis,
1755 5037 1801 5091 si
1846 5052 1951 5090 non
2001 5036 2130 5090 mihi

550 5145 693 5190 meta
741 5132 1040 5203 compendii
1083 5131 1387 5202 epistolaris
1434 5127 1716 5184 obstaret:
1753 5128 1853 5181 hoc
1891 5137 2127 5190 tantum,

548 5226 702 5298 quasi
731 5233 1104 5281 summotenus
1132 5220 1543 5292 perstringendo
1563 5216 1813 5283 sufﬁciat,
1835 5219 1981 5285 quia,
2006 5231 2126 5270 cum

546 5319 712 5373 Josue
735 5314 981 5386 praecipit
1006 5311 1204 5383 populo
1232 5311 1488 5366 silvarum
1518 5310 1790 5365 condensa
1815 5308 2120 5370 succidere,

547 5408 653 5462 hoc
680 5405 855 5467 innuit
886 5404 1030 5475 quod
1058 5410 1244 5457 noster
1269 5400 1451 5466 Jesus,
1496 5399 1732 5468 ejusdem
1781 5399 1989 5454 scilicet
2031 5413 2125 5455 no-

548 5498 730 5562 minis,
778 5495 1127 5566 sequentibus
1158 5507 1217 5547 se
1241 5492 1399 5561 jubet
1445 5490 1583 5544 tnale
1620 5489 1939 5559 pullulantes
1966 5490 2125 5545 silvc—

548 5587 814 5642 scentium
848 5586 1100 5646 vitiosum
1141 5583 1365 5638 frutices
1410 5580 1733 5648 exstirpare.
1780 5579 2038 5634 Ilortatur
2068 5592 2125 5636 ut

549 5694 658 5735 non
687 5678 908 5742 hedera,
937 5677 1033 5732 sed
1060 5675 1257 5732 bellum
1301 5684 1494 5730 contra
1532 5671 1869 5727 Chananaeos
1899 5684 2085 5740 gerant
2105 5715 2120 5740 ,

2247 3243 2443 3297 corpus
2488 3243 2697 3292 meum,
2748 3237 2803 3286 et
2849 3214 3095 3285 servituti
3142 3230 3371 3300 subjicio
3416 3231 3466 3303 (1
3505 3232 3630 3288 Cor.
3673 3236 3772 3306 Ix).
3805 3254 3825 3287 ι

2246 3320 2515 3374 Adversus
2570 3322 2710 3374 hunc
2756 3334 2973 3375 servum
3017 3321 3358 3390 disputabat,
3405 3338 3526 3378 cum
3577 3325 3825 3381 diceret:

2251 3427 2267 3456 α
2299 3408 2433 3463 Esca
2462 3410 2655 3473 ventri,
2686 3420 2743 3465 et
2763 3421 2954 3466 venter
2979 3412 3121 3465 escis
3146 3430 3159 3466 :
3201 3412 3341 3468 Deus
3369 3421 3549 3468 autem
3580 3424 3638 3471 et
3666 3416 3829 3482 hunc,

2247 3507 2301 3550 et
2330 3498 2448 3553 illas
2476 3501 2717 3554 destruet
2742 3498 2793 3570 (Ι
2829 3498 2951 3554 Cor.
2987 3500 3084 3570 vi).
3116 3519 3134 3551 ι
3173 3501 3325 3556 llunc
3355 3517 3569 3557 servum
3603 3505 3702 3559 sub
3721 3505 3832 3558 cal-

2245 3588 2398 3643 cibus
2440 3602 2561 3643 esse
2610 3587 2931 3645 frenandum
2980 3591 3351 3662 signiﬁcabat,
3400 3608 3524 3648 cum
3575 3596 3828 3651 diceret:

2252 3697 2271 3732 ι
2303 3679 2453 3734 Multi
2482 3680 2628 3735 enim
2657 3680 2936 3735 ambulant
2957 3721 2972 3746 ,
3007 3696 3143 3750 quos
3172 3697 3314 3752 saepe
3348 3684 3596 3740 dicebam
3641 3687 3827 3743 vobis:

2245 3784 2390 3823 nunc
2433 3778 2614 3825 autem
2654 3777 2710 3825 et
2751 3770 2886 3825 ﬂens
2925 3772 3069 3837 dico,
3114 3772 3363 3829 inimicos
3398 3775 3580 3829 crucis
3609 3775 3830 3843 Christi,

2243 3874 2473 3928 quorum
2499 3860 2624 3915 finis
2651 3860 2924 3929 interitus,
2970 3870 3025 3917 et
3053 3878 3283 3933 quorum
3313 3863 3457 3920 Deus
3487 3876 3682 3922 venter
3715 3876 3831 3935 est,

2243 3959 2299 4004 et
2321 3949 2493 4021 gloria
2519 3949 2576 4005 in
2614 3950 2933 4007 confusione
2962 3966 3151 4008 eorum
3179 3950 3404 4025 (Philip.
3434 3954 3540 4027 ιιι).
3581 3977 3599 4009 ι
3627 3956 3825 4012 Notan-

2244 4044 2370 4097 dum
2401 4052 2581 4097 autem
2610 4052 2664 4097 et
2699 4042 2788 4098 hic
2819 4044 2925 4099 duo
2955 4044 3217 4099 terribilia
3246 4045 3374 4112 dici,
3402 4057 3457 4102 et
3493 4048 3549 4103 in
3579 4048 3829 4105 inimicos

2242 4130 2420 4185 crucis
2450 4130 2654 4186 Christi
2681 4133 3015 4187 tremendam
3054 4133 3323 4203 depromit
3365 4135 3506 4190 idem
3539 4137 3827 4208 Apostolus

2242 4217 2591 4286 sententiam,
2613 4222 2839 4278 dicens:
2879 4242 2898 4275 ι
2951 4221 3007 4278 Si
3043 4224 3166 4293 quis
3208 4239 3316 4279 non
3346 4236 3495 4279 amat
3540 4227 3824 4282 Dominum

2243 4322 2487 4369 nostrunt
2509 4312 2695 4369 Iesum
2719 4314 3015 4379 Christum,
3044 4315 3117 4370 sit
3146 4317 3460 4381 anathema,
3487 4332 3680 4372 maran
3699 4317 3824 4371 atha

2243 4403 2294 4475 (I
2321 4403 2444 4459 Cor.
2472 4403 2605 4477 xw),
2644 4424 2664 4458 ι
2695 4402 2796 4471 Qui
2821 4420 2950 4461 vero
2978 4416 3220 4483 ventrem
3248 4421 3346 4475 pro
3371 4406 3482 4462 Deo
3511 4406 3819 4472 veneratur,

2239 4491 2408 4548 Deum
2438 4494 2834 4562 quodammodo
2860 4509 3060 4564 negare
3087 4496 3459 4563 convincitur,
3488 4512 3557 4555 ac
3595 4513 3694 4568 per
3723 4500 3820 4553 hoc

2239 4584 2344 4638 duo
2367 4583 2483 4639 haec
2506 4592 2712 4638 terrore
2734 4583 3043 4653 plenissima
3063 4585 3329 4651 videntur,
3357 4603 3521 4647 unum
3547 4589 3818 4652 videlicet,

2238 4678 2382 4746 quod
2407 4676 2572 4743 absit,
2598 4686 2653 4731 et
2679 4676 2882 4732 Christi
2922 4680 3200 4735 inimicum
3230 4694 3351 4735 esse
3374 4689 3428 4736 et
3454 4697 3620 4737 unum
3655 4685 3816 4738 Deum

2236 4764 2400 4819 alium
2428 4766 2627 4821 colere.

2310 4856 2424 4911 Duo
2451 4859 2670 4925 fratres,
2697 4859 2834 4915 alter
2855 4859 3090 4929 juvenis.
3116 4862 3254 4917 alter
3280 4870 3405 4919 vero
3430 4878 3592 4920 senex
3615 4867 3667 4918 in
3692 4879 3814 4932 pos-

2237 4950 2475 5004 sessione
2514 4949 2814 5007 Glassensis
2853 4954 3188 5020 monasterii,
3210 4969 3331 5023 qua:
3365 4956 3709 5010 Ravenniana
3734 4955 3812 5009 di-

2234 5038 2397 5104 citur,
2426 5040 2492 5093 ad
2520 5041 2821 5095 custodiam
2852 5044 3219 5097 morabantur.
3259 5043 3418 5115 233
3446 5043 3643 5099 Octava
3678 5059 3811 5099 sane

2235 5128 2322 5181 die
2347 5139 2475 5182 ante
2530 5131 2865 5187 nativitatem
2918 5132 3147 5195 Domini,
3196 5144 3344 5190 sexta
3394 5134 3599 5189 scilicet
3650 5133 3807 5200 feria,

2234 5235 2354 5288 qua:
2393 5219 2688 5277 Sabhatum
2718 5224 3000 5280 duodecim
3022 5226 3313 5283 lectionum
3334 5242 3400 5289 ex
3427 5245 3578 5284 more
3604 5244 3807 5299 praece-

2235 5310 2332 5372 dit,
2367 5311 2501 5366 dixit
2522 5309 2733 5379 juvenis
2765 5314 2831 5367 ad
2846 5315 3114 5372 seniorem
3143 5332 3157 5370 :
3193 5308 3382 5373 Frater
3409 5319 3635 5385 Lco,sic
3663 5319 3807 5374 enim

2228 5403 2541 5484 vocabatur.
2554 5404 2821 5473 quomodo
2841 5405 3083 5461 vivemus
3099 5407 3255 5463 hodie
3274 5408 3299 5462 ?
3316 5408 3426 5484 Cui
3439 5424 3606 5464 senex
3625 5427 3638 5463 :
3657 5410 3805 5475 Vive,

2231 5482 2424 5561 inquit,
2443 5503 2501 5546 ut
2514 5493 2667 5549 velis.
2695 5495 2809 5565 Ego
2833 5496 2978 5550 enim
2999 5507 3055 5551 et
3070 5498 3254 5553 vinum
3276 5482 3478 5565 bibam,
3505 5501 3635 5555 etin
3672 5508 3806 5565 solo,

2230 5595 2290 5639 ut
2317 5588 2574 5655 scriptum
2606 5594 2708 5653 est,
2740 5602 2877 5657 pane
2905 5602 3011 5643 non
3041 5589 3219 5645 vivam
3242 5590 3421 5660 (Deut.
3450 5608 3577 5659 vin;
3614 5592 3803 5647 Matth.

2228 5687 2277 5725 Iv
2330 5677 2370 5747 ).
2407 5676 2537 5733 Erat
2559 5688 2741 5761 autem
2770 5678 2860 5735 ille
2904 5691 3147 5749 vegetus,
3177 5691 3234 5737 et
3270 5683 3485 5748 obesus,
3516 5692 3571 5738 et
3605 5683 3805 5738 incolu—
