4170 6526
293 525 392 582 ιεο

1431 522 1634 579 LIBER
1674 518 1968 586 SEXTUS,
2006 520 2218 576 EPIST.
2253 523 2466 577 XXXII.

3440 523 3549 587 ιω

291 643 410 705 mis,
441 649 494 694 ει
522 639 792 692 ιιυτηιειυε,
821 635 1046 691 Factum
1073 645 1176 703 est,
1213 636 1456 707 apposita
1488 649 1695 699 mensa,
1721 642 1866 688 uter;
1893 643 1940 698 Α
1967 631 2208 688 criminis
2238 632 2403 688 semel
2427 634 2716 689 admissam
2743 633 2944 715 decreti
2969 637 3206 709 regulam
3231 654 3328 710 per
3354 641 3542 700 inoboo

290 745 392 798 que
420 728 714 792 discubuit,
745 727 839 782 sed
870 727 971 782 iste
1008 741 1147 796 pane
1194 735 1499 790 contentus,
1532 734 1586 782 et
1612 739 1753 796 aqua
1784 738 1868 779 re-

289 821 491 893 gularis
523 835 581 876 se
604 818 793 889 ieiunii
833 817 1111 889 disciplina
1163 817 1404 873 cohibuit
1435 833 1450 883 ;
1487 815 1574 872 ille
1609 831 1740 870 vero
1789 815 1870 869 vi-

290 930 416 968 num
448 912 572 978 sibi,
613 921 669 966 et
711 913 952 988 insuper,
991 909 1134 980 quod
1169 909 1468 974 videbatur,
1496 907 1734 962 indulsit.
1769 905 1871 972 Qui

289 1003 549 1072 profecto,
573 1001 617 1056 si
639 1000 781 1072 quod
803 999 1114 1056 imminebat
1133 1006 1466 1072 agnosceret,
1497 998 1728 1068 rigorem
1751 996 1873 1050 abs—

289 1092 528 1146 tinentia:
582 1091 649 1144 ad
697 1089 990 1160 petulantis
1017 1087 1156 1159 gulze
1198 1087 1524 1143 lenocinium
1552 1099 1658 1140 non
1701 1083 1871 1139 molli-

290 1191 391 1244 ret,
419 1189 610 1234 octava
662 1179 929 1250 siquidem
956 1179 1066 1244 die,
1095 1194 1218 1234 cum
1253 1177 1546 1232 Dominica:
1571 1175 1872 1231 nativitatis

288 1270 477 1341 gloria,
500 1270 700 1325 mundo
728 1269 1077 1341 tripudiante,
1105 1269 1451 1335 claresceret,
1476 1267 1564 1322 ille
1586 1265 1872 1322 defunctus

266 1369 403 1425 est;
434 1367 490 1414 et
535 1374 658 1413 cum
709 1357 1022 1432 festivitatis
1071 1357 1335 1413 invitante
1368 1356 1550 1412 laetitia
1594 1365 1649 1413 et
1691 1355 1870 1412 caeteri

288 1459 712 1520 provocarentur
734 1449 802 1504 ad
831 1464 1101 1510 mensam,
1124 1447 1214 1503 ille
1239 1446 1584 1513 efferebatur,
1618 1445 1870 1502 flentibus

289 1543 524 1613 untdique
550 1541 866 1612 propinquis
892 1541 1203 1596 carnalibus
1229 1581 1244 1606 ,
1275 1539 1343 1595 ad
1370 1539 1725 1610 sepulturam.

355 1630 586 1699 Quidam
616 1630 748 1685 mihi
777 1630 1072 1684 monachus
1094 1629 1276 1684 retulit
1302 1629 1446 1699 quia,
1479 1629 1606 1683 dum
1631 1627 1870 1684 frixuras

285 1724 548 1795 quasdam
598 1722 653 1777 in
710 1720 1057 1776 refectorium
1102 1719 1340 1776 deferret
1370 1720 1425 1775 in
1464 1699 1703 1786 vasculo,
1742 1734 1874 1790 pru-

286 1813 476 1868 rientis
498 1826 621 1866 eum
658 1809 796 1882 gula:
825 1808 1076 1865 stimulus
1122 1807 1347 1880 pupugit
1375 1821 1608 1877 moxque
1654 1807 1871 1862 sibimet

287 1917 446 1956 unam
471 1901 523 1956 in
544 1916 606 1956 os
630 1898 920 1970 proiiciens
943 1897 1141 1953 furtive
1162 1898 1416 1954 comedit.
1439 1895 1546 1952 Sed
1572 1895 1714 1952 illico
1741 1912 1867 1952 eum

1971 725 2228 780 dieutiam
2262 726 2485 782 violare.

2045 813 2112 869 Ut
2136 825 2318 870 autem
2340 807 2406 870 ex
2432 817 2744 874 domesticis
2769 833 2985 888 quoque
3007 821 3341 888 praebeamus
3365 838 3550 877 exem-

1970 901 2117 972 plum
2137 919 2154 966 ε,
2186 903 2239 956 in
2269 905 2597 960 monasterio
2625 904 2686 959 Β.
2706 907 3008 973 ‘Vincentii,
3048 909 3189 977 quod
3220 925 3326 965 non
3360 906 3548 984 procul

1970 1007 2001 1047 a
2029 1002 2210 1049 monte
2237 995 2330 1064 qui
2359 994 2555 1049 dicitur
2581 995 2744 1051 Petra
2782 997 3028 1064 Pertusa,
3065 997 3540 1057 cerniturconsti-

1973 1090 2180 1149 tutum;
2214 1083 2319 1140 hoc
2349 1092 2604 1155 tanquam
2654 1086 2901 1156 regulare
2935 1086 3392 1146 constitueramus
3431 1092 3551 1147 edi.

1969 1180 2141 1238 ctum,
2169 1181 2228 1226 ut
2262 1171 2362 1226 sub
2397 1173 2630 1229 districti
2675 1190 2902 1232 censura
2955 1178 3150 1248 rigoris
3193 1175 3550 1250 quadragesio

1971 1261 2112 1317 male
2139 1261 2508 1317 celebraretur
2531 1264 2768 1332 initium,
2795 1266 3074 1335 nimirum,
3101 1278 3160 1323 ut
3187 1285 3283 1340 per
3312 1270 3547 1325 triduum

1971 1351 2186 1406 nonnisi
2240 1351 2510 1407 modicum
2565 1355 2720 1423 panis
2777 1371 2900 1410 cum
2946 1371 3085 1427 aqua
3129 1374 3320 1414 omnes
3354 1359 3550 1417 fratres

1970 1444 2343 1511 comederent,
2387 1447 2532 1501 nulla
2579 1449 2682 1504 nisi
2745 1449 3064 1516 lectionum,
3123 1454 3238 1508 sive
3299 1455 3549 1511 ordinum

1970 1532 2136 1589 verba
2158 1533 2487 1604 proferrent,
2513 1539 2671 1593 nudis
2696 1540 2922 1608 pedibus
2945 1540 3198 1612 lugubres
3225 1560 3290 1600 ac
3317 1557 3552 1602 moeren-

1972 1631 2056 1680 tes
2092 1623 2967 1696 incederent,expletoicommuni
3001 1631 3368 1688 modulatione
3396 1632 3548 1688 Psal-

1974 1714 2115 1769 terio
2167 1724 2354 1770 mutua
2406 1729 2466 1771 se
2505 1731 2792 1788 scoparum
2831 1720 3184 1792 castigatione
3232 1733 3548 1795 purgarent.

1970 1804 2122 1870 Quod
2153 1819 2275 1860 cum
2317 1805 2516 1862 fratres
2558 1817 2704 1874 voto,
2749 1819 2805 1864 et
2830 1813 3032 1878 animo,
3075 1817 3140 1869 ac’
3177 1812 3554 1886 spiritualiiu~

1969 1895 2249 1951 cunditate
2304 1912 2410 1953 non
2464 1899 2706 1969 segniter
2756 1911 3003 1971 agerent,
3051 1913 3107 1958 et
3165 1905 3310 1960 ultra
3361 1905 3548 1975 etiam,

287 2001 470 2053 tantus
497 1994 737 2051 libidinis
765 1993 930 2048 ardor
951 1991 1169 2057 invasit,
1194 2000 1271 2056 ut,
1295 1989 1437 2061 quod
1465 2004 1744 2060 nunquam
1774 2004 1870 2044 ea-
1900 1981 1946 2041 Β
1973 1985 2116 2055 quod
2151 1985 2433 2056 praefixum
2492 1992 2633 2054 erat,
2685 1991 2818 2046 satis
2863 2007 3130 2063 superque
3161 1995 3372 2064 peculio
3398 1993 3554 2054 bonae

285 2087 443 2142 tenus
464 2084 688 2147 fecerat,
721 2081 866 2137 nulla
896 2094 955 2137 se
1018 2080 1226 2136 ratione
1259 2079 1660 2150 comprimeret,
1698 2078 1871 2133 donec

284 2173 641 2231 immunditiis
682 2170 886 2227 fluxum
933 2185 1120 2228 semen
1173 2169 1276 2225 sibi
1326 2169 1561 2240 propriis
1617 2168 1869 2224 manibus

281 2262 548 2333 eiecisset.
575 2261 674 2318 llic
713 2261 896 2332 itaque
920 2274 1136 2316 servum
1180 2274 1336 2315 suum
1363 2259 1557 2316 merito
1585 2266 1868 2313 contuma-

283 2372 405 2414 cem
460 2355 650 2418 sensit,
710 2353 856 2424 quia,
903 2352 1062 2425 iuxta
1112 2352 1213 2407 viri
1273 2350 1534 2422 sapientis
1572 2349 1868 2420 eloquium,

282 2446 518 2514 molliter
536 2443 796 2501 enutrivit
854 2440 1036 2515 (Prov.
1063 2441 1236 2515 xxix),
1265 2441 1331 2496 de
1359 2455 1467 2511 quo
1485 2438 1610 2509 jure
1643 2438 1749 2494 dici
1772 2453 1869 2508 po-

283 2548 409 2606 test,
438 2538 565 2608 quia
601 2545 726 2608 post
759 2533 1083 2601 buccellam,
1115 2533 1360 2589 introivit
1405 2533 1460 2588 in
1485 2547 1609 2588 eum
1639 2531 1872 2587 Satanas

281 2631 470 2702 (Joan.
526 2627 669 2700 xm).
701 2625 965 2682 Nimirum
1020 2633 1210 2679 venter
1241 2632 1297 2678 et
1356 2621 1610 2694 genitalia
1637 2621 1869 2676 invicem

282 2720 591 2783 sibivicina
623 2726 783 2783 sunt;
809 2724 865 2771 et
897 2729 1020 2771 cum
1045 2713 1147 2770 hoc
1168 2713 1222 2768 in
1251 2720 1376 2768 cute
1405 2709 1706 2775 reficiatur,
1737 2708 1868 2765 illud

281 2813 351 2868 ad
377 2807 736 2867 contumelias
778 2806 1066 2862 excitatur.
1124 2802 1460 2873 Quapropter
1497 2800 1874 2870 exstinguatur

281 2900 533 2965 avaritia,
588 2907 650 2952 ut
703 2895 858 2951 liberi
887 2895 1056 2950 simus
1099 2906 1130 2946 a
1175 2889 1524 2946 saecularibus
1583 2898 1640 2944 et
1678 2889 1869 2960 quieti.

282 2988 434 3045 Gula:
462 2987 788 3058 reprimatur
817 2982 1081 3048 edacitas,
1112 2988 1174 3036 ut
1201 2979 1426 3035 sincerae
1451 2978 1728 3035 valeamus
1750 2991 1873 3034 esse

283 3078 552 3135 castitatis
601 3075 833 3130 victores
881 3071 1181 3143 conspicui.
1235 3070 1420 3126 Otiosa
1459 3085 1528 3125 ex
1565 3084 1660 3125 ore
1685 3079 1874 3125 nostro

281 3168 451 3224 verba
483 3180 588 3220 non
627 3162 918 3233 profluam,
951 3161 1046 3217 sed
1077 3157 1364 3230 superfluis
1404 3157 1655 3213 omnibus
1700 3158 1872 3230 rigida

282 3256 450 3313 divini
490 3255 716 3310 terroris
747 3267 845 3307 nos
871 3263 1086 3320 semper
1129 3263 1362 3304 censura
1400 3257 1731 3318 compescat.
1762 3247 1870 3302 Pu-

1971 2076 2264 2134 voluntatis
2311 2088 2558 2151 agerent,
2614 2081 2832 2151 quidam
2873 2085 3017 2140 inter
3065 2101 3161 2141 eos
3203 2088 3432 2155 exstitit,
3458 2085 3554 2160 qui
3637 2135 3642 2142 .

1971 2166 2108 2222 clam
2148 2167 2204 2222 in
2235 2169 2444 2225 edendo
2487 2169 2729 2241 regulam
2776 2172 3014 2229 violavit.
3067 2174 3198 2230 Erat
3243 2187 3424 2234 autem
3464 2179 3555 2235 ille

1971 2254 2142 2311 frater
2163 2256 2348 2312 multis
2375 2258 2764 2315 exercitiorum
2791 2263 2997 2318 artibus
3023 2264 3251 2334 pollens,
3278 2263 3553 2323 scribendi

1971 2344 2223 2401 videlicet
2251 2355 2308 2401 et
2333 2349 2579 2415 notandi,
2603 2350 2878 2417 tornandi,
2906 2350 3127 2423 insuper
3150 2361 3206 2408 et
3227 2353 3552 2426 fabricandi.

1973 2439 2034 2488 ut
2067 2433 2172 2490 hoc
2203 2433 2280 2490 illi
2300 2435 2696 2505 quodammodo
2726 2453 3027 2512 congruere
3056 2441 3329 2500 videretur
3358 2462 3374 2501 :

2011 2574 2212 2638 Augur,
2245 2576 2611 2642 sollicitabat“,
2636 2579 3071 2646 medicus,magus,
3094 2585 3255 2634 omnia
3274 2587 3430 2636 novit.

1972 2716 2134 2778 atque
2178 2717 2238 2762 ut
2286 2707 2484 2764 talibus
2533 2709 2765 2776 assolet,
2832 2711 3123 2768 multarum
3167 2716 3552 2772 necessitatum

1972 2797 2191 2854 suﬂ‘ulto
2239 2799 2454 2868 peritia,
2505 2800 2648 2870 quod
2694 2801 2920 2869 libebat,
2969 2803 3288 2875 plerumque
3335 2793 3553 2880 impune

1971 2888 2188 2944 liéebat.
2213 2887 2348 2944 Cum
2375 2888 2490 2959 iam
2514 2891 2787 2947 mediante
2814 2893 3256 2965 Quadragesima,
3281 2895 3372 2952 ille
3395 2913 3556 2970 vege-

1975 2989 2080 3048 tus,
2117 2980 2333 3048 obesus,
2371 2981 2552 3038 alacer
2596 2992 2758 3054 atque
2793 2985 3047 3042 robustus
3079 3001 3177 3057 per
3201 2987 3386 3045 omnia
3405 2991 3557 3046 vide-

1973 3081 2144 3139 retur,
2189 3080 2412 3142 repente
2460 3071 2537 3127 illi
2590 3072 2724 3130 levis
2767 3089 2835 3130 ac
2887 3084 3190 3148 temperata
3246 3080 3555 3150 gravedinis

1974 3163 2220 3219 molestia
2269 3164 2620 3232 supervenit;
2653 3173 2710 3219 at
2759 3181 2880 3220 cum
2933 3181 3034 3236 ego
3083 3169 3150 3224 ad
3190 3169 3337 3225 illum
3378 3172 3554 3242 gratia

1975 3255 2302 3312 \‘isitationis
2331 3257 2666 3322 accederem,
2698 3257 2844 3313 illico
2879 3259 3029 3314 venit
3055 3259 3108 3314 in
3137 3270 3374 3318 mentem
3407 3271 3466 3317 ut
3501 3259 3553 3320 el

282 3353 412 3408 deat
439 3350 624 3420 itaque
670 3347 730 3401 in
774 3344 1018 3401 intestini
1068 3343 1228 3414 huius
1273 3341 1401 3398 belli
1447 3356 1740 3413 congressu
1786 3327 1942 3398 in-C
1973 3347 2207 3403 dicerem
2249 3349 2394 3418 quod
2438 3362 2526 3403 me
2555 3348 2771 3404 audisse
2805 3349 3121 3419 contigerat,
3157 3349 3305 3404 illum
3334 3351 3554 3421 quidem

281 3437 605 3512 gruentibus
635 3433 962 3492 adversariis
998 3433 1294 3490 enormiter
1327 3431 1546 3500 cedere,
1569 3431 1664 3487 sed
1691 3431 1870 3501 potius

279 3532 555 3586 enitamur
582 3526 794 3583 auctori
831 3522 1076 3582 omnium
1105 3522 1410 3592 triumphos
1435 3530 1493 3578 et
1515 3521 1701 3593 gloriae
1729 3522 1865 3578 insi-

281 3625 411 3696 gnia
441 3608 740 3693 reportare.

352 3714 624 3770 Praeterea
646 3708 789 3783 quod
802 3709 1072 3780 quaedam,
1095 3707 1236 3764 sicut
1260 3707 1510 3779 superius
1535 3706 1738 3762 dictum
1763 3713 1868 3771 est,

280 3821 313 3860 a
339 3805 499 3862 nobis
529 3804 673 3859 inter
698 3815 794 3857 vos
819 3799 1141 3872 regulariter
1166 3799 1485 3865 constituta,
1515 3813 1661 3853 nunc
1685 3805 1868 3851 autem

280 3898 542 3956 oblivioni
607 3895 811 3950 tradita
861 3908 926 3949 ac
981 3892 1317 3964 negligenter
1370 3891 1608 3957 omissa,
1659 3897 1715 3945 et
1770 3902 1873 3944 nos

282 4006 494 4048 mceror
539 4004 645 4045 non
690 3987 833 4043 levis.
883 3993 1192 4055 exasperat,
1243 3993 1299 4041 et
1350 3997 1448 4040 vos
1502 3981 1727 4038 offensio
1763 3995 1870 4036 non

279 4083 439 4156 parvi
493 4087 673 4137 reatus
725 4086 963 4135 accusat.
1015 4075 1170 4144 Quod
1219 4075 1406 4141 enim,
1444 4087 1534 4130 me
1585 4071 1875 4128 ordinante

282 4171 456 4230 semel
483 4168 698 4225 admitti
724 4167 950 4239 placuit,
980 4166 1082 4221 nisi
1112 4179 1198 4220 me
1220 4165 1494 4236 praebente
1521 4176 1871 4228 consensum,

282 4276 566 4333 nunquam
583 4259 770 4315 debuit
789 4255 1003 4312 violari.
1028 4255 1303 4327 Quidquid
1328 4255 1475 4318 enim
1496 4252 1709 4325 publica
1733 4253 1875 4308 inter

282 4351 488 4408 multos
513 4362 742 4406 censura
771 4346 980 4413 statuit,
1017 4353 1114 4402 aut
1156 4359 1189 4400 a
1229 4343 1442 4400 cunctis
1494 4342 1717 4399 omnino
1757 4355 1873 4398 ser-

280 4442 546 4506 vandum,
583 4447 678 4494 aut
727 4437 774 4493 si
814 4436 1004 4492 violari
1052 4433 1360 4500 conveniat,
1404 4432 1683 4490 communi
1712 4431 1876 4489 debet

275 4529 490 4600 iudicio
519 4526 839 4593 retractari,
871 4525 1110 4597 alioquin
1141 4525 1188 4581 si
1219 4526 1285 4580 ad
1316 4537 1563 4595 persona:
1587 4522 1874 4592 cujuslibet

283 4620 578 4678 arbitrium
615 4617 901 4690 frangitur,
934 4628 994 4674 ut
1022 4617 1196 4689 gravi,
1241 4616 1459 4688 dignum
1489 4625 1595 4684 est,
1625 4611 1870 4670 animad-

283 4712 547 4769 versione
597 4709 888 4780 plectatur.
945 4707 1132 4762 Acbau
1186 4721 1382 4777 nempe
1434 4705 1577 4761 ﬁlius
1615 4703 1867 4772 Cbarmi,

281 4803 418 4872 quia
467 4810 656 4857 contra
689 4811 977 4854 commune
1020 4796 1355 4861 mandatum,
1405 4809 1597 4851 manus
1639 4795 1709 4850 ab
1737 4809 1870 4847 ana-

284 4895 534 4948 themate
563 4888 780 4946 Jericbo
810 4895 917 4942 non
958 4885 1220 4952 cohibuit,
1260 4895 1380 4953 post
1403 4885 1585 4955 jactus
1614 4884 1870 4954 lapidum,

281 4983 459 5040 etiam
482 4977 961 5050 conflagrationem
993 4975 1202 5048 ignium
1242 4991 1348 5032 non
1387 4977 1560 5032 evasit
1586 4973 1727 5047 (los.
1752 4973 1874 5046 vn),

280 5085 347 5131 ut
375 5074 470 5145 qui
501 5071 709 5127 facibus
731 5067 1086 5124 incanduerat
1106 5067 1373 5134 avaritiae,
1393 5065 1638 5122 ﬂammas
1658 5079 1874 5136 quoque

281 5169 510 5241 propria
559 5180 722 5222 carne
778 5165 1095 5234 depasceret
1147 5159 1204 5216 in
1249 5155 1712 5213 animadversione
1749 5154 1872 5208 vin—

281 5257 474 5314 dicare.
519 5253 781 5312 Jonathas
830 5259 1010 5308 autem
1058 5247 1252 5305 mortis
1291 5244 1615 5323 sententiam
1654 5243 1872 5311 meruit,

279 5349 422 5420 quia
452 5347 728 5403 decretum
760 5345 812 5400 in
844 5355 1129 5398 commune
1165 5338 1455 5408 prolatum,
1497 5335 1688 5391 edendi
1735 5345 1874 5391 tem-

279 5453 394 5510 pus
421 5434 766 5506 anticipando
806 5431 1036 5486 mutavit
1065 5427 1116 5500 (1
1144 5427 1270 5496 Reg.
1297 5424 1434 5495 xiv).
1461 5422 1634 5479 Homo
1660 5439 1875 5494 quoque

281 5531 383 5586 ille
413 5525 579 5599 234
606 5525 696 5596 qui
727 5540 822 5596 per
853 5524 1128 5578 desertum
1158 5516 1500 5590 praesumpsit
1533 5516 1588 5570 in
1618 5517 1706 5571 die
1734 5516 1870 5571 Sab-

280 5621 409 5676 bati
443 5620 586 5690 ligna
617 5616 892 5688 colligere,
935 5614 1062 5685 quia
1113 5611 1261 5668 solus
1309 5608 1544 5665 excessit
1588 5623 1875 5664 commune

283 5712 634 5776 mandatum,
662 5709 928 5779 lapidibus
951 5707 1202 5770 obrutus,
1245 5702 1392 5758 solus
1431 5700 1684 5771 expendit
1715 5700 1875 5771 digna

286 5814 474 5862 morte
517 5801 836 5872 supplicium
867 5797 1058 5871 (Num.
1090 5797 1200 5867 xv).
1247 5795 1362 5851 Non
1393 5794 1519 5865 quia
1557 5794 1762 5849 crimen
1793 5799 1876 5848 est

283 5901 347 5955 in
375 5895 707 5953 necessitate
734 5894 878 5964 ligna
923 5890 1197 5961 colligere,
1228 5887 1320 5943 sed
1347 5885 1472 5958 quia
1503 5899 1608 5941 non
1636 5886 1768 5941 levis
1797 5891 1878 5939 est

1896 4669 1948 4729 Ι)

1971 3453 2071 3509 pro
2091 3438 2414 3509 quibusdam
2433 3436 2818 3494 offensionibus
2843 3453 2951 3494 non
2975 3440 3179 3500 debere.
3192 3443 3556 3498 sacrosanctis

1971 3529 2234 3585 altaribus
2281 3529 2592 3583 ministrare
2626 3547 2640 3584 :
2680 3544 2803 3585 eum
2855 3539 3037 3586 tamen
3079 3546 3404 3603 exasperare
3445 3533 3556 3589 foro

1799 3657 1804 3664 .
1851 3633 1869 3660 δ
1971 3619 2183 3675 midans
2216 3637 2230 3674 :
2270 3619 2383 3688 diu,
2415 3618 2609 3686 fateor,
2640 3613 2795 3688 haesi,
2832 3621 3034 3678 diutius
3067 3621 3382 3679 deliberavi.
3413 3623 3554 3692 Quid

1970 3712 2164 3784 plura?
2193 3713 2434 3768 Tandem
2465 3713 2727 3768 obduravi
2768 3713 3022 3781 frontem,
3065 3712 3338 3770 arbitrans
3365 3730 3432 3770 ac
3461 3716 3554 3770 de-

1973 3803 2168 3860 finiens
2214 3805 2381 3859 tutius
2408 3819 2527 3860 esse
2557 3804 2827 3860 hominem
2858 3819 3017 3874 quam
3051 3802 3148 3859 Dei
3171 3801 3556 3875 omnipOtentis

1972 3893 2249 3951 offendere
2277 3893 2636 3965 maiestatem.
2657 3894 2761 3951 Aio
2785 3909 2915 3966 ergo
2939 3893 3007 3950 ad
3029 3909 3148 3950 eum
3181 3908 3198 3950 :
3225 3885 3556 3952 Charissime

1975 3975 2142 4039 frater
2165 3982 2371 4051 Maure,
2395 3985 2499 4040 hoc
2521 3983 2666 4040 enim
2688 3984 2907 4039 nomine
2927 3985 3243 4051 vocabatur,
3269 3983 3552 4051 confitere,

1973 4075 2348 4144 paenitentiam
2376 4089 2498 4146 age,
2521 4083 2578 4130 et
2597 4075 2642 4132 si
2682 4074 2810 4145 quid
2836 4083 2920 4132 est
2954 4075 3012 4131 in
3050 4083 3104 4132 te
3138 4076 3282 4146 quod
3310 4075 3557 4134 fortassis

1973 4181 2004 4220 a
2058 4166 2333 4222 tremenda
2381 4165 2669 4222 missarum
2719 4175 2774 4222 te
2819 4162 3186 4224 celebratione
3233 4167 3554 4239 prohibeat,

1973 4255 2299 4312 venerabilis
2321 4264 2410 4311 tua
2431 4253 2748 4312 fraternitas
2771 4257 2942 4312 sacris
2966 4257 3344 4328 obtemperare
3391 4271 3557 4314 cano-

1973 4343 2132 4400 nibus
2169 4359 2275 4398 non
2304 4353 2652 4420 contemnat.
2693 4345 2777 4400 Ad
2816 4346 2960 4415 quod
3008 4344 3099 4402 ille
3128 4363 3143 4401 :
3173 4345 3400 4409 Pecjcata
3435 4361 3554 4402 mea
3643 4379 3648 4384 -

1973 4434 2154 4490 omnia
2193 4434 2606 4505 quamplurimis
2632 4434 3003 4505 spiritualibus
3028 4434 3163 4492 viris
3201 4433 3429 4503 innotui,
3461 4433 3557 4492 sed

1976 4525 2306 4587 mandatum,
2347 4533 2405 4578 ut
2443 4539 2474 4578 a
2513 4523 2855 4580 sacrificandi
2885 4525 3189 4581 ministerio
3219 4525 3552 4591 recederem,

1973 4629 2078 4668 non
2122 4613 2325 4683 accepi.
2378 4613 2626 4668 Secunda
2672 4623 2853 4670 autem
2901 4616 3271 4687 aegrotationis
3314 4615 3418 4682 die,
3462 4612 3551 4670 vix

1971 4705 2248 4761 diescente
2299 4706 2647 4775 crepusculo,
2696 4721 2824 4762 ecce
2881 4707 2972 4761 ille
3024 4722 3132 4762 non
3183 4706 3401 4776 iacens,
3459 4705 3554 4760 sed

1971 4794 2164 4850 sedens
2217 4794 2270 4849 in
2324 4795 2522 4851 lectulo
2563 4805 2963 4851 sacramentum
3009 4795 3274 4852 Dominici
3311 4789 3555 4864 corporis

1971 4885 2130 4939 anxie
2178 4883 2475 4955 flagitabat.
2521 4885 2767 4956 Cumque
2814 4887 2980 4942 abbas
3025 4886 3335 4949 nobiscum,
3389 4883 3552 4940 simul

1972 4991 2036 5032 ac
2087 4974 2313 5046 reliquis
2360 4975 2622 5032 fratribus
2674 4975 2816 5032 lecto
2863 4974 3208 5031 discumbens
3247 4973 3551 5040 assisteret,

1973 5069 2140 5138 coepit
2192 5082 2316 5122 eum
2365 5068 2644 5138 corripere
2695 5083 2795 5123 cur
2844 5064 3095 5121 videlicet
3137 5065 3206 5129 is,
3253 5065 3347 5135 qui
3407 5062 3554 5118 nulla

1976 5157 2167 5211 mortis
2189 5155 2342 5226 signa
2367 5157 2748 5226 praetenderet,
2774 5164 3057 5224 tantopere
3083 5152 3340 5208 viaticum
3369 5158 3552 5223 postu-

1975 5244 2131 5302 laret.
2172 5244 2266 5301 llle
2313 5259 2446 5300 vero
2496 5242 2845 5300 nihilominus
2894 5243 2948 5298 in
2995 5257 3094 5297 sua
3135 5242 3400 5313 petitione
3430 5253 3552 5309 pern

1974 5336 2202 5401 sistens,
2253 5335 2533 5392 sacerdote
2566 5332 2680 5403 iam
2739 5349 2864 5388 cum
2919 5325 3182 5389 ministris
3229 5331 3552 5395 accedente,

1975 5426 2250 5496 applicans
2283 5425 2386 5479 sibi
2423 5440 2588 5478 unum
2619 5438 2686 5479 ex
2727 5423 2986 5479 fratribus
3015 5423 3198 5479 nescio
3223 5423 3365 5492 quod
3391 5433 3556 5490 grave

1976 5526 2257 5585 peccatum
2286 5515 2550 5571 c0ufitens
2579 5515 2938 5608 insgsurravit
2965 5516 3018 5567 in
3045 5528 3253 5567 aurem.
3283 5508 3556 5566 Continuo

1978 5607 2066 5662 ille
2096 5607 2387 5669 attonitus,
2415 5615 2477 5660 ut
2513 5601 2852 5676 postm'odum
2884 5605 3014 5659 mihi
3045 5601 3246 5666 retulit,
3269 5610 3322 5656 et
3347 5609 3556 5656 certqu

1976 5699 2274 5768 pmnitendi
2323 5697 2589 5752 calculum
2642 5712 2803 5766 quem
2855 5694 3159 5764 praefigeret
3208 5700 3316 5745 tam
3374 5685 3557 5745 subito

1979 5792 2250 5855 nesciens,
2270 5790 2398 5844 licet
2422 5787 2763 5854 addubitans,
2791 5784 3170 5840 auriculatorie
3202 5782 3554 5853 subloquens,

1981 5879 2284 5954 quindecim
2316 5881 2420 5939 sibi
2449 5894 2621 5937 annos
2649 5878 2980 5952 pwnitcntia:
3006 5875 3167 5951 235
3190 5875 3403 5932 indixit.
3423 5866 3556 5929 Mox
