4170 6508
623 548 722 604 431

1152 546 1210 601 S.
1252 546 1455 601 PETRI
1480 544 1755 601 DAMIANI
1785 543 1936 600 Ol’l’.
1961 543 2139 598 PARS
2184 542 2312 599 SEU
2352 536 2588 599 TOMUS
2626 539 2668 594 I.
2705 567 2777 580 -ι
2811 535 3029 607 ΕΡΙΞΤ.
3071 533 3205 591 LIB.
3241 531 3372 587 VIII.

3765 526 3868 584 432

623 668 804 715 autem
839 667 898 713 ut
931 655 1334 714 sacrosanctum
1373 658 1691 729 mysterium
1722 658 1789 713 de
1819 672 1982 714 manu
2010 671 2164 711 sacer
2221 662 2270 719 Α
2299 656 2448 723 ham,
2480 654 2679 711 fratres
2701 653 2776 709 illi
2805 652 2921 727 haec
2942 665 3063 723 quae
3090 649 3332 705 dixeram
3362 661 3469 701 non
3491 643 3669 699 dubiis
3688 659 3870 699 erum-

623 753 767 806 dotis
802 750 1029 821 accepit,
1061 749 1186 815 heu,
1215 749 1351 820 proh
1390 750 1571 805 dolor!
1607 750 1864 805 horresco
1903 749 2196 812 referrens,

623 858 745 918 cum
779 840 904 897 felle
933 836 1092 898 simul
1120 851 1177 898 et
1203 841 1753 907 animam'exhalavit,
1786 843 1929 913 quod
1954 842 2203 898 videlicet

625 931 695 988 fel
727 944 899 1013 usque
946 933 1013 988 ad
1062 932 1391 1003 sepulturam
1427 948 1490 989 ex
1545 948 1640 989 ore
1677 932 1794 1002 ejus
1839 932 2056 990 ellluere
2095 948 2200 987 non

623 1016 858 1077 cessavit
890 1039 903 1075 :
937 1018 1070 1076 adeo
1120 1018 1179 1076 ut
1222 1021 1394 1081 donec
1436 1020 1487 1078 in
1538 1022 1739 1080 feretro
1772 1038 1968 1092 corpus
1997 1024 2203 1093 iaceret

625 1113 902 1176 exanime,
941 1108 1143 1183 jugiter
1189 1114 1368 1168 sanies
1416 1112 1502 1171 illa
1554 1115 1923 1183 pavimentum
1960 1114 2204 1172 ecclesia:

627 1202 840 1273 longius
902 1204 1173 1272 irrigaret.
1233 1205 1345 1260 lloc
1407 1212 1587 1259 autem
1644 1205 1802 1275 juxta
1866 1204 2027 1261 ﬁdem
2084 1205 2202 1268 rei,

630 1295 830 1352 idcirco
883 1294 1090 1354 referre
1142 1298 1473 1365 curavimus,
1518 1307 1579 1352 ut
1622 1299 1876 1364 audiant,
1926 1308 1983 1355 et
2037 1300 2205 1370 perti-

630 1397 876 1444 mescant
910 1403 1015 1443 non
1042 1388 1217 1443 solum
1244 1389 1280 1443 ii
1312 1388 1405 1458 qui
1440 1388 1697 1444 indictam
1724 1389 2021 1460 disciplinae
2047 1385 2206 1459 regu-

629 1474 733 1533 lam
786 1496 882 1549 per
922 1475 1154 1550 propria:
1200 1480 1493 1550 voluptatis
1544 1478 1612 1552 [Γ.
1673 1479 1991 1551 voluntatis]
2034 1481 2207 1552 impa-

632 1568 874 1624 tientiam
923 1568 1197 1641 frangunt,
1249 1570 1341 1626 sed
1377 1578 1432 1626 et
1470 1568 1550 1625 illi
1597 1585 1813 1642 quoque
1855 1572 1945 1643 qui
1999 1572 2204 1631 crimen

632 1657 928 1712 admissum
956 1658 1055 1714 sub
1078 1659 1420 1715 conscientia:
1443 1658 1835 1739 sute‘uberibus
1856 1659 2207 1721 confoventes

632 1748 876 1804 conﬁteri
921 1750 988 1804 ad
1036 1750 1241 1806 obitum
1283 1734 1683 1820 praestolamur,
1731 1751 1858 1821 quia
1899 1759 1955 1807 et
2001 1751 2092 1807 isti
2130 1752 2208 1809 rei

633 1849 760 1896 sunt
790 1841 882 1914 qui
924 1841 1188 1897 servanda
1225 1851 1575 1913 postponunt,
1603 1836 1658 1898 et
1685 1842 1763 1898 illi
1792 1844 2034 1900 debitum
2085 1859 2211 1916 per-

644 1925 866 1999 agendae
913 1926 1265 1997 poenitentia»,
1318 1931 1460 1999 quod
1489 1930 1581 1985 hic
1608 1947 1714 1987 non
1754 1931 2010 1998 reddunt,
2049 1942 2210 1989 aucto

2300 742 2552 815 pentibus
2577 741 2765 815 signis,
2795 753 2923 794 vera
2952 737 3242 808 probantes
3264 733 3318 789 in
3347 741 3498 787 arcto
3523 730 3635 795 siti,
3659 730 3872 785 tandem

2301 835 2368 891 ad
2394 849 2491 890 cor
2525 826 2946 901 redeunt,236
2971 826 3278 898 pavimento
3317 839 3377 880 se
3421 821 3699 879 humiliter
3735 828 3877 877 stet-

2302 931 2437 977 nunt
2462 937 2527 977 ac
2547 910 2798 992 percepta
2825 915 3162 989 poenitentia,
3189 926 3461 982 nunquam
3490 925 3549 966 se
3581 909 3650 965 de
3678 917 3874 965 caetero
3952 974 3977 991 κ

2304 1012 2665 1084 neglecturus,
2712 1010 2870 1066 solita
2913 1004 3195 1077 genitricis
3234 1003 3328 1059 Dei
3376 1001 3647 1074 praeconia
3683 1001 3874 1055 unani-

2304 1105 2464 1163 mite!“
2512 1104 2854 1176 pollicentur.
2905 1098 3030 1155 Mox
3075 1098 3278 1167 itaque,
3322 1104 3381 1150 ut
3419 1092 3612 1159 fatear,
3651 1093 3728 1147 ita
3758 1100 3878 1162 post

2304 1210 2562 1251 coruscos
2592 1203 2752 1262 atque
2782 1192 3040 1255 tonitrua,
3073 1197 3219 1242 tanta
3255 1185 3379 1242 caeli
3397 1180 3673 1241 "serenitas
3701 1182 3881 1250 rediit,

2305 1295 2367 1343 ut
2407 1300 2475 1343 ex
2507 1295 2636 1340 tunc
2673 1296 2850 1353 usque,
2888 1280 3049 1337 hodie
3087 1275 3285 1333 fratres
3309 1274 3562 1345 jucunda:
3596 1272 3747 1344 pacis
3772 1273 3883 1328 otio

2307 1379 2678 1455 perfruantur,
2709 1392 2774 1431 ac
2817 1376 2884 1431 de
2914 1372 3137 1444 Scyllaea
3178 1368 3434 1441 voragine
3469 1383 3529 1431 se
3572 1366 3778 1422 delatos
3817 1366 3885 1425 ad

2305 1478 2545 1542 portum,
2573 1467 2907 1538 gubernante
2935 1462 3072 1518 Filio
3103 1459 3360 1532 Virginis,
3385 1457 3749 1531 gratulentur.
3781 1457 3886 1513 lmo

2306 1548 2510 1631 pletum
2523 1572 2654 1629 ergo
2670 1563 2755 1611 est
2769 1553 2911 1624 quod
2933 1567 3030 1622 per
3043 1550 3362 1624 prophetam
3385 1549 3581 1605 dicitur
3606 1564 3621 1602 :
3646 1566 3665 1599 ι
3686 1547 3888 1606 Rever-

2310 1648 2485 1705 timini
2516 1648 2583 1703 ad
2611 1661 2720 1711 me,
2745 1652 2801 1700 et
2825 1658 2926 1716 ego
2956 1651 3201 1699 revertar
3233 1641 3301 1695 ad
3326 1654 3443 1706 vos,
3475 1637 3605 1695 dicit
3627 1637 3890 1697 Dominus

2309 1738 2466 1813 (Mal.
2497 1738 2636 1809 ut)»
2661 1734 2763 1806 Qui
2785 1722 2916 1808 ergo
2944 1731 3101 1813 facile
3127 1731 3400 1789 seniorum
3431 1743 3650 1784 suorum
3682 1736 3886 1784 statuta

2310 1829 2639 1895 convellunt,
2687 1828 2791 1883 ista
2836 1823 3202 1895 considerent,
3256 1831 3312 1878 et
3356 1836 3426 1876 ne
3478 1821 3644 1876 divini
3691 1820 3894 1879 furoris

2312 1936 2474 1990 super
2496 1934 2590 1976 eos
2611 1917 2824 1990 gladius
2850 1914 3054 1980 veniat,
3084 1929 3192 1968 non
3218 1902 3339 1969 sine
3375 1926 3538 1967 causa
3574 1910 3893 1967 formident.

632 2014 822 2089 procul
852 2015 1015 2074 dubio
1046 2017 1254 2074 fmnorc
1281 2019 1334 2074 in
1358 2018 1525 2078 altera
1542 2020 1730 2077 durius
1750 2020 1855 2076 vita
1878 2021 2207 2092 persolvunt.
2240 2008 2286 2069 B
2381 2012 2596 2070 Parcite
2621 2011 2703 2068 ori
2733 2025 2873 2077 meo,
2901 2006 3238 2089 dilectissimi
3262 2006 3479 2070 fratres,
3504 2015 3558 2063 et
3580 2005 3625 2061 si
3646 2003 3900 2092 fortassis

705 2102 892 2163 Dicam
922 2112 978 2162 et
1002 2105 1167 2175 aliud,
1191 2108 1332 2179 quod
1358 2107 1414 2164 in
1440 2109 1663 2179 praefato
1686 2110 1915 2180 contigit
1939 2120 2211 2168 monaste—

640 2194 743 2253 rio.
777 2195 1052 2253 Statutum
1098 2208 1216 2254 erat
1264 2208 1426 2271 atque
1467 2200 1579 2271 jam
1625 2216 1725 2271 per
1766 2202 2058 2257 triennium
2100 2202 2213 2260 fere

637 2298 935 2354 servatum,
967 2298 1028 2343 ut
1051 2302 1172 2343 cum
1207 2288 1356 2343 horis
1382 2290 1656 2365 canonicis
1685 2291 1926 2359 quotidie
1948 2291 2008 2345 Β.
2031 2289 2215 2351 Mariae

637 2391 851 2450 semper
880 2379 1100 2447 virginis
1125 2376 1297 2433 oliicia
1331 2379 1658 2435 dicerentur.
1692 2380 1824 2435 Erat
1854 2389 2036 2435 autem
2071 2381 2215 2445 inter

636 2484 731 2523 eos
760 2468 908 2523 Gozo
957 2468 1139 2523 habitu
1176 2468 1494 2534 monachus,
1539 2468 1783 2536 reprobze
1813 2468 2030 2537 quidem
2064 2469 2213 2534 vita,

638 2562 732 2615 sed
757 2560 961 2616 dicacis
991 2569 1046 2615 et
1095 2568 1363 2615 accuratae
1400 2552 1678 2615 facundiae.
1728 2557 1831 2614 Hic
1872 2558 2041 2628 cepit
2083 2573 2215 2614 con-

641 2651 792 2721 queri
821 2651 953 2706 satis
979 2664 1301 2720 semperque
1330 2648 1576 2706 sufiicere
1605 2649 1746 2720 quod
1781 2656 1999 2704 sanctus
2026 2649 2217 2718 pracci-

642 2742 722 2811 pit
746 2739 1092 2806 Benedictus,
1132 2755 1232 2795 nec
1269 2754 1420 2796 nova:
1457 2739 1856 2795 adinventionis
1885 2738 2094 2808 pondus
2120 2733 2218 2795 de-

641 2836 772 2890 bere
824 2834 1151 2905 superponi,
1201 2848 1302 2887 nec
1360 2847 1461 2887 nos
1508 2847 1628 2886 esse
1680 2830 1918 2899 antiquis
1964 2829 2219 2894 Patribus

642 2924 962 2987 sanctiores,
984 2923 1073 2992 qui
1106 2923 1352 2977 videlicet
1387 2921 1502 2976 hate
1539 2920 1919 2997 superstitiosa
1950 2933 2014 2974 ac
2036 2934 2225 2995 supcr-

646 3028 814 3066 vacua
832 3008 1162 3085 judicantes,
1186 3010 1441 3080 psallendi
1475 3010 1628 3089 nobis
1674 3018 1871 3089 metam
1901 3025 2226 3089 omneme

646 3100 858 3157 vivendi
892 3098 1128 3175 regulam
1158 3099 1538 3175 przcﬂxerunt;
1579 3100 1683 3154 hac
1714 3114 1846 3159 sane
1884 3100 2081 3157 debere
2126 3115 2225 3178 nos

644 3208 767 3248 esse
788 3200 1090 3262 contentos,
1118 3206 1187 3247 ne
1228 3191 1295 3246 ab
1332 3190 1423 3244 illa
1452 3189 1722 3267 incautius
1746 3189 2099 3267 declinantes,
2118 3206 2227 3268 per

647 3280 925 3337 anfractus
973 3291 1027 3335 et
1075 3278 1218 3335 invia
1267 3279 1529 3359 ducamur
1575 3279 1807 3359 erronei.
1851 3279 1991 3347 Quid
2033 3279 2227 3355 plura?

572 3381 578 3387 '
648 3374 854 3430 Contra
882 3369 1122 3443 reginam
1151 3371 1335 3426 mundi
1360 3354 1594 3441 praeliari
1617 3372 1766 3429 visus
1791 3354 1947 3429 estet
1973 3351 2225 3449 confecit.
2255 3351 2300 3414 ο
2324 3430 2325 3433 η

649 3462 729 3515 Ad
764 3462 868 3517 hoc
897 3460 1151 3514 nimirum
1201 3460 1396 3516 fratres
1424 3470 1642 3516 versuta
1677 3460 2076 3517 machinatione
2117 3462 2229 3531 pel-
2328 3516 2335 3523 ,

651 3553 801 3619 texit,
826 3563 884 3607 ut
910 3550 1098 3607 solitas
1125 3551 1185 3605 Β.
1222 3549 1404 3607 Maria:
1443 3548 1630 3611 laudes
1675 3552 1900 3609 ulterius
1938 3569 2042 3611 non
2072 3552 2231 3631 offer-

651 3640 950 3719 reut.’Sed,
981 3657 1014 3697 o
1048 3640 1289 3697 divinum
1329 3638 1591 3709 judicium
1640 3657 1670 3696 a
1713 3650 1911 3704 nostrae
1946 3643 2231 3713 pravitatis

624 3784 630 3790 .
650 3735 846 3791 intuitu
869 3749 974 3788 non
995 3730 1322 3788 dortnilans!
1348 3732 1474 3788 Mox
1499 3735 1642 3789 enim
1666 3736 1923 3792 adversus
1944 3722 2225 3809 praefatum

651 3825 1043 3883 monasterium
1081 3834 1159 3880 tot
1188 3824 1573 3903 adversitatum
1617 3827 1926 3895 grandines,
1968 3835 2042 3883 tot
2071 3828 2225 3882 undi-

655 3931 762 3992 que
792 3914 1059 3970 bellOru'm
1103 3923 1265 3986 atque
1313 3913 1659 3971 conflictuum
1701 3922 1903 3989 exortae
1934 3926 2062 3972 sunt
2104 3926 2237 3972 tem-

654 4015 910 4078 pestates,
949 4014 1006 4060 ut
1043 4002 1176 4081 ipsis
1215 4007 1455 4077 quotidie
1492 4008 1770 4063 monachis
1799 4009 2039 4065 minaces
2075 4008 2237 4081 gladii

658 4095 805 4153 necis
845 4082 1463 4173 exitiumintentarent.
1486 4090 1656 4152 ‘Fiunt
1692 4099 1927 4167 undique
1957 4099 2237 4173 depraedat

663 4186 838 4263 tiones
876 4194 1040 4258 atque
1086 4188 1307 4257 rapinae,
1359 4182 1760 4260 coniiagrantur
1805 4206 1927 4247 cum
1969 4194 2240 4265 segetibus

663 4292 829 4342 arcte,
859 4272 1155 4351 familiares
1178 4292 1249 4331 ac
1282 4277 1423 4332 servi
1455 4280 1630 4355 sancti
1660 4279 1763 4335 loci
1793 4281 2086 4350 crudeliter
2119 4293 2239 4339 tru—

659 4367 934 4437 cidantur,
966 4376 1022 4421 et
1065 4382 1170 4422 non
1202 4366 1323 4436 jam
1351 4365 1536 4439 imago
1567 4370 1781 4437 mortis,
1819 4372 1915 4435 sed
1946 4387 2093 4445 mors
2125 4373 2240 4444 ipsa

661 4458 959 4533 graSsatur,
1010 4460 1148 4516 adeo
1188 4468 1254 4514 ut
1294 4461 1515 4516 taederet
1550 4460 1666 4531 jam
1711 4462 2006 4521 monachos
2036 4465 2240 4535 vivere,

662 4554 791 4609 dum
838 4568 1176 4624 nequaquam
1227 4562 1452 4622 possent
1504 4555 1558 4609 in
1599 4554 1881 4625 procinctu
1930 4556 2243 4625 certaminis
2288 4546 2309 4565 ⁶

668 4643 902 4698 amicum
931 4641 1096 4712 quieti
1133 4657 1244 4709 sua:
1284 4641 1639 4713 professionis
1678 4643 1909 4700 ofﬁcium
1947 4647 2238 4703 custodire.

667 4733 787 4789 Non
818 4733 998 4805 parvis
1032 4734 1283 4807 eXpensis
1317 4735 1383 4790 ad
1412 4733 1714 4791 Teutonum
1742 4745 1925 4807 partes
1952 4737 2247 4807 imperator

666 4827 957 4895 expetitur,
974 4825 1320 4897 pragmaticae
1337 4826 1645 4897 sanctiones
1660 4842 1781 4882 cum
1798 4827 2021 4898 singulis
2036 4827 2248 4901 [signis]

670 4918 1039 4997 imperialibus
1092 4918 1460 4981 advehuntur,
1508 4919 1603 4975 sed
1651 4921 1982 4984 tantumdem
2036 4930 2157 4974 cst:
2190 4921 2247 4976 in

671 5012 923 5066 omnibus
964 5012 1160 5082 quippe
1196 5011 1391 5066 studiis
1425 5025 1535 5067 non
1579 5010 1810 5074 fructus,
1845 5012 1938 5081 sed
1973 5011 2127 5067 labor
2161 5028 2252 5067 su-

656 5116 993 5172 pervacuus.
1022 5101 1176 5158 Unde
1214 5093 1344 5157 cum
1393 5117 1493 5173 ego
1536 5101 1795 5171 petitione
1837 5102 2064 5158 fratrum
2111 5118 2251 5173 saepe

675 5193 943 5262 pulsarer,
966 5202 1241 5263 quatenus
1260 5202 1541 5264 sequester
1565 5193 1903 5263 accederem.
1936 5203 1990 5247 et
2016 5194 2059 5259 si
2076 5195 2253 5263 possi-

674 5285 783 5341 bile
806 5292 971 5350 esset,
998 5284 1148 5355 pacis
1173 5284 1312 5339 inter
1328 5299 1432 5361 eos
1456 5269 2066 5339 fmdcravcontiuuarem
2104 5299 2118 5337 :
2153 5285 2254 5339 hac

680 5373 995 5443 rogantibus
1038 5386 1171 5426 voce
1215 5371 1463 5439 respondi
1508 5390 1519 5424 :
1560 5370 1841 5439 Christus,
1884 5371 2133 5440 inquam,
2170 5380 2255 5429 est

678 5478 782 5532 pax
808 5472 1018 5526 nostra,
1067 5464 1135 5517 de
1162 5477 1268 5532 quo
1308 5462 1471 5517 etiam
1514 5461 1580 5515 de
1611 5462 1828 5531 Virgine
1868 5478 2055 5517 recens
2105 5473 2254 5527 nato,

682 5552 948 5621 angelitus
986 5551 1187 5606 dictum
1219 5559 1303 5606 est
1329 5567 1341 5603 :
1375 5567 1392 5601 ι
1423 5546 1606 5604 Gld‘ria
1631 5552 1683 5604 in
1712 5552 1939 5621 excelsis
1966 5551 2095 5624 Deo,
2123 5563 2174 5608 et
2204 5554 2257 5608 in

683 5651 831 5697 terra
856 5641 1133 5713 pax,(Luc.
1160 5638 1240 5707 t’t).
1272 5661 1289 5693 ι
1327 5641 1464 5710 Quia
1505 5656 1633 5711 ergo
1680 5653 1907 5698 matrem
1944 5660 2084 5700 verte
2113 5646 2260 5716 pacis

683 5730 866 5787 desuo
887 5735 1213 5787 monasterio
1235 5735 1598 5804 projecemnt,
1625 5733 1843 5805 dignum
1867 5747 1947 5791 est
1977 5744 2035 5790 ut
2054 5735 2263 5805 inquie-

685 5819 755 5874 tis
770 5818 1138 5875 calamitatum
1158 5823 1671 5894 tribulatinnumque
1694 5823 1944 5893 procellis
1965 5835 2128 5894 atque
2153 5836 2262 5880 Iur-

627 5926 639 5943 κ
688 5907 904 5963 binibus
922 5910 1211 5976 agitentur.
1239 5911 1436 5968 Verum
1465 5910 1807 5969 nelectorem
1831 5914 2032 5971 diutius
2053 5925 2263 5985 protra-

2314 2104 2369 2161 in
2395 2102 2574 2172 aliquo
2601 2101 2825 2157 limitem
2841 2084 3105 2159 modesta:
3127 2095 3491 2168 correptionis
3512 2092 3750 2160 excessi,
3780 2091 3900 2177 zelo

2311 2192 2492 2262 potius
2536 2189 2761 2244 fraterni
2803 2187 3005 2257 amoris
3043 2185 3299 2242 ascribite
3344 2199 3507 2254 quam
3562 2183 3744 2239 livori.
3785 2181 3902 2237 Me-

2315 2290 2552 2339 mentote
2586 2278 2729 2349 quod
2765 2293 2864 2348 per
2894 2276 3237 2335 Salomouem
3261 2274 3465 2329 dicitur
3492 2291 3505 2327 :
3544 2293 3563 2325 ι
3595 2272 3791 2329 Melior
3821 2280 3907 2335 est

2321 2370 2606 2427 manifesta
2633 2369 2927 2436 correptio,
2969 2381 3133 2436 quam
3175 2380 3327 2425 amor
3359 2364 3746 2430 absconditus;
3785 2378 3909 2420 me-

2304 2442 2450 2517 ‘liora
2474 2468 2599 2516 sunt
2617 2458 2839 2515 vulnera
2865 2454 3137 2527 diligentis
3158 2469 3319 2525 quam
3336 2444 3691 2525 “fraudulenta
3714 2453 3908 2521 oscula

2318 2551 2554 2608 odientis
2576 2549 2759 2621 (Prov.
2789 2546 2995 2618 xxvu);
3028 2566 3046 2599 ›
3067 2555 3120 2601 et
3151 2547 3347 2603 iterum
3372 2562 3386 2597 :
3421 2544 3580 2599 (Viro
3608 2543 3705 2616 qui
3731 2545 3913 2601 corri-

2320 2643 2557 2715 pientem
2596 2641 2728 2697 dura
2770 2639 2984 2697 cervice
3006 2637 3333 2713 contemnit,
3372 2636 3691 2706 repentinus
3721 2652 3914 2708 super-

2321 2733 2503 2791 veniet
2528 2730 2800 2796 interitus,
2831 2737 2884 2785 et
2913 2742 3036 2783 eum
3064 2726 3268 2783 sanitas
3296 2740 3404 2782 non
3430 2735 3692 2796 sequetur
3722 2724 3912 2799 (Prov.

2321 2822 2494 2895 xxix).
2529 2841 2548 2874 ι
2578 2822 2896 2875 Animarum
2938 2818 3182 2873 medicus
3221 2817 3568 2886 omnipotens
3609 2818 3782 2891 Deus,
3834 2820 3916 2891 di-

2320 2894 2624 2979 lectissimi,
2670 2913 2777 2970 hoc
2827 2910 2933 2965 mei
2973 2909 3242 2965 sermonis
3301 2908 3630 2966 absinthium
3672 2909 3830 2984 vobis
3856 2909 3915 2967 in

2318 3004 2662 3073 dulcedinem
2687 3009 2885 3073 vertat,
2909 3008 2963 3073 et
3010 3000 3273 3078 quidquid
3293 3001 3349 3055 .in
3372 3000 3918 3081 vobiseStfrigidum,

2324 3095 2584 3173 quidquid
2635 3096 2926 3151 obscurum
2983 3091 3199 3155 flamma
3244 3093 3326 3169 sui
3374 3093 3604 3167 spiritus
3646 3093 3921 3167 mirificus

2325 3185 2626 3259 illustratur
2650 3183 2938 3255 accendat.

2812 3294 2922 3350 ΕΡΙ
2930 3292 3151 3350 STOLA
3193 3290 3424 3350 XXXIII.

2426 3404 2493 3445 AD
2529 3384 3136 3444 mactauit-tomus
3166 3398 3491 3440 unumunum
3528 3396 3834 3441 euentus.

2540 3480 2813 3552 (Habetin
2849 3490 2975 3533 tam.
3018 3476 3137 3544 III,
3169 3487 3347 3547 atque
3380 3491 3559 3546 aputu.
3588 3476 3713 3547 54.)

2813 3568 3149 3625 EPISTOLA
3188 3565 3427 3622 XXXIV.

2500 3696 2528 3721 .
2608 3679 2673 3718 an
2713 3676 2979 3717 saeuius
3005 3672 3466 3729 ωςιωωιειιᾳηιε
3496 3674 3645 3715 snas.

2328 3756 2732 3810 Ancuusnrmt.
2759 3781 2832 3794 -
2860 3749 3143 3806 Universis
3193 3748 3436 3804 emmitis
3478 3763 3654 3803 suum
3708 3745 3933 3809 vivendi

2406 3825 2710 3883 institutum
2742 3820 3114 3891 sequentibus,
3143 3816 3440 3891 inferenda:
3466 3818 3782 3891 disciplina;
3812 3833 3935 3873 mo-

2408 3895 2534 3949 dum
2562 3887 2865 3962 praescribit
2886 3889 3027 3962 ultra
3036 3902 3208 3962 quem
3230 3888 3590 3962 eis'progredi
3615 3887 3937 3962 nonliceat;

2411 3957 2583 4041 quani
2603 3962 2818 4030 quidem
2843 3958 3181 4041 disciplinam
3208 3958 3434 4041 posthac
3460 3957 3843 4041 voluntariam
3873 3958 3942 4012 ad

2401 4030 2759 4113 singulorum
2796 4030 3109 4113 arlﬂrituu,
3157 4042 3286 4094 non,
3340 4035 3398 4083 ut
3443 4038 3639 4095 antea,
3684 4036 3941 4087 coactam

2408 4117 2535 4163 esse
2566 4116 2696 4161 00115
2704 4109 2870 4156 mult.

2413 4191 2627 4261 Sanctia
2671 4190 2932 4246 fratribus
2978 4190 3033 4255 in
3072 4201 3264 4261 eremo
3307 4186 3661 4263 constitutis,
3720 4186 3943 4245 Parma

2334 4294 2595 4357 peccatur
2618 4282 2919 4349 monachus
2943 4270 3195 4349 salutem.

2405 4376 2470 4431 .ln
2497 4381 2766 4445 conventu
2806 4371 3167 4445 spiritualium
3200 4368 3455 4431 fratrum.
3475 4378 3622 4443 tunc:
3652 4370 3943 4445 discretio-

2345 4466 2430 4524 nis
2476 4465 2614 4531 ordo
2662 4478 2963 4541 congruere
3010 4462 3236 4534 geritur,
3260 4461 3327 4531 si
3371 4463 3687 4532 moderatiq
3710 4463 3948 4523 rectoris

2344 4555 2588 4625 itnitetur
2612 4553 2943 4625 diligentiam
2973 4552 3190 4627 equitis.
3213 4550 3307 4619 Ille
3322 4551 3607 4621 siquidem
3636 4552 3949 4624 calcaribus

2347 4649 2537 4715 utitur,
2587 4628 2649 4713 ut
2695 4642 3199 4716 impellatafrenis,
3255 4651 3315 4698 ttt
3358 4644 3659 4712 reprimat;
3704 4642 3951 4702 stimulat

2349 4754 2547 4809 equum
2595 4737 2802 4795 tardius
2848 4736 3217 4802 incedentem;
3272 4733 3516 4791 refrenat
3553 4735 3798 4805 superbe
3840 4732 3952 4789 fre-

2350 4831 2548 4888 mentis
2572 4830 2797 4901 vestigia
2828 4829 3241 4900 glomyamem.
3270 4825 3386 4889 Hoc
3415 4827 3585 4891 etiam
3616 4826 3788 4882 modo
3810 4841 3954 4898 pra-

2349 4922 2558 4992 msitus
2604 4920 2835 4979 fratrum
2877 4926 2935 4975 et
2977 4919 3241 4981 tardiones
3282 4916 3767 4981 eahortat’umihus
3802 4919 3955 4983 suis,

2354 5012 2494 5087 velut
2512 5011 2829 5081 quibusdam
2853 5008 3108 5076 stimulis,
3126 5009 3297 5071 debet
3318 5006 3620 5077 inpellere,
3646 5012 3708 5075 et
3732 5004 3959 5069 ﬁat-vou-

2344 5092 2456 5165 titts
2503 5118 2663 5172 quam
2712 5117 2933 5163 necesse
2959 5102 3053 5167 sit,
3105 5101 3429 5166 incedentes,
3464 5097 3961 5167 subdiscmtionis

2353 5194 2513 5253 debet
2533 5194 2650 5249 loro
2672 5195 2906 5249 frenare.
2934 5193 3016 5251 An
3043 5206 3147 5255 non
3175 5190 3520 5260 quibusdam,
3545 5197 3611 5244 ut
3633 5189 3713 5247 ita
3738 5191 3962 5264 loquar,

2356 5283 2833 5354 stimulisurgebat
2849 5283 3056 5354 Moyses
3067 5282 3319 5352 populum
3340 5278 3529 5347 Israel,
3544 5294 3679 5339 cum
3702 5281 3958 5339 dicebat:

2363 5393 2380 5426 ι
2403 5374 2812 5444 Separateapud
2826 5389 2924 5431 vos
2939 5374 3206 5444 primitias
3224 5372 3481 5436 Domino;
3508 5374 3698 5430 omnis
3713 5374 3964 5437 volunta-

2358 5467 2490 5529 rius,
2521 5465 2683 5536 237
2706 5459 2761 5525 et
2784 5466 2940 5544 proni
2965 5465 3128 5537 animi
3151 5463 3340 5518 offerat
3362 5478 3457 5519 eas
3470 5462 3739 5537 Domino,
3765 5482 3966 5522 aurum
4019 5504 4039 5515 κ

2361 5567 2414 5612 et
2471 5567 2772 5628 argentum,
2828 5565 2881 5615 et
2929 5572 3022 5618 aes,
3078 5557 3451 5631 hyacinthum,
3508 5565 3568 5611 et
3632 5573 3965 5631 purpuram,

2364 5666 2690 5719 caecumque
2719 5651 2798 5707 bis
2827 5650 3050 5705 tinctum
3101 5659 3155 5704 et
3201 5649 3437 5720 hyssum,
3475 5648 3622 5720 pilos
3670 5665 3970 5720 caprarum

2363 5750 2419 5796 et
2465 5743 2632 5811 pelles
2663 5742 2892 5797 arietum
2925 5741 3246 5804 rubricatas,
3276 5740 3418 5810 ligna
3473 5739 3654 5795 Setim
3698 5752 3757 5797 et
3785 5742 3969 5799 oleum

2365 5839 2430 5893 ad
2454 5836 2739 5891 luminaria
2770 5832 3179 5897 concinnanua?
3212 5852 3232 5885 ι
3267 5828 3464 5901 (Exod.
3500 5834 3703 5905 xxxv.)
3731 5833 3817 5889 An
3861 5850 3972 5888 non

2370 5928 2617 5981 eumdem
2673 5923 2926 5995 populum
2957 5963 2971 5988 ,
3022 5921 3170 5978 velut
3220 5922 3593 5977 immoderate
3648 5933 3973 5979 currentem
