4170 6464
597 292 706 351 835
1135 298 1193 353 S.
1234 298 1437 355 PETRI
1476 299 1759 359 DAMIANI
1798 304 1947 362 OPP.
1990 306 2168 362 PARS
2194 306 2323 363 SEU
2363 307 2598 365 TOMUS
2638 310 2675 365 Ι.
2708 340 2777 351 --
2813 310 3030 367 EPIST.
3056 313 3181 369 LIB.
3226 313 3352 371 VIII.

599 415 855 518 peccato:
901 411 1199 514 monachus
1246 414 1439 518 debitae
1487 417 1765 518 servitutis
1828 419 2168 518 obsequium.
2200 425 2249 485 Α
2734 416 2910 518 λεηι
2951 447 3279 506 ΕριετοιΑ
3316 452 3376 507 η,

667 497 1134 558 Excellentissime
1172 512 1228 559 et
1264 505 1504 580 piissime
1539 506 1777 571 domine,
1805 510 1851 564 si
1878 510 2033 565 vobis
2055 511 2171 580 pla-
2486 570 2553 609 AD
2588 497 3132 616 EL'MDE:1;N;CJ
3152 497 3542 619 ;lu;;l;mmn

667 599 743 619 ιιι-ιο
797 589 903 619 8-...
931 601 1139 619 o-_....-
1166 605 1303 619 ----.
1333 606 1386 619 --ι
1420 599 1584 619 ..-ε--..
1614 598 1697 619 :II-
1728 600 1985 619 n9‘I__9,,A
2014 602 2104 619 μην.
2128 616 2140 619 Α

596 599 763 655 ceret,
791 589 904 661 jam
931 601 1140 665 tempus
1163 605 1308 652 esset
1330 576 1397 651 ui
1420 599 1586 654 miser
1614 598 1703 655 ille
1725 600 1990 657 Gislerius
2013 602 2173 657 mise-
2486 576 2553 609 ΑΒ
2588 576 2804 611 mmo"
2855 576 3122 616 “manu
3163 576 3199 615 Π
3240 577 3641 624 “mancum

598 680 891 736 ricordiam
949 696 1408 755 consequeretur;
1457 688 1570 759 jam
1620 699 1961 760 congrueret,
2007 699 2068 745 ut
2105 692 2172 745 de
2272 686 3142 784 Aucuueuruy.‘T-Commendat
3189 694 3430 784 ejusdem
3481 699 3853 784 Henriei'vir-

592 770 826 828 vinculis
854 780 963 828 tam
995 775 1264 830 diuturna:
1290 778 1560 847 captionis
1588 780 1784 845 exiret,
1814 790 1873 836 et
1899 789 2022 850 post
2048 781 2172 836 lonJ
2572 765 3141 852 Pl‘fffﬁeﬂnﬂ‘f’fﬂ’"?
3154 774 3234 852 ,εξι
3255 837 3267 852 ,
3288 768 3526 852 “Udi”?
3576 771 3853 852 τςειίεῖοηίε

594 876 721 932 gum
753 864 1026 931 exsilium,
1058 867 1124 921 ad
1150 829 1382 939 propriar
1398 880 1687 925 remearet.
1731 871 1848 927 Non
1878 872 2149 928 obliviscar

2344 829 2577 894 tuendae,
2612 830 2751 911 quod
2782 829 3119 913 Wiquerium
3151 835 3442 891 barbarum
3481 829 3752 896 hominé'tn
3782 829 3849 899 ex

2342 896 2640 971 Ravennati
2670 900 3155 971 archiepiscopatu,
3179 920 3339 971 quem
3368 907 3471 962 sibi
3496 909 3635 965 male
3664 915 3851 971 acqui-

596 917 627 932 υ
1063 917 1124 921 ——
1151 917 1364 939 r-~r--—
1399 917 1687 925 -ν---ν---π
1731 917 1848 927 ··ν-·
1879 917 2137 928 ὀυ’-ηυν-
2342 917 2640 953 navennau
2670 917 3155 972 arcmeplscopatu,
3179 920 3339 974 quem
3368 917 3471 962 sibi
3496 917 3635 965 male
3664 917 3847 982 acqui-

580 960 686 1006 .tur
709 950 961 1009 dominus
989 968 1143 1010 meus
1167 956 1461 1025 imperator
1482 959 1611 1028 quid
1642 975 1736 1015 rex
1779 960 1949 1017 David
1983 961 2173 1017 fecerit
2340 967 2524 1033 sierat,
2546 968 2700 1048 pejus
2728 979 2906 1048 tamen
2940 974 3228 1048 retinebat,
3252 978 3536 1048 expulerit.
3568 980 3847 1048 Hortatur,

591 1055 717 1095 cum
775 1041 985 1111 fugeret
1029 1058 1061 1098 a
1111 1044 1248 1100 faeie
1284 1046 1521 1102 Ahsaion
1575 1065 1589 1103 :
1640 1048 1769 1118 quia
1812 1049 1940 1104 dum
1988 1048 2168 1104 Semei

2340 1050 2409 1116 ne
2458 1041 2704 1127 eumdem
2749 1041 3043 1127 hominem,
3090 1044 3157 1127 ad
3201 1041 3338 1127 eam:
3368 1047 3712 1127 dignitatem,
3743 1041 3848 1121 qua

594 1108 861 1189 adversus
880 1148 1004 1189 eum
1032 1134 1238 1205 lapides
1260 1136 1523 1202 mitteret,
1546 1108 1760 1194 duri-ora
1788 1140 1952 1195 etiam
1978 1150 2168 1195 contra
2333 1108 2753 1205 ξξξξῖέῖξίηωδ
2781 1108 2978 1179 mera“
3011 1113 3189 1169 redire
3217 1114 3523 1173 monentem
3563 1120 3668 1175 “"0
3694 1133 3847 1182 me“)

592 1235 775 1292 regem
826 1223 1225 1282 maledictionis
1264 1226 1444 1297 jacula
1488 1230 1864 1298 intorqueret,
1911 1230 2099 1286 dicens
2149 1248 2164 1284 :

2340 1178 2596 1245 patiatur.

594 1327 614 1361 ι
649 1311 942 1381 Egredere,
977 1316 1259 1387 egredere,
1283 1317 1368 1371 vir
1399 1320 1723 1389 sanguinum
1768 1328 1824 1375 et
1873 1320 1959 1376 vir
2000 1319 2146 1376 Belia

2342 1306 2547 1365 Domno
2593 1308 2831 1369 Hsnnrco
2869 1313 3224 1371 invictissimo
3268 1318 3603 1389 imperatori,
3632 1322 3847 1391 Penus

589 1400 676 1473 (Il
727 1402 853 1474 Reg.
885 1404 1001 1476 xvi)
1040 1424 1054 1461 :
1090 1425 1109 1457 ι
1150 1406 1242 1461 ille
1270 1423 1393 1463 cum
1437 1417 1546 1463 tam
1587 1408 1900 1467 fortissimis
1941 1410 2149 1469 bellato

2266 1407 2521 1469 peccator
2547 1403 2849 1460 monachus
2876 1404 3072 1461 debitae
3096 1409 3375 1467 servitutis
3397 1413 3741 1485 obsequium.

590 1506 710 1545 rum
735 1494 924 1550 cuneis
943 1495 1301 1565 constipatus,
1349 1498 1646 1563 incederet,
1690 1515 1796 1555 non
1827 1500 2002 1557 solum
2041 1516 2149 1557 eun

2296 1533 2301 1537 .
2335 1488 2634 1567 Immensas
2665 1491 2849 1551 laudes
2893 1494 3029 1568 Regi
3080 1512 3266 1569 regum
3295 1502 3512 1560 Christo
3539 1506 3844 1578 referimus,

587 1597 700 1638 non
734 1584 952 1649 occidit,
985 1587 1079 1642 sed
1104 1588 1269 1643 etiam
1298 1586 1481 1644 Abisai
1514 1589 1662 1645 illum
1704 1590 1975 1647 volentem
2014 1593 2149 1649 occi-

2265 1578 2391 1650 quia
2423 1582 2766 1640 sanctitatem
2788 1592 2842 1640 et
2866 1585 3124 1643 virtutum
3150 1590 3314 1659 dona,
3344 1607 3465 1663 qua:
3492 1595 3675 1652 multis
3703 1598 3844 1653 refe-

587 1672 721 1728 dcre
765 1675 1065 1761 asperrime
1105 1677 1389 1747 corripuit,
1438 1679 1625 1734 dicens
1657 1696 1671 1733 :
1710 1697 1729 1733 ι
1759 1679 1899 1747 Quid
1940 1681 2073 1738 mihi
2110 1694 2149 1738 el

2266 1670 2509 1728 rentibus
2550 1673 2619 1728 de
2663 1674 2809 1746 regia
2857 1677 3139 1747 majestate
3184 1683 3554 1752 cognovimus,
3589 1684 3703 1754 jam
3740 1704 3845 1743 non

585 1763 759 1828 vobis,
790 1764 1134 1824 tiliiSarviaa‘l
1163 1768 2158 1836 Dimittiteeum,utmaledicatmihi.
2195 1761 2479 1840 nverbis.
2534 1765 2626 1819 sed
2672 1766 2808 1821 vivis
2853 1769 3109 1838 operibus
3156 1773 3537 1842 approbamus-
3589 1775 3724 1832 Nam
3791 1778 3846 1834 in

3756 325 3861 380 £56

588 1853 846 1913 Dominus
880 1858 1139 1929 praecepit
1165 1859 1215 1914 ei
1240 1860 1688 1917 ut.malediceret
1709 1863 1908 1929 David;
1939 1873 1996 1919 et
2043 1866 2167 1934 quis

583 1954 672 2005 est
711 1948 803 2019 qui
848 1948 1046 2007 audeat
1089 1950 1269 2007 dicere
1299 1966 1315 2006 :
1342 1952 1527 2020 Quare
1555 1955 1636 2010 sic
1660 1955 1895 2011 fecerit?
1925 1974 1944 2008 ι
1976 1955 2166 2026 (Ibid.)

587 2037 698 2099 Nec
726 2040 991 2113 ignoratis
1012 2042 1246 2113 qualiter
1273 2045 1437 2101 stulto
1455 2046 1625 2104 Nabal
1651 2049 1848 2106 dicenti
1878 2051 2164 2107 adversum

587 2145 711 2190 eum
742 2145 759 2185 :
796 2149 815 2183 ι
846 2131 1018 2190 Hodie
1048 2136 1399 2193 increverunt
1421 2140 1587 2206 servi,
1619 2142 1711 2210 qui
1745 2141 1957 2210 fugiunt
1986 2145 2163 2199 domi-

587 2237 687 2280 nos
717 2237 846 2278 suos
875 2223 927 2284 (I
978 2224 1104 2297 Reg.
1144 2228 1295 2300 xxv),
1336 2248 1354 2281 ι
1388 2231 1605 2305 _Ahigaii
1640 2233 2034 2292 interveniente
2077 2252 2166 2305 pe-

581 2314 777 2390 percit.
806 2314 1052 2388 Qualiter
1074 2318 1237 2373 etiam
1270 2320 1323 2374 in
1349 2300 1476 2374 S‘aul
1504 2300 1812 2378 immaniter
1837 2300 2165 2395 persequen-

584 2413 716 2471 tem,
768 2422 891 2461 cum
941 2418 1128 2477 posset
1178 2410 1325 2466 illum
1371 2413 1638 2479 occidere,
1682 2429 1900 2471 manum
1948 2418 2165 2474 mittere

586 2510 693 2553 non
725 2499 1066 2568 praesumpsit
1089 2499 1139 2571 (1
1194 2500 1325 2573 Reg.
1365 2519 1513 2568 xxiv,
1554 2506 1723 2574 xxvr).
1770 2506 1895 2564 Haec
1934 2517 1991 2565 et
2032 2509 2159 2576 alia,

583 2587 800 2643 domine
830 2588 924 2655 mi,
963 2599 1276 2648 sanctorum
1327 2610 1512 2665 regum
1544 2598 1697 2653 vobis
1740 2599 1981 2669 exempla
2032 2616 2161 2671 pro-

580 2681 785 2749 ponite,
813 2690 867 2736 et
890 2691 1013 2752 post
1031 2682 1297 2752 judicium
1326 2687 1755 2745 misericordiam
1782 2692 2161 2761 peccatoribus

580 2771 870 2841 indulgete.
903 2791 921 2825 ι
951 2773 1296 2846 Quaecunque
1323 2779 1465 2831 enim
1508 2781 1709 2850 scripta
1746 2791 1894 2848 sunt,
1945 2784 2012 2839 ad
2065 2801 2161 2843 no-

578 2869 748 2915 stram
785 2864 1087 2919 doctrinam
1120 2867 1321 2938 scripta
1350 2878 1477 2924 sunt
1502 2870 1674 2939 (Rom.
1714 2875 1826 2943 xv).
1866 2893 1886 2927 ι
1940 2875 2157 2931 Etcum

579 2950 760 3004 omnia
795 2966 956 3019 regna
990 2962 1277 3021 terrarum,
1310 2972 1431 3026 qua:
1463 2969 1646 3016 vestro
1672 2963 1956 3032 subjicitur
1984 2966 2157 3037 impe-

582 3039 666 3095 rio
691 3049 832 3097 teste
856 3044 1077 3109 mundo,
1131 3045 1432 3117 largissima
1480 3058 1675 3106 vestrae
1717 3054 1933 3122 pietatis
1983 3058 2155 3112 abun-

2268 1852 2584 1921 expulsione
2610 1854 2871 1926 Wiquerii
2905 1857 3208 1932 [Widqueri
3236 1864 3448 1937 etiam],
3472 1882 3575 1921 vox
3601 1869 3845 1924 omnium

2267 1942 2323 1999 in
2350 1944 2563 2002 laudem
2594 1949 2676 2004 sui
2703 1949 2979 2008 Creatoris
3010 1954 3294 2023 attollitur,
3328 1957 3567 2015 Ecclesia
3592 1962 3658 2016 de
3682 1978 3844 2017 manu

2266 2037 2491 2093 violenti
2516 2041 2788 2109 praedonis
2810 2043 3057 2114 eripitur,
3081 2054 3137 2101 et
3161 2046 3309 2103 salus
3330 2063 3450 2104 esse
3472 2051 3634 2106 totius
3660 2054 3843 2108 mundi

2265 2137 2445 2184 vestra
2494 2130 2837 2188 incolumitas
2861 2133 3157 2204 judicatur.
3189 2156 3207 2184 ι
3241 2138 3516 2196 Lzetentur
3544 2157 3672 2212 ergo
3698 2142 3842 2209 eteli,

2264 2218 2494 2275 exsultet
2528 2228 2673 2276 terra
2700 2222 2873 2293 (Psal.
2920 2226 3068 2298 xcv),
3115 2245 3138 2283 ι
3171 2228 3299 2299 quia
3330 2228 3384 2284 in
3417 2245 3543 2302 rege
3584 2246 3683 2285 suo
3716 2246 3844 2287 vere

2264 2309 2516 2367 Christus
2548 2327 2773 2381 regnare
2809 2319 3175 2386 cognoscitur,
3221 2329 3276 2375 et
3317 2321 3419 2377 sub
3454 2322 3571 2392 ipso
3598 2321 3709 2392 jam
3743 2338 3846 2378 ste-

2263 2401 2369 2456 culi
2417 2401 2524 2458 fine
2569 2419 2794 2461 aureum
2845 2408 3013 2465 David
3059 2411 3317 2467 saeculum
3364 2424 3677 2470 renovatur.
3726 2414 3844 2485 ipse

2262 2492 2429 2561 enim,
2464 2494 2555 2563 qui
2602 2495 2747 2553 facto
2791 2497 3001 2569 flagello
3045 2503 3111 2557 de
3153 2503 3423 2559 resticulis
3465 2506 3758 2562 vendentes
3790 2510 3842 2563 in

2262 2582 2462 2652 templo
2490 2584 2766 2642 columbas
2789 2587 2949 2659 ejecit
2986 2590 3200 2659 (Matth.
3232 2609 3355 2661 xxi;
3391 2594 3563 2649 Marc.
3595 2586 3841 2663 χιςλιυε.

2262 2690 2387 2742 xix;
2414 2674 2576 2731 Joan.
2610 2678 2706 2749 tt),
2739 2678 2875 2749 ipse,
2918 2681 3160 2752 inquam,
3188 2694 3241 2738 et
3286 2701 3394 2741 non
3439 2686 3598 2751 alius,
3630 2690 3683 2743 in
3715 2704 3843 2759 rege

2260 2780 2360 2821 suo
2406 2765 2669 2837 Wiquerii
2716 2772 3028 2828 cathedram
3089 2774 3143 2828 in
3206 2775 3434 2831 ecclesia
3484 2778 3840 2847 negotiantis,

2259 2858 2477 2912 evertit.
2507 2858 2574 2913 Et
2615 2860 2707 2929 qui
2740 2861 2866 2916 olim
2909 2865 3126 2933 superbi
3173 2866 3301 2922 Saul
3346 2869 3713 2938 arrogantiam
3750 2886 3841 2926 re-

2260 2946 2396 3015 pulit
2427 2947 2478 3017 (I
2511 2947 2865 3019 Reg.xxxt;l
2895 2952 3081 3008 Paral.
3116 2955 3204 3026 x),
3234 2956 3348 3026 ipse
3374 2975 3519 3014 nunc
3544 2976 3653 3015 non
3683 2961 3840 3016 dissi-

2260 3038 2440 3094 milem
2485 3041 2699 3111 reprobi
2743 3044 2857 3121 viri‘
2876 3045 3138 3101 malitiam
3163 3048 3519 3106 conculcavit.
3552 3053 3837 3107 Verumta-

577 3127 760 3184 dantia
790 3130 1017 3201 repleat,
1039 3136 1310 3203 quomodo
1346 3138 1490 3194 solus
1535 3140 1797 3198 Gisterius
1842 3153 2008 3203 ιεηιε
2054 3148 2159 3204 erit
2183 3123 2228 3184 C
2261 3146 2385 3186 men
2415 3132 2538 3189 nolo
2562 3133 2725 3191 lateat
2751 3136 3026 3192 dominum
3051 3153 3228 3193 meum
3258 3155 3438 3211 regem
3460 3143 3585 3211 quia
3615 3142 3839 3213 pestifer

578 3234 776 3290 expers
803 3222 1211 3290 misericordia,
1242 3235 1300 3281 ut
1328 3243 1504 3298 neque
1535 3244 1637 3300 per
1665 3234 1954 3291 sateulares
1988 3236 2154 3303 viros,

576 3321 754 3379 neque
781 3324 881 3379 per
901 3325 1086 3367 servos
1116 3313 1230 3374 Dei.
1256 3314 1434 3371 locum
1479 3319 1620 3388 apud
1668 3336 1766 3375 vos
1810 3322 2157 3394 indulgentiae

578 3398 757 3455 valeat
798 3400 1077 3460 invenire?
1119 3402 1395 3461 Clarcscat
1420 3407 1531 3477 jam
1580 3410 1753 3480 pietas
1794 3411 2021 3469 Romani
2054 3416 2155 3472 im-

580 3493 744 3564 peril,
760 3501 815 3550 et
833 3495 917 3549 cui
941 3496 1084 3552 Deus
1103 3498 1335 3567 propriis
1359 3499 1767 3559 viribusomnes
1789 3505 2151 3575 adversarios,

583 3586 854 3657 subjugat,
882 3588 1056 3659 ipsum
1096 3605 1311 3661 quoque
1349 3592 1442 3647 Dei
1486 3594 1660 3664 pietas
1700 3597 1930 3654 feliciter
1955 3601 2150 3656 vincat.

566 3676 626 3732 In
652 3676 755 3734 hoc
791 3680 937 3735 enim
965 3690 1050 3735 est
1074 3681 1317 3752 perfecta
1353 3684 1597 3749 victoria,
1631 3687 1751 3743 siis
1781 3689 1866 3743 cui
1904 3691 2151 3759 victoria,

567 3768 791 3826 Christo
842 3770 1121 3839 donante,
1170 3773 1449 3841 tribuitur,
1490 3792 1520 3830 a
1568 3776 1679 3833 sola
1716 3778 1916 3835 Christi
1952 3783 2151 3851 pietate

574 3861 844 3919 vincatur.
876 3861 1125 3919 Piissime
1152 3866 1395 3930 Domine,
1442 3868 1871 3926 misericordiam
1910 3882 2147 3928 vestram

569 3953 996 4025 laerymabiiiter
1020 3956 1268 4022 obsecro,
1299 3967 1354 4012 et
1383 3959 1610 4029 pedibus
1660 3963 1854 4017 vestris
1888 3978 1973 4017 me
2018 3980 2146 4034 pro-

569 4053 778 4100 stratus
804 4046 1050 4111 advolvo,
1078 4063 1177 4117 pro
1207 4049 1472 4105 charitate
1485 4051 1686 4107 Christi
1718 4054 1978 4110 miserum
1995 4056 2145 4113 illum

562 4136 675 4205 jam
705 4135 1005 4192 clementer
1035 4138 1325 4205 absolvite,
1355 4148 1411 4194 et
1440 4157 1527 4195 me
1558 4157 1775 4197 servum
1810 4153 2049 4201 vestrum
2091 4147 2146 4201 in

563 4238 698 4294 pace
726 4226 1119 4294 quiescentem,
1152 4242 1248 4298 pro
1275 4240 1466 4285 sancto
1494 4232 1723 4300 imperio
1754 4243 1936 4289 vestro
1984 4251 2147 4291 orare

564 4316 904 4384 permittite;
927 4317 1010 4371 sin
1040 4328 1219 4373 autem
1250 4320 1405 4375 vobis
1437 4321 1510 4374 ita
1533 4321 1771 4387 videtur,
1806 4338 1901 4392 per
1927 4334 2144 4381 vestras

563 4404 770 4463 litteras
801 4404 1188 4461 absolutionem
1220 4408 1349 4462 mihi
1383 4409 1571 4476 illius,
1598 4422 1805 4466 remota
1854 4415 1999 4469 omni
2045 4416 2145 4470 du-

2260 3221 2348 3279 ille
2377 3223 2460 3279 vir
2503 3227 2570 3281 ad
2610 3226 2985 3284 Ravennatem
3012 3230 3202 3286 urbem
3232 3245 3361 3288 suas
3393 3233 3645 3303 epistolas
3670 3233 3835 3290 fabri-

2257 3313 2435 3380 cavit;
2484 3314 2620 3372 alias
2660 3318 2879 3386 quidem
2936 3320 3146 3376 occulte
3209 3322 3465 3392 singulis,
3516 3323 3653 3379 alias
3704 3339 3834 3380 vero

2255 3404 2620 3459 communiter
2641 3404 2928 3471 universis,
2958 3407 3012 3462 in
3037 3408 3231 3477 quibus
3250 3423 3309 3464 se
3332 3408 3603 3465 facturum
3628 3412 3832 3479 omnia,

2255 3506 2587 3564 quacunque
2632 3495 2732 3565 ipsi
2779 3497 3070 3564 voluerint,
3102 3498 3169 3554 de
3211 3500 3372 3555 rebus
3404 3500 3664 3557 Ecclesia:
3710 3517 3831 3571 spo-

2254 3585 2459 3655 pondit.
2486 3584 2640 3652 Quod
2666 3587 2713 3643 si
2756 3588 2935 3643 verbis
2958 3589 3180 3645 minime
3206 3590 3515 3658 crederent,
3535 3592 3831 3648 secundum

2254 3677 2371 3733 haec
2407 3694 2564 3734 suum
2597 3680 2842 3735 nuntium
2868 3681 3053 3750 jurare
3094 3683 3366 3753 praecepit.
3398 3681 3547 3739 Unde
3584 3699 3689 3738 non
3733 3683 3831 3739 du-

2252 3764 2370 3822 bito
2427 3768 2804 3837 quosdam‘dc
2849 3768 3254 3827 Ravennatibus
3316 3770 3590 3844 majestati
3637 3780 3831 3829 vestra

2251 3871 2558 3928 suggerere,
2587 3866 2649 3914 ut
2676 3858 2743 3914 ad
2769 3860 3017 3915 eamdem
3059 3861 3375 3918 cathedram
3418 3863 3494 3920 illi
3538 3863 3717 3919 valeat
3744 3879 3831 3919 re-

2250 3947 2467 4016 pedare.
2493 3946 2761 4003 Nimirum
2791 3958 3038 4019 raptores
3062 3952 3247 4007 mundi
3272 3953 3364 4023 qui
3385 3954 3631 4010 ambiunt
3656 3952 3831 4011 eccle-

2246 4041 2467 4097 siastica
2500 4043 2641 4098 bona
2674 4042 2929 4113 diripere,
2962 4043 3125 4099 talem
3152 4043 3341 4100 volunt
3369 4045 3702 4116 episcopum,
3733 4043 3826 4114 qui

2247 4145 2436 4187 eorum
2462 4132 2668 4204 rapinis
2691 4148 2796 4190 non
2825 4135 3003 4189 valeat
3027 4135 3267 4190 obviare.
3295 4134 3400 4189 Vos
3420 4143 3622 4200 autem,
3645 4132 3825 4189 excel-

2245 4221 2545 4279 lentissime
2575 4224 2813 4290 domine,
2841 4240 3002 4280 aures
3028 4234 3235 4281 vestras
3265 4239 3296 4278 a
3328 4224 3607 4281 venenatis
3637 4236 3823 4278 eorum

2244 4313 2488 4369 consiliis
2520 4313 2773 4379 claudite,
2814 4324 2869 4369 et
2902 4314 3392 4386 splendidissimam
3421 4313 3605 4384 gloriae
3630 4320 3825 4367 vestra:

2244 4404 2465 4471 famam,
2506 4421 2627 4476 qua:
2671 4393 2979 4488 pentotius
3017 4406 3201 4483 mundi
3241 4406 3580 4461 latitudinem
3610 4404 3819 4469 volitat,

562 4494 763 4551 bietate
793 4496 1111 4567 promittite,
1136 4505 1191 4552 et
1220 4512 1305 4553 me
1332 4499 1399 4554 ad
1422 4504 1516 4555 vos
1535 4503 1853 4571 quantocius
1881 4503 2138 4561 festinare

2251 4508 2466 4568 propter
2509 4514 2675 4552 unum
2714 4498 2991 4554 hominem
3028 4496 3296 4553 oll‘uscare
3343 4497 3530 4553 nolite.
3578 4495 3636 4551 Si
3674 4495 3820 4550 enim

553 4585 755 4659 iubete.
780 4586 983 4643 Redeat
1012 4589 1078 4643 ad
1108 4590 1424 4645 memoriam
1449 4591 1650 4648 domini
1672 4596 1814 4664 regis
1843 4596 1991 4665 quia,
2016 4614 2137 4653 cum

559 4682 699 4751 apud
728 4682 1114 4737 monasterium
1132 4682 1333 4739 Classis
1357 4699 1386 4738 a
1409 4686 1563 4741 vobis
1584 4686 1921 4743 discessurus
1939 4705 2136 4759 essem,

559 4772 767 4836 dixistis
793 4773 922 4832 mihi
975 4788 992 4835 ξ
1053 4773 1275 4833 Noveris
1304 4777 1493 4845 procul
1531 4777 1695 4833 dubio
1726 4779 1855 4849 quia
1889 4780 1998 4847 isti,
2025 4796 2128 4851 pro

556 4876 667 4932 quo
716 4877 802 4917 me
845 4878 1023 4934 rogas,
1081 4866 1404 4936 quandoque
1448 4867 1664 4923 veniam
1722 4870 2022 4937 exhibebo,
2078 4881 2135 4927 et

561 4950 820 5029 quidquid
869 4953 1017 5009 circa
1075 4954 1223 5010 ilium
1281 4956 1711 5015 misericorditer
1762 4975 1925 5030 egero
1966 5003 1981 5028 ,
2038 4978 2137 5034 pro

556 5042 968 5100 arnoreChristi
1016 5055 1073 5108 et
1122 5056 1210 5102 tua
1259 5049 1526 5105 charitate
1573 5052 1874 5109 certissime
1918 5054 2132 5110 faciam.

553 5130 707 5193 Nune
738 5148 887 5205 ergo,
913 5131 1342 5197 eminentissime
1375 5144 1610 5210 domine,
1657 5155 1711 5202 et
1762 5146 2137 5204 infelicissimo

553 5225 633 5284 illi
679 5227 1112 5284 misericordiam
1165 5229 1399 5288 vestram
1452 5235 1749 5293 clementer
1796 5238 2127 5308 impendite,

557 5328 613 5376 et
660 5319 789 5384 mihi
840 5335 998 5376 servo
1047 5331 1228 5377 vestro
1275 5325 1559 5383 veritatem
1606 5328 1778 5383 sancti
1824 5331 1935 5384 oris
1965 5332 2129 5385 vestri

554 5404 842 5467 edieaciter
906 5410 1216 5480 adimplete,
1276 5414 1401 5483 quia
1448 5415 1590 5471 sicut
1641 5432 1739 5487 per
1802 5417 2127 5487 PrOpltetam

552 5497 745 5557 dicitur
775 5517 789 5555 :
826 5519 845 5553 ι
878 5500 1299 5565 Misericordiam
1339 5512 1394 5558 et
1434 5505 1716 5561 veritatem
1764 5508 1934 5577 diligit
1967 5509 2127 5575 Deus,

554 5586 781 5665 gratiam
801 5597 853 5646 et
875 5590 1096 5663 gloriam
1126 5594 1211 5649 det
1243 5593 1335 5652 tibi
1363 5594 1617 5655 Dominus
1638 5595 1807 5666 (Paul.
1836 5601 2123 5669 uxxm).t

2246 4589 2334 4645 ille
2379 4591 2447 4645 ad
2496 4590 2841 4661 episcopatus
2876 4607 3055 4647 arcem
3090 4591 3410 4658 revertitur,
3445 4591 3610 4645 totius
3639 4589 3821 4661 populi

2240 4696 2363 4750 spes
2391 4695 2511 4751 qua:
2538 4690 2718 4738 erecta
2750 4682 2945 4747 fuerat,
2978 4683 3194 4749 labitur,
3226 4683 3398 4739 servis
3440 4681 3535 4737 Dei
3563 4681 3817 4753 gaudium

2240 4770 2464 4836 tollitur,
2509 4780 2563 4825 et
2602 4786 2891 4840 pravorum
2921 4773 3182 4843 nequitia,
3226 4787 3348 4842 quae
3390 4770 3685 4826 formidare
3707 4770 3820 4841 jam

2239 4871 2500 4930 coeperat,
2533 4864 2599 4918 ad
2629 4863 2933 4919 audendum
2954 4862 3136 4933 pejora
3167 4863 3489 4919 iiducialiter
3512 4864 3814 4917 roboratur.

2240 4951 2602 5022 Quapropter,
2635 4970 2729 5009 rex
2774 4955 3161 5023 invictissime,
3204 4958 3346 5024 quod
3378 4956 3445 5009 ad
3476 4954 3683 5007 laudem
3718 4952 3817 5006 Dei

2239 5052 2295 5097 et
2337 5043 2564 5098 salutem
2597 5046 2878 5102 hominum
2911 5046 3180 5117 coepistis,
3212 5046 3277 5100 ad
3307 5045 3466 5099 finem
3496 5057 3666 5113 usque
3691 5057 3817 5111 per-

2238 5135 2446 5203 ducite,
2494 5144 2547 5191 et
2590 5136 2797 5192 latrone
2844 5135 3047 5206 rejecto
3088 5148 3358 5209 pastorem
3400 5135 3543 5190 unde
3568 5132 3816 5190 Ecclesia

2236 5226 2468 5294 gaudeat
2515 5228 2780 5283 ordinate.
2834 5229 3185 5304 Omnipotens
3229 5229 3409 5293 Deus,
3462 5226 3555 5296 qui
3611 5224 3814 5281 terreni

2236 5314 2446 5384 imperii
2483 5318 2839 5387 gubernacula
2872 5321 3080 5387 tribuit,
3118 5331 3172 5376 et
3210 5320 3276 5374 ad
3322 5320 3621 5375 faciendam
3652 5317 3814 5390 242

2234 5403 2500 5473 justitiam
2528 5424 2680 5466 suam
2712 5411 2801 5466 diu
2842 5412 2893 5466 in
2921 5412 3022 5467 hac
3052 5422 3103 5467 te
3142 5413 3251 5468 vita
3283 5413 3576 5477 custodiat,
3606 5420 3661 5466 et
3694 5421 3817 5481 post

2238 5499 2481 5553 mortalis
2511 5502 2631 5555 vita:
2660 5503 2944 5559 decursum
2975 5505 3040 5559 ad
3065 5505 3309 5559 ctelestia
3332 5521 3497 5577 regna
3532 5503 3811 5575 perducat.

2234 5588 2425 5648 Amen.
