4170 6522
525 358 629 416 637

1093 468 1422 525 EPISTOLA
1462 468 1546 522 ιιι.

582 579 646 618 ΑΙ)
683 578 950 619 ΗΕΝΙΠΩΙΠΙ
986 578 1198 619 llBNRICl
1237 580 1274 619 ιι
1315 578 1425 618 ΙΙΙ).
1466 577 1682 630 ειιιυιι,
1722 577 2045 619 κοιιιιιιοιιωι

1227 649 1421 689 REGE“.

527 727 925 781 Ancuueuruu.
955 755 1027 765 —-
1055 724 1179 779 Hazc
1206 722 1431 792 epistola
1468 726 1668 791 scripta
1698 730 1781 777 est
1814 722 1880 775 ad
1909 721 2105 777 Henri-

599 812 743 867 cmn_
769 795 1066 867 superioris
1109 795 1321 867 lleurici
1358 792 1685 867 filium,__qni
1716 801 1929 867 mortuo
1954 801 2107 867 patre

601 861 850 920 nondum
892 867 1184 933 imperator
1214 864 1391 918 fuerat
1419 862 1737 932 appellatus.
1775 863 1869 933 sed
1899 861 2103 930 regium

600 950 794 990 nomen
821 931 1156 998 sustinebat;
1187 934 1275 1002 qui
1306 931 1585 1003 proximus
1611 940 1694 986 est
1731 931 2106 1003 adimperalo-

599 1006 731 1060 riam
758 1005 1072 1074 dignitatem
1097 1001 1317 1074 gradus.
1341 1003 1670 1074 Eratautem
1698 1011 1825 1074 tunc
1850 1001 2106 1074 temporis

598 1071 1162 1151 adolescensejusqne
1183 1084 1372 1151 tetasa
1404 1072 1620 1151 selectis
1652 1071 1971 1151 quibusdam
1999 1071 2107 1151 pri-

602 1145 787 1198 mariae
810 1139 1106 1199 nobilitatis
1135 1143 1448 1211 proceribus
1476 1139 1780 1211 regebatur.
1811 1139 1981 1209 Hujus
2007 1139 2107 1211 igi-

599 1222 685 1268 tur
710 1213 1068 1270 adolescentis
1094 1209 1332 1267 animum
1354 1212 1506 1281 quasi
1535 1209 1863 1281 quibusdam
1878 1209 2107 1281 stimulis

599 1283 877 1353 impellere
903 1292 1141 1353 conatur,
1160 1283 1218 1335 S.
1252 1279 1529 1353 doctorad
1554 1279 1709 1349 opem
1738 1279 2104 1353 Ecclesiaste-

597 1349 855 1418 reudam,
887 1369 1009 1423 quas
1037 1351 1407 1407 scelestisshni
1454 1351 1598 1423 illius
1638 1349 2107 1423 pseudopontilicis

598 1422 818 1479 Cadaloi
853 1419 1038 1477 furore
1067 1423 1299 1491 pessime
1322 1419 1644 1475 vexabatur.
1670 1419 1932 1486 Quoniam
1979 1434 2106 1474 vero

601 1502 936 1563 cognoverat
977 1496 1225 1547 eumdem
1260 1491 1570 1563 [Icarii-um,
1600 1491 1860 1563 et_pr_avis
1887 1504 2104 1543 suorum

597 1560 957 1633 quorumdam
984 1562 1247 1625 consiliis,
1289 1562 1486 1630 quibus
1526 1560 1706 1614 omnia
1734 1560 2017 1633 honestate
2053 1568 2108 1633 et

597 1630 797 1705 pietate
846 1633 1055 1687 cariora
1100 1642 1278 1705 erant,
1306 1640 1381 1705 et
1399 1646 1496 1705 sua
1525 1638 1716 1700 sponte
1744 1630 2107 1705 etiam,_quod

598 1699 796 1773 postea
810 1705 989 1758 exitus
1012 1701 1283 1772 patefecit,
1315 1701 1382 1754 ad
1414 1699 1650 1770 pejor-em
1673 1714 1892 1773 causam
1923 1699 2105 1773 defen-

597 1767 827 1845 dendam
877 1767 1049 1845 magis
1099 1786 1218 1827 esse
1266 1767 1622 1845 propenstmt,
1673 1768 1880 1845 lenibus
1928 1767 2106 1845 verbis

1670 352 1866 410 LIBER
1910 352 2267 416 SEPTIMUS,
2311 320 2527 409 ertsr.
2562 354 2644 408 ιιι.
2784 338 2789 345 “
3324 362 3349 379 κ

2134 475 2177 530 Λ
2213 469 2345 525 rime
2373 469 2655 525 dimicaret
2683 465 3241 538 (T.Ltv.llec.nt,lib.
3268 468 3328 538 ι).
3362 464 3605 522 lmbclles
3625 469 3779 536 pueri

3676 355 3779 411 458

2208 559 2344 616 bella
2358 557 2470 629 jam
2496 561 2706 631 spirant
2729 574 2829 629 pro
2858 566 3087 613 terrena:
3107 558 3262 614 unius
3284 558 3516 614 civitatis
3542 559 3779 620 honore;

2205 663 2258 707 et
2290 663 2365 719 tu,
2396 661 2446 707 te
2475 668 2583 708 non
2607 652 2818 707 excitas
2842 651 2911 706 ad
2937 651 3275 721 procinctum
3302 666 3403 722 pro
3433 651 3630 706 tuenda
3666 652 3786 705 nni-

2205 743 2429 799 versalis
2453 742 2708 799 Ecclesia:
2734 742 2982 799 libertate
3002 743 3017 796 l
3436 812 3439 815 _

2276 831 2503 897 Quidam
2550 841 2812 902 praetcrea
2858 830 3182 896 consiliarii,
3212 829 3287 885 tui
3326 829 3577 885 videlicet
3622 828 3783 884 aulici

2206 922 2491 978 ministerii
2519 922 2918 991 dispensatores
2961 920 3043 983 (ut
3072 920 3212 975 foeda
3250 934 3349 989 per
3383 919 3640 991 populum
3667 920 3786 972 vnl-

2205 1022 2363 1084 gatur
2392 1011 2636 1082 infamia)
2665 1011 2732 1066 de
2758 1010 3135 1082 persecutione
3157 1010 3413 1065 Romanas
3440 1009 3785 1080 gratulantur

2207 1100 2486 1166 Ecclesiae,
2524 1100 2744 1169 utrique
2788 1099 2998 1155 scilicet
3033 1099 3174 1169 parti
3211 1098 3452 1153 faventes
3482 1098 3785 1166 blandeque
3836 1116 3841 1120 δ

2206 1200 2484 1257 canentes,
2522 1199 2582 1245 ut
2604 1189 2766 1245 modo
2792 1205 2853 1244 se
2878 1188 3202 1244 venerabilis
3245 1203 3396 1259 papae
3426 1187 3664 1243 fautores
3687 1202 3784 1257 per

2206 1280 2588 1337 assentationis
2611 1279 2937 1335 lenocinium
2960 1288 3228 1345 asseraut,
3246 1279 3404 1332 modo
3429 1276 3784 1348 primogenito

2207 1373 2425 1427 Satanas
2450 1370 2572 1427 falsi
2603 1384 2885 1426 successus
2910 1367 3393 1439 lata-promittant.
3422 1367 3574 1434 Quod
3604 1375 3784 1420 tamen

2208 1464 2276 1519 de
2306 1462 2628 1533 quibusdam
2656 1461 2859 1517 sanctis
2889 1460 3043 1523 viris,
3073 1458 3167 1529 qui
3196 1459 3301 1513 tuis
3343 1469 3674 1512 consuevere
3704 1455 3785 1509 in-

2210 1561 2415 1607 teresse
2461 1549 2735 1613 consiliis,
2784 1547 2935 1604 nefas
2978 1557 3061 1603 est
3105 1548 3272 1602 credi.
3322 1546 3489 1600 Plane
3540 1545 3797 1614 quisquis

2208 1653 2449 1698 sanctam
2489 1641 2730 1697 dividere
2757 1638 2981 1695 molitur
3015 1637 3333 1703 Ecclesium,
3364 1635 3660 1691 timendqu
3684 1634 3787 1690 sibi

2210 1744 2296 1790 est
2342 1750 2411 1789 ne
2459 1734 2751 1789 secundum
2792 1730 3158 1801 evangelicam
3206 1727 3529 1784 sententiam
3576 1735 3631 1781 et
3673 1726 3788 1796 ipse

599 1819 826 1898 acrior-a-
854 1819 1236 1913 quiﬁt-antra,
1263 1819 2101 1913 δί’ᾗῗεῗιῖἰᾷἇιίιίᾇῆἶεέὶῖοιέέξῖιί
2138 1825 2180 1882 Β
2208 1825 2481 1884 dividatur
2521 1844 2536 1881 :
2567 1845 2586 1878 ι
2617 1825 2830 1890 Veniet,
2862 1823 3056 1893 inquit,
3092 1821 3349 1876 Dominus
3395 1820 3535 1874 servi
3569 1819 3710 1873 illius
3734 1819 3785 1873 in

599 1906 900 1977 termiscet',
951 1921 1006 1966 ut
1054 1906 1229 1981 quem
1258 1911 1465 1981 pudore
1504 1924 1614 1967 non
1662 1916 1896 1979 poterat,
1948 1906 2108 1962 minis

599 1984 791 2038 saltem
826 1995 884 2038 et
914 1978 1109 2037 timore
1138 1981 1207 2036 ad
1229 1978 1467 2036 cilicium
1498 1978 1797 2034 revocaret.

602 2091 808 2146 Domno
854 2089 1092 2145 Hsuatco
1141 2087 1640 2160 praecellentissimo
1700 2086 1845 2158 regi,
1892 2085 2109 2142 PETRIS

528 2193 781 2257 peccator
808 2184 1105 2239 monachus
1129 2182 1469 2237 servitutem.

599 2275 811 2331 Subditi
856 2273 1056 2343 quique
1108 2272 1299 2326 timent
1354 2284 1560 2339 regem,
1613 2283 1708 2323 rex
1759 2280 1979 2324 necesse
2025 2274 2109 2321 est

529 2375 736 2422 metuat
762 2365 1130 2421 Conditorem.
1167 2362 1273 2418 Sed
1294 2376 1417 2416 cum
1440 2359 1719 2430 Scriptura
1742 2357 1924 2413 dicat:
1963 2375 1982 2407 ι
2010 2354 2108 2411 Cui

530 2457 650 2528 plus
669 2455 1047 2520 committitur,
1073 2453 1189 2524 plus
1219 2451 1513 2520 requiritur
1543 2448 1694 2520 (Luc.
1723 2445 1856 2517 xu);
1898 2464 1921 2496 ι
1943 2445 2107 2500 etiam

530 2550 583 2602 in
614 2548 716 2602 hoc
756 2546 974 2617 expedit
1010 2548 1190 2614 regem
1236 2540 1554 2612 propensius
1590 2536 1919 2600 formidare,
1965 2534 2108 2604 quod

529 2637 638 2703 illi,
670 2650 830 2706 quem
880 2634 1060 2689 cordis
1108 2630 1319 2687 occulta
1371 2645 1477 2683 non
1528 2626 1750 2691 fallunt,
1795 2625 2005 2695 cogitur
2044 2624 2110 2679 de

527 2725 774 2797 pluribus
802 2724 1068 2779 rationem
1094 2721 1339 2776 reddere.
1364 2718 1497 2774 Cum
1524 2716 1687 2788 igitur
1707 2730 1798 2770 rex
1829 2715 1883 2769 in
1905 2712 2111 2784 judicio

527 2816 782 2871 discutiat
813 2814 1105 2877 hominem,
1134 2812 1277 2867 Deus
1313 2823 1513 2880 regem,
1540 2806 1829 2877 dignumne
1904 2811 2019 2870 est,
2051 2813 2112 2858 ut

541 2907 717 2979 pulvis
744 2908 924 2962 timeat
954 2905 1255 2976 pulverem,
1284 2910 1341 2956 et
1362 2901 1503 2956 idem
1533 2899 1710 2970 pulvis
1732 2897 1786 2954 in
1814 2912 1942 2969 rege
1970 2896 2109 2952 divi-

527 2988 652 3055 nam
696 2998 957 3068 despiciat
1009 2992 1382 3063 majestatem?
1430 2992 1483 3045 In
1531 2991 1721 3046 diebus
1769 2989 1899 3052 tuis,
1926 3003 1960 3043 o
1989 3003 2107 3053 rex,

528 3089 779 3143 obortum
822 3095 906 3142 est
960 3085 1065 3140 tale
1118 3068 1451 3154 periculum,
1497 3080 1640 3150 quod
1686 3078 1925 3134 omnium
1974 3090 2111 3146 pene

531 3178 866 3233 transcendit
906 3175 1173 3245 nequitias
1218 3172 1562 3247 szeculorum,
1607 3168 1900 3239 apostolica
1946 3167 2110 3222 nimi-
2139 3180 2183 3239 ε

528 3284 649 3324 rum
671 3269 823 3323 sedes
854 3282 949 3337 per
976 3264 1394 3321 lueresiarcham
1421 3261 1568 3333 (100)
1590 3259 1899 3316 Parmensis
1923 3258 2111 3314 Eccle-

528 3360 625 3414 siae
652 3358 937 3422 scinditur,
971 3356 1161 3426 religio
1201 3352 1508 3408 Christiana
1576 3350 1945 3414 confunditur,
1979 3364 2111 3419 apo-

529 3451 790 3507 stolorum
840 3450 992 3505 labor
1041 3447 1342 3512 evertitur,
1385 3455 1440 3501 et
1488 3443 1811 3500 universalis
1862 3442 2114 3511 splendor

532 3542 785 3599 Ecclesiae
825 3556 921 3614 per
946 3540 1289 3596 tenebrosam
1317 3537 1479 3593 unius
1515 3534 1850 3592 schismatici
1879 3532 2114 3590 hominis

528 3632 1019 3704 concupiscentiam
1049 3631 1388 3685 obscuratur.
1428 3626 1567 3694 Quid
1590 3626 1660 3682 ad
1686 3627 1803 3681 haec
1826 3624 1991 3689 dices,
2019 3623 2113 3694 qui

528 3725 907 3780 ecclesiastica:
937 3714 1269 3778 defensionis
1299 3719 1474 3774 ollicio
1520 3717 1784 3788 fungeris,
1805 3716 1897 3787 qui
1927 3716 1980 3769 in
2017 3729 2106 3784 pa-

534 3817 708 3881 terni,
759 3816 839 3869 vel
890 3815 1017 3868 aviti
1067 3812 1265 3883 sceptri
1309 3812 1432 3883 jura
1479 3809 1764 3866 succedis?
1805 3809 1888 3862 Au
1942 3807 2115 3876 plenae

533 3908 672 3965 forte
720 3908 884 3962 robur
926 3906 1102 3961 aetatis
1148 3904 1325 3957 adhuc
1355 3901 1449 3956 tibi
1485 3890 1674 3956 deesse
1721 3897 2114 3969 conque'reris?

539 4000 646 4060 Sed
672 4019 801 4061 ecce
826 4000 954 4058 Joas
993 4017 1084 4056 rex
1118 3998 1250 4053 .luda
1285 4007 1437 4052 tener
1463 3995 1641 4055 adhuc
1670 3994 1736 4049 de
1762 3993 1926 4048 sartis
1955 3990 2112 4047 tectis

534 4093 715 4164 templi
759 4092 1009 4147 celeriter
1049 4087 1415 4144 instaurandis
1443 4100 1566 4139 cum
1617 4081 1989 4145 sacerdotibus
2032 4080 2114 4134 di-

406 4182 409 4189 ’
483 4220 495 4239 ε
531 4192 711 4256 εριιιιιι
737 4181 844 4252 (ιγ
875 4180 1004 4252 Reg.
1040 4181 1170 4248 xu);
1199 4193 1294 4233 eos
1315 4190 1537 4246 quoque.
1559 4172 1809 4228 collatam
1839 4185 1867 4223 a
1915 4169 2113 4239 populo

456 4338 467 4345 ι
531 4283 675 4330 vetat
718 4274 952 4328 retinere
994 4270 1296 4342 pecuniam,
1350 4276 1623 4333 totamque
1657 4262 1954 4317 artiﬁcibus
1980 4275 2111 4329 ope-

536 4381 652 4419 rum
676 4362 882 4432 judicat
909 4359 1289 4416 exhibendam.
1329 4355 1491 4429 David
1530 4354 1616 4409 vix
1648 4355 1775 4408 dum
1802 4352 2115 4407 adolescen-

460 4455 466 4462 ’
536 4454 624 4511 tim
671 4454 836 4509 limen
883 4451 1221 4521 ingrediens,
1270 4448 1531 4501 adversus
1576 4442 1791 4500 Goliath
1833 4458 1939 4497 non
1991 4458 2113 4495 cum

534 4546 733 4615 gladio,
764 4543 858 4599 sed
883 4558 1006 4598 cum
1037 4526 1232 4611 lapillis
1260 4538 1418 4609 quasi
1451 4536 1729 4606 pueriliter
1755 4533 1995 4595 dimicat,
2020 4527 2112 4585 sed
2146 4530 2193 4589 D

532 4638 584 4694 ei
611 4645 774 4707 caput
801 4645 1060 4706 tanquam
1087 4633 1173 4688 vir
1200 4631 1357 4686 fortis
1405 4630 1510 4683 ictu
1542 4626 1788 4697 pugionis
1829 4627 2116 4680 obtrnnmt

424 4716 445 4729 ί
534 4728 584 4801 (1
637 4728 766 4800 Reg.
817 4727 974 4795 xvn).
1022 4720 1468 4779 Adolescentulus
1510 4719 1688 4773 adhuc
1726 4715 1903 4771 Josias
1954 4713 2113 4785 243

535 4821 716 4875 otnnia
746 4835 875 4875 vasa
895 4818 1026 4873 Baal
1047 4818 1115 4873 de
1137 4815 1336 4887 templo
1363 4812 1571 4869 Domini
1599 4825 1723 4866 cum
1747 4807 2116 4865 sacerdotibus

537 4910 784 4981 projicit,
818 4917 875 4963 et
921 4907 976 4962 in
1024 4904 1265 4963 convalle
1310 4903 1545 4969 Cedron,
1596 4899 1808 4955 ﬂamma
1858 4904 2113 4959 vorantc,

535 5002 815 5059 succendit
862 5000 978 5073 (IV
1020 4998 1150 5070 Reg.
1199 4998 1392 5068 χχιιι).
1434 4996 1514 5051 Illi
1567 4994 1729 5066 igitur
1779 4993 2116 5049 honorabant

540 5092 817 5162 templum,
858 5090 911 5144 in
943 5103 1050 5159 quo
1079 5088 1301 5159 sanguis
1327 5088 1607 5145 brutornm
1643 5081 1957 5138 animalium
1989 5081 2112 5134 fun-

538 5181 800 5244 debatur;
863 5187 919 5234 tu
966 5194 1072 5233 non
1114 5176 1390 5232 succurris
1436 5172 1710 5239 Ecclesiae,
1763 5172 1814 5225 in
1863 5186 1969 5240 qua
2017 5185 2115 5240 pro

512 5270 715 5325 “Salute
745 5269 930 5325 mundi
975 5268 1177 5324 Christi
1215 5280 1412 5335 corpus
1443 5261 1707 5320 offertur?
1752 5261 1918 5326 Nam,
1950 5271 2008 5315 ut
2047 5261 2114 5314 ad

541 5359 817 5429 gentilium
862 5365 1076 5427 quoque
1118 5368 1465 5410 recurramus
1518 5351 1837 5416 historiam,
1886 5349 2114 5404 Annibal

541 5452 651 5519 ille,
680 5451 772 5523 qui
797 5448 1306 5520 Carthagincnsium
1333 5446 1442 5500 dux
1461 5446 1637 5500 factus
1657 5452 1759 5508 est,
1791 5458 1911 5497 cum
1942 5442 2117 5497 adhuc

512 5552 732 5599 “novem
755 5552 899 5600 esset
911 5557 1196 5606 annorum,
1218 5538 1474 5594 Amilcari
1499 5536 1633 5607 patri
1652 5533 1854 5605 juravit
1877 5534 1944 5589 ad
1971 5549 2113 5597 aras,

542 5637 670 5707 quia
696 5652 818 5692 cum
849 5635 1098 5706 primitus
1126 5641 1325 5703 posset,
1358 5630 1616 5687 adversus
1663 5629 1932 5691 Romanos
1966 5640 2115 5681 accr-

532 5760 537 5763 ’
617 5771 762 5843 (101')
790 5769 1079 5826 Cadaloum
1114 5765 1376 5837 intelligit.

1726 5754 1751 5767 ἐς

2208 1920 2316 1985 die,
2350 1933 2453 1988 qua
2484 1933 2589 1973 non
2623 1926 2828 1987 Sperat,
2866 1927 2920 1972 et
2947 1916 3107 1979 bora,
3133 1928 3237 1982 qua
3269 1911 3462 1977 nescit,
3502 1921 3557 1965 et
3586 1910 3788 1964 dividet

2206 2017 2364 2074 eum,
2410 2016 2729 2079 partemque
2757 2005 2874 2072 ejus
2922 2019 3044 2059 cum
3086 2001 3392 2057 infidelibus
3436 2008 3597 2070 ponet
3633 1998 3785 2071 (Luc.

2206 2101 2342 2169 xu).
2381 2119 2401 2152 ι
2434 2097 2603 2152 Porro
2633 2097 2699 2151 de
2743 2094 2945 2163 Pbaleg
2993 2092 3103 2148 filio
3148 2090 3327 2146 Heber
3375 2090 3634 2158 scriptum
3682 2098 3785 2151 est,

2206 2191 2332 2261 quia
2368 2190 2422 2246 iu
2451 2189 2644 2244 diebus
2669 2187 2787 2256 ejus
2830 2186 3001 2241 divisa
3039 2192 3119 2240 est
3148 2170 3294 2257 ic’rra
3327 2180 3479 2252 (Gen.
3514 2181 3602 2252 x);
3637 2183 3703 2234 de
3735 2188 3790 2234 te

2208 2296 2426 2353 quoque
2473 2278 2772 2334 cavendum
2813 2283 2897 2331 est
2942 2290 3011 2329 ne
3060 2273 3309 2338 dicatur,
3340 2270 3465 2341 quia
3515 2271 3569 2324 in
3600 2270 3791 2324 diebus

2210 2374 2317 2451 tuis
2345 2372 2518 2428 divisa
2541 2379 2625 2425 est
2655 2366 2917 2423 Ecclesia.
2948 2360 3267 2420 Scribantur
3297 2362 3540 2425 annales,
3576 2367 3790 2414 texatur

2211 2449 2438 2521 historia
2466 2477 2589 2532 qua;
2616 2460 2762 2516 dicat
2788 2457 2916 2529 quia
2942 2456 3115 2511 Nerva
3145 2449 3792 2518 clementissimus’impe-

2212 2564 2360 2611 rator
2405 2549 2711 2623 pacificavit
2756 2545 3085 2607 Ecclesiam,
3146 2540 3534 2597 Constantinus
3583 2538 3786 2592 contire

2211 2647 2400 2714 mavit,
2450 2642 2785 2698 Theodosius
2830 2637 3130 2702 exultavit,
3187 2644 3242 2689 et
3292 2648 3418 2688 cum
3466 2638 3786 2702 perventum

2211 2737 2375 2794 fuerit
2407 2735 2475 2789 ad
2499 2742 2570 2799 te,
2593 2731 2883 2803 gloriosum
2913 2742 2981 2782 ne
3010 2726 3103 2781 tibi
3130 2735 3234 2788 est,
3263 2722 3309 2778 si
3335 2722 3549 2777 dicatur
3580 2734 3597 2772 :
3626 2717 3788 2773 Heiu-

2214 2831 2358 2885 ricus
2401 2823 2625 2882 divisit?
2661 2821 2819 2879 Absit
2853 2820 2957 2874 hoc
2991 2832 3021 2871 a
3051 2825 3139 2882 te,
3177 2823 3237 2869 ut
3263 2814 3405 2867 hanc
3447 2810 3591 2880 legat
3620 2807 3789 2862 histo-

2213 2921 2348 2975 riam
2375 2915 2664 2988 posteritas
2687 2918 2913 2967 ventura
2941 2908 3006 2963 de
3036 2915 3107 2962 te.
3134 2903 3251 2958 Noli
3275 2916 3405 2973 ergo
3425 2915 3545 2956 esse
3567 2897 3805 2968 Phaleg,‘

2211 3013 2303 3084 qui
2353 3010 2638 3080 conjuncta
2673 3004 2882 3059 dividas
2929 2998 3095 3073 (Gen.
3138 2996 3238 3068 x);
3287 2994 3382 3050 sed
3437 2999 3555 3084 esto
3591 2989 3794 3084 Christi

2213 3078 2527 3172 discipulus,
2560 3099 2649 3168 qui
2676 3095 2847 3152 divisa
2878 3090 3191 3161 coniungas.
3219 3087 3259 3142 li
3292 3098 3421 3140 vero
3444 3080 3535 3154 qui
3559 3081 3626 3135 ad
3655 3078 3789 3133 divi-

2215 3200 2421 3254 sionem
2449 3193 2757 3266 apostolica:
2782 3188 2931 3246 sedis
2974 3185 3240 3242 diabolico
3269 3179 3670 3237 succenduutur
3705 3175 3790 3229 in-

2213 3284 2436 3366 stinqtn,
2474 3287 2712 3348 Datltan,
2736 3291 2793 3336 et
2819 3281 3047 3344 Abiron,
3081 3285 3243 3347 atque
3283 3273 3459 3329 Chore
3496 3271 3563 3325 ad
3590 3281 3794 3322 memo-

2216 3357 2362 3434 riani
2380 3384 2664 3439 revocent,
2700 3382 2757 3428 et
2785 3388 2850 3427 ex
2892 3383 3080 3424 eorum
3125 3362 3515 3437 perditionibus
3541 3357 3793 3429 colligant

2213 3471 2406 3543 (Num.
2455 3467 2601 3538 va),
2646 3466 2739 3534 qui
2773 3459 3092 3517 tinis‘etiam
3130 3471 3220 3522 se,
3250 3455 3343 3524 qui
3375 3467 3480 3507 non
3509 3446 3791 3505 dissimilia

2214 3539 2510 3624 sectantur,
2537 3562 2833 3627 exspectat.
2866 3551 2944 3606 Illi
2976 3566 3109 3606 sane
3135 3547 3370 3603 schisma
3395 3539 3789 3613 fecerantSyn-

2214 3668 2433 3723 agogae,
2501 3648 2588 3704 isti
2651 3644 2971 3701 divisionem
3045 3638 3426 3694 machinantur
3508 3629 3792 3687 ECCleSltP.

2214 3742 2577 3813 Quamobrem
2610 3740 2752 3795 sicut
2794 3736 2915 3791 illos
2942 3733 3127 3803 utique
3155 3729 3397 3783 viventes
3430 3735 3573 3778 terra
3604 3722 3792 3790 deglu-

2217 3838 2334 3902 tiit;
2365 3836 2445 3891 sic
2475 3832 2562 3887 isti
2588 3846 2685 3900 per
2710 3824 3069 3884 schismaticte
3107 3818 3356 3890 nequitia:
3384 3814 3634 3869 meritmu
3665 3826 3792 3881 pru-

2215 3900 2422 3990 dentes,
2452 3934 2507 3981 et
2528 3922 2764 3980 scientes
2798 3922 3117 3987 merguntur
3145 3912 3197 3965 iu
3233 3918 3515 3990 tartarum.
3546 3900 3794 3983 Neciglo-

2462 3979 2559 4085 qui
2609 4008 2896 4067 manifeste
2917 3979 3202 4059 ⁷ιὶοιιιιιῐιειξ
3246 3979 3501 4053 Εοειθείῖὶς
3551 3979 3789 4063 schisma

2216 4126 2322 4164 non
2372 4080 2609 4169 faciunt,
2656 4101 2750 4157 sed
2794 4108 2974 4153 tamen
3023 4088 3310 4148 aunueudo
3360 4094 3415 4139 et
3469 4080 3791 4152 negligenda

2215 4197 2584 4258 scindentibus
2635 4207 2740 4248 non
2778 4189 3068 4251 resistunt,
3116 4182 3243 4253 quia
3298 4178 3439 4233 sicut
3484 4188 3590 4227 non
3643 4169 3792 4225 solus

2217 4292 2323 4355 ille,
2353 4288 2447 4359 qui
2474 4285 2611 4342 dixit
2643 4298 2657 4336 :
2688 4301 2705 4333 ι
2736 4281 2793 4335 Ιιι
2819 4276 3018 4335 etelum
3043 4269 3429 4333 conscendam,
3455 4277 3619 4333 super
3645 4272 3795 4314 astra

2216 4354 2341 4441 ctBli
2372 4354 2636 4438 exaltabo
2685 4375 2876 4432 solium
2924 4383 3103 4425 meum
3151 4363 3300 4437 (Isu.
3350 4358 3507 4427 xiv);
3547 4377 3565 4408 ι
3600 4354 3694 4409 sed
3742 4363 3798 4407 et

2219 4488 2409 4529 omnes
2446 4470 2684 4525 fautores
2713 4465 2829 4533 ejus
2871 4467 3092 4530 repente
3131 4462 3256 4510 sunt
3285 4468 3316 4507 e
3360 4450 3498 4506 ctelo
3542 4443 3793 4516 projecti,

2219 4568 2289 4620 ita
2320 4580 2423 4617 non
2451 4560 2610 4617 modo
2638 4557 2837 4618 Chore,
2863 4551 2956 4605 sed
2997 4557 3054 4603 et
3089 4542 3380 4615 complices
3408 4539 3544 4609 ejus,
3576 4533 3794 4617 ducenti

2218 4654 2467 4710 videlicet
2504 4646 2889 4721 quinquaginta
2937 4635 3313 4714 viri,ctelestis
3349 4631 3491 4702 ignis
3537 4635 3662 4683 sunt
3702 4625 3795 4721 Iin-

2217 4744 2408 4799 cendio
2447 4715 2710 4795 devorati.
2756 4715 2913 4791 Unde
2959 4728 3259 4787 cavendum
3307 4730 3427 4786 est,
3469 4733 3538 4773 ne
3587 4715 3795 4770 malitia

2217 4833 2556 4893 subditorum
2581 4826 2843 4884 redundet
2866 4822 2919 4878 in
2952 4834 3160 4891 regem,
3190 4810 3293 4872 etsi
3350 4826 3455 4866 non
3483 4808 3796 4877 delinquen-

2221 4935 2368 4986 tem,
2414 4937 2520 4977 non
2571 4928 2753 4974 tamen
2808 4930 2908 4985 pro
2956 4910 3158 4965 viribus
3202 4903 3599 4976 prohibentem.
3660 4896 3792 4952 Nam

2220 5012 2553 5084 Gregoriana
2578 5006 2850 5066 sententia
2872 5011 2993 5058 est:
3025 4999 3176 5053 Facti
3212 4994 3424 5064 culpam
3457 4992 3638 5052 habet,
3679 4989 3792 5057 qui,

2222 5082 2364 5183 quod
2403 5114 2599 5180 potest,
2633 5100 2854 5174 negligit
2889 5095 3196 5152 emendare.
3227 5090 3536 5146 Cavendqu
3572 5093 3673 5147 est,
3713 5082 3829 5137 in-.

2222 5176 2470 5274 quam;o
2501 5213 2618 5261 rex,
2645 5210 2713 5251 ne
2751 5195 2877 5247 dum
2905 5198 2959 5243 tu
2987 5185 3190 5258 pateris
3211 5182 3375 5238 dividi
3407 5176 3794 5235 sacerdotium,

2223 5267 2386 5366 ξω
2405 5299 2552 5345 tuum
2575 5300 2807 5357 quoque,
2831 5281 2973 5352 quod
3001 5278 3160 5342 absit,
3186 5273 3454 5331 dividatur
3480 5267 3791 5366 imperium.

2222 5355 2523 5439 ﬁant-sicut
2551 5355 2715 5434 sacra
2736 5381 2965 5429 testatur
3005 5366 3257 5429 hisroria,
3289 5377 3411 5417 mox
3444 5370 3502 5413 ut
3546 5355 3674 5412 Sani
3703 5370 3796 5423 ap-

2223 5471 2507 5545 prehendit
2549 5466 2913 5523 summitatem
2959 5458 3105 5530 pallii
3156 5452 3460 5515 Samuelis,
3502 5458 3558 5504 et
3605 5447 3795 5509 scidit,

2223 5534 2468 5638 protinus
2514 5562 2587 5616 illi
2618 5556 2836 5616 Samuel
2866 5572 2880 5609 :
2912 5575 2930 5608 ι
2963 5553 3072 5617 Sic,
3108 5548 3304 5619 inquit,
3337 5543 3498 5600 scidit
3536 5541 3797 5595 Dominus
3866 5566 3869 5571 ι
3953 5534 3957 5538 ’

2212 5629 2450 5726 regnum
2477 5650 2642 5708 lsrael
2671 5666 2699 5706 a
2729 5657 2780 5704 te
2809 5644 2970 5703 hodie
2989 5683 3003 5712 ,
3031 5650 3085 5697 ct
3128 5636 3349 5695 tradidit
3378 5632 3505 5691 illud
3548 5629 3801 5702 proximo
