4170 6492
460 317 563 374 659
1002 320 1055 371 S.
1102 315 1303 369 PETIII
1342 312 1618 368 liAhilANi
1659 309 1806 368 OI‘I‘.
1844 309 2025 363 mus

2069 307 2196 363 SEU
2239 304 2475 361 TUMUS
2514 303 2550 357 Ι.
2590 334 2656 343 --—
2686 301 2902 358 EPIST.
2946 301 3073 357 LIB.
3119 301 3246 356 Vill.

3604 301 3710 358 440

452 436 542 484 tuo
593 404 802 485 ιιιιιιῑιιιί
852 441 901 485 te
935 428 980 502 (l
1066 429 1191 501 Reg.
1238 427 1347 499 xv).
1386 440 1406 481 ι
1455 426 1622 483 Porro
1674 436 1852 493 autem
1895 414 2038 480 sicut
2063 436 2107 496 Α
2138 422 2276 477 cavi.
2309 420 2378 476 Ut
2404 422 2470 475 de
2501 429 2552 474 te
2580 434 2814 490 quoque,
2847 419 2987 475 sicut
3018 420 3083 473 de
3125 417 3247 485 illo,
3289 417 3487 487 celebri
3536 433 3711 488 quan-

453 520 679 591 pnll‘tmi
728 524 859 576 illud
906 521 1068 575 vestis
1116 526 1236 575 erat
1278 519 1580 582 Samuelis,
1633 516 1711 574 sic
1760 528 1807 573 et
1844 522 2032 572 sancta

451 611 690 669 Ecl-testa
739 614 902 670 vestis
947 618 1029 666 est
1086 612 1270 680 utique
1328 602 1723 679 Redemptm'is.
1787 609 1883 665 Cui
1940 622 2035 678 per

454 702 787 777 Prophetam
833 704 1035 758 dicitur
1064 722 1076 757 :
1110 722 1128 753 ι
1159 700 1563 758 confessionem
1589 712 1643 759 et
1669 704 1918 757 decorem
1948 701 2030 754 in-

452 792 613 851 .inisti
654 788 825 867 (Pint.
876 795 1014 865 c'm).
1053 813 1070 845 ι
1101 782 1509 848 Confes‘sionem
1542 794 1743 863 quippe
1778 791 2035 847 Dominus

450 886 649 949 ιιιιῖὶιίι,
683 888 807 941 cum
856 885 960 941 sibi
992 892 1302 953 peccatores
1329 883 1565 939 associat
1608 885 1920 952 pmnitendo
1948 898 2034 937 sa-

452 988 638 1044 natos;
674 977 922 1034 decorem
952 980 1100 1041 vero,
1132 988 1253 1031 cum
1286 976 1506 1030 sibimet
1530 975 1824 1030 clementer
1852 975 2033 1045 agglu-

414 1118 421 1127 .
454 1062 594 1124 linat
632 1070 950 1124 innocentes
990 1069 1166 1122 nitore
1206 1068 1431 1137 iustitia:
1477 1068 1774 1136 spcciosos.
1804 1060 2032 1120 Pallium

454 1160 618 1228 igitur
660 1154 929 1214 Samuelis
972 1156 1101 1213 Sani
1143 1157 1357 1226 abiitpit
1400 1160 1457 1212 et
1502 1164 1723 1228 regnum
1767 1158 2028 1227 perdidit;

455 1253 654 1306 tihristi
684 1253 949 1306 scinditur
977 1244 1381 1314 vestimentum,
1408 1259 1463 1302 et
1496 1249 1621 1303 licet
1649 1260 1752 1302 non
1781 1248 2033 1303 scinden-

453 1346 540 1404 tis.
575 1346 749 1399 tamen
795 1346 1042 1399 scindere
1088 1342 1479 1411 permittentis,
1515 1342 1676 1397 stabit
1716 1341 2031 1410 imperium?

453 1424 831 1490 iueonsniiicni
861 1444 1062 1489 vatem
1088 1434 1214 1489 Jcsu
1245 1432 1399 1488 miles
1425 1434 1639 1502 gentilis
1670 1432 1862 1493 metuit
1889 1433 2032 1487 scin-

455 1525 605 1583 dere,
639 1526 692 1577 et
722 1522 1016 1577 Cinistialti
1055 1528 1160 1575 no'n
1189 1530 1443 1575 verentur
1472 1521 1764 1575 Ecclesium
1814 1535 1910 1589 per
1945 1535 2032 1574 er-

455 1618 632 1668 rorem
684 1614 1087 1669 schismaticum
1141 1614 1437 1684 separare?
1488 1613 1622 1668 Cum
1680 1626 1808 1683 ergo
1867 1614 2032 1668 vestis

455 1704 651 1761 Chi-isti
716 1716 898 1761 sancta
957 1707 1170 1761 dicatur
1236 1706 1513 1769 Ecclesia,
1570 1706 1762 1760 seiSsio
1828 1705 1991 1759 vestis

2141 512 2319 581 doque
2353 524 2449 580 per
2479 510 2728 581 populum
2759 510 3041 564 devouone
3075 509 3287 564 dicatur
3317 507 3586 575 :Utinam,
3619 521 3712 567 aut

2136 618 2243 657 non
2290 612 2627 669 nasceretur,
2675 612 2768 656 aut
2814 617 2919 657 non
2968 614 3272 659 moreretur
3305 607 3499 671 limo,
3542 615 3600 660 ut
3646 609 3715 663 de

2135 695 2309 751 sacris
2339 694 2549 765 paginis
2577 694 2930 749 adhibeamus
2962 693 3289 764 exemplum,
3324 695 3459 751 illud
3491 696 3708 767 impim.

2138 796 2224 842 tur
2251 786 2303 841 in
2334 794 2383 841 te
2413 787 2561 857 quod
2590 786 2756 841 David
2793 785 2896 841 sibi
2926 785 3092 840 Deum
3121 784 3285 839 Israel
3325 785 3527 841 dixisse
3564 794 3710 842 coin-

2137 887 2446 934 memorat:
2481 897 2498 930 ι
2534 877 2687 933 Sicut
2720 879 2809 931 lux
2859 892 3085 942 auroraa,
3130 876 3339 932 oriente
3386 877 3522 943 Sole,
3555 882 3714 934 mane

2135 971 2340 1040 absque
2393 969 2624 1024 nubibus
2669 968 2879 1032 rutilat,
2925 979 2982 1022 et
3023 968 3162 1023 sicut
3204 967 3399 1038 pluviis
3450 971 3716 1041 germinat

2134 1058 2305 1117 herba
2350 1062 2417 1116 de
2465 1064 2606 1114 terra
2640 1056 2738 1131 (II
2771 1059 2901 1130 Reg.
2934 1059 3142 1129 xxm):
3179 1078 3198 1111 ι
3231 1059 3310 1114 sic
3351 1067 3475 1114 cum
3526 1061 3717 1136 eodeni

2135 1154 2304 1208 David
2340 1168 2447 1208 non
2474 1151 2742 1206 immerito
2771 1151 2947 1206 valeas
2973 1151 3153 1221 etipse
3187 1157 3411 1206 cantare
3437 1167 3451 1204 :
3474 1137 3721 1224 «Cuncta

2134 1243 2280 1298 salus
2312 1258 2452 1307 mea,
2490 1251 2547 1295 et
2570 1242 2747 1296 omnis
2776 1240 3043 1305 voluntas,
3072 1255 3171 1296 nec
3204 1249 3289 1294 est
3317 1241 3609 1311 quidquam
3648 1259 3715 1296 ex

2131 1346 2197 1390 eo
2222 1332 2365 1402 quod
2391 1348 2494 1387 non
2535 1332 2801 1401 germinet
2823 1332 3036 1404 (Ibid.).
3069 1351 3089 1384 ι

2205 1412 2445 1495 Utraque
2477 1432 2740 1495 praeterea
2771 1424 3006 1496 dignitas
3032 1465 3047 1489 ,
3080 1431 3135 1479 et
3171 1424 3366 1497 regalis
3395 1425 3634 1487 scilicet,
3665 1435 3719 1477 ct

2132 1514 2504 1580 sacerdotalis,
2534 1515 2678 1569 sicut
2719 1514 3093 1584 principaliter
3137 1515 3191 1569 in
3241 1502 3459 1570 Christo
3504 1515 3719 1570 sibimet

2131 1607 2370 1662 invicem
2398 1607 2661 1678 singulari
2684 1606 3019 1662 Sacramentl
3080 1607 3309 1662 veritate
3354 1608 3714 1672 connectitur,

2132 1699 2214 1755 sic
2251 1700 2303 1754 in
2341 1699 2658 1781 Christiano
2686 1697 2882 1770 popqu
2905 1702 3092 1751 mutuo
3112 1682 3343 1768 quodam
3379 1698 3479 1754 sibi
3517 1697 3717 1754 findere

456 1798 774 1853 divisionem
806 1799 1044 1852 minatur
1084 1797 1243 1868 regite
1274 1797 1579 1866 potestatis.
1609 1795 1745 1850 Hinc
1778 1807 1863 1851 est
1892 1795 2032 1851 forte
2061 1788 2104 1847 Β
2134 1789 2433 1860 copulatur.
2465 1789 2706 1859 Utraque
2727 1787 2977 1843 videlicet
3012 1789 3234 1863 alternae
3270 1790 3497 1845 invicem
3522 1787 3719 1844 utilita-

456 1894 598 1962 qnod
630 1890 811 1955 urbes,
855 1891 1068 1959 oppida,
1100 1892 1213 1945 sive
1256 1890 1546 1959 provincia:
1581 1888 1743 1960 hujus
1776 1892 1924 1961 regni
1964 1891 2033 1946 ab

455 1982 655 2036 cineris
683 1982 922 2050 quotidie
948 1983 1219 2036 cernimus
1246 1980 1554 2036 nationibus
1580 1982 1850 2050 usurpari.
1896 1978 1909 1985 ’

526 2054 796 2124 Daliaésar
818 2076 1032 2138 netnpc,
1062 2070 1190 2139 quia
1216 2082 1341 2123 vasa
1367 2068 1574 2124 Domini
1602 2069 1853 2123 metamus
1879 2068 2034 2124 labiis

455 2149 745 2216 Gentilium
798 2161 1039 2231 protulit,
1083 2170 1208 2215 mox
1256 2176 1319 2214 ex
1366 2174 1461 2216 ore
1509 2154 1742 2215 Danielis
1782 2160 2029 2214 audivit:

462 2271 481 2301 ι
519 2253 754 2307 Divisum
794 2262 876 2307 est
903 2260 1125 2323 regnum
1165 2262 1333 2317 tuum,
1363 2260 1417 2306 et
1445 2254 1625 2307 datum
1665 2260 1748 2308 est
1778 2252 1947 2308 Medis
1980 2263 2035 2306 et

460 2341 639 2395 Persis
668 2339 828 2413 (Dan.
867 2344 942 2411 ν).
996 2363 1014 2394 ι
1054 2342 1167 2396 lleli
1207 2343 1495 2398 sacerdotii
1542 2344 1800 2413 dignitate
1851 2344 2029 2397 detru-

462 2431 626 2493 ditur,
656 2431 781 2484 dunt
812 2447 917 2484 non
948 2433 1176 2486 intentat
1204 2432 1326 2487 liliis
1346 2434 1588 2497 verbera,
1619 2434 1712 2488 sed
1738 2432 2036 2502 blanditur;

462 2520 733 2590 utcunque
762 2530 937 2575 tamen
969 2523 1231 2591 corripuit
1261 2522 1396 2585 illos,
1440 2514 1531 2578 sed
1578 2522 1800 2578 lenitate
1841 2524 2029 2593 patris,

460 2614 563 2663 non
610 2610 927 2666 austeritate
969 2612 1237 2681 pontiﬁcis
1266 2610 1318 2685 (Ι
1349 2610 1472 2682 Reg.
1500 2613 1597 2682 ιι),
1642 2623 1803 2682 atque
1830 2613 2032 2683 idcirco

458 2701 760 2755 ccr‘viéibns‘
796 2698 1036 2756 eiii-actis
1079 2700 1328 2756 occubuit
1372 2700 1425 2773 (1
1454 2700 1577 2773 Reg.
1608 2702 1715 2771 Iv),
1741 2704 1865 2772 quia
1913 2716 2033 2769 pec-

456 2791 701 2869 cantibus
733 2791 1084 2855 inclementer
1111 2790 1350 2847 indt‘tISit.
1391 2790 1591 2848 Aeliias
1619 2796 1877 2864 propheta
1921 2795 2033 2862 pai-

459 2881 587 2955 tiuin
632 2886 788 2934 suum
819 2883 873 2935 in
919 2880 1199 2938 duodecim
1248 2893 1429 2953 partes
1473 2885 1663 2948 scidit,
1699 2894 1753 2938 et
1795 2885 1928 2939 dixit
1966 2880 2033 2938 ad

459 2962 745 3025 Ieruboam
780 2991 792 3024 :
826 2993 845 3024 ι
878 2968 1025 3027 Tolle
1057 2974 1153 3027 tibi
1187 2975 1371 3046 decem
1400 2976 1687 3031 scissuras.
1716 2976 1842 3030 llaec
1886 2977 2029 3031 enim

457 3060 587 3118 dicit
617 3062 874 3120 Dominus
910 3065 1050 3121 Dens
1082 3064 1247 3120 Israel
1282 3083 1294 3119 :
1329 3065 1469 3120 E‘cce
1515 3076 1615 3135 ego
1661 3066 1902 3120 scindam
1953 3081 2032 3119 re-

2135 1881 2206 1935 tis
2238 1879 2564 1950 est’lndiga,
2597 1878 2725 1932 dum
2764 1887 2823 1931 et
2875 1877 3239 1932 sacerdotium
3293 1876 3442 1948 regni
3495 1876 3719 1931 tuitione

2133 1974 2456 2043 protegitur,
2501 1979 2554 2027 et
2579 1978 2805 2042 regnum
2832 1968 3188 2027 Sacerdotalis
3222 1968 3382 2023 cilicii
3433 1969 3719 2024 Sanctitate

2136 2062 2372 2118 fulcitur.
2406 2062 2520 2117 Rex
2549 2062 2694 2116 enim
2743 2061 3092 2132 praecingitur
3125 2061 3327 2132 giadio,
3377 2071 3437 2116 ut
3476 2061 3720 2118 hostibus

2134 2155 2385 2212 Ecclesia:
2408 2153 2646 2208 munitus
2671 2164 2943 2209 occurrat.
2975 2151 3244 2208 Sacerdos
3284 2153 3590 2208 orationum
3631 2169 3715 2205 va-

2133 2246 2508 2311 catexcubiis,
2538 2248 2596 2298 ιιι
2621 2245 2736 2314 regi
2781 2255 2901 2299 eum
2945 2244 3144 2314 populo
3176 2243 3346 2299 Deum
3399 2244 3718 2314 placabilem

2135 2338 2345 2392 reddat.
2386 2335 2479 2390 Ille
2506 2335 2606 2389 sub
2642 2335 2796 2390 lance
2818 2334 3045 2405 iustitiae
3078 2335 3291 2405 negotia
3323 2336 3484 2390 debet
3506 2345 3721 2390 terrena

2133 2420 2418 2491 dirimere;
2444 2425 2547 2480 iste
2565 2424 2762 2480 ﬂuenta
2788 2424 3029 2481 eeeIeStis
3054 2425 3254 2495 eloquii
3289 2425 3449 2480 debet
3492 2426 3721 2480 sitienti-

2134 2516 2233 2574 bus
2255 2518 2559 2588 prepinare.
2590 2510 2681 2572 Ille
2703 2517 3028 2572 constitutus
3058 2525 3165 2583 est,
3220 2524 3281 2570 ut
3330 2525 3588 2572 nocentes
3639 2528 3720 2570 at-

2133 2623 2238 2679 que
2265 2607 2519 2664 scelestos
2540 2608 2788 2678 legalium
2815 2608 3152 2663 sanctionum
3182 2622 3409 2663 censura
3438 2618 3714 2671 coerceat;

2135 2700 2235 2755 iste
2266 2702 2330 2755 ad
2368 2701 2471 2754 hoc
2511 2698 2791 2752 ordinatus
2841 2704 2945 2763 est,
2982 2709 3043 2752 ut
3072 2710 3168 2766 per
3200 2697 3381 2753 claves
3406 2698 3672 2753 Eccl‘esia-
3702 2738 3719 2762 ,

2133 2800 2269 2861 quas
2295 2789 2521 2859 accepit.
2551 2784 2686 2843 alios
2720 2789 2836 2843 zelo
2886 2787 3130 2843 canonici
3175 2788 3377 2859 vigoris
3431 2788 3719 2858 astringat.

2134 2884 2267 2938 ilics
2293 2884 2391 2952 per
2420 2882 2883 2936 mansuetudinem
2920 2881 3303 2936 ecclesiasticae
3352 2882 3572 2952 pietatis
3622 2882 3717 2935 ah-

2135 2976 2327 3030 aclvat.
2361 2975 2465 3029 Sed
2491 2974 2613 3029 audi
2662 2973 2885 3028 Paulum
2916 2974 2984 3028 de
3012 2975 3227 3044 regibus
3259 2975 3641 3046 diSputautem,
3668 2985 3724 3029 et

2136 3070 2337 3121 rectam
2373 3064 2566 3135 regalis
2610 3063 2771 3120 cilicii
2819 3064 3014 3119 lineam
3063 3064 3351 3132 iacientem
3384 3084 3399 3120 :
3431 3075 3552 3121 nam
3604 3077 3723 3136 post

459 3156 621 3223 gnum
646 3153 711 3208 de
734 3160 893 3207 manu
920 3152 1246 3221 Salomonis,
1279 3163 1332 3209 et
1356 3154 1492 3209 dabo
1521 3155 1614 3210 tibi
1642 3155 1829 3209 decem
1862 3156 2032 3209 tribus
2060 3141 2104 3201 (Σ
2138 3154 2302 3209 multa
2327 3154 2405 3210 sic
2435 3155 2510 3209 ait
2542 3172 2553 3207 :
2592 3171 2611 3203 ι
2648 3154 2738 3209 Dei
2762 3154 2905 3208 enim
2931 3154 3175 3209 minister
3209 3164 3296 3210 est
3321 3157 3414 3210 tibi
3448 3157 3500 3210 in
3542 3156 3719 3221 bono;

457 3242 587 3315 (ΙΙΙ
616 3243 742 3315 Reg.
785 3244 893 3316 xi).
944 3265 961 3297 ι
994 3246 1196 3300 Divisio
1230 3261 1361 3317 ergo
1407 3246 1574 3302 vestis
1619 3246 1908 3317 scissuram
1948 3262 2034 3301 re-

465 3334 606 3404 galis
630 3334 899 3405 significat
929 3335 1168 3391 ditionis.
1203 3335 1354 3403 Quod
1381 3335 1507 3405 quia
1550 3350 1887 3405 nequaquam
1930 3335 2035 3391 Do-

462 3429 642 3483 minus
675 3428 727 3483 in
766 3426 955 3483 diebus
985 3428 1286 3484 Salomonis
1310 3428 1569 3499 implevit,
1600 3430 1691 3483 sed
1726 3430 1777 3482 in
1807 3434 2037 3499 posteris

459 3515 574 3588 eius
620 3519 732 3573 haec
778 3519 1041 3573 sententia
1071 3517 1271 3588 viguit;
1304 3518 1370 3574 de
1402 3528 1456 3575 te
1500 3534 1714 3589 quoque
1761 3520 1907 3589 pium
1953 3530 2038 3574 est

459 3609 681 3666 credere
708 3612 849 3678 quod
880 3611 971 3665 tibi
1004 3611 1095 3679 qui
1122 3612 1381 3665 innocens
1410 3627 1491 3675 es,
1521 3626 1743 3681 regnum
1771 3613 2034 3681 integrum

460 3700 827 3770 permanebit;
861 3710 981 3771 post
1030 3710 1081 3755 te
1107 3716 1234 3755 vero
1262 3700 1628 3770 subjectorum
1673 3712 1882 3756 tuorum
1924 3717 2037 3757 me-

461 3791 599 3854 ritis,
628 3792 727 3846 nisi
757 3791 894 3846 forte
920 3806 978 3846 se
1003 3792 1295 3860 corrigam,
1321 3791 1676 3846 transferetur
1698 3800 1754 3846 et
1780 3792 2038 3847 concedet

460 3882 515 3937 in
542 3882 779 3935 exteros.
813 3881 968 3937 Sient
995 3884 1136 3961 enim
1168 3897 1264 3952 per
1295 3883 1567 3937 Danielem
1595 3882 1792 3937 dicitur
1825 3899 1838 3934 :
1869 3898 1887 3931 ι
1929 3880 2034 3935 Do-

465 3973 701 4027 minatur
726 3964 983 4028 Excelsus
1029 3989 1189 4043 super
1219 3982 1438 4045 regnum
1483 3975 1758 4029 hominum
1779 4015 1793 4037 .
1832 3983 1886 4027 et
1918 3973 2034 4028 cui-

467 4074 680 4130 cunque
715 4060 946 4116 Volucrit
968 4063 1059 4116 dat
1086 4063 1388 4132 iliud(Dan.
1420 4063 1687 4132 tv)o.Nam
1716 4073 1771 4117 et
1795 4063 2038 4134 Assyrio-

463 4150 582 4204 rum
610 4159 854 4219 regnum,
877 4159 932 4206 et
958 4151 1397 4207 Lacctlarmonum
1428 4156 1763 4223 aliorumque
1798 4158 2035 4224 gentium

462 4244 566 4310 per
614 4239 830 4294 deﬁnita
880 4252 1183 4311 temporum
1235 4245 1407 4321 spatia
1458 4260 1518 4299 se
1567 4254 1889 4311 tenuerunt,
1940 4262 2037 4300 nec

466 4333 670 4390 diutius
690 4335 917 4404 pradisz
946 4335 1314 4389 diuturnitatis
1339 4337 1645 4401 terminum,
1678 4336 1818 4390 sicut
1851 4352 2036 4391 eorum

466 4429 734 4478 testantur
776 4422 1300 4492 annales,excedere
1344 4435 1653 4494 potuerunt.
1701 4426 1836 4481 liuic
1873 4428 2035 4481 etiam

2135 3248 2180 3303 si
2207 3250 2385 3303 autem
2411 3246 2607 3301 malum
2632 3243 2846 3310 feceris,
2877 3246 3025 3300 time.
3056 3246 3171 3302 Non
3212 3247 3360 3303 enim“
3390 3247 3512 3304 sine
3559 3262 3721 3304 causa

2135 3336 2368 3408 gladium
2416 3338 2615 3405 portat.
2651 3335 2742 3390 Dei
2784 3336 2928 3390 enim
2956 3336 3207 3392 minister
3242 3345 3369 3404 est,
3417 3339 3617 3394 vindex
3666 3341 3718 3395 in

2136 3428 2269 3482 iram
2297 3428 2345 3483 ei
2378 3427 2466 3497 qui
2490 3426 2688 3481 malum
2714 3426 2826 3496 agit
2856 3425 3028 3497 (Rom.
3060 3426 3201 3496 xm).
3243 3446 3262 3479 ι
3315 3426 3372 3482 Si
3399 3442 3532 3499 ergo
3560 3438 3616 3483 tu
3657 3443 3717 3484 es

2133 3518 2383 3572 minister
2421 3516 2513 3571 Dci
2544 3556 2558 3579 ,
2608 3529 2777 3585 quare
2809 3524 2912 3569 non
2967 3515 3214 3571 defendis
3254 3515 3551 3572 Eceiesiam
3578 3518 3670 3573 Dei
3700 3519 3724 3574 ?

2133 3608 2245 3666 Cur
2264 3607 2512 3672 armaris,
2536 3608 2580 3662 si
2605 3621 2709 3661 non
2731 3605 3028 3676 prmliaris?
3049 3606 3157 3661 Cur
3184 3607 3508 3676 accingeris,
3530 3609 3573 3662 si
3594 3624 3722 3664 con-

2134 3700 2500 3772 gredienti’tnis
2531 3704 2636 3753 nun
2665 3698 2911 3754 resistis?
2938 3698 3070 3764 Quis
3098 3699 3219 3754 sub‘
3241 3698 3429 3755 aestivo
3471 3701 3726 3756 meridia-

2136 3802 2225 3847 tur
2262 3789 2579 3846 umbraculo
2610 3794 2835 3844 securus
2882 3789 3084 3860 poterit
3111 3789 3389 3860 disputare
3432 3791 3500 3847 de
3549 3792 3726 3848 bello?

2136 3879 2306 3939 Porro
2326 3882 2593 3938 veraeitcr
2617 3882 2735 3936 Sine
2752 3896 2916 3936 causa
2942 3880 3181 3950 gladium
3209 3890 3418 3951 portas,
3445 3883 3549 3938 nisi
3580 3885 3717 3939 resi-

2132 3974 2395 4031 stentium
2446 3972 2554 4029 Deo
2594 3972 2729 4029 colla
2766 3971 3114 4037 trans‘i‘odias,
3169 3987 3269 4028 nec
3304 3972 3508 4031 vindex
3565 3989 3625 4030 es
3670 3976 3721 4029 in

2128 4068 2274 4123 iram
2296 4068 2346 4122 ei
2373 4066 2464 4137 qui
2496 4065 2693 4121 malum
2717 4065 2846 4136 agit,
2879 4065 3005 4119 dum
3055 4064 3108 4119 in
3139 4065 3510 4121 adulterantes
3538 4066 3726 4121 Eccle-

2136 4159 2271 4213 siam
2302 4172 2409 4212 non
2437 4154 2741 4226 consurgis,
2771 4163 2827 4210 et
2856 4168 2982 4207 cum
3007 4153 3331 4210 Simeon‘eet
3354 4153 3482 4209 Levi
3506 4155 3722 4210 violata:

2138 4249 2342 4304 sororis
2371 4247 2716 4317 opprobrium
2749 4263 2779 4300 a
2807 4247 2965 4301 domo
2995 4246 3159 4301 Israel
3183 4260 3288 4302 non
3321 4246 3539 4317 repellis
3564 4248 3720 4317 (σου.

2137 4322 2344 4410 sunt).
2386 4337 2637 4392 Vertatur
2658 4352 2793 4406 ergo
2819 4337 2975 4392 docta
3004 4351 3197 4392 manus
3239 4339 3304 4392 ad
3352 4338 3625 4408 capulum,
3671 4348 3726 4393 ct

2140 4445 2260 4484 cum
2289 4427 2457 4482 David
2496 4426 2549 4480 in
2576 4422 2941 4480 Amalechitas
2990 4427 3191 4496 impetu
3238 4424 3468 4495 fulguris
3504 4427 3723 4497 irrue(l

463 4514 650 4572 Italico
701 4532 865 4587 regno
912 4506 1198 4585 aliquando
1245 4516 1503 4572 deminuti
1553 4526 1680 4572 sunt
1721 4516 1912 4582 Gnaei,
1943 4519 2038 4573 aii-
2070 4499 2114 4558 ἶ)
2146 4518 2273 4590 Reg.
2310 4517 2475 4585 xxx);
2517 4525 2572 4571 et
2590 4516 2730 4571 sient
2765 4516 2852 4571 ille
2878 4516 3211 4571 latrunculos
3235 4517 3556 4588 subegit,sic
3582 4527 3637 4574 et
3668 4529 3722 4573 tu

464 4608 679 4676 quando
707 4606 877 4681 'Galli,
907 4607 1221 4676 plerumque
1246 4607 1446 4662 Latini.
1469 4608 1777 4678 Tit-,quaaso,
1806 4610 2036 4679 gloriose

466 4702 585 4759 res,
616 4718 644 4753 τι
670 4699 851 4771 pravis
877 4698 1218 4761 consiliariis.
1262 4708 1513 4767 tanquam
1556 4715 1584 4752 a
1619 4700 1895 4755 venenatis
1925 4718 2035 4754 ser-

468 4793 705 4859 pentium
736 4790 906 4845 sibilis
955 4804 1116 4846 aures
1161 4791 1372 4855 obtura,
1403 4790 1454 4843 in
1496 4790 1648 4844 virile
1677 4801 1727 4845 te
1754 4793 1916 4844 robur
1944 4807 2039 4859 per

464 4880 708 4934 ardorem
737 4881 960 4949 Spiritus
981 4879 1177 4943 excita,
1203 4879 1450 4948 collapsa:
1472 4880 1627 4933 matri
1654 4890 1756 4934 tuae
1785 4881 2036 4935 Romanae

391 5007 399 5021 ι
465 4970 718 5024 Ecclesia:
762 4978 977 5023 manum
1020 4971 1263 5040 porrige,
1301 4981 1355 5023 et
1403 4981 1653 5037 tanquam
1685 4971 2037 5038 archangelns

467 5059 709 5130 Baphacl
741 5075 768 5112 a
812 5060 943 5114 Sara
978 5060 1083 5113 lilia
1132 5061 1330 5130 tiaguel
1362 5060 1701 5121 daemonium,
1744 5077 1772 5112 a
1812 5076 1918 5129 quo
1965 5062 2037 5112 vi-

467 5151 689 5216 dnatur,
722 5152 925 5219 expelle
956 5151 1106 5220 (Tob.
1134 5154 1272 5219 vin),
1300 5160 1356 5205 ut
1382 5150 1523 5206 εἰς-ιιι
1559 5151 1888 5207 Octavianus
1925 5152 2036 5206 Au-

470 5252 659 5313 gustus
704 5243 755 5297 in
788 5242 889 5297 hoc
929 5242 1192 5313 gloriatur
1215 5244 1430 5313 elogio:
1463 5264 1480 5294 ι
1517 5243 1732 5308 Urbem,
1768 5245 2033 5313 inquiens,

468 5331 754 5386 Iatcritiam
806 5332 1010 5402 tepori,
1062 5332 1306 5402 relinquo
1352 5346 1706 5389 marmoream
1754 5335 1938 5406 (Suet.
1986 5337 2039 5390 in

470 5423 760 5491 Augusto);
784 5440 802 5474 ι
837 5424 915 5477 sic
945 5430 999 5476 et
1027 5432 1079 5476 tu
1111 5423 1569 5493 multogioriosius
1589 5426 1862 5494 multoque
1889 5425 2040 5481 nobi-

472 5510 576 5564 lius
620 5513 797 5567 dicere
836 5514 1010 5569 vaieas
1044 5532 1056 5567 :
1088 5513 1386 5567 I’tomanam
1431 5513 1725 5568 Ecclesium
1768 5514 2036 5582 iacentem

473 5604 689 5673 quidem
721 5619 852 5672 piter
894 5607 1092 5670 inveni,
1124 5607 1217 5661 sed
1252 5614 1540 5676 antequam
1581 5606 1735 5676 plene
1785 5608 2039 5676 pubesce-

473 5706 608 5755 tcm,
652 5691 808 5764 255
842 5702 1057 5749 auctore
1089 5694 1215 5758 Deo,
1245 5695 1298 5749 in
1333 5704 1527 5750 statum
1568 5694 1851 5764 pristinam
1881 5710 2032 5748 revo-

2139 4609 2323 4664 ltostes
2354 4605 2608 4662 Ecclesia:
2635 4606 2846 4661 vibrato
2876 4604 3097 4675 iustitia:
3134 4618 3396 4672 mucrone
3448 4607 3723 4679 transﬁge.

2140 4696 2355 4752 Sentiat.
2402 4696 2946 4751 sentiatvetem'mus
2973 4695 3061 4749 ille
3091 4695 3277 4761 draco,
3328 4694 3595 4752 Cadalous
3646 4699 3726 4751 vi-

2139 4787 2334 4842 delicet
2354 4787 2704 4856 perturbatur
2730 4786 3012 4850 Eccles'ue,
3039 4798 3262 4840 eversor
3281 4787 3590 4856 apostolicae
3640 4788 3724 4841 di-

2137 4878 2394 4948 scipiiuze,
2429 4878 2674 4932 inimicus
2695 4878 2885 4933 salutis
2914 4879 3179 4944 humanae,
3221 4882 3441 4944 sentiat,
3481 4880 3718 4948 inquam,

2140 4970 2290 5024 radix
2314 4970 2539 5038 peccati,
2571 4984 2745 5039 prteco
2772 4970 2963 5023 diaboli
2998 5011 3012 5033 ,
3054 4969 3332 5038 apostolus
3380 4969 3715 5031 Antichristi,

2140 5065 2347 5135 etquid
2387 5064 2540 5133 plura
2572 5064 2784 5118 dicam?
2809 5065 3003 5133 sagitta
3042 5066 3300 5134 producta
3347 5065 3412 5116 de
3458 5062 3715 5132 pharetra

2113 5146 2376 5219 'Sata'nae,
2408 5155 2557 5222 virga
2584 5155 2773 5218 Assur,
2801 5154 2942 5208 ﬁlius
2966 5155 3153 5220 Belial,
3187 5155 3330 5210 titius
3376 5155 3716 5225 perditionis,

2139 5247 2229 5317 qui
2258 5246 2573 5300 adversatur
2594 5253 2651 5298 et
2682 5245 2960 5300 extollitur
2985 5258 3146 5317 supra
3180 5261 3338 5300 omne
3384 5246 3528 5315 quod
3581 5246 3715 5300 dici—

2144 5346 2229 5391 tur
2255 5336 2417 5402 Deus,
2446 5342 2538 5389 ant
2557 5336 2698 5405 quod
2722 5335 2919 5390 colitur
2940 5336 3024 5408 (Il
3050 5332 3237 5391 Tum.
3265 5336 3351 5406 ιι),
3381 5348 3600 5407 ‘vorago
3659 5337 3715 5391 ti-

2143 5426 2358 5491 bidinis,
2391 5422 2727 5496 naufragan
2748 5428 3033 5495 castitatis,
3060 5428 3493 5485 Christianitatis
3516 5444 3714 5499 oppro-

2142 5520 2336 5582 brium,
2380 5518 2666 5589 ignominia
2705 5521 3064 5585 sacerdotum,
3090 5523 3339 5590 genimen
3387 5522 3713 5593 viperarum,

2142 5607 2301 5662 fusior
2328 5607 2496 5675 orbis,
2518 5609 2773 5678 spurcitia
2804 5610 3006 5678 saeculi,
3030 5611 3265 5665 dedecus
3302 5613 3669 5668 univcrsitatis
3697 5627 3712 5666 :

2144 5705 2449 5752 attexantur
2480 5698 2653 5751 adhuc
2682 5698 2917 5766 epitheta
2939 5699 3177 5765 (Iadaloi,
3219 5700 3494 5772 catalogus
3532 5702 3714 5757 videli-
