4170 6458
492 282 599 337 443

1061 277 1118 334 5.
1161 277 1365 332 PETRI
1393 275 1675 331 DAMIANI
1703 275 1861 332 OPl’.
1904 275 2080 332 PARS
2122 275 2252 333 SEU
2290 278 2525 335 TOMUS
2564 279 2606 334 l.
2643 308 2710 319 —-
2749 278 2967 335 EPIST.
3001 279 3127 335 LIB.
3156 280 3290 335 Vill.

3645 284 3751 338 4H

479 391 797 467 luit.(Gnsc.
829 391 1024 461 Regist.
1049 390 1086 444 l.
1113 405 1208 456 vn,
1233 406 1315 459 ep.
1341 388 1420 458 5),
1443 389 1546 443 nisi
1570 387 1734 459 248
1756 383 2065 456 ille,quam-
2095 398 2139 454 Α
2168 404 2287 444 esse
2329 391 2690 460 conspiceret,
2722 399 2918 460 praesto
2952 392 3228 462 subjunxit
3255 407 3269 446 :
3305 410 3324 444 ι
3357 391 3494 460 Quia
3527 394 3642 451 hrec
3673 398 3754 451 lo-

475 483 558 537 vis
581 482 757 536 bonus
780 490 925 535 esset
950 490 1004 533 et
1029 480 1228 548 justus,
1258 477 1561 533 Candidum
1587 475 1951 541 defensorem,
1971 475 2063 544 qui

481 573 532 624 in
555 571 660 625 illis
690 570 933 640 partibus
953 557 1655 638 apocrisiariifungebatur
1681 563 1879 624 ofﬁcio.
1909 565 1977 618 ab
2001 579 2068 618 eo

478 660 872 715 examinandus
903 660 1096 724 adiret,
1117 659 1301 728 sicque
1320 657 1592 726 accipiens
1611 655 1832 726 pallium
1847 654 2068 725 dignam

481 755 534 808 in
567 753 742 822 legato
769 767 867 807 suo
909 751 1154 807 Romano
1184 749 1426 820 pontifici
1457 748 1816 804 reverentiam
1834 749 2070 822 exhibe-

481 854 583 898 ret.
613 843 897 899 Mauritius
922 844 1085 897 etiam
1118 842 1415 910 imperator
1456 838 1524 893 ab
1569 839 1761 894 eodem
1804 838 2070 908 Gregorio

480 947 575 1002 per
602 931 764 1002 longa
797 942 1040 1001 tempora
1064 929 1398 1000 supplicans,
1429 926 1607 990 aliter.
1632 927 1780 996 quod
1810 927 1876 981 de
1906 925 2069 996 pallio

480 1024 732 1092 petierat,
789 1037 894 1076 non
923 1021 1186 1091 implevit.
1225 1021 1327 1076 nisi
1372 1021 1500 1090 quia
1545 1018 1809 1074 Maximus
1857 1017 2072 1072 Saloni-

483 1123 642 1166 tanus
684 1111 971 1182 episcopus
993 1111 1304 1166 Ravennam
1331 1125 1502 1180 usque
1521 1110 1784 1179 pervenit,
1817 1124 1984 1179 seque
2007 1123 2074 1163 ex

488 1203 575 1257 his
607 1202 878 1273 capitulis,
911 1217 1032 1270 quae
1056 1202 1271 1256 sibimet
1288 1200 1498 1269 objecta
1523 1200 1741 1256 fuerant
1762 1216 1944 1256 coram
1965 1200 2074 1262 bis.

479 1291 675 1362 quibus
698 1293 800 1348 hoc
839 1293 1100 1362 judicium
1126 1290 1425 1360 i'njunctum
1446 1291 1644 1356 fuerat,
1672 1291 1833 1361 digna
1861 1289 2076 1346 satisfa-

484 1381 668 1436 ctione
708 1380 958 1452 purgavit
998 1380 1172 1452 (lusit.
1219 1379 1416 1450 Παρία.
1462 1381 1500 1434 l.
1531 1395 1586 1447 v,
1612 1397 1693 1452 ep.
1724 1381 1794 1436 25
1821 1389 1877 1436 et
1917 1381 1952 1434 I.
1980 1395 2072 1439 vit.

483 1473 636 1541 epist.
668 1473 812 1544 129).
857 1473 1146 1528 Enimvero
1173 1482 1229 1528 et
1255 1474 1448 1527 beatus
1493 1487 1630 1542 papa
1663 1471 1928 1526 Damasus
1974 1470 2078 1524 hoc

484 1562 728 1618 decrevit
759 1563 924 1633 (apud
949 1563 1164 1618 lvonem
1192 1563 1606 1626 Carnotensem,
1631 1561 1726 1616 lib.
1753 1562 1816 1632 ι),
1845 1570 1904 1616 ιιι
1927 1561 2081 1630 quis-

484 1655 609 1723 quis
631 1654 1172 1724 metropolitanorum
1203 1653 1349 1709 ultra
1381 1663 1492 1708 tres
1538 1667 1754 1708 menses
1808 1661 1933 1722 post
1982 1667 2077 1707 or-

2167 489 2326 535 cutus
2355 495 2472 536 sum
2501 479 2678 546 vobis,
2711 481 2933 536 tristitia
2969 483 3209 552 implevit
3235 499 3330 540 eor
3359 493 3632 548 vestrum;
3663 487 3756 539 sed

2167 585 2269 641 ego
2303 572 2593 626 veritatem
2627 572 2750 628 dico
2785 574 2939 628 vobis
2969 591 2982 627 :
3013 573 3243 644 Expedit
3289 582 3348 629 ut
3393 590 3494 646 ego
3538 576 3753 630 vadam.

2170 662 2228 718 Si
2265 663 2407 719 enim
2443 679 2550 719 non
2590 664 2796 730 abiero,
2837 664 3149 721 Paracletus
3178 682 3286 721 non
3318 668 3498 722 veniet
3535 669 3601 723 ad
3630 685 3752 736 vos:

2170 754 2213 808 si
2253 764 2434 809 autem
2459 754 2666 820 abiero,
2695 757 2905 811 mittam
2932 771 3056 810 eum
3093 755 3158 812 ad
3197 773 3290 812 vos
3316 756 3498 828 (Joan.
3530 759 3608 827 ι).
3643 779 3662 812 ι
3701 760 3758 815 5ι

2171 860 2299 916 ergo
2340 846 2674 902 illuminator
2706 847 2966 902 mentium
2999 846 3234 918 Spiritus
3265 851 3578 919 apostolicis
3614 849 3758 906 illabi

2171 939 2482 1008 pectoribus
2511 939 2667 1008 plena
2697 938 2982 995 diffusione
3011 955 3116 995 non
3147 949 3383 1011 poterat,
3416 944 3518 1002 nisi
3549 943 3760 1000 Veritas

2173 1029 2311 1098 ipsa,
2340 1043 2459 1097 qua:
2489 1029 2570 1084 eis
2609 1029 2758 1084 illum
2803 1031 3069 1087 missurus
3111 1043 3252 1098 erat,
3297 1035 3630 1105 corporalem
3677 1038 3761 1093 sui

2173 1119 2517 1189 praesentiam
2543 1120 2611 1174 ab
2637 1135 2826 1176 eorum
2855 1121 3214 1179 subtraxisset
3239 1125 3540 1192 obtutibus,
3561 1136 3762 1196 quanto

2174 1209 2348 1280 magis
2383 1223 2606 1266 necesse
2645 1219 2730 1267 est
2775 1220 2834 1267 ut
2879 1228 3047 1282 purus
3090 1214 3252 1269 homo
3282 1216 3351 1269 ab
3380 1215 3657 1270 hominum
3705 1232 3764 1273 se

2175 1299 2477 1370 frequentia
2512 1302 2816 1370 subtrahat,
2857 1313 3124 1374 quatenus
3150 1307 3369 1375 superni
3401 1307 3641 1381 numeris
3669 1323 3762 1363 ca-

2175 1412 2279 1466 pax
2310 1396 2446 1452 flat?
2480 1395 2679 1468 Sicque
2708 1412 2865 1453 mens
2894 1399 3128 1453 humana
3157 1399 3282 1453 dum
3309 1408 3467 1455 vacat
3509 1401 3578 1454 ab
3605 1417 3761 1472 aspe.

2177 1487 2350 1542 ctibus
2383 1488 2684 1554 hominum,
2731 1490 2902 1545 sancti
2956 1489 3188 1560 Spiritus
3232 1501 3507 1548 mereatur
3552 1492 3760 1562 ingres-

2177 1595 2316 1635 sum.
2366 1580 2570 1635 Eorum
2615 1597 2768 1653 ergo,
2811 1583 2903 1654 qui
2953 1593 3130 1640 tecum
3161 1587 3639 1656 conversabantur,
3670 1589 3762 1643 ab»

2178 1671 2431 1738 sentiam,
2456 1671 2564 1728 noli
2585 1673 2847 1742 deputare
2861 1672 3155 1744 iacturam,
3182 1676 3291 1732 imo
3313 1677 3505 1732 salutis
3526 1679 3762 1744 occasio,

485 1744 819 1799 dinationem
848 1760 1002 1800 suam
1029 1744 1278 1800 Romano
1311 1743 1552 1814 pontifici
1581 1743 1741 1797 fidem
1775 1757 1927 1796 suam
1967 1757 2068 1796 ex—

2179 1762 2521 1833 perfectionis
2547 1764 2755 1820 lucrum
2787 1776 2841 1821 et
2868 1743 3160 1837 propensio
3189 1769 3355 1824 nostri
3389 1771 3567 1825 meriti
3597 1772 3772 1841 depn-.

484 1849 707 1904 ponere,
754 1844 808 1890 et
861 1835 1081 1905 pallium
1140 1834 1384 1906 flagitare
1435 1833 1725 1898 distulerit,
1782 1834 2071 1888 commissa

482 1933 670 1980 careat
692 1924 979 1994 dignitate.
1006 1924 1349 1996 Quapropter
1370 1924 1486 1994 ipse
1514 1923 1764 1978 dominus
1806 1921 2074 1994 Mogunti-

484 2031 586 2071 nus
607 2015 811 2071 electus
833 2024 1014 2071 vester
1039 2016 1107 2072 ad
1133 2015 1501 2087 apostolorum
1529 2014 1715 2068 limina
1749 2014 1935 2068 venire
1965 2029 2073 2068 non

483 2103 722 2170 differat,
782 2106 970 2175 sicque
1022 2105 1284 2176 perfectio
1331 2121 1444 2161 sua:
1493 2103 1772 2176 dignitatis
1817 2105 2078 2158 canonice

485 2203 541 2248 et
572 2194 950 2249 ordinabiliter
994 2195 1109 2249 fiat.
1143 2194 1272 2250 Sive
1296 2195 1442 2249 enim
1489 2210 1610 2258 nos,
1660 2194 1776 2247 sive
1815 2192 2076 2246 Dominus

489 2293 695 2350 noster,
738 2286 999 2356 quidquid
1051 2300 1150 2354 pro
1197 2284 1438 2354 quolibet
1495 2281 1802 2337 mortalium
1855 2295 2078 2335 necesse

490 2386 578 2430 est
607 2391 790 2447 agere,
820 2391 919 2446 pro
944 2387 1139 2432 vestrae
1161 2376 1500 2433 celsitudinis
1533 2375 1706 2445 gloria
1757 2390 1863 2430 non
1915 2373 2075 2429 dubi-

490 2475 668 2522 tamus
693 2467 934 2536 implere.

1059 2556 1391 2612 EPISTOLA
1435 2555 1501 2610 V.

1111 2653 1438 2693 ADEAIDEI.

697 2728 960 2798 (Habelur
986 2739 1111 2783 tom.
1138 2728 1256 2794 ΙΙΙ,
1300 2739 1475 2799 estque
1521 2743 1701 2797 opusc.
1751 2726 1866 2796 56.)

1045 2839 1378 2896 EPISTULA
1421 2840 1507 2894 Vl.

1122 2948 1189 2985 AD
1230 2947 1466 2986 EAMDEU.

489 3017 977 3090 Autumnum—
1005 3020 1265 3090 Eamdcm
1315 3022 1601 3090 Agnetem.
1660 3036 1781 3089 qua:
1827 3019 2075 3090 Rairialdi

562 3089 1077 3165 (Iomaniepiscolii,
1109 3089 1466 3165 Hertnisindae
1501 3089 1674 3143 aflinis
1699 3101 1754 3165 _e_t
1781 3092 1947 3165 ipsius
1979 3089 2074 3144 l’e—
2104 3107 2148 3165 ρ

563 3161 632 3230 tri
663 3159 909 3212 Damiani
964 3159 1252 3228 pra-sentia
1290 3161 1570 3225 destituta,
1623 3161 1944 3230 quibusdam
1990 3175 2076 3214 so-

564 3229 710 3300 lebat
739 3234 1014 3292 anteaate
1057 3233 1220 3283 rebus
1266 3234 1333 3282 ad
1376 3231 1631 3300 pietatem
1686 3231 2082 3300 pertinentibus

562 3299 813 3368 Colloqui,
847 3309 899 3353 et
920 3300 1140 3353 consilia
1170 3314 1266 3353 sua
1293 3299 1473 3354 omnia
1513 3301 1937 3364 communicare,
1988 3302 2082 3354 tri-

568 3370 701 3422 stior
751 3369 1139 3438 aliquantulum
1176 3370 1458 3424 videbatur
1505 3369 1718 3434 effecta,
1768 3369 2084 3426 consolatur

561 3453 611 3510 et
639 3440 907 3503 hortatur,
931 3449 990 3493 ut
1016 3439 1068 3494 in
1099 3438 1299 3510 Christi
1329 3440 1627 3495 amicitiam
1655 3454 1714 3494 se
1745 3442 1960 3510 penitus
2003 3441 2083 3494 in-

565 3509 839 3574 sinuet;ab
870 3510 960 3564 illo
984 3509 1164 3564 omnia
1189 3509 1377 3565 solatia
1409 3511 1660 3578 petenda,
1689 3509 1925 3578 quandiu
1954 3526 2078 3565 eum

563 3579 653 3632 illo
677 3581 765 3642 sit,
796 3595 1070 3650 nunquam
1095 3593 1153 3633 se
1181 3580 1352 3635 solam
1385 3594 1505 3634 esse
1534 3580 1852 3636 arbitretur.

567 3669 806 3724 Domina:
835 3686 944 3724 sum
972 3671 1302 3741 imperatrici
1341 3672 1572 3736 AGNETI,
1635 3669 1848 3726 Ρετιιυε
1894 3687 2082 3741 pecca-

493 3769 578 3815 tor
607 3763 904 3817 monachus
930 3763 1266 3817 servitutem.

564 3854 832 3918 Arbitror,
887 3856 1216 3912 venerabilis
1263 3856 1502 3922 domina,
1553 3857 1808 3927 quoniam
1861 3873 1926 3911 ex
1975 3871 2083 3925 quo

487 3945 744 4000 dominus
813 3947 1105 4002 Rainaldus
1154 3949 1407 4004 Comanaa
1457 3950 1602 4005 sedis
1659 3949 1982 4019 episcopus,
2029 3958 2085 4002 et

486 4046 676 4092 sancta
707 4037 902 4092 mulier
932 4038 1276 4094 Hermisinda
1315 4041 1504 4096 relicta
1528 4041 1798 4110 quondam
1829 4040 2080 4110 germani

495 4129 597 4192 tui,
625 4144 724 4197 ego
749 4143 963 4198 quoque
992 4144 1185 4184 servus
1208 4139 1353 4196 tuus,
1380 4133 1447 4185 ad
1471 4131 1690 4202 propria
1744 4131 1946 4200 quique
2000 4146 2082 4184 re—

492 4221 776 4286 cessimus,
807 4237 960 4276 mens
983 4233 1072 4275 tua
1103 4239 1244 4278 nunc
1267 4223 1509 4288 fluctuat,
1547 4233 1602 4278 et
1650 4224 1795 4277 velut
1841 4225 2080 4278 omnium

493 4311 750 4365 destituta
777 4311 990 4376 solatio,
1015 4312 1184 4367 solam
1221 4327 1278 4366 se
1303 4316 1630 4369 remansisse
1657 4314 1919 4384 deplorat.
1953 4312 2083 4368 Gra-

497 4409 589 4456 vat
645 4401 784 4457 forte
831 4402 1088 4472 longioris
1127 4419 1358 4458 censura
1400 4405 1621 4476 silentii,
1669 4416 1722 4460 et
1751 4407 1966 4460 tzedium
2000 4414 2081 4459 est

495 4496 915 4566 colloquentium
949 4513 1091 4552 nunc
1115 4497 1304 4552 deesse
1351 4499 1718 4568 przesentiam,
1759 4513 1894 4568 quos
1939 4513 2081 4566 saepe

499 4589 771 4660 refugiens
803 4630 817 4653 ,
875 4589 1001 4643 dum
1035 4589 1326 4659 adessent,
1394 4591 1701 4647 remotioris
1736 4590 1918 4660 anguli
1956 4591 2080 4644 lati-

498 4681 679 4739 bulum
739 4681 1051 4752 expetebas.
1124 4682 1443 4737 Toleramus
1512 4681 1655 4737 cnim
1729 4697 1869 4751 saepe
1938 4681 2082 4751 quod

495 4772 667 4842 gratis
703 4771 975 4839 offertur;
1019 4772 1353 4843 perfruimur
1379 4815 1393 4836 ,
1436 4773 1580 4844 quod
1619 4772 1896 4828 difﬁcilius
1985 4773 2083 4826 ob-

498 4863 732 4916 tinemus
772 4880 784 4915 :
828 4863 1265 4932 parvipendimus
1300 4863 1444 4931 quod
1505 4861 1743 4917 abundat
1781 4879 1795 4914 :
1836 4872 1892 4916 et
1940 4861 2083 4929 quod

502 4954 693 5010 deesse
760 4954 1164 5023 conspicimus,
1240 4954 1516 5008 inhianter
1584 4961 1853 5021 Optamus.
1921 4949 2086 5022 249

502 5044 700 5098 Verum
731 5044 818 5114 pia
853 5060 1006 5099 mens
1039 5054 1151 5111 tua,
1187 5059 1307 5114 qum
1335 5042 1500 5099 divini
1549 5043 1752 5095 amoris
1789 5040 1910 5111 igne
1957 5055 2085 5094 suc-

499 5133 655 5188 cendi
707 5135 847 5188 votis
899 5135 1151 5188 omnibus
1211 5141 1445 5198 aestuat,
1491 5143 1832 5199 nequaquam
1876 5145 1943 5183 ex
1987 5129 2085 5182 hu-

499 5237 674 5278 manae
713 5223 989 5278 societatis
1033 5222 1277 5276 absentia
1310 5221 1694 5285 contabescat;
1748 5219 1855 5273 imo
1883 5227 2085 5288 quanto

498 5314 603 5370 sibi
648 5323 860 5370 terrena
893 5313 1086 5369 solatia
1133 5315 1321 5368 deesse
1362 5313 1691 5376 considerat,
1735 5319 1883 5365 tanto
1913 5310 2084 5378 magis

501 5403 569 5457 de
618 5405 916 5474 prepinqua
974 5404 1143 5458 sancti
1198 5403 1434 5472 Spiritus
1485 5401 1739 5472 paracleti
1796 5401 2083 5470 prmsentia

501 5492 759 5548 confidat.
809 5494 961 5549 Unde
1002 5493 1249 5549 Salvator
1273 5507 1397 5547 eum
1445 5491 1641 5544 iturum
1673 5505 1733 5546 se
1758 5492 1825 5545 ad
1871 5489 2080 5544 Patrem

502 5591 623 5656 post
670 5586 1084 5640 resurrectionis
1128 5585 1354 5656 gloriam
1401 5582 1724 5647 declararet,
1769 5591 1824 5637 et
1867 5598 1931 5638 ex
1982 5583 2084 5638 hoc

503 5673 888 5746 discipulorum
928 5679 1138 5734 animos
1174 5694 1279 5735 non
1311 5675 1652 5737 mediocriter
1689 5675 2082 5745 perturbandos

2179 1861 2321 1908 tetur
2339 1863 2734 1924 argumentum,
2758 1855 2906 1925 quia,
2927 1857 3053 1912 dum
3073 1858 3330 1926 strepitus
3349 1859 3565 1912 humani
3588 1870 3766 1915 cessat

2175 1941 2430 2012 alloquii,
2477 1945 2812 1999 construitur
2855 1946 2909 2000 in
2955 1955 3006 2000 te
3050 1962 3147 2017 per
3186 1947 3457 2002 silentium
3505 1950 3761 2020 templum

2177 2030 2411 2100 Spiritus
2453 2033 2651 2088 sancti.
2683 2033 2822 2089 Hinc
2848 2043 2964 2101 est,
2995 2036 3138 2104 quod
3168 2037 3234 2092 de
3260 2036 3543 2093 lsraelitiei
3582 2039 3763 2109 templi

2177 2122 2776 2179 constructione'sacra
2818 2133 3046 2179 testatur
3073 2125 3321 2192 historia,
3369 2128 3495 2198 quia
3540 2128 3768 2184 malleus

2177 2223 2229 2268 et
2272 2216 2500 2274 securis.
2527 2223 2583 2270 et
2609 2231 2771 2271 omne
2797 2215 3182 2272 ferramentum
3211 2233 3318 2273 non
3344 2230 3471 2273 sunt
3494 2220 3675 2274 audita
3708 2220 3764 2274 in
3831 2276 3834 2278 .

2178 2307 2338 2362 domo
2359 2305 2570 2362 Domini
2597 2321 2720 2362 cum
2743 2307 3104 2363 aedificaretur
3124 2306 3234 2378 (ll!
3255 2307 3763 2378 Reg.vr).Templum

2177 2397 2376 2466 quippe
2421 2397 2514 2451 Dei
2561 2412 2659 2467 per
2701 2397 2974 2452 silentium
3013 2398 3230 2465 crescit,
3276 2399 3402 2469 quia
3445 2414 3568 2452 cum
3613 2415 3766 2455 mens

2181 2488 2414 2542 humana
2445 2502 2540 2559 per
2584 2490 2854 2544 exteriora
2901 2504 2960 2544 se
3000 2489 3164 2544 verba
3210 2505 3315 2544 non
3346 2489 3540 2555 fundit,
3573 2489 3628 2543 in
3675 2506 3767 2545 su-

2179 2577 2344 2632 blime
2373 2577 2646 2649 fastigium
2680 2579 2976 2648 spiritualis
3000 2578 3212 2634 aedificii
3240 2589 3510 2635 structura
3537 2596 3766 2636 consur-

2179 2668 2292 2738 git,
2343 2677 2604 2738 tantoque
2653 2669 3041 2735 subcrescens,
3095 2669 3148 2723 in
3201 2669 3390 2724 altiora
3443 2670 3765 2735 sustollitur,

2181 2767 2384 2827 quanto
2421 2772 2519 2828 per
2547 2757 2744 2835 silentii
2784 2758 3080 2813 custodiam
3109 2758 3464 2814 circumclusa
3483 2800 3496 2822 ,
3527 2774 3645 2814 sese
3673 2775 3767 2815 ex-

2183 2854 2450 2908 trinsecus
2478 2851 2703 2907 fundere
2745 2853 3083 2922 prohibetur.
3120 2852 3316 2908 Custos
3359 2853 3505 2908 enim
3542 2853 3768 2923 justitias

2181 2945 2476 2999 silentium.
2519 2943 2588 2998 Et
2629 2957 2727 3012 per
2767 2943 3058 2999 Jeremiam
3100 2944 3340 3002 dicitur;
3376 2962 3395 2996 ι
3431 2943 3638 2999 Bonum
3683 2951 3768 2999 est

2181 3034 2481 3105 praestolari
2515 3049 2638 3089 cum
2680 3035 2895 3090 silentio
2925 3035 3159 3090 salutare
3185 3035 3416 3090 Domini.
3448 3035 3656 3090 Bonum
3685 3045 3770 3090 est

2183 3129 2296 3183 viro
2321 3143 2443 3182 cum
2478 3129 2778 3198 portaverit
2810 3127 3000 3199 jugum
3026 3127 3094 3182 ab
3122 3128 3483 3183 adolescentia
3509 3143 3605 3183 sua
3637 3145 3649 3180 :
3683 3141 3768 3182 sc-

2182 3217 2329 3274 debit
2356 3217 2653 3283 solitarius,
2683 3228 2740 3272 et
2768 3219 2985 3284 tacebit,
3017 3218 3145 3287 quia
3185 3218 3386 3274 levabit
3415 3233 3472 3274 se
3517 3233 3680 3288 super
3708 3234 3766 3276 sc

2181 3307 2399 3376 (Thren.
2432 3308 2538 3378 ιιι).
2577 3327 2596 3359 ι
2631 3307 2919 3364 Solitarius
2945 3307 3122 3378 plane,
3152 3309 3277 3362 dum
3307 3316 3471 3372 tacet,
3503 3323 3564 3362 se
3593 3307 3768 3362 elevat

2182 3414 2344 3468 super
2377 3413 2469 3465 se,
2513 3398 2639 3469 quia
2690 3413 2844 3454 mens
2887 3399 3156 3464 humana,
3201 3397 3328 3453 dum
3382 3399 3520 3452 intra
3569 3398 3768 3452 silentii

2182 3489 2418 3543 claustra
2452 3489 2689 3558 undique
2713 3488 3176 3551 circumcluditur,
3215 3489 3268 3542 in
3296 3487 3573 3558 superiora
3601 3487 3768 3542 subli-

2182 3581 2286 3636 mis
2311 3581 2561 3652 erigitur,
2595 3582 2662 3635 ad
2691 3581 2858 3636 Deum
2885 3596 2984 3651 per
3008 3580 3227 3636 caeleste
3254 3581 3584 3636 desiderium
3624 3581 3770 3651 rapi-

2184 3683 2289 3737 tur,
2317 3679 2374 3728 et
2400 3673 2455 3726 in
2498 3687 2681 3727 amore
2709 3671 2826 3743 ejus
2860 3687 2958 3741 per
2986 3673 3235 3728 ardorem
3281 3670 3516 3742 Spiritus
3557 3671 3766 3726 inflam-

2183 3774 2380 3830 matur,
2409 3772 2464 3818 et
2504 3772 2759 3834 tanquam
2801 3763 2921 3818 fons
2965 3763 3144 3830 vivus,
3191 3765 3316 3820 dum
3359 3779 3456 3834 per
3481 3765 3766 3818 verborum

2182 3853 2413 3911 circulos
2458 3854 2625 3910 fluere
2671 3847 2800 3910 liinc
2844 3855 2967 3910 inde
3014 3869 3119 3909 non
3149 3855 3365 3918 sinitur,
3397 3855 3555 3909 undis
3582 3870 3768 3909 excre-

2182 3945 2456 4000 seentibus
2498 3944 2552 3997 in
2584 3943 2776 3998 altiora
2822 3942 3145 3999 cumulatur.
3191 3942 3472 4012 Templum
3517 3957 3669 4014 ergo.
3692 3942 3766 3996 tui

2183 4035 2419 4105 pectoris
2448 4051 2592 4090 nunc
2621 4050 2718 4104 per
2745 4034 3016 4090 silentium
3046 4043 3278 4097 crescat,
3306 4036 3564 4088 virtutum
3609 4034 3766 4103 spiri-

2185 4127 2406 4181 tualium
2437 4136 2690 4196 tanquam
2720 4126 3024 4181 cmlestium
3053 4125 3289 4194 lapidum
3332 4125 3384 4178 iu
3417 4133 3467 4180 te
3497 4132 3766 4178 structura

2183 4227 2492 4288 consurgat,
2546 4217 2635 4272 ubi
2687 4233 2952 4287 supernus
2999 4217 3088 4273 ille
3135 4231 3384 4286 sponsus.
3429 4232 3592 4285 quem
3643 4216 3769 4271 totis

2183 4309 2480 4364 visceribus
2503 4308 2702 4379 diligis,
2731 4307 2874 4363 velut
2900 4308 2953 4362 in
2989 4308 3226 4363 thalamo
3254 4322 3352 4363 suo
3383 4307 3768 4362 delectabiliter

2188 4400 2510 4468 requiescat.
2565 4399 2832 4453 Memento
2882 4398 3064 4469 itaque
3107 4400 3250 4467 quod
3295 4398 3586 4468 Apostolus
3629 4399 3706 4451 ait
3749 4413 3763 4449 :

2190 4507 2208 4540 ι
2239 4487 2373 4555 Quia
2404 4488 2810 4542 fundamentum
2837 4488 2980 4542 aliud
3010 4504 3168 4543 nemo
3198 4498 3373 4557 potest
3404 4504 3605 4557 ponere
3634 4502 3768 4558 [ιι-ξιξ⁴

2189 4589 2270 4634 ter
2300 4580 2352 4634 id
2382 4580 2525 4650 quod
2554 4581 2786 4649 positum
2815 4588 2916 4644 est,
2949 4579 3196 4635 Christus
3220 4579 3396 4636 Jesus.
3434 4580 3490 4634 Si
3523 4580 3644 4649 quis
3673 4595 3768 4648 po-

2183 4673 2354 4727 suerit
2398 4687 2560 4742 super
2605 4672 2705 4727 boc
2745 4671 3160 4728 fundamentum
3208 4688 3419 4738 aurum,
3459 4681 3765 4742 argentum,

2187 4763 2390 4833 lapides
2426 4763 2715 4836 pretiosos,
2753 4763 2918 4833 ligna,
2951 4762 3152 4822 fenum.
3200 4763 3448 4832 stipulas,
3486 4763 3646 4832 quale
3675 4777 3768 4816 cu-

2178 4853 2376 4924 jusque
2417 4851 2583 4908 fuerit
2624 4851 2822 4925 [Opus],
2871 4852 3012 4924 ignis
3055 4853 3304 4922 probabit
3347 4851 3395 4916 (l
3428 4851 3551 4905 Cor.
3593 4850 3695 4920 ιιι).
3739 4868 3758 4901 ι

2181 4947 2318 5012 Quid
2340 4946 2481 5001 enim
2504 4957 2600 5015 per
2626 4961 2840 5011 aurum,
2865 4957 3146 5016 argentum
3172 4955 3226 4998 et
3249 4944 3452 5013 lapides
3478 4943 3760 5011 pretiosos,

2181 5037 2284 5091 nisi
2336 5039 2499 5092 robur
2541 5046 2596 5091 et
2643 5046 2957 5090 ornamenta
2987 5036 3279 5089 virtutum?
3321 5032 3458 5099 Quid
3490 5046 3618 5086 vero
3665 5046 3765 5099 per

2181 5128 2345 5197 ligna,
2380 5129 2559 5182 fenum
2602 5139 2656 5182 et
2700 5129 2944 5198 stipulas,
2976 5128 3076 5182 nisi
3121 5124 3384 5198 fragilitas
3418 5124 3658 5178 iunuitur
3689 5123 3765 5176 \‘i-

2186 5220 2417 5273 tiorum?
2457 5219 2688 5273 Attende
2732 5235 2879 5290 ergo,
2929 5228 2989 5273 ut
3031 5219 3313 5273 aedificium
3344 5217 3487 5287 quod
3521 5217 3573 5269 in
3601 5224 3654 5270 te
3685 5215 3760 5279 fit,

2185 5325 2290 5368 non
2323 5326 2390 5365 ex
2422 5309 2596 5378 fragili
2641 5310 2714 5365 sit
2746 5311 2996 5376 materia,
3027 5327 3146 5379 qua:
3173 5309 3404 5364 flammis
3441 5308 3606 5379 250
3648 5323 3767 5362 esse

2185 5402 2353 5470 possit
2380 5401 2630 5467 obnoxia,
2662 5417 2780 5471 qua:
2809 5404 2983 5456 ventis
3007 5403 3078 5456 sit
3115 5401 3514 5471 impellentibus
3538 5401 3763 5453 ruitura.

2185 5491 2409 5562 Lignum
2446 5491 2624 5562 plane,
2656 5492 2836 5547 fenum
2865 5502 2916 5546 et
2943 5491 3165 5562 stipulas
3204 5490 3360 5544 facile
3396 5499 3575 5560 potest
3602 5504 3803 5555 vorax.

2185 5581 2400 5636 flamma
2440 5596 2788 5647 consumere;
2825 5596 3011 5636 aurum
3041 5596 3169 5635 \‘cro
3196 5581 3277 5633 vel
3321 5589 3623 5649 argentum,
3656 5579 3769 5632 sive

2185 5673 2391 5745 lapides
2441 5673 2696 5744 pretiosi,
2747 5673 2990 5728 nesciunt
3042 5671 3291 5728 incendio
3349 5670 3649 5740 sulrjacerc.
3703 5668 3766 5720 Et
