4170 6504
527 344 632 400 MS

521 559 734 604 scutum
766 551 914 616 tidei,
965 551 1017 605 in
1047 566 1152 622 quo
1193 555 1412 622 possitis
1439 555 1619 611 omnia
1650 555 1757 610 tela
1783 557 2100 627 nequissimi

521 640 678 711 ignea
720 643 1065 714 exstinguere
1108 642 1324 716 (Ephes.
1361 645 1460 716 vr).
1495 665 1516 698 ι
1565 646 1705 718 Ignis
1744 662 1898 720 ergo,
1943 663 2102 717 quem

521 729 891 787 clandestinus
931 731 1102 788 hostis
1131 734 1396 800 immittit,
1440 735 1680 791 inveniat
1710 736 1762 791 in
1792 745 1843 792 te
1867 738 2104 806 pretiosa

521 817 740 873 metalla
764 818 1046 880 virtutum.
1076 836 1184 876 non
1211 822 1438 893 stipulas
1466 832 1522 879 et
1566 823 1784 880 fomites
1826 825 2103 891 vitiorum,

521 917 581 962 nt
624 907 928 982 furentibus
970 910 1225 978 ﬂammis,
1253 928 1390 984 quas
1435 914 1661 972 callidus
1705 916 1988 972 insidiator
2012 935 2107 974 ex-

521 995 718 1066 suﬂlat,
744 1014 851 1083 non
875 1001 1103 1057 materia
1131 1004 1307 1072 putris
1328 1019 1392 1060 ac
1413 1004 1622 1076 fragilis
1642 1007 1911 1062 enerviter
1929 1008 2105 1077 cedat,

519 1089 614 1144 sed
656 1088 1080 1161 impenetrabilis
1115 1109 1180 1150 ac
1225 1095 1462 1152 robustae
1501 1097 1790 1154 soliditatis
1828 1099 1981 1172 vigor
2011 1101 2108 1156 ob-

520 1183 701 1250 sistat,
731 1194 794 1240 ut
833 1185 923 1241 illa
961 1187 1134 1244 virtus
1163 1188 1444 1257 Altissimi,
1485 1206 1607 1262 quae
1648 1192 1928 1264 virginalis
1968 1194 2106 1249 uteri

519 1275 816 1333 visceribus
837 1277 1178 1335 obumbravit
1201 1279 1352 1353 (Luc.
1378 1284 1445 1354 ι),
1466 1292 1702 1339 mentem
1725 1299 1938 1356 quoque
1960 1295 2106 1341 tuam

519 1364 576 1425 lu
622 1377 881 1438 perpetuo
932 1371 1208 1427 vernantis
1254 1373 1527 1443 pudicitiae
1571 1375 1754 1432 virore
1805 1377 2106 1444 custodiat,

517 1472 770 1530 eamque,
794 1463 937 1530 quod
955 1510 959 1514 .
979 1463 1139 1528 absit,
1169 1478 1200 1518 a
1229 1464 1379 1520 duris
1405 1466 1699 1535 spiritualis
1729 1469 1983 1538 nequitiae
2017 1485 2108 1524 va-

518 1551 742 1624 poribus
768 1551 832 1626 [{.
868 1553 1205 1623 obumbrari,
1231 1545 1308 1611 rei
1333 1557 1535 1629 aliquid
1558 1559 1729 1615 simile
1753 1561 2107 1636 desideratur]

481 1668 492 1676 -
519 1657 629 1698 non
658 1643 958 1714 permittat.

588 1732 882 1790 Censolare
921 1733 1105 1804 igitur,
1147 1736 1474 1793 venerabilis
1512 1737 1750 1806 domina,
1790 1748 1846 1796 et
1878 1756 1908 1794 a
1947 1740 2110 1797 corde

1699 354 1898 410 LIBER
1935 354 2298 420 SEPTIMUS,
2342 355 2557 414 EPIST.
2603 357 2733 413 Vlll.

521 466 670 511 certe
709 470 806 528 per
846 459 1092 513 eumdem
1135 457 1444 531 Apostolum
1471 461 1712 520 dicitur:
1751 482 1770 516 ι
1809 463 2099 522 Sumentes
2127 467 2174 531 Α

3678 359 3785 416 646

2653 468 2811 540 251
2855 467 3186 526 EPIS'I‘OLA
3230 464 3337 527 vn;

2823 577 2891 615 AD
2928 577 3165 617 EAIIDEII.

2207 651 2604 724 Aacuusuruu.
2629 683 2700 724 -έ
2726 650 3005 722 Significat
3029 663 3245 724 quanta:
3284 653 3384 709 sibi
3424 654 3684 711 molestia
3719 657 3792 712 sit

2277 722 2346 775 ab
2371 736 2442 795 ea_
2461 721 2720 795 disjungi,
2751 721 2809 777 et
2834 736 2983 792 spem
3024 721 3306 794 propinqui
3341 725 3544 780 reditus
3571 727 3786 795 pollice-

2279 800 2385 845 tur.
2426 790 2663 864 Interim?
2683 790 2949 864 hortatur,
2989 790 3044 848 ui
3083 790 3502 864 magnitudinem
3545 790 3792 864 praemio-

2279 877 2431 926 rum,
2470 862 2968 935 quaediligentibus
3005 864 3174 935 Deum
3219 863 3272 917 iu
3311 864 3446 935 caelo
3491 862 3788 935 praeparata

2277 941 2434 1003 sunt,
2465 933 2835 996 considerans,
2868 933 2934 986 ad
2967 933 3270 1003 exemplum
3312 933 3544 1000 Christi,
3579 933 3791 990 labores

2277 1009 2329 1073 e_t
2379 1002 2846 1073 incommoditates
2895 1011 2949 1057 et
2996 1002 3185 1073 aspera
3233 1019 3458 1072 quaeque
3505 1005 3788 1072 tantisper,

2278 1071 2403 1144 dum
2455 1072 2508 1126 in
2561 1082 2713 1128 arcto
2764 1074 2866 1144 hoc
2909 1071 3155 1144 corporis
3203 1071 3476 1129 demicilio
3521 1071 3786 1140 versatur,

2278 1139 2517 1212 perferre
2546 1157 2651 1196 non
2681 1143 2984 1198 erubescat.
3009 1139 3023 1144 ⁷
3377 1151 3390 1156 ·’
3457 1144 3462 1148 “

2279 1255 2521 1309 Domina:
2549 1271 2660 1310 sum
2687 1256 3016 1326 imperatrici
3046 1257 3274 1323 Acxsrt,
3299 1256 3513 1312 Pisanus
3541 1267 3793 1326 peccator

2209 1345 2504 1400 monachus
2532 1345 2790 1414 quidquid
2819 1360 3028 1400 servus.

2281 1434 2544 1502 Quoniam
2576 1451 2605 1489 a
2636 1445 2822 1491 sancta
2850 1438 3136 1506 praesentia
3166 1448 3344 1492 vestra
3372 1447 3611 1493 remotus
3636 1453 3790 1504 sum,

2208 1527 2390 1584 ethoc
2417 1539 2659 1598 tempore
2679 1528 2957 1585 vobiscum
2985 1545 3106 1585 esse
3139 1545 3246 1584 non
3276 1545 3514 1600 possum,
3545 1532 3678 1588 satis
3697 1532 3794 1588 do-

2210 1619 2317 1686 leo,
2343 1629 2400 1676 et
2425 1619 2735 1691 quotidiana
2764 1620 3155 1677 lamentatione
3183 1623 3418 1692 suspiro.
3449 1623 3669 1679 Interim
3713 1632 3793 1678 ta-

2210 1724 2358 1776 men,
2389 1718 2675 1780 antequam
2705 1710 2772 1764 ad
2803 1723 2899 1766 vos
2930 1711 3168 1776 redeam,
3214 1711 3403 1766 hortor
3429 1722 3671 1767 sanctam
3702 1728 3795 1782 pa-

522 1829 616 1877 tuo
654 1837 816 1879 omne
855 1798 1264 1880 taedium-noxii
1310 1826 1564 1883 maeroris
1592 1798 1819 1900 expelle.
1861 1828 2109 1885 Christus

2213 1798 2455 1854 tientiam
2478 1810 2738 1868 vestram,
2763 1807 2821 1854 ut
2846 1816 2952 1857 non
2979 1802 3029 1856 ei
3054 1816 3218 1872 grave
3239 1803 3310 1857 sit
3333 1817 3524 1874 aspera
3542 1802 3796 1873 quaelibet

520 1907 592 1964 sit
616 1908 994 1966 confabulatur
1020 1919 1162 1978 tuus,
1194 1911 1444 1970 Christus
1472 1914 1566 1970 tibi
1598 1915 1999 1972 contubernalis
2037 1918 2108 1972 sit

519 2007 575 2056 et
599 1999 857 2066 conviva;
887 2001 998 2056 imo
1023 2001 1274 2060 Christus
1309 2005 1424 2075 ipse
1462 2011 1568 2059 tuae
1605 2007 1714 2060 sint
1739 2006 1964 2072 deliciae,
1996 2009 2108 2078 ipse

521 2091 847 2163 quotidiana;
883 2093 1194 2151 refectionis
1230 2096 1468 2167 epulum,
1509 2097 1624 2167 ipse
1662 2097 1758 2154 tibi
1797 2099 1870 2154 sit
1905 2100 2108 2156 intimae

520 2181 823 2240 dulcedinis
849 2183 1185 2241 alimentum.
1215 2185 1350 2242 Cum
1395 2187 1487 2244 illo
1513 2188 1672 2244 simul
1700 2189 1838 2260 lege,
1864 2205 1984 2244 cum
2019 2191 2108 2246 illo

517 2275 714 2348 juglter
739 2277 930 2348 psalle,
956 2294 1080 2336 cum
1110 2279 1199 2336 illo
1225 2282 1456 2352 denique
1486 2291 1542 2339 te
1571 2283 1625 2338 in
1648 2284 1954 2356 pavimento
1981 2301 2106 2341 ora-

523 2374 640 2421 tura
665 2375 970 2437 prosterne,
998 2384 1121 2424 cum
1147 2369 1238 2424 illo
1269 2378 1320 2427 te
1342 2371 1521 2440 erige;
1555 2387 1678 2427 cum
1710 2372 1800 2427 illo
1828 2383 1879 2430 te
1903 2375 2105 2430 dormi-

524 2467 698 2515 turam
727 2459 958 2516 lectulus
998 2463 1210 2532 capiat,
1253 2477 1373 2518 cum
1406 2465 1596 2520 eodem
1636 2479 1801 2535 sopor
1848 2467 2106 2522 inveniat.

520 2546 652 2618 Ejus
679 2558 732 2606 te
755 2551 983 2621 pudicus
1011 2560 1174 2622 atque
1204 2552 1478 2622 virgineus
1514 2552 1792 2624 amplexus
1819 2556 2105 2626 astringat,

521 2649 578 2695 ut
601 2640 654 2696 in
688 2649 738 2697 te
767 2656 984 2712 quoque
1007 2642 1278 2715 veraciter
1303 2641 1590 2713 impleatur
1619 2645 1760 2715 quod
1791 2660 1890 2714 per
1917 2645 2107 2702 Isaiam

521 2727 718 2784 dicitur
745 2747 758 2782 :
785 2710 811 2780 -ι
847 2710 1114 2786 Gaudebii
1141 2710 1556 2802 sponsus—super
1579 2710 1864 2802 sponsam,
1891 2742 1944 2788 et
1974 2749 2106 2804 gau-

522 2820 668 2875 debit
691 2836 853 2892 super
879 2830 931 2877 te
961 2823 1102 2877 Deus
1132 2831 1254 2883 tuus
1282 2820 1417 2893 (Ira.
1471 2823 1638 2892 un);
1676 2843 1696 2874 ι
1729 2833 1781 2878 et
1813 2833 1868 2898 tu
1897 2824 2106 2892 specia-

519 2909 588 2966 lis
608 2911 788 2968 dicere
811 2912 1013 2979 valeas,
1041 2913 1184 2985 quod
1210 2913 1476 2985 generalis
1505 2931 1700 2986 sponsa
1727 2915 1859 2971 dicit
1887 2916 1941 2970 in
1967 2915 2107 2972 Can-

523 3003 685 3060 ticis:
723 3021 742 3056 (
776 3004 1013 3061 Dilectus
1045 3021 1197 3062 meus
1226 3007 1369 3063 inter
1397 3007 1562 3062 ubera
1594 3023 1711 3063 mea
1746 3007 2109 3063 commorabi-
2130 3025 2151 3048 ο

523 3103 610 3151 tur
629 3093 808 3168 (Cant.
835 3096 900 3167 I).
919 3097 1169 3152 iConstat
1192 3096 1334 3152 enim
1361 3099 1502 3169 quod
1526 3097 1669 3152 inter
1687 3098 1853 3153 ubera
1877 3099 2108 3168 pectoris

2211 1909 2278 1950 ac
2305 1896 2440 1951 dura
2470 1893 2736 1965 perferre,
2758 1902 2813 1950 et
2835 1909 2934 1965 pro
2964 1910 3148 1950 amore
3177 1896 3416 1952 caelestis
3440 1896 3621 1967 sponsi
3647 1895 3795 1951 solli-

2209 1984 2527 2050 citudinem,
2579 1984 2665 2040 vel
2712 1985 2878 2040 etiam
2929 1985 3218 2041 necessarii
3265 1997 3511 2054 sumptus
3557 1985 3791 2054 inopiam

2209 2074 2496 2130 sustinere.
2519 2074 2655 2131 Cum
2683 2075 2827 2130 enim
2861 2073 3113 2132 Christus
3138 2090 3236 2144 pro
3261 2083 3316 2130 te
3351 2074 3634 2145 pertulerit
3667 2090 3794 2129 cru-

2209 2181 2350 2232 cem,
2379 2167 2508 2238 quid
2549 2168 2747 2223 mirum
2777 2169 2822 2223 si
2873 2179 2929 2224 tu
2973 2171 3246 2226 sustineas
3284 2186 3384 2240 pro
3426 2171 3569 2227 illius
3606 2185 3794 2226 amore

2209 2257 2560 2332 pauperiem?
2601 2257 2659 2313 Si
2702 2259 2828 2324 ille,
2875 2260 2962 2314 cui
3009 2259 3246 2316 Virtutes
3291 2270 3346 2316 et
3391 2260 3794 2316 Dominationes

2213 2347 2610 2405 famulabantur
2637 2347 2690 2404 in
2714 2349 2872 2415 cmlo,
2901 2359 3078 2420 sputa,
3113 2350 3337 2422 ﬂagella,
3362 2351 3674 2421 opprobria,
3702 2366 3793 2405 co-

2210 2438 2418 2510 laphos,
2442 2449 2497 2495 et
2516 2440 2702 2510 alapas
2721 2441 3026 2510 patiebatur
3047 2442 3101 2496 in
3127 2443 3355 2506 mundo;
3385 2443 3512 2511 quid
3540 2457 3793 2512 magnum

2211 2531 2254 2584 si
2282 2539 2356 2593 tu,
2383 2547 2504 2602 qua:
2531 2541 2672 2587 terra
2699 2547 2780 2598 cs,
2804 2531 3094 2601 imperialis
3113 2533 3302 2604 gloria:
3326 2550 3514 2588 vanam
3543 2533 3800 2604 projicias

2212 2637 2484 2694 pompam,
2511 2632 2564 2678 et
2608 2639 2713 2678 non
2758 2623 2941 2678 mundi
2987 2623 3254 2694 reginam,
3293 2624 3411 2686 sed,
3449 2624 3593 2692 quod
3636 2624 3796 2693 longe

2211 2711 2496 2782 gloriosius
2539 2720 2657 2776 est,
2703 2720 2755 2766 te
2800 2711 3044 2780 praebeas
3083 2712 3270 2768 aeterni
3322 2710 3466 2781 regis
3505 2710 3799 2766 ancillam?

2212 2801 2523 2858 Recordare
2562 2802 2705 2872 quod
2739 2801 2872 2856 dicit
2911 2802 3201 2872 Apostolus
3230 2820 3243 2856 :
3279 2820 3298 2853 ι
3335 2802 3603 2858 Exeamus
3633 2801 3798 2872 igitur

2213 2892 2277 2948 ad
2319 2905 2439 2946 eum
2480 2901 2633 2947 extra
2659 2900 2862 2956 castra,
2904 2891 3289 2961 improperium
3331 2891 3448 2962 ejus
3485 2899 3797 2960 portantes;

2214 2997 2318 3038 non
2348 2981 2492 3038 enim
2521 2982 2784 3037 habemus
2809 2982 2897 3037 hic
2922 2990 3231 3037 manentem
3259 2981 3554 3046 civitatem,
3583 2981 3676 3036 Sed
3713 2981 3798 3034 fu-

2215 3070 3186 3142 turaminquirimus(Hebr.xm,15).
3209 3091 3227 3124 ι
3259 3071 3672 3126 Felixnitnirunt
3690 3070 3796 3126 tale

521 3197 617 3239 cor
637 3161 893 3242 ibomiuis
929 3187 1092 3242 situm
1136 3195 1240 3241 est.
1290 3161 1526 3243 Dilectus
1554 3203 1683 3258 ergo
1713 3188 1854 3242 inter
1879 3161 2108 3257 sponsa:
2135 3193 2182 3254 (ζ
2212 3163 2622 3258 commercium.
2652 3162 2742 3218 “bi
2783 3162 2942 3216 dam"
2985 3161 3178 3258 "filim:
3213 3161 3416 3258 ῑυξξίωτ
3445 3176 3668 3258 anili“);
3697 3175 3796 3258 Ιξτθ

521 3274 684 3330 ubera
706 3285 1094 3342 commoratur,
1115 3292 1238 3332 cum
1261 3293 1292 3332 a
1315 3277 1454 3332 fideli
1479 3277 1718 3349 qualibet
1748 3279 1927 3334 anima
1953 3279 2109 3336 Chri-

521 3374 638 3422 stus
682 3374 796 3422 toto
839 3366 1003 3422 corde
1050 3367 1312 3439 diligitur.
1366 3367 1502 3423 Huic
1548 3383 1680 3440 ergo
1725 3383 1924 3439 sponso
1940 3413 1945 3432 .,
1965 3370 2110 3425 dicat

522 3459 700 3515 anima
725 3469 908 3516 sancta
941 3469 1029 3514 tua
1057 3479 1071 3516 :
1101 3479 1123 3515 ι
1162 3460 1303 3517 Ecce
1333 3468 1389 3515 tu
1421 3461 1646 3530 pulcher
1673 3476 1752 3526 cs,
1788 3461 1982 3518 dilecte
2010 3463 2107 3529 mi,

521 3561 576 3607 et
621 3552 883 3617 decorus;
915 3551 1142 3608 lectulus
1163 3561 1346 3607 uoster
1395 3550 1617 3608 ﬂoridus
1662 3551 1874 3623 (Ibid.).
1917 3572 1936 3603 ιι
1993 3553 2111 3622 Ipse

522 3643 664 3699 enim
713 3645 995 3714 speciosus
1045 3643 1214 3700 forma
1262 3660 1375 3716 prec
1403 3644 1550 3699 ~filiis
1598 3644 1878 3698 hominum
1931 3642 2106 3716 (Prol.

524 3735 692 3806 xuv).
727 3754 746 3788 ι
784 3735 848 3790 Et
874 3735 1000 3806 quia
1031 3747 1251 3808 propter
1291 3734 1406 3806 ejus
1441 3751 1683 3792 amorem
1727 3737 1934 3807 regales
1963 3736 2108 3792 infu-

523 3823 603 3878 las
627 3807 1017 3895 contempsisti,
1045 3807 1323 3896 imperiale
1351 3824 1625 3894 fastigium
1652 3825 1971 3895 despexisti,
1996 3826 2110 3895 ipse

525 3929 746 3980 corona,
790 3915 907 3986 ipse
936 3916 1028 3970 tibi
1064 3917 1134 3971 sit
1162 3931 1423 3988 purpura,
1456 3915 1762 3985 ipse,totius
1799 3916 1986 3986 gloriae
2015 3916 2108 3970 tibi

523 4015 788 4075 praeparet
831 4007 987 4063 beata
1030 4017 1381 4073 ornamenta;
1432 4017 1490 4062 ut
1533 4006 1956 4065 merito'debeas
1985 4025 2108 4064 cum

524 4093 788 4164 Propheta
820 4105 1039 4151 cantare
1069 4111 1084 4150 :
1121 4117 1138 4150 ι
1173 4097 1350 4153 lnduit
1374 4114 1459 4153 me
1485 4099 1744 4154 Dominus
1787 4102 2111 4156 vestimento

526 4186 736 4254 salutis,
768 4197 822 4244 et
856 4188 1396 4268 indumentolaetitim
1436 4191 1789 4247 circumdedit
1818 4205 1924 4256 me,
1953 4191 2110 4262 quasi

525 4291 754 4348 Sponsus
796 4281 1086 4337 decoratus
1127 4287 1437 4347 corona,‘et
1482 4283 1638 4350 quasi
1683 4298 1877 4352 sponsa
1918 4293 2109 4338 ornata

526 4367 811 4425 monilibus
848 4369 964 4426 suis
994 4370 1130 4441 (Ira.
1162 4370 1295 4442 ut).
1329 4390 1347 4422 ι
1392 4370 1490 4426 llic
1539 4372 1590 4424 in
1624 4380 1674 4426 te
1703 4373 1978 4428 societatis
2012 4374 2112 4427 hu-

525 4474 695 4514 mana:
720 4460 1029 4515 consoletur
1049 4461 1382 4527 absentiam,
1409 4461 1496 4517 hic
1520 4462 1615 4515 tibi
1643 4462 1723 4517 vel
1753 4478 1850 4531 pro
1867 4462 2108 4516 omnium

2212 3253 2449 3310 tenebris
2488 3253 2685 3322 lucem,
2716 3268 2814 3324 pro
2841 3251 3071 3309 terrenis
3097 3252 3392 3308 honoribus
3415 3251 3655 3306 caelestis
3683 3251 3798 3321 glo-

2209 3346 2304 3401 riae
2347 3361 2723 3416 comparamus
2763 3346 3102 3415 dignitatem.
3153 3345 3306 3400 Sicut
3351 3345 3492 3398 enim
3537 3359 3634 3413 per
3673 3359 3798 3412 pro-

2209 3437 2426 3505 phetam
2456 3435 2655 3490 dicitur
2683 3452 2696 3488 :
2734 3456 2751 3487 ‹
2789 3434 2978 3491 Omnis
3001 3451 3130 3490 caro
3157 3435 3368 3501 fenum,
3399 3443 3455 3490 et
3482 3434 3659 3489 omnis
3682 3435 3796 3506 glo-

2213 3527 2290 3580 ria
2315 3525 2431 3596 rjus
2473 3535 2726 3595 tanquam
2771 3525 2869 3581 ﬂos
2913 3524 3050 3591 feni;
3097 3525 3206 3579 ruit
3247 3525 3451 3587 fenum,
3483 3533 3536 3578 et
3559 3524 3655 3578 ﬂos
3678 3523 3796 3591 ejus

2209 3616 2440 3683 cecidit;
2469 3616 2562 3686 qui
2587 3625 2768 3671 autem
2794 3625 2977 3671 servat.
3005 3615 3226 3670 verbum
3270 3615 3500 3680 Domini,
3533 3623 3714 3670 manet
3741 3616 3795 3668 in

2209 3716 2470 3762 aeternum
2502 3705 2637 3778 (Ita.
2666 3707 2776 3778 xu).
2813 3725 2832 3759 ι
2871 3706 3042 3764 Porro
3077 3715 3257 3762 autem
3285 3706 3378 3776 qui
3428 3706 3586 3760 hodie
3620 3705 3796 3760 indui-

2213 3807 2301 3854 tur
2330 3813 2590 3869 purpura,
2631 3814 2757 3854 cras
2805 3798 3095 3854 includitur
3139 3797 3436 3866 sepultura.
3476 3795 3645 3850 Hodie
3673 3796 3796 3864 quis

2212 3889 2520 3944 hominibus
2546 3888 2873 3955 dominatur,
2903 3904 3026 3944 cras
3051 3897 3231 3944 autem
3262 3904 3292 3942 a
3323 3889 3595 3943 vermibus
3617 3888 3795 3942 tactus

2209 3981 2438 4050 putredo
2476 3979 2798 4034 corroditur.
2831 3976 2999 4047 Hodie
3037 3977 3306 4048 regalibus
3348 3975 3533 4033 infulis
3579 3977 3800 4032 redimi~

2212 4079 2320 4135 tur,
2349 4085 2472 4125 cras
2501 4068 2698 4126 vilibus
2738 4068 3044 4140 panniculis
3079 4069 3329 4124 exanime
3354 4069 3586 4123 cadaver
3613 4069 3803 4126 obvol~

2211 4161 2375 4230 vitur,
2400 4160 2567 4216 Hodie
2591 4160 2832 4231 splendet
2853 4169 3143 4216 coronatus
3167 4162 3220 4216 in
3247 4162 3440 4233 regalis
3461 4162 3803 4218 excellentia:

2212 4252 2368 4319 solio,
2393 4267 2515 4307 cras
2544 4249 2676 4307 fetet
2705 4253 2977 4308 marcidus
3001 4253 3054 4307 in
3085 4253 3349 4322 sepulcro.
3389 4253 3516 4308 Haec
3553 4253 3717 4324 igitur
3741 4263 3804 4308 et

2213 4345 2540 4415 hujusmodi,
2585 4345 2801 4400 domina
2847 4345 2945 4412 mi,
2995 4325 3266 4400 subtiliter
3307 4360 3498 4415 pensa,
3538 4354 3594 4400 et
3637 4345 3803 4414 hujus

2213 4441 2338 4496 vitae
2365 4441 2577 4495 labores
2605 4455 2728 4495 cum
2757 4438 2886 4494 Jesu
2928 4455 3070 4493 ntmc
3111 4439 3487 4508 aequanimiter
3513 4439 3704 4502 tolera,
3739 4449 3799 4493 ut

527 4505 694 4514 .-.ηπ
724 4505 1017 4515 mm.--”
1049 4505 1348 4517 ...,.,.,..-......
1367 4505 1382 4527 ,
1411 4505 1496 4517 ...ν
1654 4505 1723 4517 ,ω
1753 4505 1847 4531 ,μυ

518 4547 778 4619 iussione,
804 4560 859 4606 et
882 4551 1204 4606 allocutione
1232 4549 1493 4616 suﬂiciat;
1527 4552 1614 4607 hic
1641 4551 1788 4606 velut
1821 4552 1980 4615 alter,
2011 4552 2106 4606 sed

2211 4546 2334 4586 cum
2377 4530 2513 4598 ipse,
2542 4531 2632 4600 qui
2657 4530 2931 4600 judicatus
2973 4539 3078 4597 eet,
3119 4505 3460 4600 judicaturus
3497 4529 3801 4592 advenerit,

523 4639 680 4711 longe
717 4641 1084 4711 praestantior,
1124 4639 1357 4696 Helcana
1399 4641 1668 4696 veraciter
1705 4641 1846 4697 dicat
1879 4660 1892 4696 :
1929 4659 1949 4692 ί
1989 4641 2104 4698 Non

519 4730 626 4799 jam
651 4733 827 4797 Anna,
851 4735 946 4789 sed
967 4737 1168 4805 Agnes,
1191 4731 1288 4790 cur
1309 4736 1424 4801 ﬂes,
1445 4746 1500 4790 et
1521 4750 1689 4806 quare
1713 4753 1818 4793 non
1844 4737 2105 4803 comedis,

523 4831 578 4876 et
604 4837 766 4892 quam
811 4823 882 4878 ob
925 4837 1039 4878 rem
1071 4823 1326 4896 afﬂigitur
1354 4841 1450 4881 cor
1477 4827 1666 4880 tuum?
1711 4811 2106 4896 nunquid-non

525 4927 625 4984 ego
645 4914 836 4969 melior
855 4929 974 4970 sum
1003 4931 1166 4985 quam
1197 4917 1384 4974 decem
1412 4918 1542 4972 lilii?
1561 4917 1643 4987 »(1
1666 4918 1792 4990 Reg.
1819 4920 2106 4991 t.)thuo-

526 5005 668 5058 niam
714 5003 970 5071 Helcana,
1005 5006 1098 5061 Dei
1129 5008 1276 5064 zelus
1311 5008 1532 5075 dicitur,
1577 5009 1724 5065 zelus
1768 5011 1863 5066 Dei
1892 5011 2108 5067 dilectio

525 5096 900 5168 Redemptoris
923 5099 1164 5154 animum
1206 5111 1354 5155 tuum
1387 5101 1440 5154 in
1473 5102 1620 5156 omni
1653 5103 1904 5158 mCBI‘OI‘lS
1927 5110 1983 5157 et
2008 5118 2108 5157 an-

525 5191 713 5263 gustia:
740 5193 898 5250 taedio
920 5194 1250 5259 consoletur,
1281 5205 1339 5249 ut
1367 5195 1420 5249 in
1445 5211 1570 5250 eum
1599 5205 1650 5252 te
1677 5197 1729 5252 in
1751 5197 1920 5264 omni,
1944 5215 2106 5269 quam

525 5286 750 5354 pateris,
779 5286 1105 5342 adversitate
1140 5287 1413 5357 projicias,
1447 5291 1547 5342 sub
1589 5288 1703 5357 ejus
1731 5291 2106 5347 umbraculum

526 5378 860 5436 abhumana:
883 5381 1280 5450 persecutionis
1296 5383 1489 5436 ardore
1508 5382 1806 5454 confugias,
1831 5394 1888 5439 et
1915 5386 1967 5439 in
1989 5383 2108 5454 ejus

526 5470 863 5539 amplexibus
913 5488 1103 5526 secura
1156 5473 1396 5528 suaviter
1451 5473 1794 5541 requiescas,
1842 5486 2111 5545 quatenus

528 5563 641 5632 ipse
665 5564 750 5617 vel
779 5565 1128 5634 semetipsum
1159 5564 1354 5633 quietis
1379 5565 1582 5618 ultimae
1612 5567 1846 5634 praebeat
1875 5579 2110 5638 portum,

529 5653 621 5722 qui
650 5669 750 5722 pro
783 5663 838 5708 te
873 5655 1129 5724 dignatus
1158 5665 1240 5710 est
1275 5656 1328 5708 in
1370 5654 1651 5708 mundanis
1677 5655 1926 5712 ﬂuctibus
1956 5660 2109 5714 inun-

529 5747 771 5805 dantium
799 5748 1156 5814 procellarum
1183 5748 1424 5815 perferre
1451 5747 1811 5816 naufragium.

2216 4630 2269 4677 tu
2294 4622 2436 4674 velut
2459 4636 2562 4674 una
2588 4620 2654 4676 de
2680 4621 3015 4690 sapientibus
3041 4620 3337 4688 virginibus
3358 4618 3566 4672 ornatis
3595 4617 3803 4687 lampa-

2213 4717 2370 4771 dibus
2416 4714 2632 4786 (Hatth.
2678 4716 2827 4782 xxv),
2877 4713 2926 4768 ei
2971 4713 3226 4768 decenter
3264 4726 3542 4774 occurras,
3593 4720 3647 4763 et
3698 4724 3805 4780 pro:

2213 4805 2496 4877 temporali
2527 4819 2762 4874 purpura
2785 4803 2978 4858 stolam
3008 4801 3429 4856 immortalitatis
3453 4800 3707 4870 accipias,
3733 4816 3803 4856 ao

2212 4912 2310 4966 pro
2336 4911 2554 4961 corona,
2581 4911 2701 4966 qua:
2728 4895 2795 4950 de
2823 4903 3038 4948 terreno
3069 4892 3242 4946 fuerat
3267 4891 3528 4946 fabricata
3555 4891 3800 4958 metallo,

2211 4989 2341 5042 illud
2367 4988 2612 5043 diadema
2654 4984 2937 5054 suscipias,
2965 4982 3106 5052 qttod
3148 4983 3201 5036 in
3227 4982 3364 5038 cmlo
3395 4982 3590 5037 factum
3619 4992 3702 5037 est
3730 4981 3804 5036 de

2211 5082 2387 5152 lapide
2414 5081 2672 5152 pretioso.

2647 5189 2809 5260 252
2847 5188 3180 5245 EPISTOLA
3220 5188 3353 5245 Vill.

2471 5299 2538 5338 AD
2575 5297 2793 5338 EAMDEI
2831 5297 3078 5338 AGNETl-II
3118 5297 3538 5339 IMPERATRICEM.

2215 5396 2612 5451 Ansuusnruu.
2641 5422 2710 5432 —
2738 5393 2992 5447 Eanulem
3030 5393 3082 5446 in
3119 5391 3464 5447 Germaniam
3504 5389 3803 5461 profectam

2288 5471 2554 5528 hortatur,
2597 5473 2654 5518 ut
2696 5467 2904 5526 redeat,
2941 5464 3185 5524 iudicans
3225 5472 3428 5530 quanto
3469 5477 3699 5516 tricerore
3729 5461 3805 5516 ob

2287 5538 2403 5605 ejus
2445 5535 2743 5590 discessum
2791 5544 2901 5588 tum
2942 5533 3085 5586 Italia
3131 5533 3326 5594 omnis,
3375 5543 3486 5605 tum
3532 5533 3805 5605 praecipue

2288 5601 2456 5660 Roma
2488 5606 2675 5659 all'ecta
2710 5605 2797 5672 sit,
2846 5605 2898 5657 in
2945 5621 3048 5672 qua
3091 5605 3296 5658 scilicet
3341 5604 3474 5657 urbe
3517 5601 3706 5658 Omnes
3731 5601 3804 5658 :ul

2286 5692 2471 5730 veram
2516 5677 2733 5732 virtutis
2784 5676 2926 5729 viam
2972 5675 3088 5745 ejus
3133 5674 3498 5732 sanctissimis
3537 5672 3806 5747 exemplis

2285 5747 2684 5805 excitabantur.
