4170 6462
410 255 517 313 M7

980 256 1038 312 S.
1084 256 1286 313 PETRI
1329 256 1611 329 DAMIANI
1649 206 1796 314 OIII’.
1827 257 2004 312 PARS
2044 256 2174 314 SEII
2205 218 2499 312 ΤοΜυδί.
2538 287 2597 297 -
2647 256 3026 312 EPIST.~LIB.
3077 258 3202 312 \‘IIl.

3573 248 3679 313 MS

488 370 730 426 Domime
757 385 867 425 sua:
886 371 1102 455 ‘AGNE'I‘I
1132 372 1486 442 imperatrici,
1512 371 1727 428 Parcus
1750 380 2003 441 peccator
2032 377 2079 437 Α
2110 372 2304 425 tiosum
2335 371 2358 423 ?
2394 356 2768 440 Sic'dcnique
2821 387 2945 426 eum
2988 386 3114 426 vere
3142 371 3341 440 diligis,
3391 372 3435 426 si
3464 386 3683 426 servare

416 465 714 519 monachus
744 464 1080 535 servitutem.

490 557 590 612 Vix
641 556 844 611 referre
895 546 1100 631 sufﬁcio
1144 568 1347 626 quanto
1393 571 1490 613 cor
1539 571 1718 611 meum
1769 570 2005 612 maerore

417 648 781 713 confunditur,
812 647 936 701 dum
966 647 1171 702 reditus
1203 647 1369 703 vestri
1418 647 1680 708 laetitiam,
1727 645 2006 716 suspensis

419 730 655 811 quotidie
678 742 994 805 visceribus.
1022 742 1379 810 praestolatur.
1408 741 1518 795 Ileu
1548 742 1665 794 me!
1696 755 1793 794 cur
1820 738 2004 793 itineri

424 840 603 886 vestro
635 846 822 887 vecors
849 846 913 887 ac
939 831 1165 886 stolidus
1195 842 1474 887 assensum
1502 830 1744 901 prtebui?
1776 831 1885 884 imo
1909 831 2008 884 ‘cur

418 923 715 991 egredienti
739 938 824 978 me
851 924 1024 993 ipsum
1053 938 1156 978 non
1180 923 1442 978 violenter
1468 923 1734 992 opposui?
1762 916 1873 977 Cur
1894 938 2004 977 non

419 1026 685 1081 equorum
716 1012 865 1067 frena
894 1014 1153 1083 corripui,
1187 1023 1243 1068 et
1275 1028 1494 1067 cursum
1524 1022 1761 1067 vestrum
1786 1012 1870 1067 vel
1913 1012 2007 1068 ob-

420 1103 522 1157 viis
550 1104 817 1170 manibus,
863 1104 916 1159 in
958 1114 1218 1174 quantum
1251 1104 1494 1169 licuerat,
1525 1110 1630 1158 non
1659 1102 1929 1159 tardavi?‘
1949 1102 2007 1157 In

421 1194 590 1247 vestri
620 1194 779 1262 plane
802 1208 1050 1250 recessus
1077 1195 1347 1260 absentia,
1376 1205 1569 1252 mceret
1599 1194 1790 1258 Roma,
1818 1193 1878 1247 B.
1905 1193 2009 1250 Pe-

424 1284 489 1338 tri
521 1282 668 1354 luget
701 1283 959 1349 Ecclesia,
994 1292 1049 1337 et
1088 1294 1199 1339 tota
1231 1299 1329 1353 per
1357 1292 1576 1341 sanctos
1605 1283 1754 1338 viros
1795 1297 1860 1337 ac
1886 1298 2007 1337 mu-

420 1373 585 1428 lieres
614 1374 943 1429 lamentatur
962 1374 1136 1429 ltalia.
1168 1373 1250 1451 ΤΒ
1292 1374 1585 1443 siquidem,
1613 1367 1772 1428 velut
1785 1384 2009 1429 aureum

330 1464 338 1476 ⁵
393 1462 592 1535 ἐὶὰυε,
626 1478 842 1526 terrena
872 1471 1229 1553 quaerentium
1258 1469 1535 1526 videbaris
1576 1470 1851 1526 illustrare
1877 1469 2010 1526 ωε.

422 1563 625 1635 ginem,
656 1572 820 1634 atque
854 1564 919 1618 ad
954 1565 1121 1620 Deum
1150 1565 1753 1635 provocans,mieantis
1778 1562 2011 1634 διεωρί

420 1653 750 1712 retundebas
775 1658 1209 1727 te-seqoentibus
1244 1658 1571 1713 claritatem.
1621 1657 1711 1725 Et,
1740 1666 1803 1712 ut
1845 1658 2012 1713 multa

420 1755 761 1817 praeteream,
791 1760 893 1819 ego
916 1756 1137 1817 quoque
1161 1747 1337 1802 donec
1384 1754 1438 1803 te
1470 1747 1877 1817 procul‘abesse
1914 1760 2006 1802 su-
2038 1732 2083 1792 Β

420 1837 596 1907 spiro,
632 1837 878 1892 Romana
909 1838 1235 1907 conspicere
1266 1837 1469 1892 mania
1496 1839 1874 1908 perhorresco.
1909 1839 2015 1893 Re-

423 1934 641 1981 trertere
674 1939 822 1997 ergo,
856 1927 1083 1982 domina
1115 1928 1211 1994 mi,
1246 1935 1540 1993 revertere,
1579 1937 1741 2000 teque
1780 1929 2013 2001 lugenti-

415 2015 527 2070 bus
569 2014 815 2070 festivam
858 2016 1024 2072 redde
1070 2014 1353 2085 Iustitiam,
1399 2019 1493 2091 qui
1534 2018 1843 2075 rutilantem
1887 2021 2013 2076 enati

326 2104 339 2113 ”
414 2116 703 2176 gemmam
726 2106 793 2162 de
819 2108 995 2179 capite
1025 2109 1211 2164 mundi
1240 2108 1435 2175 Roma,
1462 2109 1857 2180 quodammodo
1895 2111 2013 2182 plo-

426 2208 613 2251 ramus
652 2197 914 2251 avulsam.
961 2198 1179 2269 legerat
1223 2197 1317 2254 tibi
1366 2212 1622 2255 nauseam
1665 2200 1786 2255 aula
1821 2202 2015 2272 regalis

416 2284 665 2354 imperii,
689 2286 802 2340 sola
830 2287 937 2341 tuis
963 2286 1187 2343 naribus
1220 2302 1419 2359 sagena
1445 2291 1683 2346 redoleat
1707 2292 2013 2362 piscatoris.

428 2375 544 2432 Illic
566 2392 688 2431 cum
728 2375 1021 2432 Petronilla
1053 2379 1214 2434 simul
1257 2379 1459 2435 habere
1499 2391 1552 2435 te
1583 2380 1748 2436 libeat
1771 2381 2014 2451 sepultu-

423 2480 572 2532 ram,
601 2477 662 2525 at
689 2468 916 2538 insignis
939 2467 1026 2524 ille
1050 2479 1206 2540 pater
1235 2471 1505 2541 geminam
1542 2471 1697 2543 juxta
1727 2486 1807 2537 se,
1836 2473 2017 2528 carnis

428 2556 680 2619 videlicet
721 2574 784 2615 ac
814 2562 1038 2630 spiritus
1061 2563 1296 2632 gaudeat
1322 2565 1667 2633 requiescere
1697 2563 1883 2618 ﬁliam.
1914 2564 2016 2618 Do-

416 2653 635 2707 -minum
669 2668 844 2709 meum
879 2654 1169 2726 Lepertum
1197 2656 1508 2727 episcopum
1539 2664 1691 2728 tunc
1710 2656 1912 2723 saluto,
1939 2665 2016 2723 et,

429 2748 491 2799 ut
514 2746 622 2802 cito
652 2757 974 2813 revertatur,
1006 2747 1253 2818 imploro.

996 2870 1328 2938 EPISTOLA
1366 2882 1458 2937 ιιι.

547 2987 754 3027 mcouu
794 2988 940 3027 rara:
979 2988 1018 3026 ll
1057 2989 1218 3027 59....
1258 2987 1491 3028 nscmu
1531 2988 1736 3028 cutus
1777 2975 1946 3046 (IOI).

431 3079 1021 3159 Arcuuss'rcuL—ZS.
1054 3081 1247 3159 doctor
1288 3078 1490 3159 Nicolai
1522 3081 1562 3159 ιι
1605 3096 1756 3159 νίψαι
1802 3068 2021 3159 nurnine
2047 3073 2091 3136 C

505 3152 698 3221 scribit
723 3153 787 3204 ad
813 3149 1104 3203 Galliarum
1136 3151 1392 3219 reginam,
1426 3149 1738 3217 laudatejus
1765 3152 2017 3221 pietatem

503 3230 557 3273 ct
591 3220 642 3272 in
690 3235 953 3288 pauperes
1001 3221 1448 3286 beneﬁcentiam;
1504 3220 1775 3282 hortatur,
1811 3229 1868 3276 III.
1908 3231 2019 3276 tam

498 3289 773 3364 laudabile
801 3291 927 3344 vitae
953 3292 1283 3355 tus-titulum,
1311 3293 1460 3364 quod.
1493 3292 1660 3364 semel
1689 3294 2015 3362 arripuerat.

506 3356 679 3432 usque
700 3361 767 3414 ad
791 3371 1099 3432 extremum
1125 3356 1725 3427 constanter'rct-incat;
1756 3356 2021 3432 simulque

506 3431 717 3502 suadet,
768 3440 828 3502 ut
872 3430 1247 3502 virumsuum
1296 3446 1475 3501 regem
1525 3433 1590 3486 ad
1634 3430 2020 3502 rempublicam

502 3500 647 3574 juste
685 3500 1799 3574 administrandainteccleSiamtuendam
1827 3514 1880 3557 et
1912 3505 2026 3574 pie-

509 3572 637 3644 tatis
667 3570 1088 3644 operahedeuda,
1127 3571 1442 3644 inﬂammet,
1476 3571 1614 3625 ﬁlios
1650 3589 1865 3644 quoque
1894 3570 2022 3629 suos

505 3640 734 3706 eisdem,
755 3642 952 3711 quibus
980 3641 1096 3711 ipsa
1125 3642 1326 3697 imbuta
1352 3652 1436 3696 cst
1459 3640 1721 3709 moribus,
1750 3640 2020 3699 instituat.

507 3749 669 3822 253
706 3750 978 3808 Nicetaos
1027 3752 1332 3824 cpiscopus,
1373 3766 1565 3809 servus
1595 3768 1875 3811 servorum
1898 3757 2019 3822 Dei,

438 3839 688 3918 glorioscc
721 3843 917 3912 regina:
963 3843 1190 3899 Salutem
1220 3855 1275 3899 et
1302 3845 1654 3915 apostolicam
1689 3846 2023 3903 benedictio-

441 3945 587 3986 nem.

515 4020 677 4076 Bonae
705 4022 1000 4078 voluntatis
1040 4027 1246 4081 auctori
1298 4028 1655 4097 omnipotenti
1692 4029 1800 4087 Deo
1837 4030 2026 4101 dignas

445 4112 650 4182 gratias
672 4128 916 4184 agamus,
948 4117 1073 4185 quia
1098 4118 1149 4170 in
1174 4117 1409 4175 femineo
1437 4129 1660 4189 pectere
1691 4121 1846 4177 virile
1872 4122 2025 4177 vitic-

439 4216 505 4263 re
524 4209 664 4262 virtu
674 4211 973 4265 tum-robur
997 4212 1263 4267 audimus.
1290 4211 1547 4268 Pervenit
1568 4215 1765 4285 quippe
1787 4215 1855 4269 ad
1866 4218 2028 4273 aures

440 4309 679 4364 nostras,
698 4302 1197 4371 prmcellentissitna
1230 4305 1361 4370 ﬁlia,
1387 4304 1737 4364 serenitatem
1767 4318 1914 4364 tuam
1944 4309 2029 4364 in;

2102 477 2224 532 quae
2275 461 2369 517 Dei
2425 467 2552 516 sunt
2601 462 2707 534 piis
2737 462 3207 518 exhortationibus
3247 460 3399 521 facis.
3428 462 3681 534 Alioquin

2104 567 2211 621 quo
2233 560 2393 621 pacto
2419 548 2571 606 .viros
2596 567 2723 606 suos
2758 551 2861 606 illm
2887 552 3144 624 conjuges
3159 569 3343 608 amare
3370 554 3684 621 credantur,

2104 657 2226 711 qua:
2257 640 2308 696 in
2338 642 2420 698 eis
2444 656 2655 711 capsas,
2688 651 2749 696 ut
2776 642 2847 697 ita
2874 643 3085 715 loquar,
3107 659 3394 714 corporum
3425 643 3683 716 diligunt;

2104 736 2200 792 sed
2243 738 2545 792 animarum
2580 752 2793 802 aurum,
2821 737 2961 807 quod
2998 737 3053 791 in
3098 737 3177 792 eis
3215 737 3547 803 reconditur,
3578 753 3684 793 non

2107 832 2387 885 attendunt
2414 848 2427 885 :
2461 830 2730 885 Habemus
2750 831 2916 894 enim,
2937 831 3089 903 juxta
3113 831 3450 901 Apostolum,
3472 832 3679 888 thesau-

2106 938 2226 979 rum
2256 923 2414 977 istum
2442 923 2497 979 in
2521 923 2661 979 vasis
2691 923 2941 996 fictilibus
2971 922 3053 995 (II
3086 922 3209 977 Cor.
3254 923 3349 996 tv).
3377 923 3507 990 Quae
3526 923 3683 977 nimio

2108 1030 2227 1069 rum
2257 1014 2359 1069 hoc
2382 1013 2646 1069 duntaxat
2671 991 3092 1084 amplectuntur,
3118 1014 3261 1084 quod
3284 1028 3497 1069 vermes
3526 1013 3683 1067 devo-

2108 1111 2233 1159 rant
2268 1105 2321 1158 in
2353 1104 2657 1174 sepulcris;
2696 1103 2825 1158 illud
2869 1118 3068 1160 vesane
3116 1104 3441 1173 despiciunt,
3474 1104 3560 1158 cui
3598 1105 3688 1183 im-

2108 1194 2500 1250 marcescibilis
2550 1193 2718 1266 gloria
2777 1202 3025 1249 servatur
3072 1192 3125 1246 in
3189 1186 3361 1249 caelis.
3416 1192 3474 1247 In
3524 1208 3690 1247 carne

2108 1285 2308 1357 quippe
2352 1292 2597 1339 'amOrem
2647 1299 2803 1339 suum
2851 1274 2940 1338 illa
2967 1282 3343 1349 constituerat,
3376 1298 3496 1353 qua:
3519 1281 3690 1337 David

2110 1388 2169 1430 se
2191 1362 2531 1445 despicienti,
2559 1374 2762 1428 ironica
2789 1371 3137 1428 insultatione
3166 1372 3382 1428 dicebat
3409 1389 3422 1425 :
3462 1390 3481 1423 ‹
3517 1370 3689 1440 Quam

2108 1468 2376 1541 gloriosus
2407 1465 2507 1521 fuit
2530 1466 2689 1523 hodie
2716 1481 2807 1521 rex
2838 1463 3024 1530 Israel,
3053 1464 3456 1534 discooperiens
3481 1479 3541 1520 se
3564 1472 3692 1517 ante

2108 1559 2294 1617 Oculos
2317 1573 2596 1614 servorum
2633 1568 2874 1622 suorum,
2898 1563 2954 1611 et
2982 1556 3217 1610 nudatus
3236 1563 3321 1613 est
3341 1554 3495 1624 quasi
3526 1552 3693 1609 nude-

2113 1657 2204 1707 tur
2243 1663 2384 1704 unus
2433 1662 2500 1705 ex
2539 1647 2793 1703 scurris?
2822 1665 2841 1698 ι
2883 1644 2969 1718 (II
3012 1642 3139 1714 Reg.
3171 1640 3418 1715 v1).Qu:e
3449 1640 3692 1713 profecto

2112 1747 2240 1818 quia
2267 1744 2594 1801 desiderium
2623 1757 2778 1798 suum
2803 1742 2856 1796 in
2881 1741 2994 1799 sola
3014 1756 3179 1796 carne
3205 1748 3480 1811 posuerat,
3504 1738 3692 1823 carnis

2114 1836 2293 1891 fructu
2342 1833 2523 1888 debita
2574 1842 2655 1887 est
2712 1831 3183 1887 animadversione
3232 1831 3467 1901 privata.
3539 1827 3694 1886 Unde

2112 1926 2274 1997 paulo
2316 1933 2448 1995 post
2503 1923 2782 1993 Scriptura
2835 1921 3113 1992 subjungit
3163 1939 3177 1975 :
3234 1941 3253 1972 ι
3302 1920 3471 1991 Igitur
3500 1917 3690 1974 Michol

2116 2019 2238 2075 ﬁlire
2267 2017 2421 2083 Saul,
2453 2033 2560 2073 non
2587 2029 2673 2073 est
2710 2026 2870 2072 natus
2919 2015 3061 2070 ﬁlius
3085 2029 3253 2084 usque
3278 2015 3345 2070 ad
3376 2014 3517 2069 diem
3545 2028 3690 2070 mor-

2116 2113 2187 2168 tis
2214 2126 2325 2168 sum
2352 2109 2545 2182 (Ibid.)
2575 2128 2593 2161 ι
2621 2108 2700 2163 Tu
2725 2117 2928 2172 autem,
2953 2105 3187 2177 gloriosa
3209 2105 3337 2168 ﬁlia,
3362 2105 3490 2177 quia
3516 2102 3696 2160 fecun-

2116 2203 2301 2258 ditatis
2320 2202 2518 2258 donum
2549 2199 2805 2255 divinitus
2833 2198 3104 2262 meruisti,
3127 2196 3207 2252 sic
3230 2196 3587 2252 clarissimam
3614 2195 3697 2250 in-
3782 2216 3793 2223 ~

2116 2303 2266 2351 strue
2312 2292 2573 2356 sobolem,
2600 2299 2662 2345 ut
2691 2290 2835 2344 inter
2862 2288 2972 2357 ipsa
3002 2286 3259 2342 laetantis
3282 2285 3520 2340 infantiae
3545 2285 3693 2340 rudi-

2119 2393 2298 2442 menta
2349 2385 2418 2439 ad
2463 2382 2737 2438 Creatoris
2787 2380 2868 2435 sui
2912 2378 3186 2433 nutriatur
3220 2391 3482 2431 amorem.
3520 2372 3626 2431 Per
3647 2382 3698 2429 te

2119 2478 2284 2549 igitur
2325 2476 2559 2540 discant,
2603 2472 2689 2527 cui
2738 2471 3077 2542 potissimum
3110 2468 3359 2532 debeant,
3392 2476 3447 2521 et
3475 2463 3619 2536 quod
3644 2464 3695 2518 in

2120 2571 2317 2642 regalis
2365 2570 2504 2624 aulae
2563 2567 2702 2624 solio
2746 2575 2874 2623 sunt
2915 2564 3123 2620 nobiles
3149 2563 3336 2633 geniti,
3368 2571 3424 2616 et
3469 2557 3715 2630 quodin.

2121 2660 2378 2718 Ecclesia:
2422 2660 2628 2732 gremio
2679 2659 2836 2729 longe
2886 2657 3117 2712 nobilius
3145 2672 3241 2726 per
3265 2654 3442 2709 sancti
3466 2652 3699 2722 Spiritus

2104 2753 2351 2823 gratiam
2380 2759 2511 2806 sunt
2539 2750 2736 2805 renati.
2781 2747 2899 2803 Noli
2928 2744 3219 2829 aliquando
3249 2744 3532 2815 pecuniam
3556 2757 3697 2811 prae-

2122 2846 2267 2899 ferre
2281 2843 2527 2912 iustitiae,
2554 2842 2648 2898 sed
2676 2842 2989 2896 thesaurum
3019 2854 3160 2894 vera:
3182 2837 3461 2908 sapientia:
3487 2833 3702 2889 inhian-

2122 2944 2208 2991 tcr
2256 2935 2499 3005 acquire.
2548 2934 2753 3004 Regina
2785 2932 2982 3002 quippe
3011 2929 3162 2986 Saba
3192 2929 3340 2985 venit
3373 2942 3482 2982 non
3518 2924 3703 2980 videre

2123 3027 2363 3091 divitias,
2380 3026 2473 3092 sed
2488 3025 2675 3079 audire
2688 3023 3008 3095 sapientiam
3025 3021 3330 3076 Salomonis
3343 3018 3460 3092 (111
3476 3016 3601 3089 Reg.
3618 3014 3701 3082 χ).

2123 3122 2270 3187 Quas
2318 3130 2494 3173 tamen
2538 3118 2653 3188 ipsa
2705 3132 2808 3172 non
2855 3118 3029 3187 petiit,
3077 3113 3348 3184 copiosius
3383 3110 3700 3181 reportavit.

2122 3211 2203 3267 Tu
2234 3211 2420 3272 etiam,
2452 3210 2580 3275 ﬁlia,
2607 3209 2810 3264 divinis
2830 3207 3131 3263 obediendo
3162 3204 3453 3268 mandatis,
3483 3198 3700 3272 sapien-

2124 3305 2254 3359 tiam
2288 3303 2527 3372 posside,
2570 3312 2629 3357 ut
2656 3301 2921 3357 merearis
2942 3300 3008 3355 ad
3047 3298 3275 3353 salutem
3299 3296 3494 3350 animae
3518 3302 3622 3348 tuae
3649 3300 3707 3347 et

2122 3397 2355 3453 terrenis
2384 3404 2759 3465 competenter
2793 3392 3017 3450 allicere
3046 3400 3102 3447 et
3130 3392 3202 3448 de
3234 3387 3530 3445 transitorii
3555 3385 3703 3458 regni

2123 3487 2358 3544 culmine
2386 3487 2450 3541 ad
2480 3483 2984 3550 cmlestetransire.

2586 3616 2749 3691 254
2796 3612 3127 3670 EPlS'l‘OLA
3173 3610 3241 3666 Χ.

2196 3726 2262 3764 ιιι)
2295 3723 2670 3765 GOTHIFREDUM
2713 3721 2885 3762 uucsu
2925 3721 2992 3760 er
3032 3716 3375 3758 mncmonsn
3409 3706 3635 3756 'rttsdm.

2128 3800 2526 3855 Aacunsnruu.
2567 3798 2789 3870 —7IIac
2833 3794 3058 3870 epistola
3106 3790 3713 3870 GOlI_t_ifretI(l_tI.ticI-Cl

2199 3870 2501 3927 marchioni
2549 3858 3136 3941 scribit,_se'graviter
3168 3862 3470 3941 tulissehab
3496 3860 3590 3941 illp
3608 3858 3712 3941 Qa-

2196 3945 2413 4013 daloum
2441 3926 2980 4013 pseudopon'tiﬁcei'n,
3011 3935 3102 4005 qui
3145 3951 3173 3989 a
3198 3926 3711 4013 catliolica‘religio-

2198 3997 2587 4075 nerdel'ec'erat,
2646 3997 2879 4079 hospitio
2923 3997 3205 4079 acceptum
3240 4018 3397 4068 esse;
3425 3997 3711 4079 idqpeffa-

2198 4085 2352 4140 ciuus
2378 4070 2623 4150 pluribus
2650 4070 2929 4134 sacrarum
2968 4070 3280 4150 lit-ferarum
3309 4070 3571 4140 exemplis
3599 4072 3712 4150 ain-

2197 4139 2811 4226 pliﬁca'tpadmonetque
2848 4157 2909 4202 ut
2945 4146 3166 4226 culpam
3224 4139 3500 4226 egitegerit",
3538 4150 3595 4226 e_t
3632 4139 3711 4223 lar

2198 4211 2597 4296 crymis'deleat
2622 4211 2999 4288 iterumqueqin
3024 4211 3336 4288 gratiam'S.
3360 4212 3427 4267 Β.
3454 4211 3715 4267 Ecclesiae

2198 4297 2404 4349 redeat.

439 4380 756 4488 qigenilbils
822 4394 1187 4449 ῐηωιίΓιοαηιίθ
1248 4397 1350 4466 βίω
1394 4397 1734 4455 liberalitatis
1780 4399 2023 4471 afﬂuere,
2056 4428 2104 4488 ι)
2202 4407 2409 4463 Damno
2446 4405 2820 4466 Go'rmrasno.
2859 4401 3317 4459 excellantissimo
3342 4398 3463 4454 duci
3489 4406 3548 4453 et
3568 4410 3716 4451 mar-

441 4480 811 4538 dcvotissim'ae
853 4485 1121 4539 orationis
1151 4486 1347 4542 studiis
1378 4487 1656 4556 insudare,
1678 4502 1785 4561 pro
1819 4491 2024 4547 violen-

438 4578 533 4628 ‘ter
551 4577 827 4645 oppressis
873 4578 981 4631 vim
1009 4577 1363 4635 districtionis
1389 4595 1667 4647 exercere,
1710 4583 2030 4655 cmterisque

443 4664 603 4723 bonis
640 4667 912 4738 operibus,
957 4668 1011 4724 in
1038 4680 1299 4740 quantum
1353 4672 1447 4727 tibi
1490 4676 1766 4743 competit,
1794 4674 2027 4733 oﬁicium

446 4758 614 4827 regite
668 4759 944 4831 dignitatis
1002 4763 1249 4832 implere.
1281 4762 1572 4818 Hortamur
1605 4759 1787 4837 igitur,
1815 4775 1874 4821 ut
1902 4780 2028 4823 eam

440 4863 628 4921 quem,
658 4853 768 4910 Deo
811 4857 1126 4927 inspirante,
1159 4861 1326 4916 semel
1373 4861 1615 4932 ingressa
1636 4878 1719 4930 es,
1748 4865 2024 4924 tramitem

443 4951 673 4998 teneas:
708 4945 1228 5021 invictissimumque
1274 4952 1450 5010 virum
1499 4963 1668 5022 tuum,
1713 4950 1880 5012 ﬁlium
1924 4974 2027 5014 no-

445 5041 626 5089 strum
677 5049 856 5106 regem
890 5039 955 5092 ad
986 5040 1203 5108 pietatis
1241 5043 1622 5116 aequitatisque
1662 5046 2028 5116 gubernacula

450 5124 805 5192 moderanda,
833 5136 1141 5199 statumque
1180 5128 1436 5190 Ecclesia:
1468 5137 1809 5193 retinendum
1831 5154 2029 5208 provo-

448 5232 580 5274 care
600 5222 913 5276 contendas.
942 5221 1000 5276 Si
1026 5223 1171 5277 enim
1234 5225 1538 5296 eloquentia
1564 5229 1775 5298 Abigail
1806 5232 2030 5288 stultum

453 5304 623 5401 ιξδιηι
668 5311 737 5364 ab
793 5311 1077 5368 irasrentis
1132 5315 1301 5401 David
1327 5317 1502 5388 gladio
1530 5321 1769 5376 servavit
1803 5322 2030 5379 illa-sum

454 5395 507 5464 (Ι
527 5398 807 5473 Reg.xxv);
823 5413 1025 5473 quanto
1044 5395 1421 5478 magis'sancta
1443 5409 1658 5465 devotio
1684 5421 1774 5466 tua
1796 5415 2030 5483 pruden-

455 5486 723 5546 tissimum
777 5494 952 5551 virum
986 5508 1136 5554 tuum
1167 5499 1362 5555 divinis
1390 5499 1577 5556 reddet
1609 5503 1886 5560 obtutibus
1907 5520 2031 5577 grao

2132 4502 2335 4566 chioni,
2390 4501 2605 4555 Penus
2658 4505 2916 4570 peccator
2962 4496 3265 4552 monachus
3305 4492 3405 4549 zeli
3449 4489 3714 4548 ferventis

2130 4593 2470 4662 oblaquium.
2916 4650 2919 4657 _

2202 4685 2349 4740 Nova
2377 4697 2550 4753 nuper
2577 4691 2632 4737 et
2660 4679 2901 4736 inaudita
2952 4680 3022 4734 de
3050 4679 3205 4735 vobis
3232 4676 3374 4749 apud
3421 4689 3523 4732 nos
3569 4672 3712 4728 fama

2131 4773 2604 4847 percrebuit,qu
2626 4769 2782 4824 nobis
2803 4783 2908 4823 non
2946 4769 3095 4838 parvi
3123 4766 3380 4823 muneris
3398 4762 3710 4820 Intestitiam

2132 4861 2337 4927 intulit,
2367 4861 2578 4917 viscera
2608 4858 2925 4915 tremefacta
2956 4857 3253 4922 concussit,
3301 4871 3365 4912 es
3409 4861 3655 4917 nostrum
3681 4867 3712 4904 ει

2133 4953 2294 5010 solita
2317 4952 2504 5025 gloriae
2531 4959 2721 5007 vestra:
2741 4949 2896 5005 laude
2923 4948 3277 5019 cumpeseuit,
3292 4956 3355 5002 et
3376 4941 3708 4999 tabefaetum

2136 5060 2251 5113 eor,
2280 5045 2427 5102 velut
2453 5043 2771 5101 mtissimo
2809 5041 3012 5099 doloris
3059 5040 3234 5096 intimi
3256 5037 3490 5111 pugione
3533 5044 3710 5090 trans-

2136 5138 2292 5195 fodit.
2345 5137 2452 5192 Vos
2517 5134 2724 5191 scilicet
2767 5133 3206 5190 communicasse
3280 5146 3403 5187 cum
3451 5127 3709 5190 Cadaloo,

2137 5248 2318 5306 quem,
2349 5242 2407 5287 ut
2434 5231 2635 5302 liquido
2661 5228 2989 5297 nostis,jam
3030 5229 3238 5285 dudum
3265 5224 3590 5282 universalis
3615 5222 3708 5278 Ec-

2137 5324 2322 5389 clesia,
2356 5331 2611 5392 tanquam
2635 5321 2831 5378 lethale
2858 5321 3007 5377 virus
3034 5321 3298 5387 evomuit,
3330 5328 3408 5383 et,
3436 5326 3496 5372 ut
3526 5331 3715 5372 revera

2138 5416 2411 5488 putridum
2458 5415 2782 5479 membrum,
2821 5415 2888 5470 de
2935 5414 3170 5485 propriis
3196 5410 3498 5467 visceribus
3532 5423 3721 5478 ampu-
3816 5412 3823 5419 ’

2139 5508 2297 5576 tavit,
2327 5506 2380 5562 in
2426 5504 2744 5578 gehennalis
2772 5505 3019 5562 barathri
3063 5502 3332 5575 profunda
3361 5497 3642 5566 demersit,
3662 5509 3718 5553 et

529 5652 679 5723 (101)
722 5656 925 5711 Annam
963 5659 1172 5718 llenrici
1204 5665 1601 5733 rejsuxorcm,
1637 5665 1863 5735 Philippi
1899 5667 2021 5720 item
2064 5666 2204 5738 regis
2236 5674 2461 5717 matrem
2494 5661 2834 5716 crefiderim.
