4170 6450
1637 297 1666 317 Ι

393 385 493 440 ιει

934 382 994 438 5.
1025 381 1230 438 PETRI
1275 379 1749 459 DAMIANI‘OPP.
1789 378 1969 434 PARS
2007 377 2136 434 SEU
2179 378 2414 436 'I‘OMUS
2443 379 2482 434 Ι.
2523 378 2828 436 —EPIST.
2868 379 2998 436 LIB.
3041 381 3174 439 VIII.

3543 381 3649 438 453

465 501 632 555 Filius
683 499 772 554 hic
822 509 1025 560 noster,
1075 499 1244 554 abbas
1293 497 1542 552 videlicet
1573 495 1884 550 monasterii
1910 493 1968 548 S.
2000 505 2044 559 Α
2075 495 2340 564 siquidem
2391 509 2582 564 parva,
2630 498 2726 552 sed
2775 495 3088 562 fructifera;
3134 495 3284 552 abies
3336 504 3516 551 autem
3565 507 3649 553 est

389 592 618 647 Joannis
671 589 947 660 Baptistae,
1001 587 1382 643 bibliothecam
1409 587 1562 652 emit,
1589 588 1683 642 sed
1702 587 1826 656 quia
1859 601 1966 642 non

389 690 568 752 potest
614 679 846 750 pretium
887 677 1064 746 inepia
1118 676 1485 744 eonstrigente
1518 675 1851 744 persolvere,
1875 687 1969 726 ne-

389 770 646 826 cessitate
675 766 1014 836 compellitur
1040 782 1068 820 a
1101 780 1188 820 me
1217 766 1503 820 reddendae
1532 765 1852 834 quantitatis
1872 779 1968 818 au-

389 861 576 914 xilium
608 858 872 928 ﬂagitare.
904 855 1009 912 Sed
1038 855 1182 925 quod
1211 855 1276 910 ad
1304 868 1544 924 praesens
1576 854 1706 908 mihi
1735 870 1838 908 non
1867 853 1964 908 ad-

381 955 550 1023 jacet,
577 951 646 1005 ab
668 951 787 1005 aliis
813 949 1064 1040 egigendi
1092 948 1364 1002 licentiam
1391 945 1606 1011 tribuo;
1637 946 1782 1015 quod
1811 961 1841 999 a
1871 960 1967 1000 no.

390 1041 494 1104 bis,
545 1039 803 1094 divitibus
847 1036 1056 1094 Scilicet
1102 1037 1376 1106 episcopis
1435 1050 1543 1090 non
1575 1036 1904 1106 assequitur,
1939 1051 1969 1089 a

388 1132 542 1186 vobis
572 1131 764 1185 saltem
785 1130 995 1199 exiguis
1021 1144 1085 1183 ac
1111 1126 1455 1198 pauperculis
1489 1127 1540 1180 in
1566 1127 1749 1196 aliquo
1775 1141 1969 1181 conso-

391 1222 550 1276 letur.
575 1222 726 1288 Quod
755 1222 799 1276 si
829 1221 962 1276 dicit
999 1221 1195 1290 aliquis
1225 1238 1239 1275 :
1267 1218 1498 1274 Mundus
1550 1220 1838 1276 adversum
1873 1234 1972 1275 nos

390 1315 544 1384 furit,
595 1315 794 1370 bellum
839 1314 1064 1386 ingruit,
1114 1321 1168 1368 et
1219 1326 1416 1367 vacare
1465 1327 1564 1367 nos
1599 1311 1666 1366 ad
1698 1309 1971 1366 offerenda

390 1407 504 1460 Deo
559 1421 783 1461 munera
838 1397 947 1461 non
983 1405 1271 1476 permittit,
1303 1403 1486 1458 audiat
1522 1404 1645 1474 quia
1677 1403 1840 1458 Iosue
1864 1402 1973 1457 dux

388 1494 556 1553 Israel
586 1495 638 1548 in
652 1495 872 1549 deserto
895 1495 1190 1565 pugnabat,
1205 1504 1259 1547 et
1280 1492 1398 1564 Moy
1409 1493 1557 1548 sesiu
1578 1500 1779 1555 monte,
1803 1491 1972 1544 mani-

392 1585 494 1640 bus
517 1585 568 1638 in
591 1583 789 1640 caelum
809 1583 1049 1640 extensis
1075 1583 1265 1639 orabat
1287 1583 1483 1655 (Exod.
1506 1583 1672 1655 xvii);
1697 1581 1813 1648 sed,
1836 1582 1975 1638 sicut

393 1675 678 1746 Scriptura
705 1675 972 1746 perhibet,
1027 1690 1149 1730 cum
1183 1675 1483 1730 remitteret
1511 1689 1702 1728 manus
1743 1671 1973 1744 Moyses,

392 1767 686 1834 superabat
713 1764 1004 1838 Amalech;
1034 1780 1156 1820 cum
1191 1779 1322 1820 vero
1352 1780 1541 1819 manus
1568 1764 1820 1834 erigeret,
1856 1779 1977 1820 cor-

396 1857 588 1911 ruebat
633 1855 911 1922 Amalech,
964 1865 1020 1910 et
1059 1855 1313 1911 vincebat
1343 1855 1524 1912 Israel.
1553 1855 1689 1911 Ilinc
1712 1857 1974 1926 propheta
2004 1855 2051 1916 B
2078 1852 2298 1922 quidem
2330 1861 2481 1908 tuum
2511 1853 2811 1910 arbitrarer
2835 1856 3082 1911 hilariter

392 1947 526 2001 dicit
553 1963 566 1998 :
600 1963 619 1997 ι
655 1945 856 2001 Levate
876 1947 1038 2000 corda
1069 1953 1247 2000 vestra
1271 1959 1395 1999 cum
1418 1945 1666 2001 manibus
1693 1945 1762 2000 ad
1801 1945 1974 2001 Deum

393 2033 613 2106 (Thren.
662 2035 766 2104 III).
825 2053 844 2086 ι
892 2033 1000 2090 Cor
1043 2035 1244 2106 quippe
1268 2049 1390 2090 cum
1441 2035 1692 2091 manibus
1718 2035 1786 2091 ad
1809 2035 1976 2092 Deum

396 2128 538 2183 levat
596 2129 713 2198 qui,
761 2129 889 2183 dum
941 2129 1248 2184 orationum
1297 2129 1408 2184 Deo
1447 2137 1570 2184 vota
1619 2127 1899 2198 persolvit,
1925 2129 1976 2184 ei

392 2233 632 2288 quoque,
667 2217 750 2273 vel
797 2218 864 2274 ad
887 2227 1208 2274 ornamenta
1227 2218 1607 2283 ecclesiarum,
1637 2217 1722 2273 vel
1759 2217 1827 2272 ad
1851 2219 1978 2273 sub-

393 2308 530 2362 sidia
548 2323 862 2378 pauperum,
881 2308 1041 2379 257
1070 2324 1252 2364 rerum
1281 2323 1501 2364 suarum
1527 2309 1666 2365 dona
1699 2308 1978 2364 transmit-

395 2401 482 2454 tit.
515 2399 807 2455 lnduamus
832 2416 966 2472 ergo
994 2399 1150 2456 nobis
1175 2400 1398 2456 loricam
1440 2400 1706 2455 bonorum
1728 2413 1974 2470 operum,

394 2501 452 2547 et
470 2491 651 2561 iacula
701 2508 806 2546 non
837 2493 1148 2547 timebimus
1199 2492 1506 2562 impiorum.
1541 2490 1696 2546 Unde
1720 2489 1976 2548 Salomon

399 2581 454 2636 in
489 2581 800 2638 Proverbiis
828 2601 842 2638 :
873 2601 891 2634 ι
925 2581 1003 2638 Ne
1031 2597 1248 2653 paveas,
1297 2582 1492 2651 inquit,
1537 2581 1820 2653 repentino
1869 2589 1978 2636 ter-

399 2686 523 2728 rore
575 2672 848 2728 irruentes
889 2673 984 2726 tibi
1020 2681 1320 2743 potestates
1373 2673 1689 2744 impiorum,
1718 2671 1978 2728 Dominus

394 2763 540 2819 enim
587 2765 697 2819 erit
734 2765 787 2818 iu
824 2764 994 2819 latere
1031 2773 1120 2818 tuo
1150 2773 1204 2819 et
1255 2765 1526 2819 custodiet
1578 2763 1767 2832 pedem
1803 2771 1974 2826 tuum,

397 2867 466 2907 ne
495 2854 729 2923 capiaris
751 2851 934 2921 (Prov.
961 2853 1063 2922 Ill).
1103 2873 1121 2905 ι
1161 2853 1313 2908 Unde
1335 2862 1515 2909 autem
1533 2851 1980 2909 debeamushanc

398 2944 683 2997 audaciam
710 2951 889 2997 mente
915 2944 1201 3013 concipere
1220 2953 1416 3011 praesto
1445 2943 1727 3013 subiunxit
1753 2958 1769 2995 :
1807 2959 1824 2992 ι
1858 2939 1979 2998 Noli

399 3034 693 3104 prohibere
744 3034 1065 3088 benefacere
1096 3049 1218 3088 eum
1257 3036 1346 3101 qui
1390 3041 1606 3102 potest;
1655 3033 1699 3086 si
1724 3031 1890 3097 vales,
1923 3037 1980 3086 et

403 3125 520 3194 ipse
550 3124 778 3179 benefac
807 3139 822 3177 :
866 3138 933 3180 ne
960 3123 1108 3179 dicas
1143 3123 1316 3178 amico
1349 3133 1441 3178 tuo
1467 3141 1480 3176 :
1522 3120 1689 3185 Vade,
1713 3130 1768 3177 et
1795 3136 1978 3176 rever-

2069 597 2317 656 procera,
2376 589 2471 642 sed
2526 587 2832 644 infecunda.
2889 588 2997 644 Sed
3057 588 3146 642 illa
3203 588 3444 658 quidem,
3505 589 3649 657 quod

2070 676 2249 731 minus
2279 677 2441 732 habet
2471 676 2523 730 in
2558 679 2770 743 robore,
2797 687 3114 747 compensat
3159 678 3212 731 in
3259 692 3485 730 uvarum
3527 691 3648 746 pro-

2071 765 2352 821 ﬂuentium
2379 767 2658 833 ubertate;
2697 768 2804 822 ista
2824 783 2952 824 vero
2978 768 3106 824 licet
3136 768 3213 823 nil
3239 767 3485 824 conferat
3507 783 3651 822 men-

2071 856 2148 911 sis
2173 858 2465 927 erigendis,
2500 867 2679 914 tamen
2711 868 2793 914 est
2817 859 3258 929 aptastructuris,
3288 868 3343 914 et
3370 859 3514 928 quod
3543 875 3650 912 non

2071 944 2301 1010 deliciis,
2331 946 2548 1001 exhibet
2585 946 2844 1001 aediﬁciis.
2894 947 2996 1002 Ubi
3024 957 3205 1002 autem
3247 947 3353 1002 duo
3388 949 3490 1001 ista
3519 963 3650 1002 con-

2071 1045 2314 1099 currunt,
2347 1035 2600 1090 nimirum
2647 1047 2704 1091 ut
2737 1037 2897 1092 simul
2936 1045 2991 1093 et
3025 1037 3326 1108 proceritas
3356 1037 3569 1092 arboris
3593 1048 3648 1092 et

2074 1135 2367 1194 proventus
2399 1126 2470 1180 sit
2505 1127 2788 1189 ubertatis,
2819 1137 3024 1197 quanto
3057 1128 3250 1191 rarior,
3283 1137 3434 1182 tanto
3463 1129 3652 1198 majori

2075 1229 2163 1270 res
2197 1223 2282 1269 est
2309 1215 2467 1286 digna
2499 1217 2778 1270 miraculo.
2814 1217 2928 1272 Hoc
2969 1218 3131 1287 igitur
3161 1218 3214 1272 in
3247 1218 3399 1272 vobis
3426 1219 3652 1289 gemina:

2071 1307 2258 1378 gratiae
2280 1309 2546 1378 reperitur
2572 1308 2802 1378 insigne,
2827 1320 2882 1365 et
2908 1311 2962 1364 in
2988 1310 3154 1366 Deum
3182 1311 3394 1367 scilicet
3425 1312 3647 1368 humilis

2073 1410 2138 1450 ac
2161 1406 2351 1450 sancta
2379 1396 2612 1462 devotio,
2639 1407 2694 1452 et
2721 1413 2848 1467 erga
2889 1401 3145 1453 mundum
3182 1400 3428 1456 sublimis
3466 1411 3655 1470 poten-

2077 1491 2162 1546 tiae
2185 1489 2470 1556 celsitudo,
2507 1499 2567 1545 ut
2595 1492 2698 1546 dici
2729 1507 2832 1546 non
2868 1492 3141 1548 immerito
3179 1493 3402 1548 valeatis
3431 1504 3486 1548 et
3519 1494 3656 1549 vites

2072 1580 2300 1635 excelsae
2346 1591 2401 1636 et
2447 1581 2656 1636 abietes
2699 1581 3007 1637 fructuosas.
3061 1583 3138 1638 De
3180 1585 3439 1653 mysterio
3470 1594 3652 1640 autem

2075 1679 2276 1725 mutuas
2297 1671 2659 1736 continentiae,
2701 1687 2865 1743 quam
2894 1674 3034 1729 inter
3071 1689 3187 1740 vos,
3219 1675 3327 1730 Deo
3357 1684 3518 1742 teste,
3541 1691 3654 1731 ser-

2076 1763 2236 1828 vatis,
2269 1762 2360 1817 diu
2390 1777 2498 1830 me,
2521 1763 2714 1828 fateor,
2747 1765 2944 1835 duplex
2966 1766 3150 1836 opinio
3175 1768 3368 1832 tenuit,
3393 1775 3452 1821 ut
3478 1771 3650 1822 virum

3085 1857 3208 1946 hoc
3232 1858 3508 1928 pudicitiae
3539 1873 3654 1912 mu-

2076 1958 2178 1998 nus
2205 1941 2431 2009 oﬂ‘erre;
2489 1953 2539 1998 te
2585 1959 2711 2000 vero
2746 1947 3015 2018 gignendo
3049 1941 3218 2017 prolis
3243 1947 3516 2003 desiderio
3545 1964 3652 2002 non

2074 2033 2178 2089 hoc
2229 2032 2460 2090 libenter
2509 2035 2815 2092 admittere.
2865 2034 3032 2106 258
3076 2036 3182 2092 Sed
3219 2051 3343 2092 cum
3384 2037 3653 2106 gloriosus

2073 2125 2217 2180 idem
2247 2124 2334 2179 vir
2361 2140 2533 2194 nuper
2553 2126 2686 2180 mihi
2708 2135 2835 2182 ante
2856 2138 3263 2183 sacrosanctum
3285 2141 3483 2198 corpus
3511 2127 3653 2184 beati

2075 2215 2439 2284 apostolorum
2462 2217 2720 2288 principis
2740 2219 3304 2274 intimassetsanctum
3327 2219 3651 2274 desiderium

2085 2317 2237 2362 tuum
2271 2318 2326 2361 et
2365 2308 2638 2377 pudicitia
2681 2319 2943 2379 perpetuo
2989 2310 3376 2366 conservanda:
3418 2309 3660 2380 proposi-

2079 2380 2214 2465 tum,
2263 2397 2460 2466 fateor,
2507 2419 2527 2451 ε
2578 2399 2815 2455 Latlatus
2858 2417 2978 2456 sum
3013 2402 3067 2458 in
3098 2403 3184 2458 his
3211 2418 3332 2472 quae
3357 2403 3502 2458 dicta
3531 2413 3660 2458 sunt

2077 2494 2209 2549 mihi
2239 2493 2413 2565 (Psal.
2452 2494 2622 2566 cm),
2674 2515 2694 2548 ι
2742 2504 2798 2549 et
2832 2496 3096 2552 exsultavi
3133 2497 3498 2553 vehementer.
3537 2495 3656 2553 Jam

2077 2585 2344 2656 siquidem
2376 2587 2609 2642 solutum
2637 2597 2723 2643 est
2745 2588 2800 2643 in
2826 2597 2880 2644 te
2908 2588 3037 2645 illud
3065 2589 3302 2659 antiquae
3331 2589 3662 2645 maledictio-

2078 2679 2163 2734 nis
2189 2678 2447 2748 elogium,
2489 2693 2598 2748 quo
2622 2679 2812 2749 primte
2841 2679 3052 2735 mulieri
3082 2680 3288 2736 dictum
3313 2689 3397 2736 est
3422 2698 3436 2735 :
3490 2698 3509 2732 ι
3544 2679 3690 2736 Sub.

2079 2769 2180 2824 viri
2209 2776 2478 2838 potestate
2525 2770 2659 2835 eris,
2700 2779 2756 2824 et
2798 2769 2913 2839 ipse
2956 2769 3323 2826 dominabitur
3367 2770 3462 2827 tibi
3501 2767 3656 2842 (Gen.

2080 2859 2186 2928 III).
2228 2875 2248 2907 ι
2290 2855 2514 2911 Constat
2553 2857 2714 2928 plane
2751 2856 2945 2914 Saram
2978 2859 3247 2915 castitatis
3290 2875 3356 2914 ex
3397 2868 3526 2914 tunc
3545 2859 3658 2928 jam

2079 2948 2334 3004 habuisse
2371 2949 2729 3018 propositum,
2772 2965 2896 3005 cum
2945 2951 2998 3006 id
3029 2950 3205 3019 ﬁeret,
3233 2955 3379 3022 quod
3409 2967 3565 3007 sacra
3593 2953 3660 3008 de

2081 3039 2171 3094 illa
2201 3049 2390 3094 narrat
2414 3039 2658 3107 historia,
2686 3042 2813 3112 quia
2837 3041 3114 3097 desierant
3144 3040 3294 3097 Sara:
3324 3042 3444 3096 lleri
3476 3042 3662 3097 mulie-

2081 3129 2218 3185 bria.
2249 3129 2318 3184 Et
2338 3130 2559 3200 insuper
2592 3129 2680 3185 illa
2718 3131 2853 3187 dicit
2878 3148 2890 3182 :
2925 3150 2944 3182 ι
2971 3129 3264 3200 Postquam
3292 3131 3575 3196 consenui,
3604 3139 3660 3184 et

402 3225 538 3279 iere,
578 3229 702 3269 cras
733 3215 872 3269 dabo
899 3213 1014 3279 tibi,
1046 3228 1168 3268 cum
1193 3213 1375 3268 statim
1399 3210 1973 3282 possisdarc(Ibid.).t
2005 3205 2050 3268 C
2081 3224 2332 3279 dominus
2357 3239 2510 3280 meus
2527 3225 2740 3280 vetulus
2769 3235 2876 3291 εει,
2906 3224 3167 3295 voluptati
3190 3239 3412 3295 operam
3442 3224 3582 3280 dabo
3601 3224 3657 3278 2.

398 3305 789 3362 Couﬂdendum
828 3314 911 3360 est
931 3320 1078 3375 ergo.
1113 3318 1220 3359 non
1247 3305 1300 3358 in
1350 3303 1516 3368 ferro,
1546 3302 1633 3358 vel
1660 3301 1848 3368 armis,
1879 3302 1976 3358 sed

401 3396 458 3448 in
488 3396 744 3465 operibus
793 3395 1029 3464 pietatis.
1072 3395 1183 3466 Ego
1209 3405 1392 3450 autem
1425 3395 1664 3450 venirem
1690 3395 1756 3450 ad
1785 3403 1980 3450 vestrm

393 3483 656 3553 jussionis
696 3485 1007 3555 imperium,
1065 3487 1164 3541 nisi
1222 3496 1475 3542 senectus
1518 3487 1740 3542 incurva
1767 3495 1976 3542 tremu-

399 3576 510 3630 lutn
562 3577 881 3646 reprimeret
939 3593 1204 3648 gressum.
1277 3577 1657 3632 Verumtamen
1687 3579 1858 3631 trater
1893 3578 1980 3632 hic

397 3666 577 3720 videat
607 3675 663 3720 et
689 3667 1005 3736 perpendat,
1043 3667 1088 3722 si
1126 3681 1211 3721 me
1239 3682 1405 3722 causa
1458 3665 1737 3722 rationalis
1766 3666 1977 3722 invitat.

401 3755 787 3810 Excellentiam
853 3766 1113 3826 praeterea
1157 3764 1393 3811 vestram
1423 3755 1702 3810 humiliter
1728 3757 1978 3823 obsecro,

399 3847 527 3899 utsi
563 3859 722 3915 quem
753 3846 820 3901 ad
858 3845 1153 3902 Teutonica
1193 3845 1307 3902 loca
1343 3846 1692 3911 transmittis,
1727 3861 1824 3916 pro
1850 3847 1980 3909 cha-

398 3937 559 3992 ritate
619 3947 804 3992 nostra
841 3938 906 3991 ad
946 3939 1218 3993 dominam
1257 3955 1434 3995 meam
1457 3941 1720 4010 Agnetem
1747 3940 1986 4011 impera-

399 4025 589 4080 tricem
619 4025 758 4082 hanc
786 4027 1067 4096 epistolam
1091 4028 1294 4100 dirigas
1316 4029 1488 4100 (102).

932 4137 1264 4194 EPISTULA
1308 4138 1446 4193 XIV.

398 4262 469 4304 an
518 4262 817 4303 aearmcsu
869 4265 1146 4314 DUCISSMI,
1203 4266 1524 4307 eormrnsot
1577 4269 1729 4310 DUCIS
1776 4253 1980 4310 TUSCIB

371 4353 374 4358 '
1076 4337 1314 4376 υκοιιωι.

398 4407 1108 4466 Aucuuenruu.—-Beatrici
1132 4411 1434 4468 Gothifredi
1447 4413 1600 4468 ducis
1621 4415 1775 4469 uxori
1793 4415 1982 4471 scribit

472 4495 532 4534 se
555 4494 877 4564 magnopere
900 4479 1258 4564 erltilaratum
1279 4483 1423 4564 quod
1450 4485 1802 4564 comperisset
1823 4485 1969 4564 illam

470 4549 724 4605 concordi
769 4549 1046 4606 voluntate
1091 4567 1214 4606 cum
1265 4549 1382 4606 viro
1429 4569 1528 4609 suo
1575 4549 1972 4612 continentiam
2004 4556 2053 4616 υ

2081 3314 2238 3386 (Gen.
2264 3315 2444 3388 xvm.)
2485 3316 2690 3384 Quibus
2741 3316 2928 3386 utique
2972 3316 3154 3371 verbis
3179 3315 3522 3386 perspicuum
3551 3323 3661 3382 est,

2078 3417 2202 3459 eam
2225 3405 2492 3460 castitatis
2506 3406 2618 3476 jam
2643 3415 2771 3460 tunc
2795 3407 3034 3460 tenuisse
3058 3404 3414 3475 propositum.
3447 3404 3514 3458 Et
3536 3411 3659 3473 post

2081 3494 2194 3550 hzec
2217 3495 2352 3550 dixit
2378 3495 2521 3552 Deus
2549 3497 2616 3552 ad
2646 3497 2919 3551 Abraham
2949 3512 2964 3548 :
3011 3515 3031 3548 ί
3078 3494 3273 3552 Omnia
3303 3509 3424 3564 quae
3462 3493 3662 3549 dixerit

2084 3587 2178 3642 tibi
2230 3587 2388 3655 Sara,
2429 3588 2556 3644 audi
2598 3603 2780 3646 vocem
2819 3588 2937 3660 ejus
2967 3585 3119 3660 (Gen.
3163 3585 3300 3658 xxi).
3334 3605 3354 3640 ι
3384 3585 3543 3651 Ecce,
3573 3584 3659 3640 cui

2081 3679 2231 3747 prius
2260 3678 2538 3734 Abraham
2581 3679 2945 3748 imperaverat
2981 3687 3038 3734 et
3078 3678 3329 3733 dominus
3358 3675 3661 3739 dicebatur,

2074 3768 2190 3838 jam
2216 3768 2291 3823 illi
2316 3784 2414 3839 per
2433 3769 2702 3824 castitatis
2722 3768 2975 3824 meritum
2996 3767 3216 3824 obedire
3241 3767 3572 3837 praecipitur,
3600 3776 3662 3820 ut

2081 3859 2198 3929 eius
2223 3861 2402 3915 verbis
2418 3859 2529 3929 jam
2552 3861 2606 3914 in
2634 3859 2847 3915 cunctis
2874 3858 3095 3914 obediat
3122 3857 3216 3927 qui
3236 3857 3338 3912 sibi
3363 3857 3513 3926 prius
3541 3865 3660 3910 tan-

2082 3965 2244 4020 quam
2275 3949 2535 4006 Dominus
2564 3949 2877 4019 imperarat.

2151 4059 2285 4115 Cum
2314 4073 2425 4129 quo
2457 4058 2586 4114 illud
2611 4059 2776 4114 etiam
2812 4058 3001 4114 salutis
3025 4057 3330 4128 exemplum
3361 4061 3429 4114 ab
3456 4059 3660 4115 eisdem

2080 4151 2406 4221 patriarchis
2449 4150 2733 4217 addiscite,
2777 4159 2839 4206 ut
2881 4151 3232 4206 humanitatis
3269 4150 3506 4207 oﬂicium
3546 4166 3656 4205 non

2081 4241 2367 4314 negligatis
2396 4242 2696 4313 hospitibus
2720 4240 3000 4298 exhibere.
3033 4240 3111 4297 De
3133 4242 3218 4297 his
3247 4241 3392 4297 enim
3421 4241 3651 4311 Aposto-

2082 4331 2166 4388 lus
2193 4347 2316 4388 cum
2360 4331 2712 4403 praemisisset
2744 4349 2820 4404 ς(
2866 4329 3119 4388 Charitas
3145 4329 3506 4386 fraternitatis
3537 4346 3657 4385 ma-

2083 4433 2211 4479 neat
2254 4424 2307 4477 in
2355 4423 2527 4488 vobis,
2572 4433 2629 4478 et
2665 4421 3088 4493 bospitaiitatem
3125 4421 3291 4476 nolite
3330 4420 3598 4488 oblivisci,
3635 4439 3654 4473 ι

2082 4514 2392 4584 specialiter
2435 4515 2639 4570 addidit
2688 4533 2701 4568 :
2755 4534 2775 4567 ι
2823 4512 2929 4568 Per
2979 4515 3120 4568 hanc
3162 4513 3310 4568 enim
3343 4513 3668 4582 placuerunt

469 4603 723 4676 smmi
756 4603 1013 4692 Proponit
1024 4603 1040 4606 '
1055 4603 1117 4676 ei
1131 4603 1398 4695 “sinceri.
1406 4603 1976 4695 praestigias;

2080 4607 2302 4677 quidam
2319 4607 2527 4678 angelis
2548 4607 2782 4677 hospitio
2797 4606 3031 4676 receptis
3055 4603 3244 4675 (Hebr.
3273 4606 3418 4674 xm).
3458 4623 3477 4657 ι
3511 4603 3667 4660 Sicut

469 4705 609 4754 rum,
665 4706 838 4760 eaque
885 4701 941 4746 ut
989 4699 1116 4747 ante
1168 4692 1355 4748 oculos
1408 4693 1606 4749 habeat
1655 4692 1712 4750 et
1771 4697 1972 4752 imitari

469 4760 681 4815 studeat
706 4762 974 4836 horta_tur_.
1010 4760 1444 4836 Hospitalitatem
1472 4765 1739 4836 przecipue
1767 4765 1820 4820 in
1845 4781 1976 4836 pau-

469 4845 628 4954 geres
671 4840 725 4885 et
756 4833 807 4886 in
840 4832 1585 4894 Ecclesias’muniliccntiam
1616 4832 1670 4890 ei
1695 4832 1976 4892 commen-

506 4917 533 4953 ί]
565 4940 578 4953 .

506 4917 578 4953 ιιι.

473 4991 730 5047 Burrum
778 4993 1248 5050 excellentissima:
1295 4996 1418 5051 duci
1466 4995 1682 5051 Psrnus
1725 5006 1979 5064 peccator

397 5084 696 5138 monachus
723 5085 1051 5152 quotidianae
1075 5087 1336 5142 orationis
1363 5088 1694 5143 instantiam.

469 5172 692 5228 Gaudeo
733 5172 887 5242 plane
919 5175 972 5229 in
1013 5186 1066 5230 te
1101 5185 1263 5245 atque
1289 5176 1682 5248 gloriosissimo
1709 5179 1827 5234 viro
1862 5188 1976 5248 tuo,

400 5264 807 5332 dispositionem
836 5266 1223 5337 omnipotentis
1266 5269 1358 5324 Dei
1411 5271 1760 5326 vehementer
1805 5271 1980 5326 admi-

402 5367 514 5406 ror.
551 5355 652 5421 Qui
684 5357 940 5412 nimirum
965 5358 1093 5412 dum
1135 5373 1231 5414 vos
1257 5360 1308 5413 in
1343 5369 1452 5413 tam
1483 5361 1702 5416 sublimi
1746 5370 1981 5416 terrenae

403 5441 678 5512 dignitatis
706 5461 832 5500 arce
857 5448 1156 5513 constituit,
1200 5458 1256 5503 et
1293 5449 1558 5504 bonorum
1598 5451 1822 5521 insuper
1846 5466 1978 5521 ope-

406 5551 525 5591 rum
556 5536 759 5595 fruetus
797 5541 989 5597 aﬂ‘erre
1031 5542 1344 5614 concessit,‘
1365 5543 1492 5613 quid
1535 5542 1680 5598 aliud
1715 5557 1879 5613 quam
1913 5541 1980 5597 ad

405 5627 592 5682 mundi
645 5629 961 5687 miraculum
1009 5635 1212 5691 abietes
1257 5634 1468 5693 feraces
1517 5635 1790 5692 ostendit?
1843 5635 1980 5690 Vitis

475 5759 625 5832 (102)
654 5759 889 5832 Epistula
916 5763 1026 5817 haec
1052 5776 1135 5820 est
1162 5777 1351 5821 octava
1379 5766 1534 5836 hujus
1565 5768 1708 5822 libri.

2081 4697 2226 4753 enim
2265 4711 2418 4752 sacra
2468 4697 2631 4751 tradit
2674 4695 2902 4751 historia
2950 4712 2964 4750 :
3020 4713 3040 4746 ι
3093 4694 3229 4750 Cum
3273 4695 3552 4750 venissent
3593 4695 3661 4750 ad

2081 4785 2357 4840 Abraham
2403 4793 2512 4839 tres
2563 4783 2688 4850 viri,
2736 4783 3014 4840 festinavit
3059 4783 3113 4839 in
3149 4782 3559 4838 tabernaculum
3596 4783 3663 4837 ad

2085 4875 2296 4940 Saram,
2329 4874 2574 4946 dixitque
2601 4875 2652 4930 ei
2678 4893 2692 4930 :
2724 4875 3005 4944 Aecelera,
3029 4875 3131 4930 tria
3160 4883 3276 4930 sata
3301 4875 3493 4930 simila:
3521 4889 3665 4929 com-

2087 4966 2279 5033 misce,
2301 4975 2358 5023 et
2377 4966 2460 5023 fac
2479 4967 2876 5037 .subcinericios
2897 4984 3086 5040 panes.
3115 4987 3135 5020 ι
3163 4968 3366 5024 Deinde
3390 4970 3662 5039 sequitur:

2086 5075 2104 5107 ι
2139 5055 2258 5126 Ipse
2287 5072 2416 5112 vero
2449 5057 2518 5113 ad
2546 5065 2851 5113 armentum
2897 5057 3162 5123 cucurrit,
3191 5069 3248 5112 et
3287 5055 3407 5111 tulit
3435 5057 3560 5112 inde
3591 5055 3667 5110 vi-

2082 5145 2250 5201 tulum
2297 5149 2647 5203 tenerrimum
2680 5149 2966 5218 optimum,
3017 5159 3124 5203 etc.
3151 5144 3306 5218 (Gen.
3337 5145 3516 5216 xvnt).
3553 5164 3572 5196 ι
3609 5143 3666 5199 In

2079 5237 2273 5306 quibus
2291 5239 2473 5308 utique
2486 5239 2626 5294 sacri
2639 5238 3027 5310 eloquiilverbis
3051 5241 3153 5294 hoc
3171 5239 3555 5294 attendendum
3587 5244 3670 5291 est

2081 5332 2336 5398 quoniam
2361 5331 2661 5397 Abraham,
2684 5341 2744 5386 ut
2768 5331 3158 5386 humanitatem
3180 5329 3466 5406 exhiberet
3487 5327 3668 5396 hospi-

2086 5419 2248 5485 tibus,
2301 5437 2406 5475 non
2444 5422 2546 5477 hoc
2591 5421 2735 5492 Agar
2784 5421 2992 5476 ancillae
3033 5419 3306 5489 prazcepit.
3341 5431 3446 5484 uqn
3495 5416 3667 5472 servis

2086 5509 2337 5580 iniunxit,
2371 5529 2475 5568 non
2513 5515 2614 5568 hoc
2642 5511 2973 5583 quibuslibet
3000 5511 3194 5566 domus
3223 5525 3334 5564 sua:
3361 5507 3665 5563 vernaculis

2087 5605 2391 5673 imperavit,
2441 5606 2534 5660 sed
2580 5605 2693 5674 ipse
2733 5619 2827 5672 per
2871 5618 2930 5658 se
2965 5602 3304 5672 potissimum
3336 5608 3391 5653 et
3441 5612 3664 5666 uxorein
