4170 6448
414 339 517 392 453

1673 349 1876 405 LIBER
1917 349 2280 418 SEPTIMUS,
2323 353 2536 410 EPle.
2579 356 2692 413 XV.

3570 374 3672 429 £54

414 471 564 510 suam
597 471 732 525 opus
760 456 974 524 pictatis
1008 457 1447 534 implevitaUnde
1488 472 1684 531 praesto
1709 464 1986 533 subjungi-
2017 470 2062 526 Λ
2093 476 2172 519 ret
2202 468 2465 523 auditum.
2490 469 2663 537 Quam
2692 486 2814 528 mox
2845 482 2902 529 ut
2924 476 3120 533 nobilis
3150 479 3343 536 mulier
3362 491 3418 538 et
3440 485 3672 556 insignis

415 558 538 602 tur:
581 565 600 598 ι
652 546 797 601 Tulit
836 563 1048 618 quoque
1095 550 1368 621 butyrum,
1411 561 1465 606 et
1504 552 1610 617 lac,
1657 563 1712 607 et
1758 555 1982 608 vitulum

411 652 570 704 quem
606 648 845 700 coxerat,
876 649 928 692 et
957 640 1132 708 posuit
1159 657 1341 695 coram
1364 642 1473 708 eis;
1509 643 1625 712 ipse
1652 659 1780 699 vero
1807 646 1986 700 stabat

405 729 556 796 juxta
569 743 661 784 eos
674 730 975 784 subarbore
988 730 1118 802 (Gen
1133 771 1147 786 .
1168 735 1342 797 avni).
1363 753 1380 784 ι
1400 719 1516 804 ipse
1539 749 1667 788 vero
1679 751 1801 790 cum
1816 752 1984 791 uxore

411 835 504 874 sua
553 819 895 874 ministrabat
920 821 1238 890 hospitibus.
1289 839 1390 880 nec
1423 827 1777 880 humanitatis
1822 828 1983 882 obse-

409 909 591 977 quium
616 908 968 979 dclegandum
1002 916 1244 980 personis
1273 915 1466 970 vilibus
1493 919 1842 973 decernebat.
1872 919 1980 973 Ho-

411 1014 528 1052 rum
558 998 716 1068 plane
745 1001 1071 1070 sequebatur
1099 1003 1405 1072 exemplum
1441 1015 1497 1060 et
1521 1021 1657 1060 uxor
1687 1007 1980 1063 Theodosii

412 1090 773 1160 imperatoris,
823 1093 890 1146 de
929 1108 1059 1162 qua,
1102 1103 1161 1148 ut
1200 1096 1388 1150 eadem
1435 1098 1596 1151 verh‘a
1643 1099 1979 1166 subnectam,

410 1179 678 1249 tripartita
708 1190 939 1235 testatur
958 1168 1179 1236 historia
1204 1182 1318 1253 (lib.
1344 1201 1420 1250 ix,
1449 1203 1496 1239 c.
1528 1185 1619 1257 5|)
1649 1204 1664 1240 :
1699 1207 1716 1238 ι
1751 1186 1981 1243 Claudo—

409 1285 548 1334 rum,
589 1270 787 1340 inquit,
820 1279 986 1340 atque
1011 1271 1268 1326 debilium
1300 1275 1589 1328 maximam
1616 1276 1851 1332 habebat
1879 1291 1979 1332 cu-

410 1377 546 1426 ram,
573 1377 679 1416 non
720 1363 912 1428 servis,
958 1378 1066 1420 non
1109 1364 1228 1419 aliis
1253 1367 1517 1421 ministris
1543 1377 1723 1434 utens,
1768 1368 1861 1424 sed
1885 1384 1983 1440 per

407 1453 750 1522 semetipsam
781 1468 968 1524 agens,
999 1464 1053 1510 et
1081 1455 1147 1510 ad
1179 1471 1368 1512 eorum
1396 1459 1704 1515 habitacula
1733 1461 1976 1525 veniens,

406 1555 461 1600 et
489 1546 780 1615 unicuique
807 1546 949 1616 quod
979 1563 1112 1616 opus
1143 1549 1370 1606 haberet
1388 1552 1652 1621 praebens.
1692 1570 1710 1604 ι
1745 1552 1979 1623 Moxque

406 1637 676 1708 sulijungit
706 1655 719 1692 :
769 1659 787 1690 ι
817 1639 906 1694 Sic
931 1641 1093 1694 etiam
1124 1656 1220 1712 per
1245 1642 1610 1699 Ecclesiarum
1641 1645 1976 1700 xcnodochia

405 1727 735 1791 discurrens,
767 1729 880 1782 suis
907 1729 1156 1786 manibus
1185 1731 1531 1788 ministrabat
1558 1733 1809 1799 inﬁrmis,
1839 1734 1975 1789 ollas

2088 557 2314 622 audivit,
2338 557 2556 628 indigna
2587 561 2750 617 nimis
2764 573 2815 618 et
2839 567 2991 635 quasi
3018 573 3328 627 nauseando
3351 573 3668 633 fastidiens:

2086 647 2258 713 Absit,
2319 650 2512 719 inquit,
2549 653 2727 720 absit,
2776 665 2836 710 ut
2882 671 3002 713 eam
3047 675 3306 720 vocemus
3334 664 3667 738 Pauperem,

2085 751 2207 808 quae
2247 740 2487 796 ccelestis
2533 743 2717 813 gloriae
2750 748 2935 816 genuit
2986 749 3328 822 largitorem;
3371 757 3537 825 absit,
3584 761 3666 815 in~

2085 845 2265 896 quam,
2295 840 2352 885 ut
2378 832 2429 886 in
2460 841 2601 889 terra
2629 839 2883 908 pauperis
2915 841 2984 895 sit
3026 843 3186 912 digna
3219 849 3517 916 vocabulo,
3549 868 3670 922 qua:

2084 933 2246 988 super
2274 921 2494 991 angelos
2520 924 2749 992 elevata,
2783 929 2999 987 diVitias
3041 936 3285 1003 possidet
3327 921 3667 996 immortales

2085 1007 2136 1061 in
2164 1010 2322 1064 cmlo.
2353 1013 2432 1067 Ac
2466 1016 2714 1083 protinus
2759 1019 2983 1076 intulit:
3030 1024 3197 1080 Estne
3242 1030 3346 1082 mei
3395 1029 3534 1098 juris
3579 1033 3669 1088 hic

2085 1099 2191 1152 ulla
2231 1106 2538 1170 possessio?
2565 1107 2662 1162 Cui
2703 1125 3019 1181 responsum
3051 1127 3133 1170 est
3159 1121 3304 1186 quod
3337 1122 3566 1177 haberet
3591 1125 3665 1178 ibi

2082 1191 2264 1246 villam
2297 1209 2488 1250 novem
2517 1199 2734 1267 quidem
2765 1206 3136 1264 mansionibus
3163 1225 3227 1265 ex
3258 1214 3481 1283 antiquo
3508 1233 3660 1272 more

2082 1281 2414 1349 distinetam,
2445 1302 2567 1356 quae
2597 1295 2962 1364 postmodum,
2989 1299 3144 1367 juxta
3179 1281 3496 1359 modernam
3525 1323 3654 1361 con-

2083 1374 2445 1441 suetudinem,
2475 1378 2530 1433 in
2573 1381 2837 1450 plurimas
2868 1397 2954 1441 est
2978 1389 3168 1444 divisa.
3205 1390 3378 1458 Hanc,
3406 1395 3502 1460 ait,
3536 1410 3666 1450 con-

2082 1461 2230 1518 tinuo
2257 1463 2378 1532 jure
2401 1467 2632 1526 ecclesia
2661 1472 2762 1528 ista
2795 1477 3088 1545 possideat,
3119 1495 3352 1552 eamque
3373 1484 3441 1540 de
3462 1495 3660 1555 caetero

2084 1568 2247 1609 nemo
2275 1555 2573 1629 Pauperem
2599 1565 2874 1634 appellare
2913 1582 3223 1638 praesumat.
3274 1573 3484 1631 Talium
3528 1593 3661 1648 ergo

2080 1647 2338 1705 nobilium
2385 1661 2502 1710 esto
2541 1671 2756 1728 semper
2795 1662 3009 1728 annula,
3044 1679 3146 1719 nec
3197 1675 3249 1722 te
3291 1669 3354 1722 ad
3397 1647 3662 1741 agendum

2081 1738 2284 1808 aliquid
2323 1746 2660 1831 generositas
2685 1751 2894 1817 carnis,
2929 1753 3022 1808 sed
3071 1757 3256 1824 potius
3286 1738 3662 1830 linea'provo-

405 1832 590 1872 eorum
625 1828 965 1888 exstergens,
1005 1820 1096 1890 jus
1136 1831 1386 1892 gustans,
1431 1822 1663 1880 offerens
1694 1825 1984 1883 coclearia.
2022 1813 2070 1872 Β
2096 1842 2182 1888 cet
2205 1819 2531 1893 sanctitatis.
2560 1840 2834 1899 Frivolum
2860 1847 3058 1916 quippe
3087 1858 3188 1915 est,
3223 1813 3550 1920 proavorum
3582 1854 3666 1923 ja-

407 1924 598 1978 panem
657 1910 933 1978 frangens,
993 1912 1250 1984 cibosque
1302 1915 1620 1971 ministrans
1676 1917 1978 1987 calicesque

405 1999 646 2062 abluens,
673 2010 728 2054 et
754 2001 856 2054 alia
897 2010 1092 2057 cuncta
1118 2003 1323 2059 faciens
1361 2021 1480 2075 quae
1505 2007 1680 2062 servis
1717 2017 1774 2062 et
1815 2009 1974 2063 mini-

404 2091 530 2146 stris
557 2107 673 2146 mos
697 2101 780 2146 est
807 2093 1118 2148 solemniter
1141 2097 1370 2165 Operari.
1410 2117 1429 2150 ι
1474 2097 1566 2153 Vm
1606 2100 1761 2154 nobis
1785 2101 1973 2170 pigris,

403 2180 674 2235 desidibus
702 2197 764 2236 ac
786 2183 1054 2251 superbis,
1075 2173 1175 2254 'qui
1207 2187 1310 2242 hoc
1334 2187 1504 2242 solum
1549 2203 1580 2242 a
1612 2191 1766 2245 nobis
1791 2202 1976 2246 extor-

401 2284 568 2341 quere
613 2271 698 2324 vix
742 2287 1049 2341 possumus,
1092 2284 1162 2330 ut.
1188 2277 1458 2347 simplices
1486 2289 1733 2349 sumptus
1759 2289 1815 2337 et
1845 2282 1977 2336 resi-

401 2360 534 2414 duas
573 2359 814 2415 ciborum
855 2372 1163 2419 nostrorum
1209 2366 1528 2437 quisquilias
1573 2369 1628 2422 in
1681 2383 1974 2439 egenorum

402 2448 605 2518 gremia
630 2451 966 2508 ventilemus.
1001 2452 1058 2508 Si
1086 2455 1210 2524 quis
1234 2467 1412 2512 autem
1453 2457 1703 2514 fortassis
1727 2472 1977 2516 assenta-

405 2551 489 2596 tor
513 2545 811 2609 assisteret,
842 2547 930 2616 qui
975 2561 1076 2616 pro
1109 2549 1239 2618 regii
1271 2550 1532 2619 dignitate
1569 2552 1736 2624 259
1778 2554 1974 2624 fastigii

401 2645 518 2685 eam
545 2628 904 2705 ageduli'tatis
945 2635 1104 2704 hujus
1152 2639 1452 2696 ministerio
1479 2643 1812 2710 prohiberet,
1857 2644 1972 2699 aie-

401 2722 492 2777 bat
534 2741 547 2777 :
599 2744 616 2775 ι
653 2724 857 2779 Aurum
904 2727 1226 2784 distribuere
1269 2745 1404 2798 opus
1454 2728 1824 2804 imperiiAest;
1873 2748 1974 2804 ego

401 2823 578 2871 autem
619 2830 717 2884 pro
744 2816 860 2886 ipso
889 2817 1114 2886 imperio
1147 2819 1250 2875 hoc
1282 2796 1418 2890 opus
1461 2796 1631 2876 offero
1668 2796 1818 2878 bona
1838 2796 1971 2877 mihi

401 2904 579 2958 omnia
603 2905 922 2961 conferenti.
957 2926 976 2957 ι
1007 2906 1119 2964 Nec
1152 2907 1452 2965 soﬂiciebat
1478 2911 1578 2976 illi,
1607 2921 1666 2966 ut
1695 2912 1812 2980 ipsa
1834 2912 1970 2967 dun-

401 2999 547 3047 taxat
577 2994 830 3064 cperibus
868 2997 1083 3065 pietatis
1121 2997 1416 3065 insisteret,
1452 3000 1553 3055 nisi
1593 3008 1647 3056 et
1675 3001 1968 3071 imperato-

403 3100 536 3149 rem,
570 3087 743 3141 virum
773 3088 1021 3143 videlicet
1057 3104 1234 3154 suum,
1265 3091 1334 3146 ad
1373 3091 1613 3160 ejusdem
1644 3106 1848 3148 sanctae
1877 3095 1969 3149 de-

398 3173 630 3229 votionis
654 3175 932 3230 infantiam
960 3178 1052 3250 [f.,
1075 3158 1412 3250 instantiam]
1443 3190 1780 3248 provocaret.
1813 3180 1970 3237 Unde
1999 3158 2045 3220 Ο

399 3274 454 3319 et
479 3263 592 3319 haec
619 3264 736 3334 ejus
765 3267 930 3320 verba
962 3277 1088 3322 sunt
1123 3285 1138 3321 :
1178 3285 1197 3319 α
1235 3268 1481 3338 Oportet,
1509 3269 1706 3339 inquit,
1749 3278 1800 3324 te
1825 3285 1970 3325 sem-

397 3371 514 3430 per,
537 3357 748 3422 marite,
781 3359 1015 3426 cogitare
1043 3360 1170 3428 quid
1211 3360 1411 3414 dudum
1443 3360 1616 3427 fuisti,
1656 3361 1784 3430 quid
1812 3363 1972 3417 modo

399 3449 495 3504 sis.
521 3448 648 3506 Haec
670 3451 716 3506 si
742 3466 954 3521 semper
977 3453 1330 3521 cogitaveris,
1363 3455 1604 3525 ingratus
1633 3454 1969 3512 benefactori

402 3554 504 3595 non
542 3541 652 3596 eris
682 3559 695 3595 :
736 3543 830 3597 sed
859 3543 1164 3612 imperium,
1197 3545 1340 3615 quod
1369 3546 1680 3616 suscepisti,
1723 3546 1970 3617 legalitcr

399 3631 741 3700 gubernabis,
771 3641 826 3687 et
863 3633 1053 3687 harum
1083 3649 1264 3690 rerum
1304 3635 1546 3706 placabis
1586 3637 1898 3692 Auctorem.
1943 3655 1962 3689 ι

2081 1934 2235 1982 ctare
2281 1927 2487 1996 titulos,
2520 1931 2817 2001 gloriosum
2866 1946 3176 1993 sanctorum
3235 1943 3658 2010 praicedcntium

2078 2017 2414 2088 aequiparare
2442 2022 2763 2093 triumphos.
2797 2025 3059 2082 Helenam
3089 2030 3360 2099 siquidem
3391 2032 3661 2089 Constan-

2079 2105 2175 2159 tini
2219 2106 2476 2178 principis
2519 2120 2746 2167 matrem
2793 2115 3147 2171 stabulariam
3196 2118 3363 2175 fuisse
3414 2120 3658 2176 Romana

2080 2197 2242 2252 tradit
2271 2198 2514 2256 historia.
2545 2201 2700 2259 Unde
2718 2214 2773 2260 ct
2796 2205 3038 2278 Eutropii
3062 2210 3177 2265 haec
3206 2210 3322 2265 fere
3344 2214 3508 2268 verba
3532 2225 3659 2269 sunt

2079 2285 2244 2354 (Hist.
2271 2287 2366 2344 lib.
2398 2289 2454 2362 ι)
2481 2308 2494 2344 :
2539 2311 2557 2343 ι
2591 2290 2972 2360 Constantino,
3016 2298 3209 2368 inquit,
3245 2309 3482 2368 mortuo,
3510 2301 3658 2358 Con-

2079 2379 2354 2436 stantinus
2383 2397 2451 2437 ex
2486 2384 2789 2441 obscuriori
2843 2388 3193 2446 matrimonio
3240 2391 3360 2460 ejus
3407 2393 3551 2450 filius
3595 2396 3661 2450 de

2079 2467 2354 2524 Britannia
2376 2482 2598 2527 creatus
2620 2465 3034 2545 estimperatOr.
3069 2497 3088 2530 ι
3122 2479 3219 2534 Cui
3245 2481 3457 2537 scilicet
3477 2498 3657 2539 asser-

2078 2558 2210 2612 tioni
2234 2560 2426 2615 beatus
2451 2563 2613 2617 etiam
2645 2564 2702 2618 in
2732 2567 2845 2621 suis
2875 2568 3120 2637 epistulis
3162 2570 3492 2639 astipulatur
3524 2572 3656 2627 Am-

2075 2647 2288 2704 brosius
2338 2650 2420 2721 (S.
2471 2652 2666 2714 AIBR.,
2721 2655 2797 2710 De
2843 2658 2985 2710 obitu
3039 2657 3295 2714 Theodos.
3327 2661 3499 2732 imp.).
3550 2664 3658 2718 Sed

2075 2739 2191 2793 haec
2217 2741 2604 2798 obscuritatem
2649 2747 2865 2814 generis
2903 2757 3048 2802 tanta
3078 2749 3508 2818 przepollentium
3537 2769 3655 2808 mo-

2076 2843 2195 2883 rum
2220 2828 2468 2886 claritate
2496 2834 2745 2900 mutavit,
2773 2842 2832 2889 ut
2859 2836 3207 2905 quamplurcs
3231 2839 3577 2909 reperiantur
3599 2841 3653 2896 in

2073 2919 2205 2976 orbe
2231 2920 2468 2977 basilicae
2498 2925 2734 2979 nominis
2764 2925 2880 2997 ejus
2907 2927 3071 2998 260
3094 2928 3249 2985 titulo
3277 2930 3573 3012 decorata,
3600 2942 3658 2988 et

2074 3013 2220 3082 quod
2246 3015 2462 3084 assequi
2500 3016 2858 3086 nequiverunt
2899 3020 3273 3089 imperatrices
3301 3025 3559 3092 praecelsa
3593 3026 3659 3080 ti-

2075 3103 2309 3159 tulorum
2336 3107 2704 3176 generositate
2737 3110 3064 3180 progenitas,
3097 3113 3200 3167 hoc
3226 3113 3526 3169 stabularia
3558 3129 3656 3186 per

2075 3195 2390 3263 quamdam,
2415 3205 2474 3250 ut
2498 3197 2575 3252 ita
2605 3199 2801 3264 dicam,
2831 3200 3028 3256 nobilis
3056 3202 3181 3256 vitae
3199 3203 3510 3273 prosapiam
3541 3219 3655 3260 mc-

2074 3288 2184 3341 ruit
2221 3288 2486 3345 obtinere.
2527 3289 2732 3346 Precor
2774 3291 2957 3362 igitur,
3011 3294 3266 3349 notabilis
3309 3295 3548 3360 domina,
3598 3307 3654 3351 et

2072 3379 2354 3436 humiliter
2377 3397 2632 3453 suggero,
2663 3392 2978 3439 sanctarum
3007 3386 3317 3456 principum
3344 3389 3650 3444 testimonia

2072 3469 2279 3539 collige,
2326 3471 2760 3528 conversationis
2798 3487 2986 3528 earum
3018 3473 3245 3528 formam
3282 3475 3492 3529 tibimet
3523 3486 3651 3530 ante

2070 3577 2167 3618 ora
2206 3563 2454 3635 depinge,
2495 3576 2554 3621 ut
2600 3567 2652 3620 in
2697 3579 2886 3622 earum
2932 3568 3390 3638 contemplatione
3429 3571 3654 3640 colligas

2065 3652 2411 3721 quid‘tenere
2436 3655 2652 3720 debeas,
2683 3656 2812 3727 quid
2842 3656 3034 3711 vitare.
3081 3656 3191 3712 Nec
3216 3666 3324 3712 tam
3352 3659 3642 3714 delecteris

400 3720 609 3818 Deliae
635 3724 816 3793 itaque
841 3725 1064 3781 muliere
1087 3726 1268 3782 dicere
1293 3741 1577 3818 possumus
1616 3725 1740 3818 quia
1781 3727 1969 3796 primae
2067 3720 2398 3799 sublimitate
2429 3745 2686 3800 natalium
2700 3720 2876 3816 'quain
2907 3748 3268 3818 spiritualium
3307 3749 3506 3804 decore
3541 3751 3652 3804 vir-

399 3811 604 3866 mulieri
626 3828 847 3883 prorsus
867 3814 1150 3881 absimilis,
1181 3823 1237 3870 et
1261 3816 1472 3870 diversa
1503 3815 1741 3885 loquitur
1760 3825 1814 3870 et
1843 3831 1946 3872 con

2073 3844 2243 3890 tutum
2264 3853 2280 3901 ;
2303 3845 2362 3890 ut
2389 3853 2508 3908 quae
2535 3853 2677 3893 nunc
2705 3841 2846 3909 apud
2871 3840 3118 3895 homines
3143 3840 3196 3895 in
3223 3848 3440 3896 terrena
3470 3841 3648 3912 digni-
3747 3870 3755 3882 ο

399 3905 587 4000 fiam:
616 3920 776 3975 quam
805 3906 895 3962 ίηᾶ
926 3906 1073 4000 rem:
1104 3917 1378 3979 ορθτίιῑιιτ·
1403 3908 1494 4000 Πιῖί
1523 3909 1790 3978 Siquidem
1837 3924 1966 3978 P70”
1985 3931 2012 3943 ‘
2072 3934 2184 3982 tate
2211 3905 2491 3996 praecellis,
2527 3929 2668 3997 apud
2697 3905 2864 3982 Dettm
2890 3943 3128 3999 quoque,
3153 3929 3295 3998 quod
3335 3929 3492 3999 longe
3528 3905 3649 4000 glo-

396 3995 622 4051 hibitum
655 4012 872 4066 pomum
911 3999 1142 4068 primum
1170 4001 1426 4065 comedit,
1450 3999 1648 4056 deinde
1678 4001 1797 4056 viro
1826 4013 1881 4056 ut
1912 4007 1970 4056 et

397 4085 508 4154 ipse
536 4087 842 4142 comederet
865 4089 1036 4143 suasit
1061 4085 1212 4160 (Gen.
1251 4089 1366 4160 in);
1406 4090 1507 4144 ista
1551 4105 1682 4146 vero
1711 4091 1828 4145 viro
1867 4106 1968 4146 suo

395 4189 448 4233 et
490 4179 760 4235 imitandae
804 4182 1232 4238 conversationis
1279 4182 1612 4252 exemplum,
1660 4191 1716 4238 et
1763 4193 1968 4240 sancta:

394 4272 786 4326 exhortationis
835 4272 1161 4328 ministravit
1205 4273 1500 4344 eloquium.
1536 4273 1629 4328 Illa
1682 4274 1848 4344 igitur
1899 4283 1958 4330 et

395 4361 601 4428 agendo
635 4370 690 4418 et
729 4361 996 4432 loquendo
1023 4366 1087 4418 de
1120 4365 1354 4434 paradisi
1401 4365 1741 4436 possessione
1786 4367 1964 4424 virum

394 4454 597 4523 expulit
625 4471 639 4508 :
668 4455 769 4510 ista
805 4471 960 4510 suum
986 4456 1165 4511 verbis
1195 4465 1249 4513 et
1271 4458 1524 4526 operibus
1558 4460 1853 4516 revocavit.

462 4547 576 4601 Noli
625 4557 906 4618 praetcrea,
949 4550 1162 4604 domina
1210 4565 1348 4614 mea,
1397 4549 1501 4604 noli
1531 4551 1672 4606 sicut
1719 4552 1964 4621 plerique

392 4637 572 4691 saeculi
613 4646 880 4706 potentes,
912 4638 1265 4694 ecclesiastici
1292 4639 1430 4708 juris
1465 4639 1855 4694 conflscatione
1885 4639 1966 4694 di-

395 4741 619 4794 tescere,
667 4731 760 4784 sed
801 4732 954 4784 stude
985 4731 1163 4800 potius
1205 4731 1464 4787 ecclesias
1505 4741 1692 4786 tenues
1731 4732 1964 4801 praedio-

405 4835 508 4874 'um
543 4829 755 4875 tuorum
783 4821 1071 4876 collatione
1113 4822 1307 4877 ditare.
1354 4823 1429 4877 Da
1473 4833 1695 4898 terram,
1732 4833 1789 4878 et
1837 4819 1963 4877 tolle

393 4910 604 4968 malum.
631 4909 1009 4967 Possessiones
1039 4911 1362 4968 transitoria:
1391 4910 1786 4967 transferantur
1809 4911 1862 4965 in
1893 4905 1958 4966 ti-

391 5001 530 5058 tulos
563 5002 897 5057 haereditatis
939 5013 1174 5058 aeternas.
1223 5004 1408 5058 Dicam
1457 5018 1607 5067 sane,
1655 5001 1797 5072 quod
1829 5001 1960 5057 mihi

392 5093 574 5149 retulit
609 5092 912 5159 Heinricus,
939 5093 1262 5147 venerabilis
1291 5101 1471 5148 rector
1495 5090 1826 5161 ctenobii,ad
1859 5091 1960 5146 ho-

391 5198 574 5238 norem
599 5185 876 5237 beatarum
910 5182 1176 5252 virginum
1198 5181 1369 5236 Flora:
1392 5191 1446 5236 et
1473 5181 1712 5245 Lucillic,
1743 5181 1796 5234 in
1826 5181 1960 5234 Are-

391 5273 503 5327 tino
531 5273 806 5328 territorio
861 5273 1142 5327 constituti
1189 5290 1202 5325 :
1246 5272 1496 5337 Videsne,
1539 5272 1638 5336 ait,
1677 5271 1958 5326 basilicam

383 5375 553 5430 prope
579 5361 884 5415 astantem?
912 5361 1036 5416 Illac
1065 5361 1269 5416 scilicet
1307 5362 1461 5416 nobis
1491 5363 1594 5417 iter
1633 5371 1749 5417 erat
1784 5363 1962 5417 cuntia

388 5453 507 5506 bus.
539 5451 663 5507 Haec
680 5453 840 5523 vulgo
866 5451 924 5508 S.
956 5451 1123 5508 Maria
1149 5451 1362 5524 Pauper
1397 5454 1696 5523 antiquitus
1725 5454 1958 5510 vocaba-

389 5551 496 5596 tur.
519 5542 760 5612 Cumque
781 5544 1113 5615 rontingeret
1134 5543 1380 5600 utGuilla
1403 5554 1577 5600 mater
1597 5547 1795 5616 egregii
1819 5563 1962 5602 mar-

385 5630 598 5686 cliionis
626 5630 864 5700 Hugonis
895 5648 993 5704 per
1019 5634 1252 5689 confinia
1306 5635 1406 5690 ista
1450 5635 1730 5700 transiret,
1763 5637 1961 5692 accidit

374 5725 551 5781 etiam
575 5733 631 5778 ut
659 5724 818 5797 hujus
853 5725 1093 5783 ecclesia:
1120 5727 1438 5782 vocabulum
1472 5727 1537 5783 ad
1567 5725 1684 5800 ejus
1712 5729 1958 5800 perveni-

2073 4017 2269 4072 riosius
2301 4028 2403 4088 est,
2440 4019 2491 4073 iu
2534 4028 2845 4074 sanctarum
2897 4019 3183 4074 mulierum
3233 4018 3477 4092 catalogo
3523 4034 3653 4078 con-

2071 4108 2348 4165 scribaris.

2615 4221 2945 4279 EPISTOLA
3001 4221 3114 4277 XV.

2439 4350 2502 4389 ιι)
2539 4351 2589 4390 Β.
2630 4350 2804 4390 θυεειι
2835 4351 2905 4391 ΕΤ
2939 4349 3300 4390 IARCIIIONEII.

2067 4426 2466 4483 Ancousuruu.
2500 4457 2568 4468 —
2594 4426 2856 4483 Hortatur
2882 4437 2941 4482 ut
2975 4428 3258 4496 praesentia
3293 4437 3648 4483 contemnens

1995 4512 2044 4572 ι)
2141 4499 2207 4551 ad
2257 4496 2436 4572 futura
2476 4507 2594 4572 _t_ota
2623 4498 2820 4572 mentis
2849 4499 3182 4572 cogitatione
3205 4497 3434 4572 feratur,
3468 4513 3660 4572 neque,

2142 4567 2372 4648 terrenis
2401 4567 2594 4648 quibus
2629 4566 2876 4648 adluebat
2909 4566 3110 4648 divitiis
3140 4567 3208 4621 sit
3240 4567 3496 4648 intentus,
3543 4568 3636 4620 sed

2141 4637 2206 4690 ad
2233 4637 2473 4692 coelestia
2516 4646 2570 4690 et
2606 4637 2933 4706 sempiterna
2983 4638 3224 4698 animum
3266 4637 3437 4706 erigat
3477 4652 3646 4704 caque

2139 4707 2357 4761 assidue
2388 4707 2698 4762 meditetur.

2139 4819 2343 4874 Domno
2367 4819 2424 4872 Β.
2468 4819 2922 4874 excellentissimo
2952 4818 3074 4872 duri
3105 4826 3158 4870 et
3195 4817 3494 4870 marchioni
3527 4817 3634 4871 Ps-

2069 4925 2203 4964 rnus
2229 4908 2450 4964 ultimus
2471 4909 2856 4966 monachorum
2882 4922 3069 4963 servus
3099 4906 3310 4962 fidelem
3336 4907 3638 4964 orationem

2071 4999 2122 5052 in
2153 4997 2390 5053 Christo.

2139 5088 2256 5143 Non
2287 5089 2499 5158 ignoro,
2538 5086 3034 5159 praecellentissime
3075 5086 3310 5151 domine,
3345 5087 3470 5158 quia
3510 5087 3553 5141 si
3589 5095 3640 5141 te

2068 5182 2408 5252 omnipotens
2438 5181 2578 5237 Deus
2621 5181 2958 5250 aliquatenus
2989 5195 3094 5234 non
3123 5179 3389 5249 diligeret,
3433 5192 3635 5246 nequa-

2067 5290 2228 5344 quam
2253 5265 2364 5330 ‘tibi
2409 5282 2487 5328 tot
2533 5273 2809 5328 hominum
2843 5272 3011 5327 millia
3043 5272 3287 5342 regenda“
3324 5271 3632 5326 committe-

2067 5376 2168 5429 ret,
2201 5365 2542 5421 inimicorum
2587 5373 2804 5420 tuorutn
2836 5362 3065 5433 pedibus
3096 5363 3205 5416 tuis
3234 5360 3368 5416 colla
3399 5360 3640 5416 subster-

2067 5463 2244 5521 neret,
2268 5463 2322 5511 et
2351 5465 2401 5512 te
2430 5469 2542 5526 pra:
2580 5455 2791 5510 cunctis
2816 5454 2966 5525 regni
2997 5453 3307 5524 potentibus
3335 5467 3453 5506 cum
3487 5459 3635 5505 tanta

2064 5545 2232 5618 gloria
2263 5545 2601 5603 sublimaret.
2627 5545 2732 5600 Sed
2765 5545 2968 5600 idcirco
2999 5554 3053 5598 te
3085 5543 3264 5598 divina
3293 5543 3469 5614 pietas
3501 5551 3635 5596 tem-

2062 5637 2323 5705 poralitcr
2354 5637 2547 5692 extulit
2575 5645 2632 5690 ut
2655 5637 2700 5694 si
2732 5635 2848 5704 ejus
2883 5644 3151 5705 praecepta
3181 5646 3403 5688 scrvare
3425 5630 3638 5687 studue-

2065 5730 2161 5795 ris,
2215 5745 2311 5805 per
2356 5738 2570 5787 terrena
2615 5729 2756 5788 bona
2809 5729 2872 5785 ad
2921 5727 3164 5784 cmlestia
3208 5724 3494 5798 provehat,
3537 5735 3637 5794 per
