4170 6486
272 343 379 404 457

1432 349 1659 415 LIBER
1701 352 2089 425 SEPTIMUS,
2132 351 2367 415 EPIST.
2407 352 2619 418 XVIII.

3663 368 3768 429 458

272 484 550 563 germano
574 485 700 563 suo,
729 473 994 531 saeculari
1021 473 1284 534 videlicet
1309 477 1451 548 viro,
1478 494 1667 536 unum
1695 479 1980 538 duntaxat
1994 478 2395 540 A’voluntatis.
2432 482 2624 540 Tuum
2659 490 2742 541 est
2769 483 2878 543 iter
2901 485 3172 559 arripere,
3207 486 3308 546 Dei
3334 494 3418 546 est
3453 492 3771 563 quaerentis

272 574 489 632 equum
536 558 802 633 habebat,
848 563 942 621 cui
979 579 1078 637 per
1121 564 1370 625 alternas
1412 574 1657 641 uterque
1693 569 1978 628 vicissitu—

273 646 438 705 dines
460 647 742 718 insidens,
764 653 1063 726 utcunque
1084 651 1339 712 laborem
1362 655 1587 714 itineris
1609 657 1980 730 temperabat.

276 732 388 793 Sed
425 750 563 793 cum
609 736 968 797 conviatores
1015 756 1150 800 suos
1202 742 1275 800 ad
1325 745 1627 817 portandas
1664 746 1984 805 sarcinulas

273 823 499 883 auxilio
564 824 826 899 indigere
906 831 1275 904 conspiceret,
1350 833 1652 893 admonuit
1721 836 1979 908 fratrem,

276 921 400 974 uta
424 914 677 986 jumenti
716 916 1032 976 vectatione
1069 927 1315 995 uterque
1342 923 1676 996 quiesceret,
1715 925 1984 1000 illudque

275 1017 376 1076 pro
422 1002 702 1062 charitate
760 1005 1047 1065 sociorum
1111 1010 1405 1081 portandis
1453 1027 1655 1072 eorum
1707 1015 1983 1073 oneribus

280 1090 618 1164 publicaret.
660 1090 836 1150 Porro
882 1093 1023 1153 dum
1076 1095 1269 1156 lassati
1316 1098 1592 1174 longioris
1631 1103 1742 1161 viae
1789 1103 1985 1162 labore

277 1176 669 1252 quiescerent,
726 1179 970 1254 ciboque
1039 1183 1403 1245 deﬁcientem
1471 1190 1830 1249 stomachum
1901 1206 1986 1248 re-

278 1270 555 1333 crearent,
602 1267 879 1340 praefatus
927 1269 1101 1328 frater
1146 1273 1327 1346 Agius
1379 1290 1585 1349 panem
1634 1278 1873 1352 quidem
1922 1278 1983 1336 in

280 1354 486 1428 poculo
529 1356 669 1414 vino
720 1359 1101 1431 commiscuit,
1135 1363 1232 1421 sed
1265 1365 1436 1439 juxta
1475 1382 1535 1424 se
1571 1383 1814 1441 ponens,
1846 1370 1986 1427 refe-

281 1445 529 1503 ctionem
589 1446 820 1505 interim
871 1448 1164 1522 diﬂ‘erens,
1221 1457 1570 1528 conquievit.
1630 1458 1854 1528 Quibus
1907 1459 1985 1517 ita

282 1535 734 1608 quiescentibus,
767 1553 894 1595 ecce
924 1538 1241 1598 latrunculi
1292 1544 1592 1616 repentino
1637 1546 1858 1619 impetu
1894 1563 1987 1605 su-

282 1625 651 1698 perveniunt,
684 1635 738 1684 et
775 1642 978 1686 eorum
1006 1630 1202 1688 omnia
1246 1647 1379 1690 cum
1418 1650 1568 1709 equo
1613 1635 1790 1694 simul
1843 1637 1984 1695 diri-

282 1717 525 1788 pientes,
552 1715 887 1775 abscedunt.
939 1717 1104 1778 Unus
1150 1727 1344 1778 autem
1389 1737 1589 1780 eorum
1627 1723 1899 1793 substitit,
1934 1730 1988 1782 et

2062 585 2141 640 se,
2167 570 2407 644 vestigia
2444 571 2789 645 gubernare.
2834 572 3114 632 Effectum
3161 575 3329 635 bonis
3366 581 3637 652 operibus
3666 588 3768 644 ad-

2064 658 2242 727 hibet,
2273 659 2374 733 qui
2406 659 2485 733 pii
2523 660 2712 719 cordis
2739 669 2927 719 movet
2956 663 3247 723 affectum.
3282 667 3355 725 Et
3383 669 3485 743 qui
3512 670 3771 735 hominis

2059 748 2158 837 ad
2192 747 2337 837 bene
2395 748 2686 837 agendum
2738 750 3009 825 spiritum
3063 761 3350 827 pmvocat,
3401 757 3525 833 ipse
3568 766 3770 837 procul

2062 835 2241 895 dubio
2272 836 2382 910 pias
2421 836 2760 895 intentionis
2797 845 2929 897 vota
2961 851 3341 905 consummat.

2612 962 2981 1024 EPISTOLA
3005 966 3217 1026 XVIII.

2190 1067 2268 1113 AD
2297 1065 2561 1114 GUILLAM
2589 1066 3248 1187 COMITIS§%B€{,ERAINERII
3277 1076 3637 1131 MARCHIONIS

2987 1144 3047 1188 Μ.

2063 1213 2522 1294 ARGUMENTUM._
2560 1245 2627 1255 —
2675 1213 2931 1294 Guillam
2981 1217 3256 1294 Rainerio
3306 1229 3624 1291 marchioni
3672 1251 3769 1294 re-

2133 1292 2330 1371 center
2388 1290 2628 1371 nuptam
2705 1293 2975 1359 tanquam
3009 1292 3331 1371 _nov_itiam,
3383 1300 3524 1371 quid
3581 1290 3767 1365 facere

2134 1355 3047 1448 99W:.ieétreiLerﬁraet,
3071 1355 3767 1448 viduaru'rnier‘pnin:

2138 1442 2267 1484 rum
2314 1425 2519 1505 spolia,
2546 1426 2695 1506 sicut
2727 1427 2799 1506 in_
2827 1425 2999 1506 domo
3037 1431 3146 1489 viri
3189 1436 3279 1491 sui
3325 1425 3744 1506 soiemiie'ﬁééi

2138 1495 2805 1591 npp‘co'ncupiscatjjsed
2846 1502 3034 1573 potius
3069 1512 3229 1582 curet
3267 1495 3543 1591 universa
3553 1495 3770 1591 iniqui;

2136 1568 2351 1661 ablata;
2372 1568 2616 1661 restitui.
2635 1570 2721 1661 ad
2766 1568 2914 1661 Quas
2964 1573 3195 1661 rapinas
3230 1568 3535 1661 evitandas
3562 1568 3775 1661 iiii-160'.

2138 1640 3127 1728 saevaesaeuae-adiementilm
3158 1646 3424 1728 militum
3465 1640 3773 1728 εονῖῦἰιῖἑί

2138 1710 2552 1784 agriculturam
2589 1710 2927 1794 diligentius
2969 1717 3220 1794 exerceri
3258 1710 3776 1794 jubeatgreleer’nd:

280 1782 473 1865 fratris
515 1782 661 1881 'Agii
726 1808 922 1866 cibum
985 1817 1300 1887 potumque
1355 1814 1751 1886 consumpsit;
1808 1782 2063 1891 quemn
2140 1782 2314 1891 δέῖῨῷ
2339 1796 2570 1891 quoque
2590 1782 3264 1853 utlargiaturhommr:

281 1896 548 1971 protinus
589 1897 968 1957 intolerabilis
1017 1898 1180 1959 dolor
1217 1900 1448 1973 invasit,
1475 1908 1531 1960 et
1567 1902 1748 1961 donec
1789 1904 1985 1961 omnia

278 1986 617 2060 compulsus
661 1996 969 2060 evomeret,
1011 1989 1083 2047 ab
1121 1991 1246 2063 ejus
1285 1991 1603 2050 visceribus
1647 1991 1841 2050 feralis
1877 2008 1983 2049 an-

279 2078 465 2150 gustia
495 2092 611 2135 non
638 2080 887 2151 recessit.
921 2079 1086 2139 Tunc
1112 2082 1251 2155 agili
1280 2082 1614 2155 pernicitate
1643 2083 1984 2155 subsiliens,

281 2166 658 2240 celeriterque
695 2163 840 2222 263
884 2184 1243 2242 percurrens,
1295 2172 1466 2231 sociis
1518 2171 1799 2244 persuasit
1851 2171 1987 2246 quia

280 2255 392 2314 nisi
439 2257 770 2329 jumentum
830 2258 927 2343 Dei
988 2260 1207 2320 famulo
1266 2263 1610 2335 quantocius
1663 2262 1988 2333 redderent,

281 2344 598 2403 imminens
634 2345 875 2405 ultionis
912 2346 1130 2405 divinae
1179 2348 1500 2422 periculum
1552 2366 1668 2408 non
1718 2351 1986 2409 vitarent.

282 2431 393 2502 Qui
420 2433 706 2493 divinitus
745 2436 1079 2507 tremefacti,
1107 2438 1411 2496 confestim
1451 2439 1520 2496 ad
1552 2439 1656 2498 Dei
1695 2439 1991 2498 hominem

283 2522 544 2592 redeunt,
576 2526 1043 2599 praesumptionis
1071 2542 1193 2586 suae
1221 2535 1534 2601 gementes,
1569 2527 1991 2602 indulgentiam

284 2620 558 2685 quaerunt
598 2613 887 2688 simulque
914 2621 1241 2691 jumentum
1283 2632 1416 2675 cum
1457 2616 1567 2687 his,
1594 2633 1730 2692 quin
1776 2616 1992 2674 nihilo-

285 2699 483 2759 minus
523 2701 754 2760 fuerant
797 2703 1004 2774 ablata,
1043 2705 1374 2763 restituunt.
1423 2705 1519 2764 Sic
1554 2706 1749 2779 itaque
1792 2705 1992 2763 divina

285 2789 464 2863 pietas
526 2791 600 2848 ab
655 2806 856 2849 eorum
930 2793 1195 2850 tuitionis
1257 2795 1478 2853 auxilio
1554 2811 1670 2853 non
1745 2795 1992 2867 elongat,

286 2893 429 2950 quos
486 2879 548 2937 in
605 2894 731 2937 suae
783 2879 1107 2939 devotionis
1159 2881 1437 2955 obsequio
1496 2883 1754 2941 laborare
1810 2883 1995 2940 consi-

290 2966 472 3024 derat.

358 3056 557 3113 Frater
608 3055 779 3114 etiam
824 3064 1015 3114 noster
1046 3055 1280 3126 Bonizo,
1319 3056 1410 3114 vir
1450 3057 1718 3116 videlicet
1771 3066 1993 3116 vetera-

288 3159 400 3202 nus
424 3150 480 3203 et
507 3151 762 3215 sanctus,
795 3146 896 3220 qui
924 3145 1042 3219 jam
1072 3161 1172 3218 per
1194 3146 1476 3219 plurimos
1499 3162 1682 3205 annos
1710 3148 1771 3204 in
1803 3162 1993 3205 eremo

286 3244 611 3307 perseverat
653 3241 708 3293 et
746 3235 1184 3294 continentioris
1219 3236 1357 3294 vitae
1399 3237 1644 3308 rigorem
1691 3236 1890 3294 senilis
1933 3236 1993 3294 in

287 3337 354 3381 eo
408 3322 673 3380 debilitas
729 3337 844 3380 non
900 3323 1142 3393 relaxat,
1195 3323 1343 3382 sicut
1391 3324 1557 3381 nobis
1601 3323 1723 3397 ipse
1775 3324 1999 3394 retulit,

288 3412 432 3469 dum
464 3410 537 3469 ab
574 3410 988 3484 Hierosolymis
1032 3410 1265 3484 navigio
1298 3419 1596 3483 remearet,
1630 3413 1998 3484 naufragium

289 3514 492 3573 passus
534 3505 638 3557 est.
697 3498 1222 3557 Intumescentibus
1269 3515 1475 3573 nempe
1527 3498 1807 3572 procellis,
1855 3515 2000 3558 nave

293 3591 590 3649 submersa
654 3590 1041 3665 omnibusque
1121 3589 1290 3648 sociis
1368 3590 1578 3648 marini
1645 3590 2004 3648 discriminis

295 3684 626 3753 tempestate
689 3678 1018 3752 peremptis,
1073 3679 1180 3737 iste
1247 3694 1476 3738 saccum
1541 3680 1641 3751 qui
1710 3677 2006 3736 bombacis

295 3767 593 3826 involucro
634 3767 842 3841 plenus
885 3774 1007 3825 erat
1056 3768 1320 3843 arripuit,
1353 3769 1520 3842 eique
1563 3768 1715 3825 inter
1740 3767 2003 3826 ﬂuctiva-

296 3871 395 3928 gos
425 3857 717 3915 undarum
755 3856 1018 3916 cumulos
1067 3857 1402 3930 praesidens,
1433 3873 1535 3931 per
1580 3864 1692 3916 tres
1730 3858 1849 3915 fere
1882 3856 2005 3914 dies

298 3951 352 4003 et
395 3944 541 4003 duas
586 3950 778 4003 noctes
823 3952 1100 4018 tanquam
1138 3947 1229 4005 vir
1271 3953 1582 4020 pugnator,
1616 3947 1839 4004 marina
1875 3961 2006 4005 con-

297 4032 583 4106 grediens,
631 4048 766 4091 cum
820 4040 1002 4092 morte
1050 4034 1332 4092 conﬂixit.
1395 4034 1645 4107 Contigit
1696 4042 1887 4092 autem
1940 4041 2006 4091 ut

298 4121 545 4194 remiges
602 4120 840 4194 quidam
908 4137 1143 4195 aequora
1215 4122 1438 4181 marina
1505 4122 1793 4180 sulcantes
1869 4137 2002 4180 eum

296 4214 497 4286 procul
525 4211 865 4285 aspicerent,
893 4227 1066 4285 quem
1108 4212 1180 4269 ad
1218 4226 1281 4270 se
1319 4212 1411 4287 pie
1444 4211 1737 4270 sublatum
1781 4218 1837 4268 et
1876 4211 2005 4269 cibo

294 4304 567 4363 reficiunt
605 4310 660 4361 et
704 4303 1082 4361 humanitatis
1120 4319 1289 4362 curas
1334 4301 1697 4376 impendunt.
1750 4301 1844 4360 Sic
1871 4316 2006 4374 ergo

294 4393 397 4468 qui
449 4391 695 4451 Paulum
746 4390 841 4449 die
887 4406 952 4448 ac
994 4397 1155 4449 nocte
1198 4392 1307 4450 sub
1353 4389 1570 4464 pelagis
1615 4389 2007 4464 profunditate

2150 1886 2297 1945 264
2342 1888 2586 1950 GUILLE.
2633 1890 2968 1950 clarissimae
3013 1895 3322 1955 comitissae
3373 1898 3599 1965 PETHUS
3640 1924 3775 1982 pec-

2068 1997 2222 2043 cator
2248 1986 2568 2044 monachus
2594 1987 2872 2045 orationis
2908 1987 3259 2051 instantiam.

2143 2073 2423 2143 Quoniam
2467 2074 2572 2144 rei,
2618 2090 2690 2132 ex
2731 2090 2845 2148 qua
2891 2077 3192 2137 conﬂictus
3233 2080 3514 2154 oboritur,
3566 2085 3779 2147 melius

2069 2166 2156 2218 est
2183 2160 2490 2234 gratuitam
2532 2162 2919 2235 ignorantiam
2965 2166 3255 2236 possidere
3302 2186 3475 2243 quam
3514 2172 3586 2231 de
3619 2190 3779 2232 com-

2072 2249 2326 2323 paranda
2389 2265 2616 2322 semper
2687 2251 2982 2310 oblivione
3052 2255 3379 2329 conﬂigere,
3442 2260 3782 2332 juvenculis

2073 2338 2444 2409 mulieribus,
2521 2355 2773 2415 quarum
2846 2341 3228 2403 formidamus
3297 2356 3579 2421 aspectus,
3655 2359 3782 2414 tuto

2071 2427 2399 2487 litterarum
2429 2428 2762 2503 praebemus
2797 2429 3143 2505 alloquium.
3177 2433 3297 2508 Ego
3340 2442 3491 2495 certe
3516 2420 3628 2511 qui
3660 2440 3781 2514 jam

2074 2532 2253 2575 senex
2298 2533 2448 2585 sum,
2478 2532 2627 2577 anus
2671 2518 2905 2592 quidem
2952 2520 3157 2579 faciem
3200 2523 3362 2596 rugis
3394 2534 3689 2586 exaratam
3719 2544 3786 2588 ac

2076 2605 2443 2680 lippientium
2497 2608 2798 2667 oculorum
2867 2609 3151 2670 ﬂuoribus
3208 2613 3497 2674 madidam
3547 2634 3785 2680 securus

2074 2694 2327 2763 intueor,
2380 2695 2617 2755 licenter
2669 2698 2949 2770 attendo;
3007 2716 3040 2758 a
3101 2704 3529 2765 venustioribus
3589 2715 3782 2769 autem

2074 2788 2248 2857 atque
2300 2783 2503 2842 fucatis
2556 2784 2637 2841 sic
2680 2785 2877 2844 oculos
2934 2794 3209 2863 tanquam
3265 2808 3474 2865 pueros
3523 2795 3596 2853 ab
3650 2797 3786 2870 igne

2075 2872 2354 2931 custodio.
2404 2873 2620 2931 Infelix
2650 2875 2861 2949 quippe
2897 2892 2994 2935 cor
3025 2893 3238 2951 meum,
3271 2883 3425 2957 quod
3457 2888 3786 2959 evangelica

2078 2970 2273 3021 tenere
2321 2963 2592 3036 mysteria
2636 2965 2850 3023 centies
2894 2966 3141 3039 perlecta
3193 2984 3307 3028 non
3348 2973 3578 3045 suﬂicit,
3608 2979 3789 3035 semel

2076 3056 2320 3122 aspectae
2358 3050 2561 3108 formae
2601 3052 2937 3111 memoriam
2984 3069 3099 3112 non
3129 3058 3376 3129 amittit;
3417 3066 3474 3118 et
3518 3061 3597 3121 ibi
3632 3065 3796 3123 vani-

2078 3142 2211 3221 tatis
2241 3143 2555 3216 imaginem
2591 3144 2808 3203 oblivio
2840 3162 2952 3205 non
2987 3147 3294 3223 intercipit,
3329 3151 3427 3210 ubi
3468 3151 3563 3211 lex
3592 3154 3792 3214 divino

2082 3232 2361 3305 descripta
2404 3233 2582 3305 digito
2628 3250 2743 3292 non
2788 3238 3122 3308 permansit.
3167 3238 3277 3298 Sed
3318 3242 3444 3300 haec
3480 3243 3642 3302 alias.
3678 3244 3796 3304 Nec

2081 3321 2238 3378 enim
2285 3322 2380 3379 hic
2424 3321 2743 3381 describere
2784 3338 2918 3396 quae
2970 3326 3115 3383 mihi
3162 3334 3296 3385 sunt
3334 3331 3530 3401 noxia,
3563 3332 3661 3390 sed
3700 3349 3798 3407 po-

2084 3410 2198 3467 tius
2240 3424 2373 3484 quze
2405 3409 2506 3467 tibi
2545 3412 2765 3482 possint
2795 3428 2920 3470 esse
2967 3413 3241 3484 salubria,
3266 3416 3544 3493 judicavi.
3591 3420 3797 3479 Trans-

2082 3497 2177 3556 isti
2228 3512 2385 3563 sane,
2441 3496 2577 3567 ﬁlia,
2625 3515 2725 3570 per
2780 3500 3055 3574 nuptialis
3098 3502 3233 3574 jura
3271 3496 3548 3563 connubii
3592 3507 3650 3565 in
3701 3510 3801 3567 do-

2083 3600 2245 3645 mum
2311 3585 2448 3644 satis
2512 3585 2748 3660 quidem
2797 3590 3048 3662 amplam
3102 3609 3114 3647 :
3177 3591 3308 3663 sed,
3374 3592 3587 3665 fateor,
3646 3596 3798 3656 male

2083 3681 2403 3745 moratam;
2446 3672 2654 3747 opibus
2707 3675 3076 3749 et'dignitate
3113 3677 3503 3750 conspicuam,
3545 3680 3642 3739 sed
3695 3682 3798 3741 de-

2084 3769 2320 3836 pravata
2365 3762 2603 3821 vivendi
2650 3764 2773 3838 lege
2813 3765 3131 3824 confusam.
3185 3766 3408 3840 Frange
3458 3767 3641 3841 igitur
3673 3786 3798 3844 per-

2084 3852 2238 3911 versi
2283 3851 2426 3909 ritus
2472 3851 2729 3926 regulam
2776 3867 2953 3926 quam
2998 3853 3295 3925 invenisti,
3345 3854 3480 3913 tolle
3516 3857 3796 3917 conﬁsca-

2088 3943 2270 4002 tiones
2332 3958 2674 4017 pauperum,
2732 3935 2977 4017 injuétos
3061 3960 3308 4004 canones
3379 3953 3435 4004 et
3510 3946 3800 4008 illationes

2085 4032 2290 4091 inhibe
2342 4032 2734 4102 rusticorum;
2776 4041 2830 4090 et
2885 4035 2955 4092 ad
3006 4034 3182 4094 Josiae
3238 4036 3388 4109 regis
3436 4038 3800 4112 exemplum,

2085 4120 2266 4179 conde
2316 4120 2453 4179 novi
2500 4120 2721 4180 ordinis
2768 4123 3117 4182 institutum.
3180 4124 3285 4183 Ille
3333 4125 3547 4199 quippe
3592 4127 3804 4200 reperit

2088 4224 2330 4283 regnum
2390 4210 2537 4269 Juda
2600 4211 2888 4270 idolorum
2941 4214 3194 4272 cultibus
3246 4214 3528 4286 deditum,
3576 4221 3632 4275 et
3682 4233 3801 4277 non

2089 4301 2256 4360 modo
2306 4301 2550 4375 paterni,
2595 4300 2692 4359 sed
2739 4302 2880 4361 aviti
2922 4302 3208 4377 sacrilegii
3261 4313 3481 4364 vetusta
3527 4307 3804 4366 contami-

2087 4390 2317 4449 natione
2369 4390 2693 4463 pollutum;
2747 4391 2845 4449 sed
2898 4407 3054 4463 mox,
3096 4400 3160 4451 ut
3207 4392 3501 4468 Scriptura
3539 4403 3799 4469 testatur,

296 4481 549 4540 servavit
594 4479 847 4537 illaesum
902 4481 1045 4552 (Act.
1099 4491 1312 4549 XXVII;
1351 4483 1409 4536 II
1440 4482 1558 4536 Cor.
1613 4484 1717 4547 XI),
1771 4478 2285 4555 fratremﬁomnia
2345 4493 2500 4546 vam,
2560 4494 2692 4550 quae
2746 4479 2891 4537 facta
2943 4480 3174 4539 fuerant
3226 4482 3384 4555 Baal,
3436 4482 3496 4544 in
3534 4483 3801 4543 convalle

296 4570 468 4627 etiam
504 4569 679 4638 hunc,
711 4583 785 4625 ne
821 4540 1045 4625 marina
1088 4568 1361 4642 voragine
1402 4566 1746 4637 sorberetur,
1775 4567 1834 4624 in
1880 4540 2308 4637 ipsaDGedron
2366 4567 2500 4639 igne
2540 4565 2888 4636 combussit;
2920 4569 3215 4642 aruspices
3253 4540 3800 4643 qui'sacrilicabant

296 4658 809 4731 compugnantium
840 4658 1223 4732 procellarum
1260 4656 1544 4716 continuit
1577 4656 1875 4714 alluvione
1902 4670 2003 4712 su-

297 4762 613 4821 spensum;
672 4756 728 4805 et
783 4751 950 4825 cujus
1012 4748 1223 4813 virtute
1275 4747 1480 4806 Jonam
1535 4746 1756 4804 voracis
1812 4744 2007 4803 bestias

296 4846 494 4910 guttur
545 4837 801 4898 evomuit
848 4841 985 4912 (Ion.
1027 4840 1101 4911 ιι),
1144 4840 1270 4911 ejus
1327 4838 1591 4912 imperio,
1646 4834 1782 4894 huic
1833 4836 2002 4893 etiam

299 4928 444 4996 viro,
471 4942 589 4985 non
639 4927 709 4985 ad
752 4925 1252 4999 sorbendum,sed
1299 4925 1368 4983 ad
1411 4925 1853 4994 custodiendum
1881 4940 2007 5007 sese

299 5015 492 5075 mollis
521 5015 679 5074 unda
717 5016 1050 5075 substravit.
1085 5016 1204 5075 Hos
1240 5015 1419 5091 igitur
1448 5023 1503 5072 et
1542 5013 1874 5089 hujusmodi
1902 5030 2005 5071 su-

298 5119 491 5179 pernae
533 5103 940 5163 misericordiae
996 5104 1263 5164 ﬂosculos
1319 5105 1408 5164 vir
1458 5104 1721 5178 insignis,
1764 5102 2008 5161 internis

299 5194 596 5253 obtutibus
643 5194 874 5267 adhibe,
923 5195 994 5252 de
1042 5194 1284 5268 propriis
1335 5194 1591 5268 quidem,
1648 5201 1712 5252 ut
1759 5194 2003 5268 dignum

300 5293 400 5356 est,
428 5285 651 5345 viribus
682 5286 948 5359 ambige;
980 5286 1052 5344 de
1079 5286 1235 5344 illius
1267 5292 1481 5356 autem,
1510 5285 1611 5359 qui
1642 5284 1860 5360 ubique
1889 5300 2010 5344 om-

301 5370 564 5445 nipotens
606 5378 709 5443 est,
742 5372 1031 5431 indeficua
1076 5371 1315 5431 tuitione
1352 5388 1656 5446 praesume.
1693 5372 1835 5431 Caro
1876 5374 2003 5447 qui-

303 5459 431 5519 dem
481 5461 731 5537 degener
772 5463 1033 5536 trepidat,
1060 5463 1158 5522 sed
1202 5463 1496 5536 ingenuus
1541 5462 1729 5521 fervor
1758 5462 2005 5537 prompti

304 5551 542 5624 spiritus
604 5550 961 5611 Ainardescat.
1041 5551 1344 5626 Egrelere,
1421 5557 1629 5625 satage,
1705 5551 2002 5609 contende.

303 5638 408 5697 Ille
458 5640 583 5699 dux
631 5639 737 5699 erit
786 5640 1031 5710 itineris,
1061 5641 1163 5715 Qui
1206 5639 1647 5699 remunerandze
1691 5647 1888 5700 auctor
1925 5646 2007 5698 est

614 5752 869 5815 PATROL.
904 5755 1149 5816 CXLIV.

2088 4656 2149 4713 in
2211 4655 2454 4712 excelsis
2506 4671 2748 4729 arasque
2793 4657 3033 4727 delevit;
3084 4659 3354 4717 contrivit
3398 4666 3633 4729 statuas,
3674 4676 3801 4718 suc-

2086 4746 2227 4804 cidit
2277 4745 2457 4817 lucos,
2510 4745 2712 4804 altaria
2759 4748 2985 4822 polluit,
3019 4749 3483 4807 effeminatorum
3524 4751 3799 4810 aediculas

2086 4833 2428 4908 profanavit.
2482 4834 2553 4893 Et
2600 4833 2737 4908 quia
2788 4835 3022 4908 longum
3076 4842 3158 4893 est
3199 4838 3395 4895 omnia
3428 4837 3798 4897 dinumerare

2087 4940 2219 4998 qum
2277 4924 2430 4996 fecit,
2486 4925 2595 4983 hoc
2651 4924 2722 4983 ad
2785 4925 3194 5007 compendium
3260 4927 3473 4986 referre
3530 4927 3796 4998 sufﬁciat,

2088 5015 2366 5091 quoniam
2412 5022 2466 5073 et
2518 5014 2929 5074 abominabilia
2974 5022 3177 5074 cuncta
3226 5019 3533 5089 subvertit,
3558 5028 3615 5076 et
3659 5027 3798 5077 tem-

2087 5104 2249 5177 plum
2279 5104 2508 5162 Domini
2538 5120 2670 5162 cum
2707 5103 2987 5176 legalibus
3012 5105 3355 5164 ccremoniis
3384 5106 3796 5180 pollucibiliter

2085 5193 2431 5251 instauravit
2466 5196 2567 5264 (IV
2590 5196 2720 5262 Reg.
2772 5192 2959 5264 XXIII).
3012 5193 3101 5251 Tu
3151 5210 3387 5269 quoque
3426 5196 3607 5254 sancti
3645 5197 3797 5271 regis

2087 5281 2322 5351 aemula,
2357 5286 2641 5354 repertum
2681 5280 2910 5338 destrue
2956 5286 3197 5340 vetustae
3239 5283 3598 5342 confusionis
3639 5285 3797 5344 ordi-

2088 5386 2244 5443 nem,
2276 5375 2331 5428 et
2357 5368 2623 5428 salutaris
2660 5368 2837 5430 induc
2873 5370 3225 5430 innocentiae
3262 5373 3597 5433 novitatem.
3629 5373 3798 5447 Nam,

2088 5460 2192 5519 etsi
2236 5474 2350 5517 non
2392 5458 2689 5518 inveneris
2737 5459 2857 5519 illic
2893 5461 3047 5536 quod
3096 5461 3356 5522 destruas
3394 5462 3654 5533 idolum;
3699 5465 3797 5524 sed

2088 5547 2385 5622 invenisti,
2442 5549 2597 5622 quod
2656 5565 2825 5625 reque
2880 5549 3246 5624 plectendum
3307 5558 3411 5623 est,
3472 5554 3799 5626 avaritiam,

2089 5654 2222 5713 quae
2257 5645 2498 5698 testante
2534 5639 2824 5714 Apostolo,
2862 5640 3111 5701 servitus
3141 5650 3224 5700 est
3254 5641 3544 5702 idolorum
3577 5647 3797 5717 (Ephes.

3456 5757 3521 5819 15
