4170 6452
379 319 484 378 459

899 310 957 372 S.
1002 308 1223 369 PETRI
1262 303 1587 365 DAMIANI
1625 301 1780 362 OPP.
1826 296 2017 358 PARS
2058 295 2201 357 SEU
2242 297 2494 359 TOMUS
2533 300 2579 357 Ι.
2620 333 2688 343 -
2730 300 2966 362 EPIST.
3017 303 3151 362 LIB.
3198 304 3349 363 VIII.

3765 307 3871 369 460

377 448 500 505 Non
551 441 722 500 dulce
775 437 999 512 sapiant
1046 435 1106 493 in
1160 433 1424 492 faucibus
1476 430 1592 490 tuis
1638 426 1847 487 reculm
1881 422 2288 499 pupil-Apus,
2317 430 2382 483 ut
2416 425 2811 499 indigentibus
2840 428 2899 485 in
2939 430 3273 488 necessitate
3310 438 3685 503 succurreret,
3716 439 3869 492 tanta

377 538 588 604 lorum,
617 529 798 589 altilia
841 526 1174 589 viduarum.
1203 522 1447 580 Domino
1490 535 1591 592 per
1632 517 1868 604 Moysen
1912 513 2078 571 terri-

377 603 583 684 biliter
621 620 959 678 intonante:
1009 641 1033 664 ιι
1082 612 1306 681 Vidum,
1348 608 1559 681 inquit,
1588 613 1644 663 et
1690 603 1909 679 pupillo
1960 617 2080 659 non

377 711 672 775 nocebitis.
731 706 789 764 Si
847 703 1113 762 lmseritis
1158 717 1272 770 eos,
1326 697 1796 757 vociferabuntur
1841 693 1912 750 ad
1966 708 2078 760 me,

377 812 433 861 et
462 815 565 873 ego
604 795 836 855 audiam
876 792 1184 851 clamorem
1217 802 1435 855 eorum,
1465 794 1520 843 et
1560 782 1959 856 indignabitur
1986 782 2078 838 fu-

378 908 473 951 ror
503 903 685 948 meus,
719 881 1153 957 percutiamque
1188 892 1289 934 vos
1325 874 1534 949 gladio,
1568 878 1622 929 et
1667 877 1835 928 erunt
1867 883 2081 927 uxores

378 984 585 1039 vestrae
638 974 850 1039 viduae,
887 975 940 1026 et
986 967 1093 1025 lilii
1134 964 1306 1023 vestri
1349 962 1554 1036 pupilli
1603 962 1798 1033 (Exod.
1843 961 2014 1021 XXII).
2054 979 2075 1008 ι

380 1073 461 1128 Ac
501 1067 547 1124 si
579 1064 800 1123 dicatur
833 1080 844 1117 :
884 1057 943 1117 Si
980 1072 1082 1114 vos
1120 1052 1278 1113 virili
1324 1051 1524 1110 solatio
1554 1050 1854 1108 destitutos
1895 1053 1947 1104 et
1996 1062 2082 1103 or-

377 1160 537 1218 batos
587 1149 922 1227 parentibus
968 1144 1199 1214 laeditis,
1231 1149 1287 1201 et
1332 1156 1545 1200 uxores
1591 1154 1822 1213 quoque
1864 1141 2083 1227 vestras

376 1263 441 1305 ac
496 1226 706 1302 liberos
762 1239 937 1310 digna
1002 1234 1113 1292 mei
1178 1230 1389 1289 furoris
1448 1229 1667 1285 ultione
1724 1226 2075 1300 percutiam;

376 1336 584 1395 viduas
612 1329 878 1390 similiter
915 1334 971 1383 et
1001 1322 1251 1395 pupillos
1301 1319 1359 1375 in
1409 1317 1674 1391 proximo
1723 1316 2078 1389 relinquetis,

376 1433 443 1485 ut
502 1438 598 1481 eos
645 1415 932 1493 quispiam
989 1411 1229 1483 impune
1287 1405 1475 1464 valeat
1531 1405 1758 1493 laedere,
1815 1404 1963 1462 sicut
2027 1411 2084 1460 et

376 1529 481 1572 vos
532 1491 732 1568 secure
785 1499 1074 1561 conﬁditis
1123 1497 1226 1554 hos
1270 1493 1436 1568 quasi
1485 1493 1609 1552 sine
1658 1491 1867 1550 talione
1920 1506 2083 1566 posse

529 1613 608 1656 re.

529 1616 608 1656 re.

376 1616 526 1748 veg:
567 1691 760 1744 autem
815 1681 967 1738 hanc
1011 1674 1244 1735 Domini
1295 1670 1637 1731 sententiam
1685 1685 1797 1728 non
1850 1670 2080 1742 longin-

2162 512 2272 570 fuit
2311 529 2427 572 non
2475 515 2646 574 modo
2699 519 2905 575 mentis
2954 518 3182 591 pietate,
3232 520 3328 578 sed
3371 527 3425 578 et
3472 522 3690 595 proprii
3741 539 3871 582 cor-

2160 602 2318 674 poris
2360 604 2650 662 anxietate
2693 605 2993 677 sollicitus,
3027 613 3092 664 ut
3125 623 3290 681 agros
3328 609 3449 681 ipse
3495 625 3670 682 supra
3716 610 3872 669 vires

2163 708 2296 751 suas
2334 693 2637 765 excoleret,
2668 702 2722 752 et
2750 696 2923 753 homo
2954 712 3162 769 genere
3208 696 3397 756 clarus
3437 698 3721 773 longeque
3762 699 3871 758 ali-

2166 789 2249 839 ter
2292 783 2585 852 educatus,
2619 784 2912 844 ruralibus
2954 802 3014 845 se
3062 787 3352 846 laboribus
3398 789 3701 847 cruciaret.
3759 789 3869 848 Sed

2165 886 2351 947 neque
2383 874 2488 931 hoc
2515 874 2703 932 solum
2737 885 2788 932 te
2814 876 3058 934 sufﬁciat
3089 876 3406 947 admoneri,
3440 886 3503 936 ut
3531 878 3721 937 aliena
3750 895 3871 937 non

2165 963 2369 1033 rapias,
2399 963 2498 1019 sed
2540 964 2865 1023 addendum
2916 973 3000 1023 est
3040 968 3297 1039 insuper,
3329 973 3394 1025 ut
3435 984 3683 1042 qumque
3712 984 3870 1027 com-

2166 1051 2379 1123 pereris
2430 1060 2563 1110 ante
2616 1059 2668 1111 te
2726 1063 3005 1128 prmrepta
3064 1057 3347 1116 restituas.
3407 1057 3551 1115 Nam
3610 1065 3664 1116 et
3718 1058 3874 1117 anti-

2164 1157 2318 1214 quus
2343 1140 2441 1199 ille
2470 1141 2861 1201 Romanorum
2883 1145 3026 1214 dux,
3061 1145 3270 1220 Scipio,
3297 1163 3432 1205 cum
3465 1147 3872 1221 Carthaginem

2168 1231 2349 1288 victor
2383 1232 2747 1302 obtinuisset,
2784 1230 2929 1288 266
2957 1242 3163 1293 cuneta
3191 1234 3436 1294 urbibus
3477 1236 3682 1308 Italiaa,
3714 1237 3874 1294 Afri-

2165 1334 2248 1377 cae
2275 1327 2449 1392 atque
2498 1319 2710 1380 Sicilia:
2757 1323 2937 1395 spolia
2979 1323 3245 1393 reddidit,
3278 1340 3407 1395 quae
3451 1325 3668 1382 scilicet
3697 1325 3814 1383 illis
3842 1342 3877 1383 a

2166 1409 2713 1482 Carthaginensibus
2758 1412 2897 1470 olim
2939 1413 3163 1470 sublata
3207 1414 3473 1487 cognovit
3514 1415 3660 1483 (Tl'l‘.
3716 1416 3869 1487 LIV.,

2164 1499 2286 1553 Dec.
2320 1494 2370 1564 3,
2406 1498 2497 1551 lib.
2528 1497 2611 1566 Χ).
2646 1497 2716 1554 Et
2739 1500 2893 1572 quod
2920 1517 2952 1555 a
2980 1500 3102 1557 suis
3136 1500 3456 1559 cultoribus
3484 1501 3874 1574 Evangelium

2166 1602 2326 1645 nunc
2359 1593 2700 1659 extorquere
2748 1589 2846 1647 vix
2878 1590 3105 1659 sufﬁcit,
3143 1591 3456 1662 Evangelio
3486 1591 3733 1649 necdum
3777 1608 3868 1649 co-

2168 1683 2451 1745 ruscante,
2478 1677 2570 1733 vir
2596 1677 2826 1749 gentilis
2855 1678 3135 1751 implevit.
3180 1678 3286 1737 Sed
3330 1682 3399 1739 ad
3440 1682 3565 1740 haec
3610 1684 3749 1741 forte
3778 1699 3872 1741 re-

377 1795 511 1854 quo,
542 1776 637 1835 sed
687 1788 760 1830 ex
805 1767 1114 1828 domestico
1163 1763 1354 1838 potius
1398 1771 1729 1821 astruamus
1773 1761 2038 1834 exemplo
2064 1781 2075 1819 :
2102 1768 2447 1843 Bspondeas
2477 1768 2615 1841 quia
2647 1767 2761 1825 nisi
2788 1768 2877 1825 vir
2905 1769 2965 1824 in
2997 1769 3087 1826 his
3111 1771 3387 1828 omnibus
3414 1779 3611 1830 auctor
3641 1773 3869 1844 existat,

376 1850 550 1927 soceri
616 1865 718 1931 tui,
785 1856 1073 1932 Uguzonis
1139 1853 1353 1911 scilicet
1411 1850 1762 1908 marcbionis
1818 1851 2083 1909 uterinus

379 1960 566 2023 frater,
648 1952 784 2011 olim
870 1949 980 2007 fuit
1057 1959 1248 2005 comes
1324 1942 1592 2012 Ubertus,
1669 1944 1839 2014 cujus
1908 1956 2079 2015 uxor,

373 2044 518 2103 266
547 2045 686 2102 dum
720 2041 781 2098 in
824 2046 1007 2098 castro
1047 2035 1201 2109 quod
1244 2033 1489 2092 Sciﬂ'ena
1517 2032 1746 2102 dicitur,
1776 2031 2078 2103 habitaret,

371 2135 601 2193 cuidam
652 2128 847 2187 viduae
900 2140 1134 2198 porcum
1183 2123 1334 2192 tulit,
1384 2137 1567 2195 eoque
1611 2136 1712 2196 per
1761 2136 2081 2195 coquorum

370 2220 687 2281 industrias
716 2218 784 2275 ad
808 2215 1070 2274 edulium
1098 2216 1433 2286 praeparato,
1463 2225 1744 2283 pransura
1766 2206 2077 2266 discubuit.

373 2311 559 2368 Vidua
586 2322 722 2366 vero
748 2306 883 2377 quia
913 2302 1207 2360 victimam
1239 2298 1349 2356 sibi
1389 2297 1551 2355 reddi
1580 2297 1702 2369 jam
1730 2312 1882 2369 smpe
1913 2313 2079 2369 roga-

374 2404 548 2468 verat,
583 2395 682 2455 sed
733 2409 803 2451 ne
850 2394 957 2449 hoc
1008 2389 1264 2464 quidem,
1317 2393 1380 2445 ut
1429 2385 1708 2459 patienter
1756 2386 2076 2455 audiretur,

367 2486 626 2546 obtinere
694 2486 974 2556 potuerat,
1035 2476 1269 2536 mulieri
1337 2475 1672 2534 solemniter
1743 2473 2077 2532 convivanti

369 2576 564 2634 dolore
591 2572 871 2631 transﬁxa
898 2585 957 2626 se
989 2568 1198 2626 mulier
1224 2565 1451 2635 obtulit,
1481 2568 1535 2620 et
1576 2571 1639 2622 ut
1677 2570 1845 2621 tenue
1873 2565 2076 2621 saltem

278 2710 285 2715 .
368 2664 685 2724 frustulum
736 2660 806 2718 de.
837 2673 944 2717 suo
982 2656 1092 2714 sibi
1135 2655 1490 2713 nutrimento
1526 2653 1841 2726 porrigeret
1878 2660 2073 2726 postu-

365 2754 524 2812 lavit.
566 2750 716 2820 Quia
754 2763 867 2806 non
918 2758 1262 2812 merueram,
1313 2742 1521 2816 inquit,
1553 2744 1625 2801 de
1666 2741 1902 2800 nutritio
1950 2741 2073 2814 spei

366 2860 509 2904 mete
558 2847 832 2900 consueto
875 2853 1031 2895 more
1075 2834 1344 2909 gaudere,
1376 2834 1539 2891 liceat
1582 2832 1784 2891 saltem
1827 2836 2073 2893 extremi

362 2941 592 3008 gustum
645 2927 862 3001 saporis
913 2926 1209 2996 attingere.
1260 2922 1442 2991 Quam
1494 2922 1827 2995 petitionem
1884 2922 2072 2979 ﬂuens

362 3029 532 3095 atque
560 3016 901 3091 superbiens
941 3021 1199 3069 matrona
1245 3010 1523 3083 despexit,
1550 3009 1719 3081 eique
1749 3010 1885 3083 quia
1918 3025 2069 3067 nun-

361 3126 534 3185 quam
563 3125 639 3165 ex
664 3106 768 3163 illo
806 3102 1181 3160 manducaret
1221 3114 1337 3157 non
1366 3099 1490 3155 sine
1528 3099 1899 3155 contumeliae
1937 3099 2062 3170 jur-

361 3200 454 3273 gio
497 3192 881 3254 denuntiavit.
932 3190 1062 3259 Sed,
1107 3206 1140 3246 o
1193 3187 1392 3245 divina
1437 3185 1658 3259 justitia
1704 3186 1778 3244 ad
1816 3186 2068 3259 plecten-

358 3293 491 3349 dam
542 3286 894 3360 impietatem
954 3288 1128 3353 atque
1196 3277 1527 3351 superbiam
1592 3276 1783 3351 gladio
1843 3293 2070 3350 semper

360 3376 596 3437 ultionis
641 3370 937 3431 accincta!
973 3368 1170 3427 eodem
1218 3368 1388 3440 plane
1429 3367 1540 3435 die,
1569 3373 1692 3439 post
1735 3366 2065 3439 prandium,

358 3469 498 3527 dum
546 3463 785 3539 praefata
823 3474 1012 3518 comes
1059 3459 1118 3516 in
1166 3457 1471 3515 castrensis
1516 3457 1656 3513 valli
1698 3457 1935 3522 sederet,
1977 3472 2068 3513 se-

357 3574 497 3617 cura
547 3551 837 3627 crepidine
878 3557 932 3606 et
964 3545 1238 3620 saginatis
1275 3561 1347 3602 ex
1388 3544 1577 3602 aliena
1606 3544 1928 3602 calamitate
1959 3543 2069 3601 vis-

356 3648 604 3711 ceribus,
632 3639 857 3701 nullius
889 3639 1077 3696 ruinae
1120 3634 1445 3709 periculum
1484 3634 1837 3703 formidaret,
1871 3649 2069 3707 repen-

354 3737 476 3792 tino
531 3745 669 3788 mox
726 3723 1041 3784 subsicivio
1095 3720 1437 3779 munitionis
1493 3736 1629 3793 ager
1678 3721 1966 3788 obruitur,
2015 3724 2071 3777 et

352 3838 526 3896 super
550 3817 844 3876 infelicem
877 3812 1182 3871 mulierem
1218 3811 1502 3893 immensa
1544 3811 1764 3868 ruentis
1804 3824 2069 3883 promon-

357 3913 486 3970 torii
548 3906 845 3980 congeries
906 3901 1273 3971 cumulatur,
1325 3907 1740 3974 perstrepentes
1806 3898 2067 3971 undique

354 3999 667 4075 phalanges
721 3992 1027 4051 hominum
1084 3989 1407 4057 confluunt,
1470 3990 1711 4046 l’ossores
1764 3986 2064 4058 accedunt,

361 4096 527 4144 terrae
573 4084 790 4140 viscera
830 4082 1283 4150 perscrutantur.
1319 4083 1373 4132 et
1412 4077 1549 4132 dum
1592 4076 1838 4133 diversis
1887 4077 2067 4134 ferra-

359 4180 685 4232 mentorum
717 4167 1030 4241 generibus
1058 4166 1305 4238 collapsa
1339 4173 1503 4223 tcrrte
1537 4167 1719 4225 moles
1759 4167 1893 4225 hinc
1931 4168 2068 4225 inde

355 4262 693 4339 perfoditur,
747 4258 846 4314 vix
902 4265 1073 4314 tenue
1127 4255 1355 4312 contriti
1408 4256 1700 4314 cadaveris
1763 4258 2062 4329 vestigium

359 4353 662 4430 reperitur.
707 4348 935 4408 Ossium
978 4362 1113 4421 ergo
1153 4354 1507 4420 artuumque
1553 4349 1883 4421 particulas,
1926 4366 2069 4423 quas

359 4460 475 4503 non
532 4442 657 4499 sine
720 4437 914 4509 magni
978 4435 1189 4494 laboris
1243 4435 1532 4506 instantia,
1592 4443 1655 4494 ut
1712 4438 1789 4495 ita
1849 4437 2066 4513 loquar,

353 4530 693 4605 exsculpere
757 4532 1106 4600 potuerunt,
1166 4525 1478 4598 sepulturae
1543 4527 1914 4586 tradiderunt.
1978 4526 2071 4587 Sic

355 4622 539 4684 dividi
576 4636 675 4693 per
719 4618 898 4675 frusta
948 4616 1037 4674 sui
1078 4615 1329 4688 corporis
1377 4615 1608 4685 meruit,
1641 4632 1775 4689 quae
1820 4617 2074 4675 fructum

358 4714 543 4775 suinze
573 4710 764 4770 carnis
800 4706 1014 4783 petenti
1046 4705 1245 4764 viduae
1276 4705 1602 4779 denegavit.

431 4802 561 4863 Noli
589 4818 744 4875 ergo,
772 4796 983 4855 nobilis
1010 4794 1149 4861 tilia,
1181 4795 1251 4852 de
1276 4795 1492 4868 rapinis
1524 4810 1839 4868 pauperum
1856 4795 2073 4856 vivere.

356 4894 453 4954 sed
486 4890 766 4949 alimenta
794 4902 894 4960 per
923 4884 1228 4961 violentias
1257 4884 1556 4957 acquisita,
1595 4892 1864 4956 tanquam
1899 4898 2077 4941 vene-

366 5001 438 5044 na
464 4977 821 5054 serpentium
852 4976 1238 5049 perhorresco.
1268 4972 1491 5030 Etcum
1521 4973 1831 5044 Apostolus
1854 4988 2074 5030 unum-

366 5084 660 5147 quemque
693 5064 962 5123 manibus
989 5064 1112 5121 suis
1146 5061 1401 5119 laborare
1426 5060 1740 5134 peripiat,
1773 5068 1838 5118 ut
1873 5060 2078 5117 habeat

365 5158 522 5219 unde
572 5153 788 5213 tribuat
842 5151 1237 5209 necessitatem
1287 5148 1525 5222 patienti
1580 5150 1799 5219 (Ephes.
1854 5152 1959 5217 IV),
2015 5154 2077 5204 tu

370 5250 458 5305 fac
489 5242 862 5321 agriculturis
904 5240 1275 5298 vehementer
1312 5238 1521 5310 insisti,
1553 5246 1617 5296 ut
1656 5238 1729 5295 ad
1764 5236 2075 5311 indigenti-

368 5335 479 5394 bus
502 5332 812 5408 praebenda
844 5328 1045 5387 solatia
1080 5328 1281 5385 horrea
1315 5334 1411 5384 tua
1442 5325 1667 5385 valeant
1693 5333 2077 5400 proventuum

374 5420 771 5479 benedictione
807 5415 1033 5490 repleri.
1072 5413 1406 5484 Enimvero,
1436 5414 1587 5471 sicut
1628 5414 1684 5471 in
1728 5414 1876 5473 libro
1920 5415 2075 5473 viro-

374 5528 504 5570 rum
555 5510 870 5569 illustrium
908 5507 1137 5580 legitur,
1171 5503 1451 5577 Hilarius,
1482 5505 1831 5564 Arelatensis
1860 5505 2074 5580 episco-

2089 4492 2141 4553 D

2163 1858 2232 1916 ad
2278 1857 2405 1914 haec
2452 1856 2740 1930 implenda
2777 1857 3077 1916 vasculum
3122 1859 3426 1918 inﬁrmum
3478 1877 3589 1919 non
3635 1863 3867 1935 aspirat.

2164 1947 2382 2005 Verum
2434 1946 2602 2020 plane
2653 1962 2757 2005 nec
2805 1947 3121 2007 difﬁtemur
3176 1949 3335 2022 quia,
3370 1966 3504 2008 cum
3554 1951 3627 2009 ad
3673 1952 3868 2009 virum

2162 2036 2426 2095 mulieris
2501 2036 2574 2094 sit
2635 2036 2918 2097 divinitus
2982 2039 3204 2097 decreta
3271 2040 3592 2107 conversio,
3646 2039 3873 2112 indiget

2160 2124 2504 2196 plerumque
2555 2140 2730 2183 sexus
2784 2125 3075 2184 inﬁrmior
3126 2128 3459 2185 auctoritate
3514 2127 3690 2184 virili.
3757 2126 3866 2185 Sed

2160 2212 2262 2269 ubi
2293 2211 2505 2271 mulier
2536 2213 2743 2271 rectius
2769 2214 3004 2288 judicat,
3033 2216 3273 2287 dignum
3307 2223 3390 2273 est
3435 2223 3500 2274 ut
3533 2216 3586 2274 ei
3636 2217 3724 2274 vir
3759 2232 3870 2273 au-

2159 2300 2432 2358 ctoritatis
2472 2317 2593 2358 sua;
2636 2302 2858 2375 legibus
2893 2320 3002 2361 non
3035 2305 3306 2376 obsistat;
3341 2321 3444 2378 pro
3490 2305 3613 2363 viro
3657 2305 3871 2362 scilicet

2159 2397 2242 2447 est
2298 2390 2406 2448 hoc
2449 2389 2758 2464 judicium,
2792 2406 2905 2449 non
2965 2400 3160 2451 contra
3214 2394 3428 2451 virum.
3484 2394 3645 2453 Ozias
3701 2393 3873 2467 plane

2159 2480 2419 2537 sacerdos
2474 2480 2533 2537 in
2584 2480 2834 2538 atfutura
2892 2481 3123 2539 Domini
3182 2482 3548 2541 miseratione
3608 2484 3871 2557 quinque

2156 2567 2381 2626 dierum
2429 2568 2740 2626 terminum
2772 2570 2988 2639 statuit,
3020 2570 3119 2627 sed
3152 2571 3260 2628 hoc
3300 2571 3584 2644 judicium
3633 2587 3867 2645 magna-

2156 2656 2333 2712 nimis
2376 2655 2475 2713 illa
2514 2656 2711 2715 Judith
2753 2658 3087 2731 corripiens,
3115 2660 3497 2731 improbavit:
3541 2684 3560 2711 ιι
3606 2660 3728 2718 Νοι]
3762 2669 3869 2731 est,

2156 2745 2363 2817 inquit,
2393 2746 2499 2803 iste
2541 2763 2729 2805 sermo
2775 2749 2875 2818 qui
2925 2748 3380 2808 misericordiam
3430 2759 3717 2824 provocet,
3767 2752 3868 2810 sed

2155 2835 2343 2905 potius
2387 2834 2489 2907 qui
2534 2836 2681 2892 iram
2719 2838 2929 2894 excitet
2959 2845 3016 2895 et
3053 2839 3308 2896 furorem
3354 2840 3620 2897 accendat
3655 2842 3871 2909 (Judith
3937 2881 3943 2886 .

2154 2927 2298 2990 VIII).
2336 2946 2361 2972 ι»
2393 2923 2619 2995 Abigail
2663 2940 2899 2999 quoque
2928 2926 3067 2984 dum
3100 2929 3257 2986 stulti
3301 2929 3480 2986 Nabal
3522 2929 3867 2987 sententiam

2157 3018 2353 3079 mutat,
2384 3027 2415 3068 a
2460 3028 2585 3069 suae
2630 3013 2837 3072 domus
2881 3016 3107 3074 excidio
3137 3017 3387 3075 vibratos
3428 3017 3605 3077 David
3649 3018 3871 3089 gladios

2090 3136 2137 3199 α
2157 3109 2385 3159 revocat
2415 3122 2426 3159 :
2456 3119 2587 3175 quas
2619 3105 2902 3162 nimirum
2936 3122 3037 3178 pro
3066 3107 3245 3165 Nabal
3281 3108 3426 3176 fecit,
3460 3107 3600 3165 dum
3634 3122 3870 3181 perver-

2158 3205 2287 3246 sum
2320 3191 2445 3262 ejus
2476 3191 2761 3262 judiciqu
2797 3210 3023 3251 servare
3058 3195 3397 3268 contempsit
3445 3197 3490 3265 (I
3533 3200 3662 3264 Reg.
3697 3195 3866 3265 XXV).

2156 3278 2367 3337 Manue
2409 3296 2540 3338 cum
2589 3281 2824 3341 vidisset
2866 3284 3158 3355 angelum,
3201 3285 3500 3357 desperare
3538 3283 3727 3357 coepit,
3770 3282 3870 3341 sed

2156 3368 2691 3440 pusillanimitatem
2758 3372 2882 3445 ejus
2946 3373 3236 3431 enerviter
3287 3374 3660 3433 ﬂuctuantem
3718 3387 3874 3431 uxor

2156 3458 2389 3515 erexit:
2434 3484 2459 3506 «
2512 3460 2707 3528 Morte,
2766 3462 2976 3535 inquit,
3031 3464 3368 3532 moriemur,
3418 3463 3555 3539 quia
3613 3463 3871 3521 vidimus

2156 3546 2359 3606 Deum.
2393 3547 2499 3605 Cui
2542 3549 2754 3607 mulier
2788 3570 2800 3608 :
2830 3551 2888 3609 Si
2940 3551 3241 3622 Dominus,
3274 3553 3375 3621 ait,
3420 3568 3524 3610 nos
3565 3551 3737 3609 vellet
3774 3565 3868 3608 oc-

2155 3636 2360 3705 cidere,
2396 3638 2466 3694 de
2506 3638 2779 3696 manibus
2821 3642 3027 3699 nostris
3073 3642 3405 3700 holocausta
3452 3650 3506 3699 et
3556 3640 3872 3698 libamenta

2156 3741 2270 3784 non
2323 3726 2633 3799 susciperet
2688 3730 2888 3797 (Judic.
2950 3734 3097 3801 Xlll).
3148 3757 3172 3780 ι»
3234 3731 3405 3789 Porro
3461 3733 3509 3789 si
3564 3748 3870 3805 nunquam

2157 3818 2390 3877 mulieri
2464 3819 2552 3876 vir
2623 3819 3045 3893 obtemperasse
3121 3821 3432 3893 debuisset,
3498 3837 3869 3895 nequaquam

2158 3910 2408 3968 Abrahae
2437 3910 2721 3968 Dominus
2759 3911 2971 3969 diceret
3004 3931 3015 3969 :
3055 3938 3072 3961 ιι
3109 3912 3318 3971 Omnia
3348 3928 3481 3986 quae
3521 3913 3735 3971 dixerit
3761 3912 3871 3972 tibi

2158 3994 2316 4066 Sara,
2347 3996 2483 4053 audi
2526 4012 2724 4055 vocem
2764 3999 2889 4070 ejus
2936 4000 3091 4067 (Gen.
3136 4004 3291 4067 XXI).
3332 4020 3352 4049 ι
3396 3998 3651 4071 Dignum
3677 4007 3758 4057 est
3786 4016 3872 4058 er-

2154 4098 2225 4156 go
2281 4090 2347 4140 ut
2395 4084 2679 4157 quidquid
2732 4100 2833 4157 per
2885 4084 3229 4158 injustitiam
3285 4093 3532 4159 partum,
3583 4085 3867 4160 quidquid

2154 4171 2284 4229 aliis
2330 4171 2606 4230 violenter
2647 4173 2924 4242 ablatum,
2953 4174 3174 4245 domui,
3207 4176 3302 4232 cui
3339 4191 3499 4233 nunc
3532 4189 3731 4247 przees,
3765 4175 3869 4232 ad-

2148 4260 2336 4334 jacere
2368 4262 2724 4333 cognoveris,
2756 4263 2816 4319 in
2860 4272 3145 4337 quantum
3182 4263 3285 4320 tibi
3320 4263 3592 4337 possibile
3623 4270 3707 4321 est
3739 4263 3868 4321 red-
3914 4296 3933 4305 —

2154 4354 2289 4410 dere
2332 4369 2444 4411 non
2488 4353 2747 4424 moreris,
2780 4369 2851 4411 ne
2895 4353 2997 4410 tibi
3037 4353 3302 4411 videatur
3346 4353 3490 4412 illud
3536 4354 3866 4426 convenire,

2158 4443 2306 4515 quod
2338 4443 2611 4517 scriptum
2643 4449 2727 4500 est
2764 4462 2775 4500 :
2815 4468 2841 4492 κ
2874 4442 2986 4512 Qui
3017 4443 3077 4500 in
3110 4442 3302 4501 alieno
3340 4443 3538 4501 ﬁdeles
3580 4458 3694 4499 non
3730 4444 3870 4501 fuis-

2164 4531 2254 4601 tis,
2291 4532 2440 4605 quod
2483 4539 2737 4589 vestrum
2769 4538 2852 4588 est
2886 4532 3019 4604 quis
3046 4530 3205 4589 dabit
3240 4531 3400 4589 vobis
3423 4534 3450 4587 Τ
3484 4552 3509 4583 ι)
3542 4533 3686 4602 (Luc.
3722 4530 3867 4601 XVI.)

2164 4622 2256 4679 Sic
2302 4636 2453 4692 ergo,
2485 4619 2828 4677 venerabilis
2872 4620 3012 4690 ﬁlia,
3052 4620 3262 4678 domus
3306 4627 3422 4677 tuae
3465 4635 3653 4676 mores
3695 4619 3866 4676 insti-

2164 4718 2294 4780 tue;
2332 4710 2561 4781 rapinas
2594 4710 2746 4781 pacis
2791 4715 2846 4765 et
2887 4708 3180 4766 violentia;
3210 4711 3457 4782 reprime
3480 4728 3494 4778 ;
3548 4708 3867 4767 ministeria

2161 4799 2452 4855 defrenata
2482 4799 2589 4855 sub
2618 4796 2921 4870 disciplina
2950 4812 3261 4871 compesce.
3299 4797 3412 4867 Sic,
3442 4798 3699 4872 inquam,
3735 4812 3869 4871 quae

2164 4887 2265 4944 tibi
2299 4888 2603 4945 commissa
2634 4894 2789 4955 sunt,
2818 4888 2877 4944 in
2909 4888 3202 4946 voluntate
3241 4888 3341 4945 Dei
3375 4897 3579 4945 cuneta
3607 4887 3870 4960 dispone,

2164 4985 2227 5035 ut
2272 4984 2496 5050 peracto
2528 4977 2857 5036 brevissimi
2902 4980 3174 5053 temporis
3207 4979 3487 5050 villicatu,
3520 4980 3586 5037 ad
3632 4979 3848 5037 haeredi

2167 5066 2296 5122 tatis
2325 5073 2556 5123 aeternae
2586 5066 2856 5124 merearis
2890 5068 3117 5125 evolare
3150 5067 3466 5140 fastigium.

2736 5240 3102 5301 EPISTULA
3138 5241 3292 5299 XIX.

2331 5384 2407 5428 AD
2437 5382 2711 5429 BLANCAM
2747 5383 2829 5429 EX
2861 5383 3159 5430 COMITISSA
3189 5384 3704 5432 SANCTIMONIALEM

2430 5504 2695 5572 (Habetur
2716 5508 2843 5559 tom.
2879 5506 2977 5565 III,
3009 5507 3194 5571 estque
3230 5504 3471 5573 opuscul.
3504 5498 3621 5567 50:)
