4170 6464
345 238 453 300 465

1575 243 1802 306 LIBER
1840 243 2206 318 OCTAVUS,
2247 244 2482 307 EPIST.
2526 247 2635 306 III.

3742 249 3849 310 466

344 365 683 426 Secundum
717 365 973 438 judicem
1015 367 1238 440 populi,
1289 369 1371 427 sic
1414 374 1468 428 et
1508 369 1758 430 ministri
1804 372 1950 445 ejus,
1991 370 2436 453 et:Ainjustitiae
2486 387 2601 432 non
2650 377 2911 442 coarctat,
2958 370 3330 446 vigoremque
3375 372 3627 431 sentiant
3673 374 3840 449 legis,

342 453 534 528 qualis
580 461 764 513 rector
802 459 887 512 est
936 455 1206 523 civitatis,
1254 455 1392 514 tales
1445 463 1500 515 et
1549 457 1935 516 inhabitantes
1991 460 2052 518 in

340 560 407 603 ea
435 546 621 616 (Eccli.
659 543 738 615 Χ).
773 563 801 597 ››
832 542 1054 613 Quibus
1094 544 1288 618 itaque
1345 545 1582 620 [utique]
1628 547 1820 605 verbis
1862 554 2053 621 aperte

339 632 632 704 colligitur
683 631 820 706 quia
871 630 920 689 si
966 637 1029 690 tu
1074 633 1392 691 servaveris
1429 635 1734 706 justitiam,
1774 651 1840 693 ac
1881 635 2054 708 probe

339 720 522 778 fueris
556 720 768 794 justus,
812 720 955 791 justi
997 720 1139 778 ﬁent
1185 737 1298 781 non
1347 723 1512 781 modo
1556 723 1829 793 ministri,
1867 723 1963 781 sed
1998 730 2055 782 et

340 808 563 884 quique
593 807 693 865 tibi
723 814 862 866 sunt
900 809 958 864 in
996 808 1217 867 urbana
1254 809 1416 883 plebe
1447 809 1708 884 subjecti.
1741 809 1890 869 Cave
1918 827 2052 886 ergo

342 914 417 957 ne
459 904 690 972 propter
735 897 1043 970 peculiaris
1086 899 1362 957 orationis
1408 900 1618 971 studia,
1653 901 1867 974 quibus
1906 901 2050 958 insi-

341 996 491 1046 stere
520 989 665 1046 forte
695 987 1015 1058 contendis,
1049 988 1412 1062 disciplinam
1453 995 1564 1048 tam
1608 991 2052 1050 innumerabilis

340 1076 565 1150 populi,
603 1076 707 1150 qui
747 1075 850 1134 tibi
895 1079 1238 1135 commissus
1274 1086 1378 1150 est,
1423 1079 1698 1154 negligas,
1733 1088 1786 1139 et
1824 1088 2053 1154 propter

337 1166 640 1240 proprium
687 1164 1076 1234 commodum,
1130 1181 1501 1224 communem
1555 1168 1803 1225 salutem
1846 1167 2050 1241 plebis,

338 1270 472 1330 quas
530 1253 818 1328 justitiam
886 1270 921 1312 a
988 1261 1039 1312 te
1110 1255 1506 1328 praestolatur,
1572 1257 1822 1314 omittas.
1895 1257 2051 1316 Scri-

336 1349 499 1417 ptum
539 1343 751 1418 quippe
795 1348 877 1400 est
916 1366 929 1400 :
983 1365 1003 1394 α
1051 1343 1159 1412 Qui
1204 1351 1504 1402 conservat
1547 1343 1732 1418 legem
1772 1345 2050 1420 multipli-

335 1439 427 1490 cat
452 1434 808 1502 orationem;
839 1439 894 1490 et
915 1433 1264 1492 sacriﬁcium
1293 1433 1542 1493 salutare
1567 1435 1855 1493 attendere
1884 1452 2051 1493 man-

337 1521 486 1580 datis
515 1525 708 1592 (Ecclz’.
741 1526 961 1592 xxxv).
998 1544 1024 1576 »
1055 1523 1347 1582 Justitiam
1401 1541 1534 1598 ergo
1575 1525 1756 1584 facere
1791 1526 1930 1600 quid
1968 1534 2052 1584 est

333 1609 496 1668 aliud
525 1625 701 1683 quam
725 1610 932 1670 orare?
961 1611 1121 1670 Alibi
1145 1629 1377 1688 quoque
1396 1615 1675 1688 scriptum
1699 1619 1784 1674 est
1813 1635 1825 1673 :
1858 1638 1879 1668 ει
1913 1615 2050 1673 Jus-

335 1696 460 1789 titia
501 1695 689 1789 elevat
731 1699 942 1789 gratias
991 1700 1220 1776 [gentes]
1266 1705 1442 1775 (Prov.
1489 1705 1634 1776 XIV).
1692 1725 1719 1757 ››
1771 1703 1840 1761 Et
1891 1703 2109 1789 Psal-B

335 1787 549 1845 mista:
590 1809 609 1835 ιι
649 1785 823 1857 Beati,
879 1787 1092 1862 inquit,
1136 1789 1236 1864 qui
1279 1791 1618 1851 custodiunt
1655 1792 1944 1866 judicium
1994 1800 2051 1852 et

334 1877 559 1935 faciunt
592 1877 879 1949 justitiam
913 1877 970 1935 in
1003 1879 1164 1936 omni
1195 1884 1444 1954 tempore
1476 1882 1696 1954 (Psalm.
1730 1885 1844 1956 CV).
1878 1907 1899 1935 ι

405 1965 647 2024 Memini
695 1967 862 2040 plane
906 1968 1462 2028 excellentissimum
1510 1970 1715 2029 ducem
1767 1972 2049 2031 Gothifre-

333 2055 476 2114 dum
522 2054 666 2114 mihi
705 2056 968 2116 retulisse
1006 2073 1138 2132 quae
1174 2058 1360 2116 scribo
1391 2078 1402 2116 :
1439 2059 1798 2131 Avunculus,
1831 2061 2045 2135 inquit,

333 2157 520 2212 meus,
552 2159 720 2218 mque
749 2144 984 2202 nomine
1010 2145 1402 2220 Gothifredus,
1426 2155 1751 2222 praepotens
1780 2148 2047 2207 videlicet

332 2231 443 2300 vir,
483 2231 556 2290 ad
600 2232 912 2291 faciendam
960 2233 1242 2308 justitiam
1291 2235 1467 2294 nimis
1505 2242 1624 2294 erat
1675 2237 1949 2309 intentus,
1992 2245 2048 2296 et

329 2339 506 2395 super
561 2323 819 2382 subditos
877 2324 987 2382 sibi
1047 2325 1292 2400 populos
1349 2326 1624 2400 legalium
1680 2328 2042 2386 sanctionum

327 2410 696 2485 disciplinam
745 2413 1113 2486 vigoremque
1160 2414 1402 2483 tenebat,
1439 2416 1580 2473 adeo
1618 2424 1679 2474 ut
1709 2415 2040 2489 aliquando,

327 2508 672 2572 congregata
717 2515 906 2558 coram
958 2517 1018 2558 se
1061 2501 1240 2574 plebis
1277 2503 1602 2559 innumerae
1643 2502 2040 2578 multitudine,

328 2588 452 2662 ipse
506 2585 650 2644 272
711 2592 828 2647 dux
888 2591 1115 2648 excelsa
1185 2607 1322 2648 voce
1393 2592 1664 2648 clamaret
1718 2609 1731 2648 :
1793 2590 2043 2649 Proferat

326 2692 565 2734 causam
609 2694 773 2737 suam
818 2677 877 2736 in
920 2679 1176 2737 medium
1208 2678 1308 2752 qui
1339 2680 1463 2736 vult
1492 2677 1702 2735 habere
1723 2677 2035 2750 judicium.

327 2765 592 2840 Cumque
631 2768 737 2826 hoc
779 2769 1061 2841 praeconis
1107 2769 1295 2827 ofﬁcio
1342 2770 1577 2826 functus
1619 2768 1783 2825 tertio
1827 2768 2041 2826 diceret

327 2861 384 2914 et
441 2856 642 2915 nullus
700 2874 730 2915 e
791 2865 946 2916 tanto
1006 2861 1217 2933 populo
1285 2858 1685 2932 responderet,
1752 2855 2039 2915 intellexit

323 2947 601 3006 omnibus
629 2948 981 3007 satisfactum
1015 2949 1356 3023 indirempla
1394 2963 1628 3021 prorsus
1655 2952 1829 3021 atque
1858 2945 2038 3020 sopita

326 3035 485 3092 omni
525 3035 624 3094 lite
664 3052 987 3096 causarum.
1029 3037 1194 3096 Tunc
1232 3053 1443 3112 equum
1480 3037 1647 3095 laetus
1675 3035 1948 3102 ascendit,
1982 3042 2037 3092 et

325 3126 606 3200 populum
652 3143 763 3185 non
797 3126 1146 3199 jurgantem,
1178 3127 1276 3185 sed
1316 3142 1451 3200 pace
1491 3133 1694 3184 mutua
1730 3128 2035 3200 perfruen-

327 3222 439 3274 tem
484 3231 617 3274 cum
662 3215 876 3289 gaudio
919 3216 1244 3290 dereliquit.
1293 3216 1422 3275 Post
1457 3216 1626 3291 cujus
1671 3215 1914 3282 obitum,
1947 3216 2038 3272 vir

320 3306 558 3381 quidam
591 3313 786 3378 raptus
825 3306 886 3362 in
925 3306 1132 3380 spiritu
1173 3323 1272 3380 per
1310 3323 1574 3380 soporem
1603 3307 1813 3364 ductus
1851 3312 1936 3362 est
1965 3304 2036 3362 ad

317 3393 634 3463 infernum,
674 3401 726 3452 et
767 3393 996 3453 diversa
1022 3411 1327 3468 ptenarum
1373 3402 1656 3453 tormenta
1694 3395 2029 3466 conspexit;

316 3484 469 3542 inter
509 3498 641 3558 quae
682 3484 827 3542 vidit
861 3484 1219 3544 Richardum
1261 3483 1699 3541 Verdunensem
1745 3482 2032 3554 abbatem,

323 3573 482 3632 velut
516 3571 774 3632 excelsas
805 3573 1102 3631 machinas
1133 3573 1468 3645 erigentem,
1503 3580 1558 3630 et
1587 3572 1832 3630 anxium
1859 3578 2034 3646 atque

321 3662 659 3733 sollicitum,
692 3671 966 3736 tanquam
1000 3662 1221 3721 munita
1250 3670 1566 3720 castrorum
1603 3661 2034 3735 propugnacula

322 3759 770 3813 oonstruentem.
818 3754 940 3812 Hoc
993 3753 1152 3811 enim
1205 3753 1404 3812 morbo
1457 3753 1812 3811 laboraverat
1857 3753 2033 3812 abbas

322 3844 444 3914 ille,
472 3845 615 3904 dum
640 3845 876 3912 viveret,
900 3853 963 3904 ut
991 3845 1050 3902 in
1077 3844 1444 3902 exstruendis
1477 3844 1727 3902 inaniter
1747 3843 2029 3915 aediliciis,

323 3953 525 3996 omnes
561 3937 680 3994 fere
717 3935 1034 4010 diligentiae
1073 3951 1196 3994 suae
1226 3951 1392 3994 curas
1423 3934 1790 4009 expenderet,
1819 3940 1875 3991 et
1901 3934 2028 4008 plu-

325 4027 502 4086 rimas
571 4026 865 4086 facultates
933 4026 1204 4085 Ecclesiae
1275 4027 1337 4083 in
1407 4025 1633 4084 frivolis
1695 4025 2030 4097 hujusmodi

325 4117 534 4176 naeniis
561 4115 905 4190 proﬂigaret.
937 4115 1098 4186 Quod
1137 4132 1270 4190 ergo
1314 4114 1444 4172 fecit
1473 4115 1536 4172 in
1574 4113 1712 4186 vita,
1753 4115 1859 4172 hoc
1907 4131 2031 4188 per-

323 4206 536 4264 ferebat
575 4205 636 4263 in
672 4221 860 4280 poena.
894 4207 950 4264 Is
979 4207 1191 4280 itaque,
1221 4205 1323 4279 qui
1353 4205 1476 4262 haec
1505 4203 1566 4261 in
1597 4219 1795 4278 sopore
1826 4219 2026 4263 cerne-

318 4295 433 4365 bat,
464 4294 607 4353 duni
638 4295 772 4352 hinc
810 4295 944 4352 inde
976 4293 1225 4368 plurima
1253 4295 1518 4352 curiosus
1557 4292 1819 4364 attendit,
1869 4293 2029 4352 visus

315 4391 400 4441 est
428 4383 538 4441 sibi
565 4383 762 4441 videre
785 4383 1146 4442 avunculum
1172 4398 1388 4452 meum,
1417 4381 1522 4455 qui
1546 4383 1815 4456 superius
1838 4381 2027 4441 dictus

314 4480 418 4543 est,
467 4472 523 4530 in
568 4487 744 4531 aureo
796 4471 1070 4530 subsellio
1126 4470 1549 4544 praesidentem.
1598 4468 1705 4528 Cui
1744 4470 2026 4529 nimirum

313 4559 429 4618 duo
465 4559 657 4633 angeli
705 4559 1051 4618 videbantur
1091 4559 1377 4629 assistere,
1406 4567 1460 4615 et
1499 4557 1726 4630 ﬂagella
1759 4558 2028 4617 manibus

317 4646 680 4718 ventilantes,
740 4647 1097 4706 conabantur
1145 4653 1321 4706 aestus
1374 4647 1436 4704 in
1489 4646 1612 4720 ejus
1655 4646 1818 4717 facie,
1867 4662 2027 4706 more

320 4726 797 4806 ministrantium,
849 4741 1183 4808 temperare.
1237 4733 1500 4810 Cumque
1550 4734 1683 4808 quis
1730 4743 1877 4794 esset
1927 4735 2028 4795 ille

318 4823 367 4881 is
418 4823 521 4898 qui
579 4823 703 4882 hac
753 4823 984 4882 videbat
1043 4823 1382 4898 inquireret,
1432 4838 1768 4897 responsum
1814 4831 1897 4882 est
1940 4824 2023 4883 ei:

323 4910 571 4969 Justitia.
609 4910 895 4971 Nimirum
935 4911 1036 4986 qui
1060 4911 1368 4985 justitiam,
1403 4911 1544 4970 dum
1584 4912 1822 4982 viveret,
1873 4912 2023 4984 fecit,

324 4999 511 5073 ipsum
538 5014 768 5073 quoque
797 5006 922 5073 post
963 5006 1201 5057 mortem
1233 4998 1475 5072 justitiae
1516 4999 1858 5059 vocabulum
1902 5015 2026 5059 me-

321 5089 452 5148 ruit.
515 5089 604 5148 Tu
659 5090 852 5160 etiam,
903 5089 1292 5162 dilectissime,
1347 5089 1571 5148 naviter
1617 5089 1870 5149 oﬁicium
1921 5090 2024 5149 tibi

320 5175 547 5235 creditas
592 5177 1110 5236 administrationis
1154 5192 1378 5248 exerce,
1429 5183 1495 5235 ut
1545 5185 1819 5252 tanquam
1865 5193 2023 5237 com-

322 5264 511 5324 missas
560 5266 746 5326 vinea:
801 5273 853 5325 te
912 5265 1237 5341 operarium
1292 5266 1511 5336 credas,
1569 5282 1676 5325 nec
1723 5283 1757 5324 a
1813 5267 2025 5327 laboris

318 5356 587 5414 exercitio
622 5364 860 5432 torpeas,
894 5356 943 5414 si
974 5371 1281 5414 nummum
1315 5355 1508 5429 dignae
1538 5357 2024 5416 remunerationis

317 5451 626 5518 exspectas.
687 5446 987 5519 Legalium
1060 5445 1251 5518 itaque
1313 5443 1675 5504 sanctionum
1751 5446 2024 5505 severitas

321 5537 627 5610 reprimat,
691 5550 835 5611 quos
909 5533 1223 5595 honestatis
1293 5533 1483 5610 pudor
1553 5533 1626 5594 ab
1689 5535 2023 5596 excessibus

2137 478 2281 536 quos
2315 462 2672 522 rectitudinis
2709 462 2955 521 limitem
2992 461 3367 536 praevaricare
3403 463 3694 522 convincit
3725 464 3843 524 vio-

2138 549 2313 609 lentia
2339 550 2655 624 pravitatis,
2691 557 2754 608 ut
2783 550 2923 608 dum
2955 549 3065 620 his,
3100 549 3204 623 qui
3249 547 3354 606 tibi
3394 549 3634 621 subjecti
3677 557 3836 620 sunt,

2137 657 2241 699 sua
2287 642 2497 713 cuique
2539 641 2674 714 jura
2717 647 3039 710 servantur,
3089 639 3194 697 tibi
3249 654 3479 714 quoque
3536 639 3843 700 ministerii

2137 731 2222 789 tui
2255 745 2468 788 merces
2495 729 2650 803 apud
2681 731 2864 788 Deum
2890 729 3066 801 digna
3097 736 3376 787 servetur.

2729 850 3096 910 EPISTULA
3140 851 3244 909 III.

2441 963 2518 1009 AD
2549 963 2860 1009 ALBERTUM
2893 963 3082 1009 VIRUM
3111 962 3522 1009 CLARISSIMUM.

2135 1061 2671 1135 ARGUMENTUM.U—
2707 1063 3005 1135 Alberturn
3039 1060 3594 1135 quemdam,_virum
3638 1067 3838 1135 poten-_-

2207 1133 2292 1206 t_ia_
2322 1140 2394 1206 get
2449 1133 2746 1206 nobilitate
2795 1133 2911 1190 illis
2970 1132 3326 1206 temporibus
3381 1132 3708 1206 insignem,
3738 1133 3840 1206 ad

2205 1203 2452 1276 debitam
2498 1205 2827 1276 parentibus
2862 1203 3255 1262 exhibendam
3294 1203 3692 1276 reverentiam,
3737 1204 3843 1276 hac

2206 1247 2452 1355 ἓρὲῑὸἶέ
2471 1247 2827 1355 οἵ)ᾙόἑὶιίιῖιῖ
2851 1247 3713 1355 ιῖιῖόῥέἕίεέξῖιῖιξοᾶ”διῖἓ1ἷέιῖεὶῖ“ἑί)
3737 1247 3840 1355 ilia

2209 1345 2450 1419 matrem
2479 1361 2594 1403 non
2614 1347 2709 1419 ing
2729 1362 2794 1404 eo
2818 1345 3210 1419 quo—decebat
3226 1346 3454 1419 honore
3481 1361 3601 1418 prae
3635 1345 3841 1403 uxoris

2205 1431 2399 1474 amore
2430 1417 2646 1476 haberi.
2677 1415 2838 1487 Quod
2852 1415 2929 1475 'ut
2957 1431 3131 1490 grave
3159 1417 3378 1473 crimen
3403 1415 3729 1489 exaggerat.

2207 1523 2482 1581 ALBERTO
2522 1522 2840 1582 clarissimo
2896 1523 3021 1581 viro
3070 1523 3300 1582 PETRUS
3345 1529 3600 1597 peccator
3637 1537 3839 1582 mona-

2133 1612 2277 1670 chus
2304 1612 2548 1671 salutem
2578 1613 2639 1670 in
2672 1611 2937 1671 Domino.

2205 1703 2435 1762 Divinas
2482 1704 2624 1777 legis
2676 1704 2945 1762 mandata
2993 1704 3192 1777 procul
3235 1705 3416 1764 dubio
3452 1704 3694 1777 despicit
3741 1704 3844 1777 qui

2132 1790 2354 1849 deferre
2417 1792 2749 1865 parentibus
2824 1791 3216 1864 parvipendit;
3294 1793 3391 1867 qui
3445 1791 3569 1850 suis
3625 1791 3842 1864 genito-

2134 1877 2293 1936 ribus
2331 1894 2446 1937 non
2494 1878 2705 1950 obedit,
2755 1878 2922 1938 sortis
2969 1879 3296 1938 funiculum
3345 1879 3406 1937 in
3455 1887 3602 1936 terra
3647 1879 3842 1936 viven-

2130 1966 2278 2024 tium
2328 1983 2442 2026 non
2491 1967 2760 2026 admittit.
2817 1971 2942 2038 Quo
2990 1975 3188 2026 contra
3247 1965 3391 2023 273
3445 1985 3545 2043 per
3602 1969 3839 2042 Moysen

2128 2055 2329 2114 divina
2377 2072 2513 2115 voce
2563 2057 2894 2131 praecipitur
2943 2081 2953 2114 :
3015 2077 3043 2110 α
3102 2057 3336 2116 Honora
3386 2065 3606 2131 patrem
3669 2065 3836 2117 tuum

2128 2150 2184 2201 et
2233 2153 2493 2215 matrem,
2552 2153 2614 2203 ut
2669 2145 2748 2204 sis
2803 2145 3103 2219 longaevus
3149 2161 3322 2219 super
3381 2151 3587 2204 terram
3636 2147 3835 2213 (Exod.

2127 2236 2253 2308 xx).
2298 2256 2325 2289 »
2366 2233 2472 2294 Vir
2519 2235 2694 2294 etiam
2749 2235 2988 2309 Sapiens
3035 2237 3115 2294 ait
3154 2260 3165 2294 :
3212 2258 3239 2290 «
3280 2235 3388 2306 Qui
3445 2237 3689 2296 honorat
3736 2253 3837 2311 pa-

2131 2333 2270 2382 trem
2320 2341 2515 2396 suum,
2571 2326 2747 2384 vitam
2804 2327 2957 2385 vivet
3007 2325 3344 2400 longiorem,
3394 2332 3448 2384 et
3495 2327 3598 2399 qui
3647 2327 3842 2385 obedit

2131 2414 2295 2486 patri,
2369 2414 2728 2489 relrigerabit
2796 2421 3035 2474 matrem
3096 2417 3283 2489 (Eccli.
3336 2417 3439 2488 III).
3503 2436 3530 2467 ι)
3584 2415 3840 2489 Moxque

2127 2504 2432 2578 subjunxit
2488 2530 2500 2562 :
2560 2527 2585 2558 (ι
2641 2504 2750 2574 Qui
2823 2506 2982 2564 timet
3053 2505 3362 2565 Dominum
3431 2505 3675 2564 honorat
3734 2523 3840 2580 pa-

2130 2601 2338 2662 rentes,
2382 2600 2436 2652 et
2477 2594 2643 2666 quasi
2683 2593 2938 2673 dominis
2975 2593 3184 2651 serviet
3227 2593 3317 2652 his
3360 2592 3462 2667 qui
3512 2608 3573 2650 se
3617 2608 3836 2666 genue-

2128 2687 2282 2752 runt,
2336 2688 2390 2740 et
2444 2681 2506 2739 in
2553 2699 2742 2756 opere,
2797 2689 2852 2740 et
2898 2682 2956 2739 in
3004 2697 3290 2752 sermone,
3333 2688 3386 2740 et
3429 2681 3487 2739 in
3533 2682 3692 2739 omni
3735 2699 3834 2756 pa-

2128 2771 2324 2829 tientia
2349 2773 2556 2842 (Ibz'd.).
2591 2791 2617 2823 »
2649 2771 2680 2829 J
2685 2777 2812 2830 usto
2841 2770 3008 2845 plane
3035 2769 3140 2828 Dei
3168 2770 3312 2829 solet
3337 2770 3568 2830 evenire
3589 2770 3830 2845 judicio,

2125 2868 2189 2918 ut
2234 2861 2336 2934 qui
2387 2859 2722 2934 parentibus
2761 2859 3063 2919 humiliter
3099 2860 3382 2929 subditur,
3433 2860 3555 2934 ipse
3596 2875 3831 2937 quoque

2124 2965 2331 3023 parens
2369 2949 2623 3021 eil'ectus,
2663 2949 2723 3007 in
2771 2950 3018 3024 propriae
3066 2949 3278 3009 sobolis
3318 2949 3645 3009 obedientia
3682 2949 3832 3009 dele-

2123 3044 2328 3097 ctetur.
2366 3037 2532 3096 Unde
2568 3039 2846 3112 scriptum
2885 3045 2969 3097 est
3015 3057 3026 3096 :
3075 3060 3100 3092 «
3149 3037 3259 3108 Qui
3301 3039 3543 3097 honorat
3589 3045 3828 3111 patrem,

2115 3125 2535 3202 jucundabitur
2573 3126 2635 3184 in
2669 3127 2826 3198 ﬁliis,
2861 3133 2915 3185 et
2960 3128 3020 3184 in
3062 3127 3155 3184 die
3184 3126 3462 3185 orationis
3492 3141 3615 3184 suae
3642 3141 3828 3185 exau-

2117 3216 2306 3274 dietur
2332 3217 2540 3285 (Ibid.).
2578 3237 2604 3268 ι)
2639 3215 2841 3275 Merito
2886 3216 3098 3291 quippe
3138 3217 3199 3273 in
3245 3215 3368 3273 suis
3411 3230 3444 3273 a
3479 3215 3597 3274 Deo
3639 3216 3824 3290 preci-

2118 3301 2226 3360 bus
2265 3303 2594 3372 exauditur,
2634 3303 2732 3377 qui
2774 3302 2956 3360 Deum
3001 3302 3430 3376 praecipientem
3482 3303 3824 3375 exaudiens,

2114 3397 2419 3462 parentum
2460 3405 2696 3448 suorum
2746 3390 2970 3463 legibus
3013 3389 3300 3448 subditur.
3356 3390 3630 3449 Praeterea
3676 3392 3826 3450 sicut

2115 3477 2470 3551 genitoribus
2515 3478 2881 3548 maledicens,
2943 3477 3154 3552 dignus
3212 3484 3297 3536 est
3350 3478 3549 3536 mortis
3603 3479 3824 3539 ultione

2115 3568 2344 3642 percelli
2407 3593 2419 3625 :
2479 3568 2558 3627 ita
2608 3569 2710 3642 qui
2762 3573 3084 3626 reverenter
3135 3567 3506 3640 obtemperat,
3568 3574 3822 3628 meretur

2113 3657 2396 3716 divinitus
2427 3657 2704 3716 benedici.
2737 3656 2805 3714 In
2829 3656 2952 3730 lege
2973 3657 3189 3731 quippe
3209 3656 3487 3729 scriptum
3502 3663 3585 3714 est
3613 3673 3626 3714 :
3655 3677 3682 3708 «
3708 3656 3819 3726 Qui

2113 3745 2482 3806 maledixerit
2528 3747 2692 3821 patri,
2745 3747 2831 3805 vel
2885 3745 3072 3818 matri,
3119 3754 3302 3804 morte
3343 3744 3622 3803 moriatur
3668 3748 3815 3818 (Leu.

2113 3851 2231 3909 xx;
2257 3842 2414 3896 Prov.
2445 3842 2571 3908 xx).
2602 3859 2628 3892 ι)
2657 3838 2810 3897 Alibi
2831 3853 3061 3913 quoque
3083 3838 3358 3911 scriptum
3383 3843 3497 3894 est:
3528 3859 3554 3889 «
3582 3836 3816 3896 Honora

2112 3934 2330 3998 patrem
2379 3932 2564 3996 tuum,
2617 3934 2680 3983 ut
2721 3924 3088 3998 superveniat
3129 3924 3234 3982 tibi
3267 3923 3590 3982 benedictio
3630 3941 3665 3981 a
3698 3924 3814 3982 Do-

2113 4017 2290 4085 mino,
2324 4023 2378 4073 et
2406 4014 2726 4073 benedictio
2753 4013 2913 4072 illius
2941 4013 3000 4070 in
3036 4012 3350 4071 novissimo
3375 4016 3812 4083 maneat(Eccli.

2112 4112 2218 4176 III).
2244 4128 2270 4159 »
2297 4105 2405 4163 Ubi
2428 4121 2567 4163 mox
2588 4104 2848 4179 sequitur
2874 4129 2884 4162 :
2913 4127 2938 4158 (ί
2963 4101 3294 4162 Benedictio
3308 4102 3484 4176 patris
3507 4105 3698 4162 firmat
3721 4104 3814 4162 do-

2114 4213 2237 4255 mos
2267 4195 2525 4254 ﬁliorum
2563 4216 2575 4253 :
2612 4194 2930 4252 maledictio
2955 4203 3149 4252 autem
3184 4194 3380 4252 matris
3407 4193 3655 4252 eradicet
3680 4193 3814 4252 fun-

2111 4287 2379 4344 damenta
2411 4285 2606 4359 (Ibid).
2645 4306 2670 4336 »
2720 4284 2780 4343 Si
2823 4298 2957 4356 ergo
2987 4283 3244 4342 ﬁliorum
3275 4283 3482 4340 domus
3509 4288 3815 4356 parentum

2112 4374 2510 4434 maledictione
2562 4375 2904 4447 destruitur,
2942 4390 3265 4450 eorumque
3315 4373 3816 4433 benedictionibus

2111 4464 2439 4534 stabilitur;
2470 4464 2795 4522 cavendum
2823 4462 2987 4521 valde
3015 4470 3116 4534 est,
3157 4478 3226 4520 ne
3257 4462 3305 4519 si
3341 4468 3600 4534 parentes
3630 4459 3815 4516 offen-

2108 4552 2320 4621 dimus,
2372 4569 2767 4611 successuram
2813 4551 2979 4611 nobis
3015 4551 3387 4625 propaginem
3425 4549 3816 4607 destruamus.

2182 4641 2584 4716 Significatum
2623 4649 2706 4700 est
2743 4641 2910 4712 mihi,
2951 4640 3309 4699 nobilissime
3353 4636 3462 4706 vir,
3510 4636 3650 4709 quia
3679 4651 3813 4694 san-

2109 4739 2256 4791 ctam
2292 4739 2532 4790 matrem
2562 4736 2722 4790 tuam
2752 4728 2954 4788 uxoris
2980 4744 3176 4786 amore
3204 4724 3448 4799 despicis
3474 4730 3530 4781 et
3557 4731 3812 4782 contem-

2109 4822 2220 4890 nis,
2276 4819 2626 4892 nullumquc
2676 4817 2786 4876 sibi
2839 4815 3081 4875 dominii
3126 4813 3223 4888 jus
3271 4813 3330 4871 in
3377 4811 3686 4872 domestica
3733 4811 3816 4870 rei

2108 4909 2412 4968 familiaris
2438 4907 2805 4967 ordinatione
2831 4904 3113 4964 concedis.
3149 4903 3218 4962 In
3249 4918 3365 4976 quo
3393 4903 3609 4961 scilicet
3647 4902 3816 4973 facto,

2109 4998 2250 5071 quid
2309 4997 2469 5056 aliud
2522 5011 2697 5071 quam
2754 4999 3018 5052 naturam
3071 4991 3224 5064 ignis
3275 4989 3526 5048 cernetis
3574 4989 3814 5062 imitari,

2107 5089 2210 5162 qui
2253 5104 2389 5147 cum
2435 5102 2509 5144 ex
2549 5084 2722 5159 lignis
2761 5082 3014 5156 prodeat,
3057 5080 3214 5155 ligna
3248 5079 3535 5139 consumit
3558 5083 3615 5136 et
3640 5077 3700 5136 in
3731 5079 3815 5135 ci-

2108 5192 2304 5235 nerem
2363 5175 2547 5244 vertit,
2594 5172 2812 5246 lapides
2867 5177 3061 5230 autem
3117 5169 3389 5242 excoquit
3439 5174 3495 5226 et
3541 5166 3817 5226 candidos

2107 5265 2345 5324 reddit?
2391 5263 2575 5337 Ligna
2625 5274 2849 5334 nempe,
2896 5275 2972 5317 ex
3020 5259 3232 5334 quibus
3284 5255 3596 5331 egreditur,
3647 5254 3815 5332 quasi

2106 5359 2347 5411 matrem
2374 5347 2658 5409 nascendo
2684 5347 3009 5419 consumit;
3044 5346 3262 5420 lapides
3289 5352 3502 5414 autem,
3537 5360 3570 5402 a
3597 5343 3816 5419 quibus

2107 5439 2519 5516 exstinguitur,
2557 5437 2630 5498 ad
2662 5438 3053 5497 exhibendam
3095 5437 3264 5496 calcis
3305 5434 3635 5494 albedinem
3676 5450 3817 5493 can-

2105 5534 2270 5596 didos
2299 5531 2453 5592 facit.
2487 5531 2634 5591 Cum
2660 5529 2838 5606 igitur
2863 5529 3016 5604 ignis
3047 5529 3109 5586 in
3140 5526 3319 5602 lignis
3346 5525 3564 5599 ardeat,
3597 5524 3816 5601 lapides
