4170 6454
303 206 407 271 467

304 343 531 409 coquat,
593 337 911 396 contrarios
970 339 1141 397 habet
1189 340 1248 398 in
1304 354 1418 400 non
1485 342 1784 401 contrariis
1841 337 2450 413 rebusAtranquillal
2515 335 2675 394 Unde
2724 333 2995 393 Salomon

825 212 882 273 s.
928 214 1147 275 PETRI
1190 216 1513 276 DAMIANI
1554 200 1737 313 ore;
1754 218 1947 278 rans
1985 199 2126 278 seu
2167 206 2419 274 TOMUS
2458 208 2504 270 I.
2546 240 2612 253 -
2653 208 2887 268 EPIST.
2933 207 3075 266 LIB.
3117 206 3271 265 VIII.

3693 208 3804 267 468

3048 350 3059 388 :
3111 351 3139 383 «
3183 330 3271 388 Tu
3321 336 3535 401 autem,
3587 331 3800 405 inquit,

304 427 559 486 effectus.
611 427 756 486 Nam
788 429 893 486 etsi
932 428 1148 503 lapides
1177 438 1232 488 et
1263 431 1417 501 ligna
1448 432 1675 490 diversa
1708 430 1842 497 sint,
1875 448 2014 490 con-
2088 429 2423 489 Dominator
2478 424 2723 491 virtutis,
2783 437 2919 479 cum
2971 418 3389 495 tranquillitate
3448 419 3691 492 iudicas,
3747 428 3804 479 et

305 516 480 574 traria
524 531 638 573 non
684 525 821 574 sunt
864 515 1010 574 sicut
1052 517 1252 576 album
1284 525 1339 576 et
1375 520 1627 593 nigrum,
1672 536 1918 594 quorum
1950 521 2011 577 in
2090 536 2220 578 cum
2280 530 2489 589 magna
2541 513 2859 572 reverentia
2910 510 3167 585 diSponis
3212 524 3318 568 nos
3371 512 3521 581 tSap.
3577 514 3702 577 XII).
3772 530 3798 562 ι)

305 605 596 678 lapidibus
622 623 808 663 unum
844 607 992 677 facit,
1032 608 1275 667 alterum
1312 609 1367 667 in
1406 611 1601 683 lignis.
1636 611 1837 669 Clarus
1881 612 2012 668 illos

304 697 647 768 clariticans,
679 699 804 755 hanc
835 698 1137 769 oil‘uscans,
1182 715 1318 757 cum
1353 701 1413 757 in
1450 700 1569 757 illis
1603 701 1840 758 omnino
1867 701 2009 758 deti-

307 794 478 855 ceret,
508 786 620 843 nisi
651 788 709 843 in
742 786 864 844 istis
892 788 1129 846 viveret.
1166 788 1326 846 Unde
1351 788 1495 846 bene
1516 788 1605 845 vir
1630 788 1869 861 Sapiens
1889 790 1969 845 ait
1994 812 2007 846 :

310 897 338 928 «
370 875 602 932 Honora
636 884 851 948 patrem
886 886 1073 949 tuum,
1106 885 1161 935 et
1189 879 1465 951 gemitum
1511 879 1709 936 matris
1744 886 1859 937 tuae
1894 896 2011 938 non

306 964 708 1034 obliviscaris;
755 974 1039 1023 memento
1083 968 1360 1039 quoniam
1401 968 1512 1025 nisi
1556 984 1653 1040 per
1685 968 1812 1025 illos
1844 977 2012 1026 natus

309 1072 425 1114 non
476 1056 701 1127 fuisses,
756 1062 811 1113 et
862 1057 1111 1114 rctribue
1160 1057 1296 1127 illis,
1347 1058 1634 1131 quomodo
1677 1063 1732 1113 et
1773 1056 1860 1114 illi
1909 1056 2013 1113 tibi

305 1146 498 1214 (Eccli.
552 1148 674 1213 v11).
726 1166 750 1197 ιι
797 1144 1089 1216 Perpende
1134 1145 1329 1217 igitur,
1380 1153 1610 1218 quantae
1657 1144 2014 1203 crudelitatis

306 1233 380 1291 sit
407 1233 537 1292 illos
566 1232 930 1306 despiciendo
958 1241 1347 1305 contemnere,
1396 1250 1497 1307 per
1542 1250 1687 1307 quos
1739 1235 1913 1290 habes
1958 1240 2014 1289 et

304 1322 495 1395 ipsum
553 1337 693 1389 esse,
742 1330 1076 1397 quantaque
1132 1322 1376 1395 dignum
1424 1325 1497 1381 sit
1551 1333 1602 1381 te
1653 1323 2014 1393 genitoribus

306 1411 422 1467 tuis
463 1410 789 1468 humilitate
836 1410 1120 1481 submitti,
1159 1411 1374 1484 quibus
1411 1420 1464 1469 et
1506 1411 1789 1470 naturalis
1828 1427 2016 1468 essen-

305 1499 401 1555 tiaa
444 1498 823 1557 substantiam
869 1498 1057 1565 debes,
1091 1505 1147 1555 et
1189 1499 1344 1569 quod
1389 1499 1462 1557 ab
1506 1499 1622 1558 illis
1662 1508 1714 1557 te
1755 1515 1868 1558 non
1898 1516 2016 1557 am-

305 1586 456 1659 bigis
509 1603 757 1660 puerum
808 1588 1145 1661 percepisse,
1201 1595 1552 1660 quantOpere
1596 1586 1803 1647 debeas
1856 1605 2015 1649 nunc

2097 608 2369 666 Eamdem
2419 620 2555 661 sane
2605 599 2955 673 percussoris
2996 597 3317 668 maxillam,
3372 599 3480 655 hoc
3524 605 3608 654 est
3652 598 3799 656 sini-

2093 705 2289 765 stram,
2323 699 2553 768 repente
2584 693 2823 763 languor
2854 688 3087 757 invasit,
3116 704 3367 760 eumque
3400 686 3599 744 nimiis
3629 703 3802 745 vexa-

2094 804 2155 845 re
2193 783 2488 842 doloribus
2516 780 2702 854 cmpit.
2738 778 2999 851 Cumque
3037 780 3282 850 languor
3326 776 3387 832 in
3438 775 3562 833 dies
3602 776 3800 848 perni-

2092 874 2306 932 ciosius
2361 871 2818 945 ingravesceret,
2876 867 3171 926 acerrimis
3227 865 3491 924 dolorum
3547 866 3803 924 stimulis

2094 968 2390 1026 hominem
2454 961 2893 1021 intolerabiliter
2963 960 3262 1032 fatigaret,
3344 956 3664 1031 mugitibus
3736 972 3803 1015 ac

2098 1053 2441 1113 stridoribus
2478 1052 2695 1124 ejulare
2734 1048 3120 1123 compelleret,
3165 1047 3391 1106 tandem
3441 1055 3620 1105 mater
3663 1062 3799 1121 quae

2097 1145 2430 1219 privignum
2463 1147 2716 1199 senserat
2743 1139 2803 1196 in
2838 1154 3199 1213 percussura,
3243 1137 3570 1210 recognovit
3612 1137 3797 1196 ﬁlium

2096 1234 2157 1290 in
2195 1239 2428 1300 natura;
2461 1238 2513 1287 et
2550 1244 2666 1286 non
2707 1226 2999 1296 duritiam,
3033 1234 3095 1285 ut
3123 1227 3222 1284 ille
3252 1234 3556 1295 meruerat,
3589 1241 3796 1285 nover-

2097 1321 2297 1388 calem,
2331 1319 2428 1377 sed
2464 1324 2853 1376 maternorum
2886 1317 3137 1374 exhibet
3178 1316 3465 1373 viscerum
3510 1314 3793 1387 pietatem.

2097 1411 2223 1469 Jam
2278 1424 2484 1481 nempe
2540 1405 2906 1465 tumescentis
2965 1404 3320 1463 mandihulze
3371 1418 3501 1462 caro
3556 1403 3799 1476 turpiter

2098 1506 2546 1576 computruerat,
2597 1501 2717 1573 jam
2751 1497 2936 1555 -virus
2986 1512 3050 1554 ac
3097 1498 3287 1555 sanies
3334 1512 3435 1569 per
3491 1510 3797 1554 concavam

2098 1592 2359 1650 vulneris
2402 1588 2655 1647 ﬁstulam
2685 1586 3015 1646 distillabat.
3062 1585 3323 1659 Cumque
3362 1587 3569 1643 misere
3609 1584 3799 1643 homi-

306 1684 466 1748 grata
524 1676 647 1734 vice
696 1676 935 1734 senibus
978 1675 1298 1735 redhibere.
1353 1676 1515 1735 Unde
1558 1679 1832 1751 scriptum
1882 1690 1965 1737 est
1998 1696 2078 1758 :B
2106 1697 2235 1738 nem
2278 1679 2416 1736 hinc
2454 1676 2589 1734 inde
2627 1676 2979 1749 percelleret,
3010 1681 3065 1733 et
3107 1675 3435 1733 exhalantis
3479 1672 3797 1745 corruptela

309 1786 337 1817 α
370 1765 502 1835 Fili,
547 1766 772 1838 suscipe
809 1771 1095 1824 senectam
1141 1767 1314 1840 patris
1363 1768 1464 1836 tui,
1508 1776 1562 1825 et
1606 1786 1678 1826 ne
1715 1769 2017 1829 contristes

306 1871 432 1913 eam
474 1859 538 1914 in
578 1857 691 1915 vita
732 1856 911 1928 illius,
946 1865 998 1914 et
1028 1857 1075 1914 si
1111 1859 1403 1928 defecerit,
1440 1859 1670 1917 veniam
1715 1859 1804 1929 da,
1849 1866 1904 1918 et
1945 1877 2018 1919 ne

308 1961 543 2017 spernas
591 1962 724 2004 eum
772 1947 833 2004 in
876 1953 972 2005 tua
1020 1948 1232 2006 virtute
1278 1952 1468 2020 (Eccli.
1519 1952 1621 2021 Ill).
1663 1972 1689 2002 »
1723 1948 1827 2009 Sed
1878 1953 2021 2010 forte

306 2032 461 2091 dices
513 2054 525 2092 :
579 2034 759 2094 Mater
806 2052 933 2094 mea
987 2052 1080 2095 me
1123 2036 1453 2112 frequenter
1494 2045 1811 2112 exasperat,
1858 2040 2020 2098 duris

308 2120 502 2180 verbis
544 2140 736 2183 meum
787 2134 841 2183 et
890 2127 1092 2184 uxoris
1132 2142 1277 2184 meae
1320 2128 1490 2184 corda
1532 2127 1857 2199 perturbat;
1900 2144 2014 2185 non

312 2228 618 2286 possumus
655 2221 732 2270 tot
777 2214 1128 2288 iniuriarum
1166 2214 1374 2286 probra
1412 2217 1679 2288 perferre,
1714 2231 1829 2272 non
1864 2216 2018 2273 vale-

308 2315 441 2357 mus
492 2301 840 2358 austeritatis
890 2302 1015 2374 ejus
1066 2309 1120 2359 et
1174 2318 1391 2360 severae
1448 2299 1594 2358 274
1644 2305 2022 2377 correptionis

310 2390 601 2447 molestias
645 2389 903 2447 tolerare.
952 2389 1064 2448 Sed
1103 2390 1164 2446 in
1210 2392 1316 2449 hoc
1353 2392 1455 2450 tibi
1489 2392 1769 2465 copiosior
1804 2408 2020 2451 merces

307 2477 647 2552 acquiritur,
700 2479 745 2536 si
802 2478 941 2537 dum
995 2480 1405 2538 contumeliam
1458 2481 1723 2554 suscipis,
1778 2482 2017 2549 gratiam

308 2565 519 2636 reddis,
560 2572 613 2623 et
650 2567 790 2624 dum
846 2567 1240 2626 conviciorum
1291 2568 1873 2642 saleOconspergeris,
1916 2570 2019 2627 hu-

310 2652 553 2713 militate
580 2656 883 2714 blandiris.
914 2656 1067 2715 Hinc
1096 2658 1255 2715 enim
1287 2664 1372 2715 est
1401 2682 1412 2715 :
1450 2680 1476 2710 ‹‹
1507 2657 1889 2732 Eleemosyna
1921 2676 2018 2732 pa.

308 2745 429 2802 tris.
460 2761 577 2803 non
622 2746 730 2803 erit
775 2748 835 2804 in
883 2747 1195 2817 oblivione,
1236 2764 1369 2806 nam
1414 2764 1509 2820 pro
1552 2759 1777 2821 peccato
1823 2751 2021 2808 matris

308 2833 644 2893 restituetur
681 2834 783 2893 tibi
816 2835 1031 2895 bonum
1079 2839 1281 2910 (Ibid.).
1319 2860 1345 2892 »
1379 2840 1520 2897 Cum
1553 2839 1732 2911 igitur
1758 2857 1861 2915 pro
1890 2857 2020 2912 pec-

308 2929 433 2983 cato
464 2926 664 2982 matris
694 2925 913 2983 bonum
949 2928 1288 2997 restituitur,
1333 2946 1437 2987 cur
1475 2932 1742 2999 saeviens,
1793 2931 1882 2987 vel
1924 2929 2018 2986 in-

303 3012 460 3082 juste
487 3009 852 3083 delinquens,
886 3029 1001 3071 non
1035 3016 1440 3087 aequanimiter
1478 3017 1846 3089 perferatur?
1876 3016 2016 3076 Ter-

2102 1768 2423 1844 putredinis
2468 1774 2522 1823 et
2558 1765 2767 1823 intimi’
2797 1764 2884 1822 vis
2925 1764 3137 1823 doloris
3165 1763 3474 1835 paenitebat
3501 1763 3632 1821 initi
3660 1780 3798 1821 con-

2101 1862 2288 1931 nubii,
2337 1864 2391 1916 et
2433 1858 2678 1915 alterum
2715 1855 2859 1914 forte
2899 1856 3094 1913 virum
3128 1856 3249 1929 jam
3288 1852 3576 1912 metuebat
3604 1853 3800 1923 uxori,

2100 1957 2156 2007 et
2188 1963 2362 2023 quam
2392 1945 2659 2005 cernebat
2690 1944 2914 2002 noviter
2944 1952 3202 2016 nuptam,
3228 1944 3349 2017 jam
3379 1941 3802 2016 quodammodo

2100 2038 2269 2113 quasi
2312 2036 2561 2094 biviram
2612 2033 2937 2107 deputabat.
2990 2032 3169 2090 Mater
3218 2034 3411 2104 itaque
3459 2030 3804 2104 periclitanti

2102 2129 2222 2186 tilio
2252 2143 2365 2184 non
2395 2127 2637 2199 justitia:
2675 2125 2943 2182 talionem
2975 2121 3236 2190 reddens,
3271 2121 3367 2178 sed
3398 2120 3661 2192 religiosa
3704 2135 3799 2192 po-

2103 2218 2217 2273 tius
2267 2214 2473 2287 pietate
2528 2213 2900 2287 compatiens,
2974 2211 3043 2268 ad
3109 2209 3405 2267 ecclesiam
3456 2207 3519 2267 B.
3582 2208 3807 2266 Nazarii

2101 2304 2374 2378 martyris
2417 2310 2700 2377 properat,
2756 2301 3083 2359 aecumulat
3132 2307 3281 2370 vota,
3331 2298 3497 2357 oll‘ert
3539 2313 3806 2369 munera,

2100 2394 2434 2468 pavimento
2488 2392 2905 2465 prosternitur,
2967 2396 3126 2459 orat,
3185 2390 3477 2457 obsecrat,
3532 2387 3805 2459 anhelat;

2099 2502 2164 2542 ac
2212 2481 2574 2555 delinquenti
2629 2482 2751 2538 tilio
2798 2479 3023 2537 veniam
3078 2478 3527 2553 lacrymabiliter
3567 2478 3805 2552 ﬂagitat.

2100 2560 2377 2632 Maternis
2404 2573 2596 2643 itaque
2635 2569 2899 2643 precibus
2944 2568 3103 2626 adest
3139 2567 3336 2625 divina
3378 2566 3803 2634 misericordia;

2100 2660 2245 2718 2'75
2288 2669 2343 2719 et
2379 2676 2554 2734 quam
2600 2669 2662 2718 ut
2710 2673 2809 2731 pro
2846 2656 3084 2716 laedente
3120 2657 3446 2729 deposceret
3481 2654 3806 2729 inspiravit,

2101 2752 2273 2808 etiam
2317 2758 2380 2807 ut
2431 2756 2485 2806 et
2538 2754 2907 2820 aegrotantem
2962 2745 3303 2820 propitiatus
3345 2746 3586 2819 erigeret
3636 2759 3809 2803 exau-

2100 2840 2264 2897 divit.
2316 2837 2494 2895 Paulo
2530 2843 2655 2910 post
2702 2836 2952 2909 denique
2982 2833 3189 2892 solutis
3225 2849 3290 2892 ac
3332 2835 3664 2907 putrefactis
3706 2849 3811 2892 un-

2101 2930 2275 3001 dique
2300 2927 2588 2995 carnibus,
2618 2942 2682 2983 os
2708 2925 2779 2982 de
2808 2923 3139 2982 mandibula
3169 2923 3402 2993 cecidit;
3436 2940 3501 2982 ac
3524 2926 3807 2998 protinus,

2040 3019 2264 3104 Comni
2312 3016 2505 3074 dolore
2550 3016 2763 3087 fugato,
2813 3014 3051 3072 cicatrix
3106 3013 3391 3078 occalluit,
3442 3014 3658 3104 sicque,
3686 3014 3809 3104 jam

312 3096 483 3156 ribiie
514 3105 665 3156 certe
703 3107 787 3157 est
825 3101 980 3172 quod
1023 3101 1317 3177 Scriptura
1344 3104 1480 3163 dicit
1511 3130 1522 3162 :
1561 3126 1589 3159 «
1622 3105 1804 3175 Quam
1846 3108 2016 3165 malze
2045 3096 2461 3180 “desperatum
2520 3104 2811 3162 hominem
2870 3101 3249 3160 incolumitati
3296 3101 3554 3174 prisdnze
3605 3101 3806 3160 divina

313 3189 486 3245 fama}
513 3194 617 3259 est,
657 3188 755 3262 qui
793 3190 1069 3265 relinquit
1099 3200 1336 3265 patrem,
1374 3202 1429 3252 et
1474 3204 1555 3253 est
1600 3195 1942 3254 maledictus
1988 3213 2022 3253 a
2101 3197 2282 3271 pietas
2314 3194 2617 3267 reparavit.
2652 3193 2771 3250 Hoc
2812 3192 3006 3265 itaque
3049 3191 3215 3248 modo
3252 3190 3307 3247 in
3347 3191 3524 3249 unius
3553 3191 3811 3251 hominis

312 3279 431 3337 D90
471 3279 572 3351 αυὶ
618 3288 915 3353 exasperat
960 3290 1203 3340 mairem
1252 3285 1459 3353 (Ibid.).
1493 3306 1519 3338 »
1552 3286 1743 3353 Porro,
1789 3288 1889 3360 qui
1932 3303 2022 3360 pa—
2104 3286 2266 3357 facie,
2314 3290 2369 3343 et
2406 3284 2623 3342 divina)
2664 3281 3070 3339 miserit-ordia)
3108 3281 3399 3338 character
3441 3280 3808 3353 exprimitur,

313 3375 505 3425 rentes
532 3367 861 3439 inhonorat,
894 3368 1171 3443 quoniam
1204 3371 1485 3430 divinitus
1514 3374 1829 3444 abdicatur,
1866 3391 2020 3432 nun-
2103 3385 2157 3434 et
2178 3376 2450 3433 humanm
2473 3370 3046 3445 culpmsignaculum
3068 3369 3377 3427 retinetur:
3404 3375 3468 3426 ut
3489 3368 3630 3427 dum
3652 3386 3811 3428 exos-

312 3448 605 3530 qhid'non
639 3468 692 3517 et
723 3460 783 3516 in
816 3461 919 3517 hac
954 3460 1067 3518 vita
1098 3463 1521 3521 confunditur?
1552 3461 1660 3521 Sed
1689 3464 1826 3523 audi
1866 3463 2020 3524 Scri-
2104 3476 2223 3523 sata
2253 3464 2424 3522 facies
2452 3462 2727 3527 cernitur,
2779 3465 2832 3516 et
2878 3463 3069 3516 sanata
3126 3458 3423 3516 evidenter
3469 3461 3707 3527 eluceat,
3754 3466 3814 3517 et

310 3554 538 3621 pturam
571 3567 584 3605 :
620 3570 647 3601 (ί
678 3548 891 3619 Gloria,
922 3550 1133 3624 inquit,
1164 3550 1418 3611 hominis
1470 3571 1541 3611 ex
1587 3556 1803 3613 honore
1849 3553 2023 3628 patris

314 3639 425 3705 sui,
456 3644 511 3696 et
555 3638 803 3699 dedecus
853 3641 960 3698 ﬁlii
1004 3652 1159 3714 pater
1195 3645 1319 3702 sine
1368 3646 1580 3704 honore
1617 3649 1813 3716 {Ibid}.
1848 3668 1875 3699 »
1911 3645 2021 3705 Sed

314 3726 460 3784 dum
501 3735 762 3786 veterum
803 3733 1171 3803 congerimus
1214 3734 1535 3793 testimonia
1570 3733 2020 3808 Scripturarum,

314 3815 487 3872 etiam
520 3817 657 3874 novi
678 3832 845 3875 casus
864 3834 1151 3893 apponere
1180 3837 1292 3879 non
1325 3838 1635 3895 gravemur
1663 3822 2020 3898 exemplum,

316 3907 380 3959 ut
408 3904 610 3961 saltem
638 3913 863 3963 ostensa
888 3906 1108 3967 divinae
1132 3910 1375 3983 justitia:
1408 3911 1657 3970 vindicta
1690 3913 1842 3987 [non]
1876 3929 2024 3986 pree-

318 3996 528 4059 tereat,
588 4008 737 4067 quos
791 3996 1191 4056 mandatorum
1244 3999 1566 4057 cmlestium
1621 4001 1853 4073 cingula
1908 4016 2025 4061 non

317 4079 630 4138 refrenant.

392 4169 584 4230 Pridie
624 4188 827 4247 nempe
873 4182 999 4248 post
1048 4192 1365 4251 vesperam,
1417 4195 1489 4237 ex
1533 4196 1631 4239 ore
1673 4180 1855 4254 ipsius
1901 4183 2028 4240 Ale-

319 4259 527 4318 xandri
577 4264 924 4323 venerabilis
972 4281 1154 4340 papa},
1202 4284 1291 4326 me
1341 4269 1579 4343 contigit
1626 4271 1828 4329 audire
1873 4270 2025 4345 quod

2103 3556 2245 3629 quid
2298 3555 2404 3612 ﬁlii
2457 3549 2753 3610 saevientis
2778 3552 2837 3622 (ν.
2881 3549 3157 3622 impietas)
3203 3548 3517 3619 immeruit,
3573 3558 3628 3608 et
3670 3552 3806 3625 quid

2103 3648 2156 3705 ei
2189 3645 2342 3719 apud
2375 3660 2544 3702 aures
2584 3641 2801 3699 divina)
2834 3639 3152 3698 clementiae
3191 3647 3446 3698 materna
3486 3641 3663 3713 pietas
3699 3640 3781 3697 im

2110 3735 2371 3807 petravit.
2410 3731 2551 3791 Haic
2581 3732 2758 3805 igitur
2792 3738 2862 3796 te,
2899 3729 2989 3787 vir
3021 3728 3361 3799 clarissime,
3390 3729 3595 3788 divina
3626 3727 3813 3788 virtus

2104 3824 2427 3893 admoneat,
2459 3821 2581 3878 haec
2610 3816 2960 3892 prosilientis
3006 3816 3064 3873 in
3112 3823 3353 3873 matrem
3396 3817 3560 3889 plaga
3599 3824 3815 3890 perter-

2109 3919 2246 3983 reat,
2288 3919 2341 3969 et
2384 3927 2499 3969 non
2545 3909 2713 3967 modo
2756 3922 2836 3978 se,
2869 3908 2963 3964 sed
3008 3913 3061 3965 et
3107 3905 3529 3964 serenissimam
3572 3921 3813 3964 uxorem

2108 4014 2268 4063 tuam
2295 4018 2327 4060 a
2358 4002 2616 4060 socerina
2646 4014 2881 4072 prorsus
2921 3996 3239 4055 offensione
3276 4004 3590 4070 compescat
3623 4022 3634 4054 :
3670 4011 3816 4070 qua-

2108 4103 2276 4153 tenus
2316 4093 2457 4151 dum
2500 4091 2749 4149 honoras
2803 4097 3093 4161 parentem
3132 4087 3283 4162 quod
3331 4095 3415 4145 est
3461 4087 3710 4160 primum
3754 4087 3814 4144 in

2108 4184 2489 4259 promissione
2521 4183 2856 4239 mandatum
2904 4180 3100 4250 (Eat-od.
3134 4190 3260 4248 XX;
3305 4181 3461 4236 Deut.
3500 4189 3572 4246 v;
3613 4178 3814 4234 Matth.

2109 4277 2240 4346 xv),
2298 4270 2632 4332 transmisso
2683 4270 3033 4343 quandoque
3083 4268 3322 4339 deserto,
3377 4283 3509 4325 cum
3573 4266 3661 4324 his
3714 4265 3815 4339 qui

317 4352 521 4410 refero.
579 4351 935 4424 Ardericus,
993 4356 1226 4428 inquit,
1290 4356 1523 4431 quidam
1584 4358 2026 4419 Mediolanensis
2048 4361 2233 4455 Dveri
2274 4365 2412 4419 sunt
2440 4357 2732 4427 lsraelitze,
2782 4362 2988 4415 terram
3039 4357 3310 4415 merearis
3354 4356 3569 4414 intrare
3613 4354 3819 4411 viven-

317 4439 483 4499 urbis
508 4439 800 4513 indigena,
834 4441 972 4500 dum
1007 4458 1189 4503 uxore
1213 4444 1401 4515 ducta,
1429 4444 1739 4506 celebraret
1770 4449 2027 4523 nuptiale

317 4530 694 4601 convivium,
768 4541 1117 4606 conquestus
1182 4541 1267 4593 est
1336 4534 1594 4609 opipator
1654 4553 2025 4611 conspersum

318 4618 509 4693 epulis
544 4618 817 4676 defecisse
861 4618 1239 4692 pigmentum.
1285 4621 1545 4698 Cumque
1595 4624 1771 4697 hujus
1814 4626 1899 4683 rei
1941 4642 2007 4683 ea

318 4705 606 4764 lumniam
637 4721 883 4779 sponsus
915 4708 972 4765 in
1003 4716 1242 4767 matrem
1270 4725 1384 4770 non
1418 4712 1544 4769 sine
1573 4715 1821 4786 quodam
1846 4714 2027 4788 jurgii

321 4804 545 4855 tumore
591 4796 937 4868 d'evolverct,
985 4808 1039 4857 et
1086 4816 1191 4859 cur
1240 4801 1389 4859 hanc
1435 4810 1723 4875 pateretur
1774 4803 2028 4875 inopiam

320 4887 501 4945 iratus
530 4895 584 4945 et
606 4895 918 4945 contumax
951 4890 1307 4962 inquisisset,
1347 4901 1525 4949 mater
1552 4901 1743 4950 autem
1779 4909 1837 4949 se
1866 4894 2029 4952 sulli-

320 4977 537 5035 cienter
584 4976 923 5037 exhibuisse
970 4979 1255 5039 ministris
1309 4981 1455 5038 hanc
1499 4981 1745 5056 speciem
1784 4991 2032 5041 econtra-

320 5066 407 5125 rio
439 5064 826 5139 responderet,
861 5068 956 5125 ille
1001 5070 1231 5127 tandem
1281 5069 1597 5130 iracundiae
1643 5070 1777 5127 felle
1810 5086 2032 5143 permo-

328 5162 438 5223 tus,
486 5169 696 5212 manus
737 5156 950 5213 inferre
1002 5171 1114 5214 non
1160 5158 1375 5229 timuit,
1412 5160 1581 5231 eique
1628 5167 1927 5230 protervus
1967 5175 2032 5216 ac

326 5241 540 5300 furiose
570 5243 873 5301 vesaniens
911 5244 1135 5318 alapam
1179 5246 1558 5303 irreverenter
1583 5246 1846 5304 incussit.
1897 5246 2028 5317 Sed,

322 5344 357 5386 o
396 5326 591 5386 divina
625 5333 851 5406 justitia
884 5335 1243 5392 iracundiam
1277 5342 1533 5392 nostram
1571 5336 1890 5404 vindicans,
1932 5334 2031 5393 sed

327 5430 443 5473 non
492 5416 671 5489 irata;
726 5420 785 5478 in
836 5424 1081 5481 furentis
1129 5422 1313 5480 animi
1362 5421 1578 5480 rabiem
1624 5425 1892 5497 smviens,
1933 5425 2031 5483 sed

322 5504 556 5579 quieta;
610 5509 895 5571 ulciscens
953 5513 1252 5587 impacatae
1306 5512 1517 5572 mentis
1569 5514 1877 5588 insaniam,
1933 5514 2032 5575 sed

2116 4452 2280 4509 tium.

2718 4542 3084 4604 EPISTOLA
3116 4542 3212 4601 IV.

2113 4669 2191 4715 AD
2212 4666 2541 4714 ALBERICUM
2561 4664 3186 4721 SENATOREMJIJUSQUE
3203 4665 3446 4710 UXOREM
3465 4662 3815 4710 ERMILINAM.

2114 4780 2557 4855 AllGUMlﬁl‘iTUM:
2592 4809 2657 4855 -_-
2685 4776 3016 4834 Alhericum
3059 4783 3114 4834 et
3167 4777 3292 4849 ejus
3326 4776 3647 4850 conjugem,
3698 4776 3824 4855 qui;

2186 4851 2294 4907 bus
2338 4849 2493 4906 filius
2530 4849 2727 4907 infans
2768 4856 3022 4906 rerenter
3069 4858 3330 4905 mortuus
3366 4849 3507 4913 erat,
3540 4849 3820 4904 consolari

2186 4921 2429 4990 nititur,
2483 4921 2791 4979 ostendens
2847 4919 3047 4977 laetitia
3102 4919 3287 4992 potius
3344 4936 3519 4991 quam
3580 4934 3824 4992 maerore

2186 4989 2585 5066 excipiendam
2640 5008 2784 5066 esse,
2818 4992 2974 5050 illius
3023 4989 3280 5066 mortem,
3335 4989 3531 5066 utpote
3572 5006 3703 5047 cum
3747 4989 3822 5066 _a_d

2187 5060 2595 5135 scim'iiternam
2635 5061 2964 5120 felicitatem
3010 5079 3079 5120 ex
3130 5063 3234 5119 hac
3277 5060 3642 5135 miseriarum
3675 5060 3823 5117 valle

2174 5133 2458 5193 'sine'ullo
2490 5134 2682 5193 labore
2710 5141 2766 5191 et
2793 5135 3105 5192 certamine
3137 5133 3444 5190 translatus
3474 5133 3566 5190 sit.

2188 5248 2411 5306 Domno
2462 5247 2755 5306 ALBl'LilItIO
2808 5248 3107 5306 senatoriae
3180 5247 3475 5320 dignitatis
3548 5247 3709 5317 viro,
3768 5254 3824 5305 et

2116 5337 2431 5395 ERMILINJE
2465 5336 2717 5410 coniugi,
2760 5336 2985 5396 Perses
3024 5344 3283 5410 peccator
3311 5337 3634 5394 monachus
3663 5335 3820 5393 salu-

2116 5433 2226 5483 tem
2264 5424 2323 5482 in
2356 5424 2621 5484 Domino.
3246 5503 3250 5506 ~

2186 5514 2494 5587 Noveritis,
2538 5514 2918 5589 dilectissimi,
2958 5517 3096 5590 quia
3136 5531 3270 5577 cum
3302 5531 3672 5575 communem
3713 5531 3821 5573 ex-
