4170 6440
303 262 420 323 469

1551 266 1778 332 LIBER
1819 269 2184 345 OCTAVUS,
2224 270 2458 331 EPIST.
2500 269 2570 328 v.

3700 257 3810 318 470

303 383 598 444 cellentiae
617 387 822 443 vestras
841 383 1028 443 ﬁlium
1055 385 1127 444 ad
1153 386 1255 446 Dei
1277 389 1690 463 omnipotentis
1706 389 2017 465 imperium
2036 396 2089 457 A
2104 394 2287 466 magis
2305 394 2376 451 ad
2394 408 2527 452 eum
2545 408 2560 462 ;
2578 390 2678 448 ille
2699 403 2816 448 non
2830 388 3147 447 revertetur
3163 384 3237 443 ad
3256 397 3350 442 me
3370 385 3449 453 (Π
3465 385 3596 451 Reg.
3621 383 3752 451 xu).
3772 402 3796 430 ι

306 492 387 535 ex
413 476 521 533 hoc
551 473 764 532 saeculo
791 474 1061 533 transisse
1096 477 1497 550 cognovimus,
1529 478 1708 539 subiti
1736 497 1841 541 nos
1875 499 2017 541 moe-

306 561 459 622 roris
485 561 756 633 angustia
792 561 1061 634 perculit,
1095 571 1150 621 et
1180 564 1425 623 tristitiae
1452 581 1570 624 non
1614 567 1758 626 levis
1784 570 2022 629 aculeus

306 667 410 709 cor
461 656 732 708 nostrum
787 651 880 722 pia
925 652 1321 724 compassione
1374 655 1684 713 transﬁxit.
1726 656 1838 715 Sed
1888 675 2019 717 cum

276 746 536 827 [recepto
575 736 817 795 consilio
853 737 1164 811 diligenter
1191 740 1528 800 examinare
1558 758 1676 800 rem
1719 745 2019 818 coepimus,

309 837 369 888 et
406 827 787 901 nosmetipsos
822 829 1313 902 .reprebensibiles
1345 832 1700 905 judicamus,
1741 840 1796 893 et
1842 836 2021 895 subli-

310 918 531 978 mitatis
576 924 780 976 vestrae
824 918 1186 991 prudentiam
1235 904 1541 980 maerorem
1569 904 1855 996 depenere
1877 904 2022 983 ξω)-

309 1007 508 1066 missis
536 1006 802 1079 precibus
827 1007 1131 1065 humiliter
1161 1008 1489 1069 suademus.
1520 1011 1670 1081 Quid
1697 1013 1856 1072 enim
1886 1014 2022 1073 boni

309 1106 505 1155 vestra
545 1097 772 1155 devotio
806 1097 866 1155 in
914 1108 1221 1171 conspectu
1267 1102 1366 1160 Dei
1409 1104 1816 1178 omnipotentis
1857 1122 2025 1179 agere

308 1186 520 1259 potuit,
554 1190 619 1243 ut
656 1186 778 1258 ipse
820 1186 984 1245 vobis
1022 1188 1164 1245 tanti
1211 1191 1470 1249 muneris
1518 1192 1861 1252 leneﬁcium
1901 1211 2024 1253 me-

308 1274 425 1333 rito
461 1273 874 1348 praestitisset?
922 1275 1199 1335 Videlicet
1237 1286 1301 1337 ut
1333 1280 1404 1338 de
1441 1282 1663 1340 semine
1701 1290 1890 1342 vestro
1929 1300 2024 1343 so-

311 1369 508 1428 bolem
551 1369 625 1427 ad
670 1369 924 1428 ccelestia
972 1386 1145 1444 regna
1191 1372 1543 1447 transferret,
1598 1371 1749 1431 inter
1792 1374 2027 1446 angelos

311 1458 704 1529 constitueret,
738 1458 882 1516 stola
917 1459 1365 1518 immortalitatis
1394 1460 1680 1533 indueret,
1720 1477 1786 1520 ac
1827 1463 2024 1521 diade-

312 1552 468 1605 mate
517 1554 803 1621 perpetuae
848 1547 1049 1621 gloriae
1089 1557 1388 1608 coronaret
1433 1575 1445 1608 :
1498 1550 1744 1624 propriis
1786 1551 2026 1625 insuper

310 1637 474 1696 ulnis
517 1638 876 1710 astringeret,
906 1639 1101 1698 oscula
1153 1646 1430 1714 tanquam
1461 1640 1650 1699 dulcis
1682 1648 1844 1715 pater
1885 1642 2025 1700 inﬁ-

2100 482 2505 551 Quamobrem,
2543 476 2924 546 dilectissimi,
2963 474 3159 535 omnia
3188 473 3403 533 doloris
3446 476 3619 545 atque
3656 483 3800 526 moe—

2101 571 2273 630 stitiaa
2309 570 2562 628 lamenta
2598 566 2885 639 deponite,
2925 564 3089 623 solita
3128 562 3328 621 domui
3370 566 3576 618 vestrae
3630 558 3802 632 spiri-

2101 659 2276 718 tualis
2323 656 2539 715 laetitia;
2593 656 2805 729 gaudia
2855 658 3129 727 reparate,
3182 657 3405 709 mentes
3457 654 3674 706 vestras
3735 646 3806 704 ad

2100 766 2262 823 spem
2297 764 2561 821 superum
2591 743 3000 806 consolationis
3029 742 3250 813 erigite,
3282 746 3337 798 et
3385 739 3574 797 divini
3599 737 3802 796 verbe-

2102 838 2182 896 ris
2221 842 2368 896 ictus
2411 853 2525 896 non
2577 838 2766 896 solum
2819 835 3096 909 patienter
3133 839 3188 890 et
3234 829 3661 903 aequanimiter,
3706 827 3807 885 sed

2102 925 2275 982 etiam
2290 925 2554 982 alacriter
2576 925 2824 982 tolerate.
2854 921 3229 994 Omnipotens
3257 919 3430 988 Deus,
3456 917 3557 989 qui
3586 915 3803 974 Filium

2102 1020 2360 1070 vestrum
2401 1012 2473 1071 de
2519 1012 2721 1070 vestris
2765 1011 3038 1069 manibus
3089 1008 3301 1077 tollere,
3354 1012 3409 1065 et
3455 1005 3515 1063 in
3562 1002 3808 1078 propriae

2103 1100 2426 1160 dilectionis
2495 1102 2803 1176 amplexus
2850 1101 3120 1172 dignatus
3175 1103 3260 1157 est
3320 1102 3556 1171 paterna
3603 1094 3811 1168 pietate

2106 1192 2432 1263 transferre,
2470 1192 2779 1262 multiplex
2818 1192 3021 1265 utique
3060 1205 3161 1264 pro
3204 1205 3320 1248 uno
3352 1201 3532 1260 puero
3568 1198 3807 1256 germen

2103 1280 2394 1349 attribuat,
2425 1286 2481 1338 et
2510 1281 2749 1353 insuper
2787 1294 3094 1354 nunquam
3139 1277 3485 1335 morituram
3520 1273 3807 1332 bonorum

2103 1384 2345 1442 operum
2375 1367 2630 1428 sobolem
2658 1383 2933 1441 generare
2960 1366 3248 1425 concedat.

2711 1500 3077 1561 EPISTULA
3106 1499 3175 1558 V.

2455 1630 2532 1676 AD
2585 1630 2821 1676 PETRUM
2864 1626 3215 1676 SENATOREM
3266 1625 3489 1671 URBIS.‘

310 1733 490 1800 geret,
524 1734 578 1785 et
600 1727 758 1785 velut
784 1729 1079 1786 uterinum
1109 1728 1320 1800 ﬁlium,
1350 1729 1406 1786 in
1430 1728 1532 1787 illo
1555 1729 1766 1802 quietis
1786 1737 2019 1791 teternaa
2042 1735 2546 1805 BARGUMENTUM.
2582 1763 2649 1775 -
2689 1733 2920 1792 Petrum
2943 1730 3244 1791 senatorias
3276 1727 3573 1805 dignitatis
3599 1725 3812 1805 virum,

313 1815 569 1874 thalamo
624 1816 859 1875 feliciter
913 1817 1234 1875 collocaret.
1298 1817 1441 1874 Ecce
1496 1833 1603 1875 nos
1653 1818 1914 1877 infelices
1967 1826 2022 1878 et

310 1904 535 1974 miseri,
553 1905 704 1979 quod
730 1904 929 1978 utique
953 1908 1023 1965 de
1053 1921 1145 1962 me
1174 1904 1432 1979 meisque
1457 1904 1748 1965 similibus
1776 1913 1834 1965 et
1859 1922 2019 1967 com-

312 1992 707 2068 pecratoribus
764 1993 984 2068 loquor,
1040 1995 1189 2069 quod
1238 1995 1571 2069 jejunantes
1643 2000 1699 2053 et
1745 1996 2023 2055 adversus

313 2083 604 2156 malignos
655 2082 892 2156 spiritus
928 2084 1317 2142 infmderabili
1355 2086 1777 2145 concertatione
1808 2087 2023 2162 jugiter

312 2171 675 2230 obluctantes
690 2187 918 2245 sperare
932 2173 1027 2230 vix
1044 2189 1378 2247 possumus;
1399 2175 1503 2231 iste
1520 2174 1645 2232 sine
1662 2174 1781 2233 ulla
1796 2175 2023 2235 sudoris

314 2267 372 2320 et
399 2262 612 2320 laboris
641 2259 784 2317 276
822 2260 1115 2332 instantia,
1153 2264 1330 2337 gratis
1376 2263 1646 2336 obtinuit,
1682 2270 1738 2323 et
1771 2266 1844 2323 ad
1874 2266 2025 2325 illud

312 2352 617 2409 beatorum
652 2349 871 2409 civium
907 2352 1167 2424 nuptiale
1202 2353 1542 2412 convivium
1584 2354 1710 2413 sine
1748 2355 1869 2415 ullo
1899 2370 2023 2414 cer-

316 2439 555 2497 taminis
619 2455 684 2497 ac
749 2440 965 2497 fastidii
1022 2440 1213 2499 labore
1271 2443 1547 2512 pervenit.
1600 2443 1732 2501 Huc
1786 2445 2022 2515 accedit,

320 2528 459 2602 quia
491 2528 592 2602 qui
634 2528 818 2586 ﬁlium
845 2528 917 2586 de
956 2530 1160 2587 vestris
1207 2530 1480 2588 manibus
1509 2530 1766 2602 abstulit,
1792 2538 1849 2590 et
1889 2548 2026 2590 eum

319 2617 452 2690 plus
481 2617 591 2673 sibi
626 2633 800 2691 quam
831 2618 994 2675 vobis
1031 2617 1296 2691 diligens,
1333 2619 1393 2675 in
1429 2619 1875 2676 contubernium
1905 2634 2026 2677 sua:

316 2705 644 2779 adOptionis
691 2706 911 2775 ascivit,
953 2712 1155 2781 potens
1180 2714 1265 2763 est
1310 2707 1491 2764 multo
1535 2706 1695 2764 vobis
1732 2708 2029 2765 meliorem

319 2794 597 2866 reddere;
629 2800 685 2852 et
724 2810 828 2868 pro
866 2812 1003 2868 uno,
1037 2796 1413 2869 multiplicem
1456 2812 1532 2853 ex
1570 2797 1734 2855 vobis
1774 2798 2027 2857 sobolem

316 2897 648 2956 propagare.
690 2885 859 2941 Anna
899 2885 1179 2943 nimirum
1214 2900 1363 2943 uxor
1400 2884 1647 2952 Eleanas,
1688 2887 1926 2946 unicum
1956 2887 2029 2945 fi-

323 2972 470 3031 lium
515 2974 574 3031 in
607 2974 974 3034 tabernaculo
1011 2976 1078 3033 ad
1112 2976 1422 3034 servandas
1460 2976 1601 3047 legis
1629 2976 1846 3036 divinas
1873 2994 2028 3036 cere-

2175 1807 2276 1880 qui
2326 1806 2622 1882 ecclesiam
2656 1813 2986 1882 construere
3021 1797 3570 1882 aggressus,"nescio
3593 1813 3710 1882 qna
3745 1797 3817 1854 de

2176 1869 2366 1949 causa,
2420 1876 2609 1933 statim
2648 1876 2721 1933 ab
2761 1876 2983 1949 incepto
3029 1869 3339 1940 destiterat,
3365 1869 3453 1949 _ad
3511 1869 3814 1942 perlicien—

2175 1947 2317 2004 dum
2355 1941 2611 2020 cmptum
2661 1961 2835 2020 opus
2863 1941 3141 2020 Hortatur,
3186 1941 3491 2020 ostendens
3519 1941 3652 1997 non
3695 1953 3820 2020 esse

2175 2032 2375 2075 verum
2398 2009 2551 2090 quod
2567 2009 2838 2075 nonnulli
2867 2009 3216 2089 garrieba’nt,
3246 2012 3466 2071 nullam
3499 2009 3815 2090 mercedem

2177 2098 2255 2173 iis
2274 2088 2450 2173 tribui
2481 2112 2526 2173 a_
2545 2097 2680 2173 Deo,
2710 2097 2816 2173 qui
2843 2088 3109 2173 eCclesias
3130 2090 3275 2149 2'77
3298 2092 3608 2173 aediﬁcant.
3639 2088 3818 2173 qujus

2177 2169 2262 2297 ι’ᾗῇ
2286 2168 2468 2297 g'ratia
2494 2160 2817 2227 Salomonis
2836 2174 2893 2225 et
2914 2167 3161 2225 aliorum
3185 2162 3535 2237 exemplain
3556 2160 3817 2219 medium

2179 2257 2212 2297 a
2258 2256 2319 2297 er
2348 2284 2360 2295 .

2179 2256 2360 2298 auert.

2184 2346 2433 2405 Domino
2466 2346 2662 2405 PETRO
2700 2345 3004 2404 senatoriae
3048 2342 3347 2417 dignitatis
3383 2341 3531 2410 viro,
3587 2332 3817 2398 PETRUS

2115 2445 2374 2512 peccator
2403 2438 2722 2495 monachus
2746 2437 2993 2495 salutem
3017 2435 3077 2493 in
3109 2433 3376 2492 Domino.

2187 2526 2520 2584 Electorum
2569 2542 2635 2584 ac
2687 2528 3064 2600 reproborum
3141 2537 3448 2582 commune
3525 2528 3609 2578 est
3668 2519 3815 2578 bona

2117 2614 2392 2689 quaelibet
2443 2611 2841 2673 inditl‘erehter
2893 2613 3167 2685 incipere,
3220 2610 3320 2669 sed
3372 2608 3684 2666 electorum
3731 2611 3818 2664 est

2116 2700 2438 2775 specialiter
2509 2717 2643 2774 quas
2713 2701 2861 2759 bene
2934 2705 3116 2771 empta
3183 2703 3318 2755 sunt
3387 2710 3814 2754 consummare.

2114 2791 2217 2849 Isti
2244 2789 2531 2863 siquidem
2574 2790 2636 2848 in
2672 2805 2740 2848 eo
2785 2789 2941 2865 quod
2974 2788 3248 2847 iuchoant
3273 2784 3653 2844 immobiliter
3684 2799 3815 2858 per-

2115 2887 2419 2940 severant:
2474 2880 2582 2951 illi,
2627 2880 2765 2939 dum
2806 2894 3031 2951 semper
3075 2876 3523 2936 inconstantiam
3566 2873 3811 2943 variant,

2115 2973 2473 3046 propositum
2521 2971 2793 3031 velociter
2846 2976 3091 3029 mutant.
3149 2968 3309 3028 Unde
3354 2967 3631 3041 scriptum
3683 2973 3812 3025 est:

321 3062 549 3121 monias
589 3062 805 3137 jugiter
842 3065 1127 3123 excubare
1171 3064 1503 3132 constituit;
1561 3076 1833 3141 eumque,
1884 3066 2095 3160 εἰρυῑο
2122 3087 2149 3111 ‹‹
2191 3061 2414 3121 Stultus
2453 3069 2516 3120 ut
2550 3062 2691 3121 luna
2724 3068 2985 3121 mutatur
3012 3063 3203 3130 (Eccli.
3251 3063 3535 3160 XXVII}?
3583 3056 3817 3160 Cmpisti

321 3152 617 3223 Scriptura
659 3158 915 3223 testatur,
957 3180 984 3203 ‹‹
1029 3154 1272 3211 Domino
1315 3153 1474 3211 velut
1510 3154 1569 3211 in
1612 3155 1829 3213 faenore
1866 3171 2025 3213 com—
2054 3148 2373 3225 “quidem,
2431 3151 2821 3224 dilectissime,
2885 3152 3297 3211 monasterium
3355 3148 3664 3219 aediﬁcare,
3720 3149 3819 3207 sed

319 3241 575 3298 modavit
598 3246 652 3310 (Ι
670 3246 805 3312 Reg.
834 3248 896 3311 Ι).
933 3267 958 3290 ››
992 3242 1144 3300 Hinc
1164 3250 1249 3300 est
1276 3243 1429 3316 quod
1453 3243 1652 3301 eadem
1676 3251 1868 3302 sancta
1894 3260 2024 3302 mu-

2110 3251 2423 3317 antequam
2478 3259 2603 3302 sese
2658 3245 2728 3301 ad
2787 3242 3260 3317 sexquipedalem
3318 3244 3434 3300 fere
3486 3254 3818 3299 mensuram

321 3330 427 3387 lier
455 3329 526 3386 ad
557 3329 690 3388 Heli
720 3332 1066 3390 sacerdotem
1096 3333 1274 3391 dicit:
1312 3356 1335 3384 ι
1369 3332 1562 3403 Oravi,
1592 3343 1648 3391 et
1684 3333 1842 3393 dedit
1882 3332 2026 3391 mihi
2106 3333 2356 3392 muralis
2408 3340 2697 3392 structura
2751 3334 3087 3405 subrigeret,
3139 3331 3398 3392 deiecisti
3434 3348 3448 3400 ;
3499 3334 3566 3390 ut
3615 3329 3820 3388 merito

326 3418 606 3478 Dominus
648 3419 978 3492 petitionem
1024 3436 1229 3489 meam,
1291 3438 1465 3496 quam
1513 3422 1800 3494 postulavi
1851 3437 2024 3491 eum;

320 3505 534 3564 idcirco
568 3513 624 3563 et
675 3521 780 3579 ego
824 3508 1185 3571 commodavi
1226 3524 1360 3565 eum
1384 3508 1629 3566 Domino
1659 3509 1881 3567 cunctis
1903 3509 2026 3567 die-

318 3593 681 3669 bus,quibus
708 3593 879 3652 fuerit
897 3596 1358 3654 accommodatus
1377 3596 1641 3654 Domino.
1673 3620 1693 3647 ι
1722 3596 1827 3654 Cui
1854 3597 2029 3654 etiam

319 3683 583 3742 sacerdos
610 3684 743 3742 Heli
777 3705 792 3742 :
826 3704 853 3737 ‹‹
879 3684 1101 3742 Reddat
1130 3686 1414 3744 Dominus
1442 3686 1544 3744 tibi
1569 3702 1768 3745 semen
1794 3687 1865 3745 de
1897 3702 2028 3744 mu-

321 3772 466 3832 liere
524 3774 631 3831 hac
688 3789 791 3847 pro
849 3776 1065 3833 frenare
1119 3776 1276 3848 quod
1343 3776 1719 3835 commodasti
1783 3776 2031 3834 Domino

320 3865 371 3932 (Ι
408 3867 539 3932 Reg.
593 3874 676 3927 II).
705 3884 733 3916 »
781 3863 974 3935 Porro,
1003 3864 1156 3938 quod
1203 3880 1305 3937 pro
1347 3865 1564 3923 fcenore
1613 3865 2030 3936 commodatur,

322 3966 438 4010 non
468 3951 717 4025 simplex
740 3966 986 4021 summa,
1014 3952 1114 4009 sed
1135 3952 1514 4026 multiplicata
1543 3953 1833 4026 recipitur.
1871 3952 2033 4011 Unde

320 4047 378 4099 et
400 4038 522 4098 illic
549 4048 754 4112 praesto
782 4039 1155 4113 subjungitur
1188 4061 1200 4098 :
1229 4063 1256 4094 (ι
1290 4040 1557 4099 Visitavit
1584 4057 1719 4114 ergo
1744 4039 2032 4100 Dominus

323 4130 578 4200 Annam,
638 4136 694 4188 et
748 4128 1026 4204 concepit,
1082 4136 1138 4188 et
1182 4130 1401 4204 peperit
1445 4137 1558 4189 tres
1603 4131 1755 4189 ﬁlios
1797 4137 1852 4188 et
1890 4128 2034 4187 duas

324 4219 473 4278 ﬁlias
508 4222 716 4289 (Ibid).
752 4246 778 4269 »
821 4219 931 4289 Qui
970 4236 1104 4292 ergo
1155 4236 1257 4294 pro
1304 4236 1420 4278 uno
1464 4220 1584 4278 ﬁlio
1636 4228 1749 4277 tam
1794 4220 2033 4278 uberem

323 4312 545 4385 prolem
599 4311 868 4382 reddidit,
904 4318 1120 4386 quanto
1173 4312 1357 4385 magis
1399 4327 1501 4370 vos
1553 4312 1616 4370 in
1670 4310 2035 4386 propagando

326 4405 548 4464 semine
578 4405 651 4463 de
689 4405 870 4463 sancti
906 4406 1079 4463 vestri
1116 4405 1376 4480 conjugii
1413 4405 1690 4463 charitate
1742 4404 2032 4463 laetiﬁcare

329 4497 531 4569 potuit,
560 4495 661 4570 qui
685 4494 872 4552 filium
900 4501 1155 4552 vestrum
1179 4510 1296 4553 non
1324 4494 1387 4552 in
1415 4503 1638 4552 terreno
1667 4492 2032 4552 tabernaculo

327 4583 543 4641 servire
570 4582 859 4656 przecepit,
891 4583 989 4639 sed
1029 4582 1218 4655 potius
1262 4581 1321 4639 in
1355 4581 1459 4640 illa
1492 4582 1709 4640 caelesti
1753 4581 2033 4640 Hierusa-

328 4670 444 4729 lem
488 4677 620 4729 ante
664 4686 789 4728 sum
821 4669 1132 4743 majestatis
1167 4669 1438 4728 obtutum
1480 4676 1758 4743 perpetuo
1793 4683 2034 4743 regnare

328 4750 622 4821 constituit
668 4760 694 4819 ?
738 4760 1057 4819 Excessant
1096 4775 1251 4833 ergo,
1300 4759 1684 4831 dilectissimi,
1739 4759 1810 4817 de
1852 4758 2036 4817 oculis

329 4851 535 4909 vestris
583 4850 877 4926 lacrymaa,
925 4848 1172 4920 gemitus
1227 4856 1284 4906 et
1326 4850 1575 4922 suspiria
1625 4848 2034 4923 reprimantur,

332 4939 605 5013 lugubria
629 4937 905 5013 quaslibet
930 4937 1001 4994 de
1041 4938 1244 4995 vestris
1277 4938 1540 4997 vultibus
1570 4943 1936 5008 evanescant,
1984 4940 2041 4992 et

331 5028 537 5087 festiva
591 5026 884 5096 serenitas,
939 5025 1194 5097 deposito
1238 5043 1475 5100 prorsus
1556 5026 1718 5084 omni
1775 5038 2035 5092 maerore,

333 5119 709 5193 resplendeat.
770 5118 929 5177 Dicat
982 5117 1173 5191 itaque
1229 5123 1423 5173 sancta
1493 5112 1797 5188 prudentia
1853 5120 2040 5172 vestra

334 5211 511 5270 simul
535 5226 669 5269 cum
702 5226 832 5281 rege
856 5208 1039 5267 David
1074 5228 1085 5265 :
1126 5232 1153 5257 α
1189 5206 1424 5278 Propter
1449 5205 1748 5272 infantem,
1778 5205 1918 5262 dum
1947 5203 2043 5261 ad-

337 5301 454 5360 huc
484 5303 718 5365 viveret,
747 5299 1009 5373 jejunavi
1045 5305 1098 5356 et
1137 5296 1268 5354 ﬂevi
1300 5315 1311 5352 :
1345 5294 1607 5353 dicebam
1646 5294 1803 5353 enim
1838 5313 1850 5351 :
1901 5291 2044 5363 Quis

338 5390 443 5449 scit
475 5390 523 5449 si
568 5391 712 5449 forte
747 5390 922 5448 donet
966 5404 1099 5447 eum
1137 5385 1282 5445 mihi
1320 5383 1600 5442 Dominus
1642 5389 1706 5441 ut
1751 5382 1907 5440 vivat
1948 5382 2042 5440 in-

339 5478 517 5541 fans?
545 5479 712 5537 Nnnc
738 5484 953 5549 autem,
992 5476 1130 5552 quia
1164 5480 1425 5533 mortuus
1451 5480 1557 5543 est,
1590 5486 1768 5546 quare
1799 5469 2044 5545 jejuno?

344 5566 622 5642 Nunquid
650 5578 845 5641 potero
876 5581 1144 5628 revocare
1174 5579 1313 5624 eum
1337 5560 1590 5635 amplius
1618 5558 1646 5622 ?
1679 5559 1800 5635 Ego
1839 5559 2045 5619 vadam

2042 4451 2093 4512 D

2112 3422 2432 3481 secundum
2470 3422 2859 3494 evangelicam
2884 3422 3017 3494 quis
3056 3421 3243 3479 valeat
3270 3420 3377 3478 hoc
3413 3418 3658 3477 irridere
3683 3432 3816 3474 sen-

2111 3509 2373 3582 tentiam,
2442 3525 2559 3582 qua
2621 3510 2832 3569 dicitur
2882 3528 2895 3566 :
2961 3531 2990 3563 ‹‹
3044 3509 3190 3579 Quia
3244 3507 3339 3566 hic
3405 3507 3580 3564 homo
3648 3503 3822 3577 coepit

2111 3601 2420 3671 aediﬁcare,
2449 3608 2505 3659 et
2553 3616 2671 3659 non
2721 3599 2902 3674 potuit
2942 3613 3348 3658 consummare
3389 3599 3535 3666 (Luc.
3591 3594 3753 3665 XIV);
3786 3613 3814 3645 ι)

2111 3690 2206 3756 vel
2238 3689 2382 3747 illud
2434 3690 2589 3762 quod
2647 3706 2701 3746 tu
2768 3688 2914 3746 libro
2974 3686 3271 3745 Nehemiae
3322 3684 3532 3744 Tobias
3583 3684 3819 3741 Ammo-

2112 3780 2263 3836 nites
2308 3778 2379 3836 de
2431 3777 2813 3847 Hierusalem,
2864 3777 3007 3835 dum
3059 3774 3522 3842 reaediﬁcaretur,
3566 3770 3819 3830 irridens

2112 3866 2192 3925 ait
2251 3885 2262 3922 ε
2320 3889 2343 3919 σε
2376 3865 2722 3936 ιἘιΗῧοθηῐ;
2777 3865 2827 3924 si
2884 3863 3203 3924 ascenderit
3254 3863 3477 3936 vulpes,
3535 3857 3820 3918 transiliet

2113 3968 2350 4011 murum
2388 3969 2587 4012 eorum
2634 3953 2919 4026 lapideum
2968 3956 3045 4020 (Π
3068 3952 3233 4009 Esdr.
3264 3963 3368 4014 IV).
3399 3970 3427 4005 »
3478 3947 3624 4007 Nam
3677 3947 3819 4006 dum

2114 4040 2380 4099 semiruti
2448 4042 2733 4115 pendeant
2811 4040 2964 4098 muri
3022 4046 3078 4098 et
3147 4037 3390 4113 turpiter
3460 4034 3817 4108 interrupti,

2115 4129 2394 4204 parietina
2444 4131 2634 4202 potius
2686 4130 2861 4202 digna
2908 4136 3046 4187 sunt
3092 4128 3207 4187 dici
3256 4143 3433 4201 quam
3486 4125 3673 4183 valeat
3726 4138 3820 4182 ec-

2116 4218 2293 4276 clesia
2357 4219 2701 4292 nuncupari.
2779 4221 2871 4277 An
2924 4224 3114 4293 putas,
3166 4222 3231 4274 ut
3284 4213 3554 4273 nonnulli
3616 4212 3822 4271 blatte-

2116 4306 2297 4366 rando
2352 4307 2621 4379 delirant,
2680 4307 2909 4366 nullum
2970 4303 3249 4363 mercedis
3301 4303 3491 4361 inesse
3545 4301 3820 4369 fructum,
3906 4322 3909 4327 ν

2117 4396 2211 4453 vel
2287 4395 2769 4468 compensationis
2827 4394 3135 4468 prwmium
3196 4393 3259 4451 in
3311 4390 3826 4450 ecclesiasticorum

2121 4485 2541 4545 constructione
2568 4501 2869 4544 murorum
2901 4484 2929 4544 ?
2958 4482 3242 4557 Nunquid
3270 4482 3501 4555 ignoras
3529 4478 3668 4552 quia
3699 4492 3825 4551 per-

2120 4583 2246 4633 acto
2305 4573 2535 4648 templo,
2613 4572 2909 4633 Salomoni
2960 4573 3081 4648 regi
3129 4570 3412 4630 Dominus
3489 4567 3553 4624 in
3605 4564 3826 4624 somnis

2120 4662 2405 4737 apparuit,
2441 4662 2611 4736 eique
2659 4678 2774 4720 non
2815 4663 2988 4721 modo
3024 4658 3366 4733 sapientiam
3396 4656 3548 4713 ultra
3584 4667 3826 4712 mensu«

2123 4767 2247 4810 ram
2300 4751 2626 4824 capacitatis
2684 4752 2985 4824 humanm,
3040 4749 3140 4810 sed
3183 4754 3239 4805 et
3308 4741 3825 4816 incomparabilem

2122 4841 2458 4901 divitiarum
2489 4843 2757 4901 omnium
2783 4841 3004 4915 copiam
3035 4832 3415 4912 praamgavit?
3445 4853 3473 4888 ι(
3508 4831 3824 4905 Sapientia,

2123 4931 2335 5005 inquit,
2384 4941 2438 4991 et
2466 4932 2705 4991 scientia
2742 4932 2891 4989 datae
2927 4938 3066 4987 sunt
3109 4926 3231 4996 tibi,
3272 4924 3506 4983 divitias
3530 4929 3744 4992 autem,
3775 4926 3831 4976 et

2124 5021 2528 5089 substantiam,
2560 5026 2616 5079 et
2654 5016 2899 5093 gloriam
2940 5016 3087 5074 dabo
3127 5013 3252 5082 tibi,
3299 5013 3379 5072 ita
3417 5020 3482 5072 ut
3518 5010 3719 5069 nullus
3770 5010 3832 5066 in

2125 5110 2359 5183 regibus
2416 5124 2521 5167 nec
2577 5116 2730 5176 ante,
2786 5121 2893 5163 nec
2958 5110 3087 5178 post
3154 5109 3208 5161 te
3257 5100 3434 5160 fuerit
3477 5097 3691 5157 similis
3741 5096 3829 5156 tui

2129 5199 2201 5271 (II
2223 5201 2411 5255 Paral.
2453 5198 2510 5265 1).
2542 5223 2568 5245 »
2622 5195 2934 5253 Enimvero
2963 5191 3012 5251 si
3038 5192 3193 5251 Deus
3218 5190 3580 5262 omnipotens
3610 5185 3835 5245 labores

2126 5287 2537 5346 aadilicantium
2578 5283 2843 5343 ecclesias
2888 5297 3024 5342 suas
3067 5279 3327 5353 despicit,
3370 5275 3514 5350 quid
3554 5281 3639 5334 est
3680 5273 3836 5348 quod

2128 5383 2285 5436 tanto
2333 5374 2526 5433 studio
2558 5373 2790 5432 sibimet
2826 5370 3267 5431 tabernaculum
3310 5367 3371 5425 in
3416 5366 3639 5425 deserto
3687 5380 3830 5424 con-

2128 5465 2274 5525 strui
2306 5462 2513 5523 debere
2552 5461 2902 5521 mendavit?
2941 5460 3142 5528 (Emod.
3176 5460 3351 5527 xxv.)
3392 5458 3486 5515 An
3522 5455 3833 5528 parvipen-

2129 5557 2336 5628 dendo,
2369 5554 2461 5614 vel
2501 5551 2847 5628 negligendo
2881 5550 2957 5610 ad
2983 5548 3223 5623 Moysen
3267 5545 3546 5622 loquitur,
3584 5543 3787 5631 dicens
3817 5561 3831 5602 :
