4170 6450
356 229 456 288 471

879 229 935 289 S.
982 229 1204 290 PETRI
1247 231 1564 291 DAMIANI
1603 231 1759 292 OPP.
1804 231 1995 293 PARS
2037 217 2178 292 SEU
2217 230 2469 293 TOMUS
2506 232 2553 294 Ι.
2594 265 2664 277 -
2704 232 2937 293 EPIST.
2981 235 3122 298 LIB.
3168 238 3321 299 VIII.

3741 246 3852 306 472

363 379 390 407 α
428 355 570 414 Ecce
613 355 813 413 vocavi
861 371 936 413 ex
985 357 1221 415 nomine
1262 356 1515 416 Beseleel
1553 357 1736 416 tilium
1776 357 1926 416 Huri
1991 356 2309 431 deAperii,
2340 358 2482 418 dum
2529 360 2636 418 sub
2676 360 2850 434 regiae
2890 360 3184 436 dignitatis
3219 380 3505 438 occasum,
3536 367 3676 427 dum
3720 385 3848 429 ma-

362 443 515 500 tribu
552 442 722 512 Juda,
765 449 819 499 et
857 441 1096 514 implevi
1142 457 1277 501 eum
1324 442 1528 517 spiritu
1577 444 1702 515 Dei,
1763 443 2061 518 sapientia,

360 530 739 605 intelligentia
772 537 827 589 et
856 532 1093 590 scientia
1120 532 1181 590 in
1206 532 1365 590 omni
1403 548 1589 605 Opere,
1624 534 1694 591 ad
1731 534 2058 607 excogitan-

358 618 498 677 dum
528 619 809 694 quidquid
855 621 1136 679 fabretieri
1178 621 1381 695 poterit
1418 638 1491 679 ex
1520 638 1680 691 auro,
1712 629 1767 681 et
1803 629 2059 694 argento,

359 712 415 764 et
458 712 590 776 aere,
643 723 945 775 marmore,
988 717 1045 766 et
1089 711 1353 784 gemmis.
1404 716 1460 768 et
1509 711 1837 770 diversitate
1874 713 2061 784 ligno-

362 811 490 853 rum
523 815 535 853 :
568 795 815 872 dedique
842 798 894 855 ei
920 800 1141 857 socium
1170 800 1415 858 Hooliab
1441 801 1777 859 Achisamec
1802 800 1874 859 de
1907 800 2060 859 tribu

360 883 506 956 Dan,
540 893 595 945 et
624 885 684 944 in
739 888 907 946 corde
935 890 1125 949 omnis
1152 890 1360 948 eruditi
1402 890 1564 963 posui
1604 890 1962 963 sapientiam,
1997 896 2060 946 ut

358 973 568 1031 faciant
626 983 830 1035 cuncta
885 994 1017 1051 quae
1056 978 1326 1052 prmeipio
1358 977 1513 1037 tibi?
1552 1002 1571 1027 π
1619 980 1822 1047 (Εωοά.
1857 979 2057 1045 XXXI.)

358 1060 536 1121 Porro
582 1070 776 1122 autem
810 1066 911 1141 qui
965 1072 1118 1125 tanta
1174 1067 1299 1125 ﬁeri
1356 1065 1722 1141 praecipiebat
1771 1066 2059 1125 industria

356 1149 814 1223 tabernaculum,
861 1155 1014 1229 quod
1051 1156 1450 1215 evacuandum
1482 1155 1541 1213 in
1581 1155 1847 1228 proximo
1883 1170 2059 1212 nove-

354 1243 458 1310 rat,
491 1248 709 1314 quanto
754 1243 939 1318 magis
977 1244 1088 1303 sibi
1123 1245 1244 1304 vult
1280 1244 1577 1303 ecclesiam
1613 1244 1889 1307 construi,
1930 1260 2063 1316 quae

353 1344 539 1402 usque
571 1331 641 1389 ad
670 1333 845 1391 ﬁnem
878 1334 1080 1393 saeculi
1107 1335 1179 1393 ad
1219 1335 1458 1393 salutem
1496 1335 1763 1394 omnium
1793 1334 2059 1408 gentium

351 1416 727 1479 immobiliter
753 1430 1076 1496 perseverat
1104 1423 1611 1483 ?Tabernaculum
1638 1440 1862 1499 nempe,
1900 1424 2056 1498 quod

350 1513 606 1566 erectum
633 1517 718 1568 est
750 1510 813 1569 in
843 1512 1086 1583 deserto,
1136 1520 1189 1570 et
1220 1512 1500 1587 templum
1533 1512 1700 1584 illud,
1739 1512 1893 1588 quod
1926 1531 2057 1573 con-

350 1598 636 1655 structum
675 1605 761 1656 est
805 1600 914 1658 sub
961 1599 1286 1660 Salomonis
1331 1601 1595 1675 imperio,
1637 1602 1841 1661 umbra
1893 1610 2058 1662 erant

2144 447 2259 504 rini
2308 447 2659 507 discriminis
2718 449 2924 508 metuit
2971 465 3107 510 vero
3157 454 3501 527 periculum,
3560 456 3850 530 religiosae

2142 534 2365 594 fraudis
2399 535 2732 609 aggreditur
2768 544 3197 612 argumentum.
3247 542 3413 601 Dedit
3444 560 3579 617 ergo
3610 546 3852 619 remigi-

2143 623 2254 681 bus
2312 625 2421 682 hoc
2478 625 2835 697 mandatum,
2891 634 2953 685 ut
3001 628 3337 688 nullatenus
3390 630 3635 690 Romam
3698 640 3850 692 recta

2147 715 2541 785 progressione
2580 714 3011 784 contenderent,
3055 716 3153 773 sed
3208 734 3308 790 per
3351 718 3608 778 diversos
3650 728 3851 794 portus

2142 818 2207 859 ac
2236 802 2513 889 Alittorum
2563 805 2832 864 stationes
2905 806 3270 865 subsistendo
3340 824 3405 866 ac
3479 810 3848 883 reprimendo

2144 882 2463 966 navigium,
2515 895 2623 954 iter
2669 897 3062 955 tantummodo
3110 897 3469 957 simularent.
3530 882 3643 959 Sed
3704 902 3847 961 dum

2147 990 2334 1042 nautze
2377 1001 2591 1058 regem,
2640 993 2705 1045 ut
2754 987 2934 1045 edocti
2970 988 3217 1058 fuerant,
3259 988 3417 1046 varia
3448 988 3706 1049 locorum
3738 1007 3848 1050 no-

2144 1075 2305 1133 mina
2353 1079 2750 1150 permutando,
2783 1078 3067 1137 deludunt
3096 1097 3112 1150 ;
3159 1094 3225 1136 ac
3255 1079 3423 1138 modo
3453 1080 3513 1138 in
3556 1081 3846 1141 anteriora

2142 1165 2477 1237 procedunt,
2522 1166 2689 1226 modo
2723 1183 2825 1241 per
2871 1167 3139 1226 sinuosos
3172 1168 3363 1226 ﬂexus
3392 1173 3565 1242 atque
3593 1171 3846 1230 reﬂexus

2141 1253 2200 1311 in
2260 1255 2458 1313 eadem
2507 1256 2645 1327 loca,
2690 1272 2792 1330 per
2841 1272 2976 1331 quae
3022 1265 3432 1330 processerant,
3474 1258 3844 1331 relabuntur;

2142 1342 2360 1417 regina,
2401 1342 2745 1404 latomorum
2794 1362 2859 1403 ac
2897 1354 3313 1405 ocementorum
3354 1345 3613 1405 adhibita
3656 1349 3848 1406 multi-

2144 1433 2364 1506 tudine,
2404 1435 2878 1508 augustissimam
2916 1451 2983 1495 ac
3013 1435 3177 1494 valde
3221 1436 3529 1495 miriﬁcam
3568 1437 3631 1495 in
3663 1438 3847 1496 hono-

2142 1538 2264 1580 rem
2294 1521 2358 1581 B.
2397 1523 2694 1583 Laurentii
2736 1523 3063 1583 construxit
3112 1524 3431 1595 ecclesiam,
3455 1526 3628 1597 juxta
3679 1541 3845 1584 men-

2143 1626 2337 1669 suram
2408 1612 2672 1671 videlicet
2755 1612 2916 1671 illius
2988 1611 3263 1683 basilicae,
3324 1628 3499 1686 quam
3575 1614 3850 1688 praefatus

348 1688 523 1779 {Mque
575 1685 759 1779 “$11!?
813 1689 990 1765 huius
1052 1691 1352 1766 ECCICSi‘c’e,
1400 1710 1533 1768 quae
1592 1707 1749 1750 nunc
1797 1698 2364 1777 coruscathartyr
2394 1703 2563 1762 habet
2611 1705 2674 1764 in
2722 1705 2845 1779 ipso
2883 1704 3084 1763 Romae
3124 1685 3404 1762 suburbio
3433 1685 3845 1764 constructam.

348 1772 413 1832 in
465 1776 676 1848 populo
726 1777 1073 1840 Christiano.
1136 1782 1301 1841 Unde
1372 1784 1555 1861 Moysi
1619 1784 1841 1846 dictum
1906 1792 1987 1844 est
2035 1800 2047 1840 :

2138 1790 2370 1849 Dicebat
2398 1793 2554 1851 enim
2590 1817 2602 1851 :
2646 1794 2696 1851 si
2744 1793 2943 1851 datum
2979 1797 3083 1863 est,
3115 1798 3179 1849 ut
3220 1807 3321 1865 per
3348 1791 3413 1849 B.
3459 1791 3845 1851 Laurentium

350 1884 379 1916 α
412 1863 617 1925 Omnia
664 1869 771 1939 fac,
820 1870 968 1930 sicut
1015 1872 1119 1931 tibi
1162 1882 1547 1934 monstratum
1605 1882 1690 1935 est
1742 1877 1802 1935 in
1859 1883 2054 1936 monte
2139 1882 2230 1939 vir
2267 1897 2432 1941 meus
2480 1882 2671 1940 redeat
2708 1882 2781 1939 ad
2818 1882 3084 1952 salutem,
3114 1863 3401 1955 quidquid
3439 1881 3593 1940 Deus
3638 1881 3846 1941 Romae

348 1956 551 2021 (Exod.
584 1962 757 2028 xxv).
794 1983 815 2008 υ
866 1958 1060 2033 Hujus
1089 1963 1303 2022 scilicet
1343 1965 1615 2024 Ecclesia;
1649 1970 1849 2025 auctor
1876 1975 2053 2043 atque
2140 1976 2337 2044 potest,
2402 1975 2459 2027 et
2512 1970 2607 2027 hic
2660 1968 3045 2027 nihilominus
3086 1975 3285 2042 potest.
3314 1967 3454 2028 'Sed
3507 1968 3653 2026 dum
3705 1970 3847 2028 hinc

340 2050 699 2133 constructor
733 2048 999 2108 Christus
1030 2058 1136 2122 est,
1176 2053 1279 2125 qui
1307 2070 1483 2113 verus
1522 2060 1607 2112 est
1635 2071 1738 2112 rex
1766 2062 1822 2113 et
1859 2072 2050 2114 sacer-
2135 2059 2448 2132 imperator
2494 2075 2595 2133 per
2630 2057 2887 2116 diversos
2932 2058 3224 2116 anfractus
3267 2072 3335 2116 ac
3365 2059 3637 2117 stationes
3683 2057 3846 2117 litto-

343 2131 489 2221 dos.
524 2132 677 2193 Illud
733 2151 964 2212 quoque
1031 2140 1311 2213 templum
1377 2158 1511 2200 cum
1575 2150 1701 2215 post
1757 2149 2051 2216 peractum
2136 2131 2268 2205 rum
2313 2131 2612 2221 spatiando
2646 2148 2967 2217 deducitur,
2995 2147 3160 2204 illinc
3206 2161 3307 2220 per
3334 2146 3615 2220 plurimos
3669 2148 3846 2206 artiﬁ-

343 2220 793 2283 reaadiﬁcaretur
830 2226 1146 2299 excidium,
1202 2231 1635 2289 restaurationis
1671 2232 1797 2304 ejus
1843 2232 2052 2305 princi—
2137 2252 2230 2295 ces
2281 2220 2523 2309 operum
2576 2235 2814 2294 basilica
2872 2234 3226 2305 fabricatur;
3288 2235 3459 2294 simul
3520 2244 3571 2293 et
3628 2236 3847 2295 fabrica

346 2325 448 2385 pes
494 2313 865 2384 exstiterunt,
907 2323 963 2375 et
1009 2318 1347 2392 Zorobabel,
1397 2320 1498 2395 qui
1550 2320 1734 2379 fuerat
1774 2321 1846 2378 de
1898 2322 2052 2393 regia

349 2400 502 2460 tribu
545 2405 715 2476 Juda,
748 2403 893 2464 2'78
938 2414 994 2467 et
1034 2409 1203 2469 Jesus
1237 2411 1393 2469 ﬁlius
1443 2410 1740 2481 Josedech,
1789 2411 2051 2469 sacerdos

344 2505 610 2565 magnus.
644 2494 810 2555 Unde
839 2502 892 2556 et
929 2498 1181 2572 Aggasus
1210 2501 1484 2572 propheta
1507 2499 1643 2557 dicit
1678 2519 1689 2557 :
1732 2524 1750 2550 ι
1791 2497 2049 2558 Suscita-

347 2581 429 2639 vit
461 2582 743 2644 Dominus
788 2586 1055 2659 spiritum
1086 2588 1397 2648 Zorobabel
1422 2589 1528 2647 ﬁlii
1562 2587 1856 2659 Salathiel,
1884 2588 2050 2647 ducis

340 2669 511 2744 Juda,
566 2680 621 2732 et
685 2676 955 2748 spiritum
1009 2676 1149 2737 Jesu
1218 2678 1324 2737 ﬁlii
1386 2678 1661 2738 Josedech
1739 2678 2048 2737 sacerdotis

343 2764 562 2836 magni,
591 2771 646 2821 et
691 2766 959 2838 spiritum
998 2767 1357 2843 reliquorum
1397 2768 1469 2826 de
1518 2768 1679 2826 omni
1715 2767 1945 2841 populo,
1994 2773 2049 2825 et

344 2851 592 2925 ingressi
637 2860 794 2924 sunt,
842 2863 897 2912 et
946 2855 1232 2914 faciebant
1274 2871 1419 2930 opus
1473 2856 1532 2913 in
1584 2855 1755 2915 domo
1812 2856 2046 2915 Domini

344 2946 710 3010 exercituum
749 2946 853 3006 Dei
882 2946 973 3005 sui
1005 2947 1254 3017 (Agg.1).
1299 2971 1318 2998 ι
1358 2947 1437 3005 De
1474 2947 1581 3005 hac
1630 2948 2047 3008 instauratione

342 3056 445 3116 per
481 3039 688 3099 Isaiam
738 3037 951 3098 dicitur
992 3058 1005 3097 :

342 3131 711 3202 saculorum,
756 3137 811 3187 et
845 3128 1047 3187 ruinas
1082 3129 1351 3202 antiquas
1399 3128 1641 3200 erigent,
1674 3135 1726 3185 et
1760 3128 2048 3186 instaura-

340 3222 489 3281 bunt
515 3219 775 3280 civitates
812 3218 1061 3276 desertas
1100 3223 1156 3274 et
1183 3215 1485 3288 dissipatas
1518 3218 1670 3289 (Isai.
1722 3217 1861 3289 LXI).
1903 3239 1922 3266 ιο
1969 3215 2051 3273 De

341 3313 451 3371 hac
478 3313 688 3370 iterum
732 3309 986 3368 dicitur:
1037 3328 1064 3360 «
1103 3306 1250 3364 Ecce
1292 3321 1394 3379 ego
1441 3315 1771 3364 convertam
1807 3321 2050 3364 conver-

343 3401 566 3460 sionem
597 3396 1099 3481 tabernaculorum
1122 3396 1339 3481 AJacob,
1370 3404 1425 3454 et
1455 3396 1613 3453 tectis
1651 3396 1778 3469 ejus
1809 3395 2048 3454 misere-

348 3486 472 3553 bor,
516 3491 571 3542 et
611 3479 992 3542 aadilicabitur
1022 3479 1223 3538 civitas
1259 3481 1318 3538 in
1371 3482 1601 3539 excelso
1644 3496 1767 3552 suo,
1801 3488 1856 3539 et
1904 3486 2049 3540 tem-

344 3571 510 3648 plum
525 3572 696 3646 juxta
719 3570 980 3629 ordinem
1000 3584 1172 3627 suum
1199 3567 1540 3627 fundabitur
1555 3571 1681 3641 (Jer.
1710 3569 1885 3641 xxx).
1914 3590 1939 3622 ι)
1960 3569 2050 3628 Ad

344 3664 523 3739 hujus
561 3662 755 3735 itaque
792 3658 1111 3735 spiritualis
1150 3657 1348 3732 templi
1397 3673 1511 3716 non
1554 3657 1874 3732 ambigitur
1919 3675 2049 3733 per-

343 3756 526 3813 tinere
546 3758 916 3818 structuram,
947 3748 1214 3824 quisquis
1250 3748 1319 3805 ad
1350 3749 1627 3808 honorem
1659 3747 1761 3808 Dei
1790 3749 2052 3824 omnipo-

346 3843 517 3903 tentis
542 3842 890 3900 exteriorem
921 3855 1151 3915 quoque
1181 3839 1384 3913 satagit
1412 3839 1700 3898 aedificare
1723 3840 2048 3899 basilicam.

416 3931 593 3990 Porro
623 3937 837 4001 autem,
868 3935 932 3986 ut
954 3928 1025 3987 ad
1057 3927 1413 4002 explendum
1444 3928 1599 4004 quod
1632 3928 1776 3990 bene
1803 3928 2047 4002 coepisti,

329 4012 464 4079 'non
517 4018 841 4077 exhortatio
891 4016 1012 4075 sola
1085 4015 1417 4085 verborum,
1475 4016 1572 4074 sed
1628 4024 1683 4073 et
1752 4024 2049 4076 ostensum

344 4108 561 4166 divinas
588 4106 821 4166 virtutis
852 4113 904 4163 te
932 4112 1196 4179 provocet
1222 4105 1490 4178 signum;
1524 4105 1826 4178 Alphanus
1857 4105 2048 4166 Saler—

342 4198 580 4257 nitanus
625 4197 1106 4270 archiepiscopus,
1140 4196 1229 4254 vir
1280 4195 1545 4255 videlicet
1581 4213 1759 4255 verax
1796 4212 1862 4255 ac
1910 4214 2048 4272 pru-

344 4290 508 4359 dens,
549 4290 611 4348 in
640 4286 1268 4360 Constantinopolitana
1308 4303 1368 4345 se
1405 4288 1662 4360 perhibet
1702 4289 1845 4348 urbe
1897 4289 2051 4348 didi-

344 4380 491 4439 cisse
545 4378 697 4453 quod
748 4377 988 4437 retulit:
1033 4376 1304 4450 Contigit,
1354 4379 1569 4452 inquit,
1618 4378 2044 4452 imperatorem,

343 4469 511 4543 cujus
538 4476 727 4525 tamen
761 4464 1107 4524 vocabulum
1142 4481 1254 4525 non
1300 4466 1545 4537 tenebat,
1580 4467 1892 4541 aliquando
1924 4468 2046 4540 pla-

342 4572 477 4628 gam
504 4555 776 4614 caecitatis
804 4554 1120 4626 incurrere,
1153 4555 1247 4613 cui
1285 4554 1448 4614 nulla
1480 4554 1844 4613 medicinalis
1868 4556 2047 4614 indu-

343 4646 501 4706 striae
529 4661 667 4704 cura
704 4644 889 4719 potuit
926 4643 1254 4703 subvenire.
1288 4644 1553 4720 Cumque
1586 4646 1912 4718 periculum
1941 4647 2052 4706 hoc

344 4737 602 4795 humano
654 4735 844 4795 studio
906 4734 1238 4794 nullatenus
1296 4735 1573 4810 potuisset
1636 4736 1895 4807 evadere,
1947 4752 2049 4810 ag-

342 4841 575 4900 gressus
604 4832 686 4883 est
724 4825 829 4883 hoc
855 4824 1007 4897 apud
1041 4825 1222 4884 Deum
1251 4824 1393 4883 fusis
1423 4825 1687 4898 precibus
1716 4825 2045 4898 impetrare.

343 4911 585 4972 Audivit
624 4912 819 4985 itaque
861 4927 963 4985 per
1003 4912 1322 4984 somnium,
1357 4918 1497 4987 quia
1539 4913 1587 4970 si
1636 4912 1701 4971 B.
1750 4912 2050 4973 Laurentii

344 5002 614 5076 martyris
659 4999 956 5058 ecclesiam
985 5007 1216 5074 peteret,
1249 5001 1494 5075 reparati
1543 5001 1783 5059 luminis
1822 5001 2049 5061 clarita-

345 5100 458 5150 tem
497 5091 780 5151 divinitus
811 5091 1111 5149 obtineret.
1145 5091 1338 5149 Iturus
1376 5091 1571 5167 itaque
1608 5090 1853 5150 Romam
1888 5091 2053 5150 offert

347 5189 567 5254 votum,
602 5180 771 5257 jubet
800 5180 985 5255 parari
1030 5187 1237 5253 praesto
1280 5180 1604 5253 navigium,
1632 5181 1817 5238 ﬁxum
1854 5180 2053 5238 statuit

343 5268 657 5341 arripiendi
689 5268 954 5343 protinus
992 5268 1219 5326 itineris
1264 5268 1614 5327 institutum.
1662 5268 1823 5327 Uxor
1856 5274 2050 5326 autem

345 5354 488 5412 dum
519 5356 778 5429 parvulis
803 5356 995 5416 adhuc
1020 5354 1159 5413 ﬁliis
1204 5354 1577 5414 amissionem
1619 5356 1890 5415 formidat
1935 5356 2049 5415 im-

407 5538 542 5608 (103)
561 5541 656 5604 Qui
689 5544 772 5598 est
802 5542 856 5595 Β.
891 5543 1066 5599 Victor
1106 5542 1339 5613 pap.III.

2137 2324 2384 2384 mirifice
2423 2326 2683 2384 decorata
2733 2323 3047 2398 perﬁcitur,
3080 2331 3137 2381 et
3171 2339 3365 2382 annus
3398 2323 3692 2398 impletur.
3734 2325 3847 2384 His

2135 2411 2313 2486 igitur
2385 2415 2493 2471 hoc
2551 2412 2720 2471 modo
2805 2411 3065 2485 peractis,
3127 2412 3403 2485 praefatus
3457 2412 3721 2486 princeps
3771 2412 3846 2471 ad

2135 2503 2351 2559 muenia
2408 2500 3035 2574 Constantinopolitana
3098 2499 3413 2571 reducitur,
3473 2501 3577 2575 qui
3649 2507 3846 2558 tamen

2136 2592 2379 2651 Romam
2432 2607 2577 2664 esse,
2630 2591 2798 2650 sociis
2861 2591 2937 2647 ita
2993 2589 3451 2663 perhibentibus,
3508 2591 3840 2650 arbitratur.

2136 2680 2440 2752 Provisum
2497 2687 2581 2739 est
2622 2680 2819 2753 itaque
2866 2694 2931 2735 ac
2988 2677 3324 2749 diligentius
3363 2685 3716 2751 accuratum,
3780 2688 3847 2739 ut

2135 2769 2287 2828 nulli
2343 2769 2458 2827 nisi
2510 2768 2713 2826 Latine
2763 2768 3059 2840 loquentes
3111 2764 3458 2839 assisterent,
3510 2768 3611 2843 qui
3679 2769 3845 2829 vide-

2133 2856 2267 2916 licet
2320 2858 2639 2931 inquirenti
2679 2857 2922 2916 Romam
2959 2865 3013 2917 et
3050 2854 3196 2916 279
3242 2858 3306 2917 B.
3348 2858 3644 2917 Laurentii
3687 2874 3842 2916 mar-

2137 2949 2280 3022 tyris
2317 2949 2514 3008 adesse
2563 2950 2859 3008 basilicam
2897 2950 3222 3009 suaderent.
3276 2950 3363 3008 Ad
3403 2966 3608 3009 manus
3644 2950 3843 3024 itaque

1059 3064 1077 3087 ι
1108 3037 1518 3107 Ediﬁcabunt,
1569 3038 1782 3113 inquit,
1826 3039 2045 3097 deserta
2068 3065 2113 3125 ο
2133 3036 2360 3109 ductus,
2387 3037 2685 3095 ecclesiam
2724 3037 3035 3112 imperator
3070 3039 3414 3113 ingreditur,
3445 3046 3501 3096 et
3536 3038 3839 3097 confestim

2138 3129 2261 3188 luce
2321 3135 2561 3202 recepta,
2619 3128 3056 3186 circumstantes
3119 3144 3241 3189 sese
3315 3128 3642 3202 conspicere
3697 3144 3837 3188 con-

2131 3215 2352 3291 jugem,
2381 3215 2618 3273 clientes
2644 3222 2814 3290 atque
2842 3216 3182 3275 domesticos
3205 3217 3542 3275 admiratur.

2208 3303 2536 3363 Venerabili
2560 3303 2852 3363 Desiderio
2874 3305 3024 3377 (103)
3051 3305 3380 3365 Casinensis
3408 3311 3622 3365 rectore
3641 3322 3836 3366 caeno-

2135 3392 2213 3450 bii
2249 3393 2546 3464 referente,
2576 3393 2749 3452 didici
2779 3393 2932 3468 quod
2977 3395 3065 3453 his
3090 3395 3353 3468 apicibus
3381 3395 3651 3454 adnotare
3677 3411 3837 3455 cura-

2134 3481 2210 3538 vi.
2261 3478 2749 3554 Sanctimonialis,
2784 3482 2993 3557 inquit,
3029 3498 3159 3556 quae
3196 3482 3359 3541 Bella
3410 3483 3736 3554 vocabatur,
3773 3484 3833 3541 in

2134 3570 2482 3629 monasterio
2549 3569 2613 3628 B.
2685 3570 2836 3629 Petri
2885 3571 3144 3644 apostoli,
3200 3571 3350 3646 quod
3411 3571 3560 3630 intra
3624 3571 3836 3631 moenia

2132 3662 2558 3721 Beneventanae
2600 3662 2760 3721 urbis
2809 3662 2990 3721 situm
3041 3669 3145 3734 est,
3204 3662 3434 3739 deguit;
3491 3679 3644 3738 quae,
3696 3662 3839 3722 dum

2133 3752 2380 3823 advixit,
2410 3752 2694 3824 religiosae
2727 3752 2864 3810 vitae
2904 3751 3188 3811 tramitem
3230 3768 3346 3811 non
3374 3752 3628 3828 reliquit.
3666 3753 3840 3813 Porro

2135 3842 2277 3901 dum
2317 3848 2466 3901 esset
2502 3841 2859 3916 desponsata,
2891 3842 3060 3917 juxta
3097 3842 3314 3901 natales
3340 3834 3514 3912 suos,
3544 3841 3838 3916 conspicui

2133 3932 2417 4008 germinis
2478 3933 2636 4004 viro,
2689 3938 2753 3991 ut
2810 3931 3099 3991 ccelestem
3163 3932 3474 4006 susciperet
3521 3947 3838 4006 sponsum,

2133 4022 2477 4096 contempsit
2526 4021 2757 4080 carnale
2811 4020 3168 4094 conjugiurn.
3230 4017 3587 4094 Nuptialium
3645 4018 3839 4094 itaque

2134 4110 2460 4170 tabularum
2493 4111 2681 4169 foedus
2701 4110 2953 4184 abrupit,
2985 4118 3037 4168 et
3066 4108 3473 4167 monachicum
3499 4112 3837 4183 susceptura

2134 4200 2420 4271 velamen,
2461 4200 2529 4258 ad
2566 4206 2858 4275 perpetuas
2896 4197 3244 4272 virginitatis
3282 4205 3594 4265 auctorem,
3644 4204 3699 4254 et
3744 4198 3838 4254 in-

2132 4289 2537 4347 contaminataa
2567 4288 2861 4363 pudicitiae
2891 4287 3170 4345 thalamos
3207 4286 3554 4344 convolavit.
3590 4284 3679 4344 Ab
3710 4285 3839 4344 istis

2134 4378 2312 4453 igitur
2371 4377 2717 4436 rudimentis
2772 4384 2983 4435 sanctae
3030 4376 3423 4435 conversionis
3475 4375 3838 4435 districtioris

2138 4469 2272 4528 vitae
2309 4484 2368 4527 se
2410 4468 2537 4540 lege
2571 4467 2919 4527 constrinxit
2956 4481 3308 4541 omnemque
3353 4466 3600 4525 carnalis
3640 4466 3837 4524 illece-

2131 4560 2253 4618 brae
2280 4557 2587 4617 mollitiem
2618 4557 2889 4617 sublimis
2919 4557 3259 4615 intentionis
3293 4556 3436 4630 pede
3463 4555 3831 4628 conculcans,

2134 4648 2338 4721 rigidae
2389 4645 2708 4705 severitatis
2763 4662 3025 4717 censura,
3083 4645 3254 4719 longe
3308 4646 3476 4704 aliter
3527 4647 3836 4705 educatum

2133 4751 2338 4810 corpus
2366 4735 2642 4806 edomuit,
2675 4734 2815 4792 adeo
2850 4742 2912 4792 ut
2942 4734 3000 4791 in
3027 4735 3185 4793 nudo
3216 4734 3547 4808 pavimento
3575 4733 3837 4792 membra

2128 4824 2370 4899 jejuniis
2399 4825 2618 4898 saepius
2651 4831 2943 4883 attenuata
2973 4824 3288 4896 collideret,
3322 4824 3674 4900 nullumque
3701 4823 3831 4896 sibi,

2133 4920 2342 4986 praeter
2410 4913 2592 4972 solam
2667 4913 2937 4982 humum,
3000 4912 3412 4971 lectisternium
3489 4913 3831 4988 provideret.

2137 4999 2269 5071 Sed,
2327 5006 2392 5060 ut
2451 5002 2521 5059 de
2581 4999 2697 5058 vita
2749 5000 2928 5076 hujus
2981 5001 3213 5058 interim
3269 5008 3504 5071 taceam,
3560 5001 3713 5076 quod
3765 5001 3837 5059 de

2137 5091 2408 5164 magistra
2454 5105 2578 5159 sua,
2625 5087 2747 5148 Offa
2802 5090 3058 5154 nomine,
3108 5106 3242 5165 quae
3294 5089 3560 5148 videlicet
3607 5105 3729 5149 eam
3776 5088 3838 5147 in

2134 5177 2588 5237 sanctimonialis
2616 5177 2839 5236 ordinis
2870 5177 3146 5251 religione
3175 5184 3453 5253 genuerat
3490 5183 3545 5235 et
3570 5174 3840 5237 nobiliter

2134 5264 2497 5335 educaverat,
2551 5266 2770 5336 retulit,
2824 5266 3076 5325 breviter
3148 5265 3425 5340 expedire
3472 5264 3834 5325 contendam.

2135 5352 2231 5410 Ait
2254 5353 2413 5411 enim
2440 5354 2600 5428 quia,
2633 5354 2773 5414 dum
2814 5361 3096 5415 nocturno
3138 5354 3368 5413 silentio
3403 5370 3477 5413 ex
3521 5370 3678 5413 more
3714 5369 3838 5413 ma-
