4170 6440
237 288 350 347 473

1470 289 1693 348 LIBER
1736 287 2098 361 OCTAVUS,
2139 289 2373 352 EPIST.
2417 292 2518 352 VI.

3637 287 3742 346 474

238 415 437 475 turius
473 418 750 487 surgeret,
783 417 838 470 et
879 413 1234 473 orationibus
1281 415 1494 474 crebris
1545 416 1817 474 insistens
1853 433 1944 474 sa-
1966 424 2431 485 Amomentanea
2476 417 2695 493 ﬂagella
2744 435 2879 493 qua:
2927 418 3240 492 perferunt,
3278 415 3348 472 ad
3407 411 3741 470 nanciscen-

232 514 534 567 crosancta
587 508 788 565 altaria
833 522 966 565 cum
1025 507 1197 564 odore
1245 509 1506 567 succensi
1559 509 1951 583 thymiamatis

227 598 525 670 circuiret,
574 597 821 672 quadam
872 604 1034 656 nocte
1082 598 1465 671 thuribulum,
1519 601 1667 660 sicut
1712 600 1947 672 solebat,

227 687 503 760 arripuit,
537 686 608 744 ad
667 687 874 758 locum,
913 686 1013 744 ubi
1057 687 1188 744 thus
1235 688 1636 761 reponebatur,
1675 689 1947 759 accessit;

229 777 331 834 sed
389 791 526 834 casu
588 775 859 850 quodam,
920 775 1039 833 sive
1097 775 1427 849 collapsam,
1487 777 1608 836 sive
1663 779 1949 837 sublatam

226 865 402 936 hanc,
461 864 611 921 sicut
667 871 1010 936 speraverat,
1070 865 1316 937 speciem
1370 881 1482 923 non
1527 867 1768 925 invenit.
1820 866 1950 924 Huc

228 954 502 1023 accessit,
536 954 676 1027 quia
716 954 803 1011 vis
851 960 1147 1013 ventorum
1191 971 1325 1028 quae
1363 962 1498 1014 tunc
1543 957 1948 1014 inclementius

229 1041 622 1112 inhorruerat,
682 1041 960 1099 radiantis
1037 1043 1292 1101 lucerna)
1365 1044 1564 1103 lumen
1638 1046 1943 1105 exstinxit.

229 1132 498 1206 Cumque
534 1132 776 1190 sollicito
809 1132 1012 1205 spiritu
1055 1133 1320 1206 religiosa
1366 1135 1579 1193 mulier
1621 1138 1736 1195 huc
1774 1137 1947 1195 illuc-

231 1235 347 1296 que
399 1219 782 1289 discurreret,
841 1226 896 1276 et
951 1221 1390 1281 odoramentum
1446 1223 1598 1297 quod
1647 1224 1947 1284 thuribulo

231 1314 651 1380 superponeret
698 1307 1031 1367 nullatenus
1079 1308 1384 1380 inveniret,
1431 1318 1662 1386 repente
1707 1314 1946 1387 quidam

227 1396 381 1454 inter
427 1397 580 1469 ipsas
639 1397 897 1454 tenebras
934 1397 1111 1468 venit,
1157 1405 1211 1454 et
1256 1399 1314 1454 in
1366 1415 1603 1457 manum
1657 1402 1781 1476 ejus
1829 1406 1948 1477 thy-

229 1485 469 1554 miama,
501 1485 653 1559 quod
694 1485 1009 1559 quaerebat,
1045 1486 1300 1544 immisit.
1333 1485 1493 1556 Quod
1535 1489 1815 1548 nimirum
1846 1507 1947 1565 per

223 1573 503 1648 angelum
549 1574 802 1646 potuisse
847 1575 970 1632 ﬁeri
1021 1591 1136 1634 non
1185 1577 1498 1650 incongrue
1542 1593 1774 1651 possum
1819 1582 1944 1655 opi-

226 1662 376 1720 nari.
409 1661 618 1720 Aiebat
651 1661 820 1719 etiam
861 1662 996 1734 quia
1036 1663 1305 1735 praedicta
1341 1673 1522 1723 mater
1554 1683 1677 1739 sua,
1709 1668 1848 1727 dum
1882 1670 1942 1728 in

2036 506 2165 563 dam
2211 523 2477 580 superate
2509 508 2878 567 beatitudinis
2922 507 3160 582 gloriam
3203 503 3389 562 firmae
3430 502 3549 573 spei
3582 516 3740 574 gres-

2035 596 2196 654 sibus
2244 597 2672 657 convalescunt.
2707 597 2870 657 Sicut
2917 598 3072 655 enim
3118 595 3412 667 Scriptura
3451 597 3736 649 testatur:

2042 705 2061 730 α
2105 683 2232 741 Non
2261 683 2479 756 judicat
2519 685 2799 744 Dominus
2833 684 2923 741 bis
2961 684 3021 740 in
3058 681 3309 754 idipsum
3342 681 3574 752 (Nahum
3622 677 3676 749 Ι).
3717 698 3738 725 ι

2035 771 2204 830 Pravi
2275 779 2468 830 autem
2545 774 2782 848 quique,
2833 776 2932 849 qui
2989 790 3049 832 se
3102 771 3251 828 inter
3296 768 3535 827 verbera
3618 766 3740 839 ipsa

2033 875 2149 916 non
2204 861 2518 933 corrigunt,
2563 863 2667 919 etsi
2713 871 2833 936 post
2881 863 3016 920 vitae
3064 863 3240 935 hujus
3293 859 3530 916 adversa
3580 855 3738 912 ﬂam-

2033 948 2142 1005 mis
2191 949 2499 1008 traduntur
2550 950 2873 1023 ultricibus,
2927 963 3290 1027 nequaquam
3343 947 3431 1004 bis
3478 943 3740 1020 judican-

2036 1046 2145 1110 tur,
2208 1041 2344 1115 quia
2403 1042 2615 1116 duplex
2683 1059 2884 1101 eorum
2956 1041 3222 1101 contritio
3287 1039 3368 1096 sic
3427 1039 3581 1108 justo
3630 1033 3735 1091 Dei

2024 1128 2246 1201 judicio
2301 1131 2709 1202 continuatur,
2769 1137 2835 1188 ut
2892 1132 2988 1190 hic
3032 1137 3216 1204 empta
3271 1127 3393 1184 illic
3438 1121 3735 1182 infelicius

2030 1218 2350 1291 expleatur.
2411 1218 2518 1278 Sed
2573 1221 2719 1278 sicut
2779 1219 2941 1285 duris
3007 1227 3061 1276 et
3131 1214 3432 1276 obstinatis
3509 1210 3736 1284 ﬂagella

2027 1307 2440 1380 gehennalium
2489 1316 2621 1368 sunt
2673 1308 3070 1368 tantummodo
3113 1303 3384 1380 primitiae
3423 1306 3734 1360 tormento-

2028 1412 2180 1467 rum,
2239 1396 2320 1454 sic
2365 1398 2614 1471 profecto
2658 1399 2822 1456 bonis
2869 1405 2923 1454 et
2971 1396 3140 1454 rectis
3181 1394 3350 1452 corde
3388 1391 3584 1449 eadem
3629 1388 3732 1446 ﬂa-

2026 1485 2174 1558 gella
2220 1485 2539 1544 caelestium
2587 1493 2724 1544 sunt
2771 1483 3005 1543 materia
3048 1480 3437 1556 prtemiorum.
3478 1475 3566 1534 Ad
3623 1475 3733 1532 hoc

2027 1576 2184 1634 enim
2207 1591 2417 1634 aurum
2449 1576 2691 1634 malleus
2715 1577 2927 1646 tundit,
2959 1581 3020 1633 ut
3046 1570 3288 1630 scoriam
3317 1567 3473 1625 faber
3507 1563 3728 1638 ejiciat;

2025 1665 2095 1723 ad
2162 1666 2270 1723 hoc
2327 1665 2466 1722 lima
2518 1666 2844 1738 frequenter
2896 1663 3096 1733 eradit,
3142 1668 3206 1718 ut
3257 1659 3538 1717 vibrantis
3584 1671 3733 1713 vena

227 1769 294 1811 eo
330 1768 449 1825 quo
502 1751 667 1822 paulo
711 1759 837 1825 post
873 1753 1016 1811 obiit
1065 1755 1331 1828 depressa
1377 1756 1656 1829 languore
1702 1759 2004 1837 decum-B
2029 1753 2241 1811 metalli
2294 1754 2630 1812 rutilantius
2673 1753 2963 1811 enitescat.
2999 1776 3017 1800 ιι
3054 1749 3203 1808 Vasa
3245 1746 3530 1837 siquidem
3565 1743 3731 1837 tiguli

227 1843 405 1912 heret,
447 1842 820 1901 cernentibus
871 1843 958 1902 his
1013 1844 1288 1904 omnibus
1345 1847 1444 1920 qui
1491 1864 1681 1906 coram
1736 1851 1943 1909 lectulo

229 1930 467 2006 propius
535 1931 904 2005 assistebant,
962 1933 1226 1992 mirabile
1298 1935 1481 1994 visu!
1544 1948 1771 2011 repente
1829 1947 1944 1998 toto

225 2035 466 2093 corpore
503 2017 577 2077 sit
624 2019 684 2076 in
730 2036 919 2078 aerem
973 2021 1270 2080 sublevata
1325 2024 1520 2100 ibique
1577 2027 1678 2086 diu
1736 2028 1943 2086 librata

227 2108 494 2182 perstitit,
538 2108 718 2167 donec
754 2118 953 2182 cceptze
988 2111 1260 2170 orationis
1300 2121 1431 2172 vota
1469 2117 1759 2189 persolvit.
1799 2117 1941 2188 Quae

228 2203 538 2272 postquam
578 2197 822 2256 feliciter
870 2200 1029 2268 obiit,
1072 2208 1330 2260 sanctum
1381 2219 1589 2278 corpus
1620 2207 1745 2279 ejus
1791 2208 1942 2266 intra

226 2286 532 2346 ecclesiam
569 2292 655 2346 est
695 2288 1007 2363 sepultum.
1042 2291 1227 2365 Super
1269 2293 1437 2367 cujus
1478 2299 1776 2356 tumulum
1816 2315 1940 2356 sac-

225 2391 360 2433 cum
415 2375 709 2434 frumento
754 2377 992 2449 plenum
1043 2380 1292 2438 rusticus
1319 2384 1524 2454 posuit,
1555 2400 1728 2456 quem
1775 2387 1943 2459 proti-

228 2481 341 2523 nus
374 2464 883 2524 vehementissimo
915 2467 1249 2540 propulsum
1278 2471 1503 2528 turbine
1533 2473 1733 2530 divina
1755 2475 1941 2533 virtus

224 2555 452 2628 abjecit.
486 2554 582 2614 Sic
612 2554 804 2629 itaque
831 2557 991 2616 rudis
1019 2563 1073 2614 et
1103 2558 1405 2632 imperitus
1435 2562 1704 2632 rusticus,
1739 2580 1840 2622 sua
1869 2566 1939 2623 de

226 2644 463 2718 pulvere
515 2648 743 2702 coactus
791 2653 874 2703 est
932 2647 1222 2705 frumenta
1271 2649 1558 2730 colligere,
1612 2651 1749 2710 dum
1805 2670 1938 2711 san-

224 2733 298 2791 cti
324 2735 583 2807 corporis
615 2735 846 2794 vasculo
869 2737 1103 2810 dignam
1143 2738 1327 2798 noluit
1354 2742 1732 2800 reverentiam
1767 2760 1835 2803 ex
1848 2745 1938 2803 hi-

225 2823 378 2883 bere.
407 2823 623 2883 Cum...
655 2826 802 2895 (104)

746 2956 890 3016 280
921 2959 1286 3023 EPISTULA
1320 2964 1416 3024 VI.

653 3084 730 3130 AD
759 3084 816 3132 G.
853 3084 1040 3132 VIRUM
1075 3086 1506 3136 NOBILISSIMUM.

2025 1842 2221 1916 probat
2255 1843 2478 1911 fornax,
2525 1849 2578 1898 et
2611 1840 2878 1900 homines
2911 1841 3096 1914 justos
3137 1835 3370 1895 tentatio
3406 1833 3730 1892 tribulatio-

2027 1931 2118 1989 nis
2153 1933 2338 2004 (Eccli.
2379 1943 2594 2006 XXVII).
2629 1957 2653 1978 ι»
2689 1930 2853 1989 Unde
2899 1937 2955 1987 et
3008 1944 3110 2000 per
3168 1927 3402 1983 beatum
3451 1924 3731 1983 Jacobum

2023 2021 2235 2079 dicitur
2267 2042 2278 2079 :
2317 2047 2340 2072 «ι
2388 2023 2569 2080 Omne
2608 2021 2889 2095 gaudium
2935 2018 3281 2086 existimate,
3335 2015 3554 2084 fratres,
3593 2029 3727 2070 cum

2023 2109 2083 2167 in
2167 2112 2505 2168 tentationes
2582 2110 2770 2168 varias
2838 2106 3152 2167 incideritis
3220 2108 3362 2172 (Jac.
3415 2107 3475 2172 1).
3535 2128 3553 2151 ι
3607 2100 3730 2159 Illis

2023 2199 2234 2273 quippe
2283 2200 2413 2271 jure
2469 2199 2839 2272 gaudendum
2892 2205 3018 2267 est,
3071 2195 3288 2269 quibus
3347 2197 3403 2248 et
3449 2206 3552 2264 pro
3604 2205 3728 2247 ma-

2023 2289 2093 2346 lis
2145 2288 2264 2346 suis
2317 2288 2411 2346 hic
2478 2286 2708 2346 afﬂictio
2782 2282 3107 2359 temporalis
3175 2281 3441 2350 infertur,
3498 2286 3553 2336 et
3630 2291 3732 2351 pro

2022 2377 2190 2435 bonis
2262 2393 2395 2452 quae
2474 2382 2786 2450 gesserant,
2855 2374 3094 2447 prtemia
3161 2371 3221 2428 in
3303 2369 3446 2427 caelo
3528 2367 3733 2441 sempi-

2024 2476 2181 2526 terna
2242 2474 2564 2526 servantur.
2624 2467 2789 2524 Felix
2845 2481 2980 2523 sane
3031 2462 3441 2522 commercium
3501 2475 3730 2534 pressu-

2023 2558 2102 2613 ris
2155 2557 2246 2613 hic
2299 2555 2710 2628 temporalibus
2759 2555 2945 2624 atteri,
2988 2559 3043 2610 et
3095 2551 3153 2608 in
3211 2551 3309 2607 illa
3361 2547 3725 2620 postmodum

2022 2645 2160 2702 281
2194 2655 2484 2720 perpetua:
2515 2645 2660 2702 lucis
2701 2645 3030 2702 amoenitate
3077 2638 3294 2708 laetari;
3345 2638 3534 2695 carnis
3572 2651 3732 2693 nunc

2021 2737 2316 2810 subjacere
2343 2734 2639 2803 molestiis,
2672 2742 2726 2791 et
2752 2734 2823 2790 ad
2852 2730 3126 2804 angelicas
3157 2726 3519 2802 postmodum
3551 2731 3731 2781 trans-

2024 2828 2158 2886 ferri
2202 2826 2444 2899 gloriam
2485 2822 2802 2898 dignitatis.
2835 2821 2944 2880 Ubi
2990 2818 3272 2877 nimirum
3325 2831 3440 2873 non
3485 2814 3728 2887 languor

2021 2915 2341 2990 quemlibet
2379 2920 2672 2986 aggravat,
2717 2927 2830 2970 non
2863 2908 3111 2968 tremula
3144 2912 3408 2965 senectus
3440 2904 3725 2972 incurvat,

2021 3021 2135 3062 non
2183 3002 2525 3061 amissarum
2572 3015 2769 3058 rerum
2817 2999 3024 3056 damna
3067 2994 3440 3059 discruciant,
3480 3005 3596 3047 non
3642 3003 3730 3046 ac-

1955 3093 2438 3190 Cquirendarum
2487 3099 2661 3148 aestus
2713 3089 3068 3155 inﬂammat,
3127 3084 3226 3142 sed
3259 3083 3386 3182 'ﬂos
3425 3085 3727 3190 Lperpetuaa

228 3193 672 3271 ABGpME-NTUM.
711 3227 771 3240 —
817 3195 966 3271 Hac,
981 3199 1218 3271 epistola
1266 3199 1330 3258 B.
1365 3200 1566 3260 Petrus
1605 3202 1768 3260 Dam.
1801 3219 1938 3262 con-

2027 3167 2279 3258 j—uventte
2305 3181 2458 3255 viget
2489 3179 2817 3248 incolumis,
2855 3183 2908 3235 et
2950 3177 3031 3234 sic
3077 3172 3388 3246 conspicua
3425 3169 3586 3227 beate
3638 3167 3730 3264 vi-

297 3265 870 3346 solaturnaagrotum.
930 3265 1347 3346 Consolationis
1395 3289 1547 3346 vero
1599 3281 1766 3346 caput
1833 3284 1938 3346 est,

302 3336 441 3418 quia
480 3336 876 3418 tribulationes
916 3340 1109 3418 electis
1152 3341 1252 3400 Dei
1287 3344 1483 3418 servis
1520 3336 1738 3418 divinae
1776 3336 1940 3418 prmi

294 3409 697 3489 destinationis
748 3417 883 3489 sunt
931 3412 1305 3489 sigpa,_quod_
1366 3417 1564 3489 probat
1621 3409 1818 3489 multis
1874 3434 1940 3476 ac

297 3482 588 3552 praecipue
633 3482 969 3540 auctoritate
991 3482 1074 3541 "S.
1114 3482 1330 3542 Jacobi.
1369 3482 1572 3544 Monet
1625 3487 1832 3545 deinde
1878 3495 1939 3546 ut

296 3550 501 3609 sedulo
541 3560 736 3610 caveat
774 3570 807 3610 a
850 3554 1264 3618 desperatione.
1317 3556 1576 3614 Tandem
1632 3560 1939 3618 ostendens

298 3621 362 3702 S.‘
393 3621 557 3702 Pauli
587 3624 908 3702 testimonio
940 3621 1286 3702 debere_nos
1324 3628 1384 3684 in
1417 3631 1701 3687 aerumnis
1732 3629 1936 3702 laetari,

295 3693 366 3750 ad
393 3694 728 3766 passionum
766 3696 1123 3771 tolerantiam
1159 3698 1436 3757 hortatur.

298 3802 522 3861 Domno
558 3802 625 3863 G.
650 3804 1010 3865 nobilissimo
1042 3807 1166 3867 viro
1194 3807 1422 3867 PETRUS
1452 3816 1709 3884 peccator
1737 3825 1939 3869 mona-

229 3891 370 3950 chus
401 3892 665 3953 fraternae
694 3895 988 3954 charitalis
1012 3897 1376 3971 obsequium.

299 3981 532 4055 Rogasti
578 3998 690 4052 me,
736 3984 1134 4057 dilectissime,
1168 3993 1231 4044 ut
1274 3986 1651 4046 consolatoria
1698 3987 1800 4045 tibi
1843 4003 1942 4060 per

231 4069 496 4142 epistolas
544 4072 715 4130 verba
773 4073 1236 4145 transmitterem,
1275 4082 1330 4133 et
1370 4091 1632 4134 amarum
1677 4075 1942 4132 animum

233 4167 396 4218 tuum
435 4159 585 4218 inter
628 4167 705 4219 tot
748 4161 991 4236 ﬂagella,
1024 4180 1156 4237 qua)
1202 4165 1429 4238 pateris,
1466 4164 1694 4224 blandis
1743 4165 1940 4224 admo-

237 4249 550 4309 nitionibus
588 4251 976 4312 obdulcarem.
1031 4253 1141 4312 Sed
1180 4253 1228 4310 si
1276 4255 1596 4327 prudentiae
1642 4262 1756 4313 tuae
1799 4255 1942 4312 ratio

235 4353 345 4395 non
401 4339 743 4412 obdormiat,
799 4348 1005 4415 praesto
1045 4353 1128 4400 est
1171 4342 1502 4411 consolatio,
1541 4359 1673 4401 cum
1719 4349 1772 4400 et
1821 4344 1944 4417 ipsa

2025 3255 2286 3330 ventium
2350 3269 2567 3344 species
2628 3263 3142 3338 incorruptibiliter
3193 3265 3415 3326 vernat,
3467 3263 3532 3314 ut
3595 3255 3729 3312 viva

2024 3362 2342 3421 venustatis
2368 3359 2550 3432 gratia
2571 3358 2786 3430 jugiter
2817 3357 2877 3413 in
2906 3372 3013 3413 sua
3038 3352 3685 3422 viriditatepermaneat
3711 3367 3724 3415 ;

2025 3458 2079 3510 et
2107 3467 2236 3508 cum
2269 3452 2341 3506 ad
2386 3455 2597 3505 nutum
2629 3453 2836 3503 cuncta
2862 3459 2964 3517 pro
2996 3440 3295 3499 desideriis
3324 3437 3577 3502 aﬂluant,
3613 3451 3730 3492 non

2024 3539 2321 3599 amittendi
2357 3535 2680 3596 sollicitudo
2709 3531 3021 3607 perturbat,
3050 3529 3152 3586 ubi
3201 3526 3325 3584 sine
3357 3526 3471 3583 ﬁne
3498 3523 3729 3583 fruendi

2025 3629 2298 3687 securitas
2324 3630 2670 3700 perseverat.

2093 3718 2466 3791 Quapropter,
2510 3710 2847 3772 charissime
2894 3715 2950 3766 et
2988 3703 3558 3797 dulcissime-trater,
3590 3701 3730 3797 dum

2027 3806 2360 3866 verberibus
2392 3801 2661 3874 cingeris,
2691 3800 2831 3858 dum
2865 3797 3110 3856 caelestis
3155 3792 3479 3866 disciplinae
3508 3792 3730 3847 tunsio-

2025 3897 2198 3955 nibus
2253 3890 2577 3966 castigaris,
2635 3904 2748 3947 non
2798 3892 2990 3944 mente
3048 3883 3366 3956 desperatio
3424 3879 3728 3953 deprimat,

2024 4001 2138 4043 non
2183 3981 2417 4057 querela
2471 3973 2948 4035 murmurationis
2989 3978 3272 4044 erumpat,
3314 3984 3448 4057 non,
3484 3967 3729 4057 tristitiae

2024 4055 2234 4131 mceror
2282 4067 2603 4135 absorbeat,
2660 4079 2772 4121 non
2829 4063 3219 4135 impatientem
3281 4055 3731 4133 pusillanimitas

2025 4162 2247 4230 reddat;
2272 4158 2369 4215 sed
2381 4172 2606 4230 semper
2627 4153 2977 4212 serenitasin
3000 4151 3185 4221 vultu,
3201 4148 3460 4207 hilaritas
3484 4147 3546 4204 in
3571 4161 3728 4203 men-

2026 4259 2096 4320 te,
2132 4249 2446 4324 gratiarum
2476 4245 2622 4303 actio
2650 4243 2884 4302 resultet
2913 4241 2974 4298 in
3011 4255 3127 4298 ore.
3163 4236 3479 4296 Laudanda
3518 4235 3730 4324 quippe

2023 4323 2220 4399 divina
2245 4344 2330 4396 est
2369 4333 2739 4408 dispensatio,
2771 4347 2904 4406 quae
2931 4329 3000 4387 ad
3031 4330 3138 4387 hoc
3175 4343 3310 4385 suos
3341 4323 3731 4398 temporaliter

235 4425 408 4482 verba
475 4426 543 4484 ad
613 4413 1008 4486 hatreditatem
1062 4430 1490 4504 capessendam,
1547 4437 1598 4488 te
1655 4413 1938 4488 divinitus
1958 4485 2005 4504 ἢ
2025 4429 2302 4497 verberat,
2335 4435 2396 4485 ut
2427 4424 2716 4499 perpetuis
2743 4437 2839 4480 eos
2865 4419 3107 4493 ﬂagellis
3131 4417 3476 4484 abscondat;
3522 4413 3592 4504 ad
3623 4415 3732 4504 hoc

232 4513 480 4585 erudiri,
533 4519 597 4571 ut
666 4522 801 4588 puta
868 4485 2253 4594 ﬁlium,indubitati—temostendant:Dpremit,
2290 4485 2356 4574 ut
2405 4485 2622 4583 elevet;
2672 4511 2744 4569 ad
2795 4511 2903 4567 hoc
2938 4485 3108 4577 secat,
3163 4513 3228 4565 ut
3267 4509 3456 4574 sanet;
3509 4501 3578 4594 ad
3623 4501 3731 4558 hoc

231 4604 378 4676 Quid
422 4604 576 4663 enim
621 4608 874 4680 apertius
917 4624 993 4666 eo
1035 4609 1189 4682 quod
1234 4610 1444 4669 dicitur
1491 4629 1502 4668 :
1547 4632 1568 4662 α
1607 4610 1734 4680 Fili,
1777 4627 1936 4670 acce-

231 4694 372 4751 dens
408 4694 478 4752 ad
518 4696 853 4754 servitutem
891 4697 1011 4768 Dei,
1046 4705 1130 4756 sta
1169 4699 1229 4756 in
1265 4699 1486 4773 justitia
1527 4707 1581 4757 et
1632 4700 1855 4770 timore,
1885 4706 1941 4759 et

233 4799 486 4857 praepara
523 4785 779 4844 animam
818 4793 976 4846 tuam
1015 4787 1084 4845 ad
1129 4788 1548 4848 tentationem?
1581 4811 1608 4844 »
1643 4792 1826 4862 (Ecclz'.
1858 4793 1939 4862 ιι.)

235 4869 336 4928 Ubi
367 4873 525 4928 enim
567 4873 739 4931 timor
768 4881 850 4932 est
878 4881 933 4932 et
960 4875 1204 4949 justitia,
1239 4876 1601 4935 adversitatis
1633 4875 1942 4949 cujuslibet

242 4960 472 5018 tentatio
517 4977 629 5019 non
678 4963 906 5021 servilis
954 4971 1038 5022 est
1080 4971 1312 5036 tortura,
1344 4963 1441 5022 sed
1486 4971 1716 5038 paterna
1749 4965 1942 5038 potius

239 5048 556 5124 disciplina.
591 5050 758 5110 Unde
795 5061 850 5111 et
891 5053 954 5112 B.
984 5055 1094 5114 Job
1140 5055 1291 5113 inter
1332 5055 1454 5128 ipsa
1493 5055 1803 5114 verberum
1835 5054 1940 5113 ﬂa-

238 5139 383 5213 gella
429 5157 565 5199 cum
616 5141 872 5200 diceret:
911 5143 1076 5213 «Qui
1119 5144 1309 5216 cmpit,
1363 5144 1482 5218 ipse
1528 5160 1620 5202 me
1668 5151 1938 5216 conterat,

239 5228 417 5288 solvat
475 5244 715 5287 manum
761 5245 966 5302 suam,
1019 5237 1072 5288 et
1121 5230 1378 5288 succidat
1427 5247 1554 5302 me;
1601 5257 1619 5280 ιο
1680 5234 1941 5306 protinus

237 5317 452 5374 addidit
487 5336 553 5373 ;‹ι
579 5313 649 5374 Et
695 5318 818 5376 haec
859 5318 1006 5376 mihi
1053 5317 1380 5387 consolatio,
1437 5326 1501 5376 ut
1544 5319 1802 5393 aﬂligens
1850 5337 1941 5378 me

240 5404 433 5463 dolore
478 5421 592 5464 non
638 5413 829 5480 parcat
874 5408 992 5479 (Job
1019 5409 1117 5480 v1).
1154 5430 1179 5456 υ
1232 5405 1435 5480 Magna
1485 5408 1698 5481 quippe
1746 5409 1941 5468 electis

238 5491 338 5552 Dei
393 5500 479 5552 est
528 5494 841 5554 consolatio
891 5495 1014 5571 ipsa
1061 5496 1262 5556 divina
1315 5495 1630 5569 percussio,
1659 5496 1796 5571 quia
1841 5513 1942 5572 per

298 5593 433 5660 (104)
465 5594 660 5650 Caetera
681 5596 878 5650 desunt
897 5597 954 5649 in
987 5609 1121 5650 mss.

2026 4591 2238 4682 dejicit,
2269 4612 2334 4664 ut
2357 4603 2586 4663 exaltet.
2619 4601 2730 4671 Qui
2772 4599 2928 4658 enim
2970 4599 3121 4657 bona
3149 4596 3285 4668 agit,
3318 4601 3373 4651 et
3413 4591 3559 4649 mala
3598 4605 3728 4682 sus-

2027 4677 2185 4771 cipit,
2213 4677 2498 4769 quidquid
2527 4691 2636 4750 sibi
2677 4691 2852 4764 justze
2893 4683 3288 4746 retributionis
3322 4682 3379 4739 in
3415 4687 3561 4771 terra
3589 4677 3731 4736 sub-

2026 4770 2290 4855 trahitur,
2333 4785 2442 4842 hoc
2496 4782 2584 4840 illi
2639 4781 2696 4840 in
2745 4779 2887 4839 coelo
2938 4775 3320 4849 multiplicius
3371 4770 3723 4832 cumulatur.

2027 4878 2203 4937 Porro
2252 4883 2444 4935 autem
2499 4873 2703 4932 medici
2748 4885 3072 4944 corporum,
3111 4880 3255 4940 quos
3293 4863 3616 4936 desperant,
3657 4860 3728 4918 ad

2026 4963 2392 5039 percipienda
2428 4961 2639 5036 passim
2673 4974 2921 5033 quaeque
2966 4954 3232 5046 petierint
3273 4952 3564 5046 alimenta.
3593 4948 3733 5046 rela-

2029 5058 2202 5125 xant;
2251 5058 2308 5108 at
2352 5066 2496 5126 quos
2533 5047 2833 5123 erigendos
2865 5061 2987 5103 esse
3027 5041 3366 5116 conjiciunt,
3399 5043 3606 5098 cuncta
3647 5041 3730 5094 eis

2027 5142 2222 5200 noxiae
2292 5138 2684 5200 delectationis
2745 5135 2939 5194 edulia
2987 5133 3284 5191 minaciter
3333 5128 3728 5195 interdicunt;

2025 5230 2278 5289 antidota
2325 5229 2563 5302 insuper
2601 5232 2656 5284 et
2695 5239 2888 5282 amara
2927 5222 3268 5297 propinant;
3318 5225 3383 5276 ut
3425 5232 3526 5292 per
3568 5229 3727 5272 ama-

2023 5317 2295 5379 ritudinis
2319 5318 2611 5386 haustum,
2645 5314 2714 5372 ad
2745 5310 3158 5370 incolumitatis
3194 5306 3558 5374 dulcedinem
3588 5317 3727 5362 con-

2030 5409 2334 5466 valescant.
2365 5404 2508 5475 Quid
2561 5419 2696 5479 ergo
2737 5401 2951 5461 mirum
2995 5400 3044 5459 si
3101 5397 3359 5456 medicus
3401 5393 3726 5452 animarum

2029 5500 2394 5575 omnipotens
2441 5498 2614 5570 Deus,
2671 5501 2728 5556 et
2771 5510 2917 5571 quos
2977 5495 3268 5566 perpetuas
3335 5485 3501 5546 morti
3547 5483 3733 5543 cernit
