4170 6448
200 284 314 344 477

1397 296 1621 358 LIBER
1663 298 2028 375 OCTAVUS,
2073 302 2309 366 EPIST.
2350 305 2507 365 VIII.

3593 309 3698 369 478

200 409 363 504 (ἴβιεςῄ
397 409 630 504 nebulae
677 417 732 469 et
791 412 1087 504 turbinis;
1145 417 1267 476 dies
1317 419 1470 478 tubae
1514 427 1568 477 et
1621 422 2346 498 clangorisAardentibus,
2389 427 2613 487 cunctis
2660 426 2829 485 etiam
2874 426 3172 485 elementis
3210 428 3270 485 in
3313 428 3404 486 sui
3436 429 3701 504 obsequii

200 502 398 572 (Soph.
458 506 519 568 ι).
596 499 820 571 Pensa,
881 503 1296 578 dilectissime,
1358 516 1686 568 extremum
1750 508 1903 570 diem

190 588 406 661 judicii
482 605 659 663 super
721 591 891 648 corda
964 596 1337 667 reproborum
1416 613 1531 670 qua
1604 599 1904 671 asperitate

196 678 348 736 vidit
382 681 657 753 propheta
704 696 1073 754 amarescere,
1103 703 1277 758 quem
1310 696 1387 746 tot
1423 689 1904 762 appellationibus

194 781 312 824 non
362 767 544 825 valuit
592 770 899 841 explicare.
938 772 1268 847 Enimvero,
1311 784 1373 834 ut
1422 783 1709 836 taceamus
1748 795 1905 837 nunc

193 855 270 914 de
323 854 446 913 illis
505 872 806 930 nunquam
882 860 1152 921 finiendis
1220 864 1603 923 damnationis
1671 875 1905 927 aelernm

193 943 517 1018 suppliciis,
570 954 625 1003 et
677 950 1076 1008 tantummodo
1123 950 1171 1008 si
1221 952 1521 1011 solus‘ille
1566 953 1758 1013 ultimi
1790 956 1905 1016 diei

194 1038 402 1103 terror,
432 1041 487 1091 et
516 1035 734 1105 horror,
766 1046 830 1097 ut
874 1041 1118 1115 dignum
1148 1050 1251 1115 est,
1284 1046 1536 1104 studiose
1576 1048 1902 1121 discutitur,

196 1129 311 1180 tota
358 1123 562 1181 mundi
614 1126 788 1199 hujus
837 1130 1152 1205 deceptrix,
1184 1145 1237 1191 et
1288 1134 1431 1193 falsa
1472 1136 1730 1206 felicitas,
1765 1156 1830 1197 ac
1856 1141 1903 1198 si

193 1209 389 1269 lutum
438 1212 526 1269 vel
574 1214 932 1276 infructuosa
962 1219 1167 1280 littoris
1204 1223 1333 1293 alga
1379 1225 1689 1297 judicatur.
1722 1226 1901 1296 Quem

192 1297 358 1355 enim
397 1315 511 1357 vox
549 1300 648 1359 illa
683 1318 797 1361 non
831 1315 1055 1379 terreat,
1085 1310 1216 1384 quis
1252 1327 1362 1369 non
1395 1314 1727 1373 medullitus
1764 1333 1905 1376 con-

194 1388 506 1459 tremiscat,
536 1406 670 1450 cum
712 1396 909 1455 audiat
944 1400 1135 1472 ipsum
1177 1402 1491 1461 Dominum
1529 1405 1813 1465 dicentem
1842 1409 1903 1466 in

194 1477 515 1554 Evangelio
547 1506 559 1539 :
597 1504 623 1535 «
656 1482 803 1553 Quia
859 1487 1007 1546 sicut
1052 1490 1247 1563 fulgur
1295 1494 1415 1550 exit
1467 1496 1539 1552 ab
1588 1497 1806 1569 oriente
1850 1504 1905 1556 et

189 1577 424 1642 apparet
479 1569 541 1626 in
599 1571 889 1632 occidente
920 1600 931 1631 :
960 1576 1039 1634 ita
1093 1580 1201 1637 erit
1239 1581 1524 1640 adventus
1561 1584 1667 1643 ﬁlii
1717 1586 1903 1643 homi-

193 1657 289 1714 nis
318 1656 347 1715 ?
375 1680 394 1708 ι
434 1660 647 1748 (Matth.
684 1664 875 1735 XXIV.)
904 1663 1066 1737 Quis,
1098 1667 1358 1743 inquam,
1390 1688 1504 1730 non
1541 1687 1900 1748 expavescat,

1987 522 2198 575 terrore
2256 521 2574 578 commotis.
2625 517 2808 587 Quem
2880 517 3033 576 diem
3090 518 3235 575 bene
3292 517 3391 576 ille
3443 518 3699 577 eximius

1983 610 2392 680 prophetarum
2446 609 2623 666 Isaias
2679 608 3004 673 denuntiat,
3039 606 3278 664 dicens:
3321 607 3522 665 «Ecce
3575 607 3697 669 dies

1984 697 2217 755 Domini
2276 698 2466 756 veniet
2516 697 2880 765 insanabilis,
2913 695 3035 752 dies
3093 696 3303 753 furoris
3333 703 3388 753 et
3419 695 3521 754 ira;
3566 701 3696 769 (Isa.

1985 791 2114 853 XIII)
2148 810 2160 843 :
2194 806 2220 837 »
2257 795 2319 843 ut
2368 794 2541 860 ponat
2585 785 2778 843 orbem
2836 792 3001 841 terrae
3052 784 3361 854 desertum,
3396 790 3451 841 et
3500 801 3697 858 pecca-

1987 881 2135 931 tores
2186 874 2381 946 perdat
2411 889 2482 931 ex
2516 890 2614 938 eo;
2652 873 2833 930 stellae
2884 872 3040 928 enim
3083 872 3212 930 οωιὶ
3266 871 3463 930 lumen
3524 889 3697 933 suum

1986 979 2102 1020 non
2157 962 2394 1027 dabunt,
2430 970 2484 1019 et
2538 961 2941 1020 obscurahitur
2988 958 3069 1017 sol
3111 959 3169 1016 in
3203 966 3333 1018 ortu
3377 976 3515 1032 suo;
3555 962 3698 1022 luna

1988 1065 2123 1107 vero
2157 1066 2269 1108 non
2314 1050 2470 1108 dabit
2522 1049 2718 1107 lumen
2769 1064 2959 1112 suum,
2996 1055 3049 1104 et
3102 1048 3386 1106 mandabo
3422 1050 3697 1109 universo

1986 1137 2119 1213 orbi
2159 1139 2309 1195 mala
2339 1148 2393 1196 et
2436 1139 2629 1212 impiis
2682 1146 3077 1212 peccatorum;
3116 1146 3169 1195 et
3202 1137 3428 1212 perdam
3489 1148 3695 1199 contu~

1986 1227 2219 1284 meliam
2292 1228 2675 1303 iniquorum,
2732 1234 2785 1284 et
2850 1229 3233 1299 arrogantiam
3315 1229 3694 1302 superborum

1987 1318 2345 1389 humiliabo;
2375 1325 2430 1376 et
2458 1326 2631 1377 erunt
2664 1318 2761 1399 qui
2791 1318 2973 1376 relicti
3003 1319 3237 1378 fuerunt
3264 1319 3492 1392 pretiosi
3517 1321 3702 1391 magis

1987 1423 2163 1479 quam
2211 1424 2421 1466 aurum
2475 1408 2548 1465 ab
2601 1408 2734 1481 igne
2790 1408 3087 1481 probatum
3119 1431 3131 1478 ς
3167 1417 3221 1466 et
3262 1411 3432 1467 homo
3487 1411 3697 1482 pretio-

1988 1497 2106 1554 sior
2136 1497 2243 1554 erit
2272 1513 2446 1570 quam
2481 1498 2624 1571 lapis
2654 1497 2981 1570 sapphirus.
3016 1498 3240 1556 (Icelum
3279 1498 3436 1556 enim
3476 1501 3697 1574 quatie-

1989 1593 2104 1654 tur,
2137 1594 2191 1642 et
2226 1593 2373 1643 terra
2415 1586 2741 1644 movebitur
2792 1601 2825 1643 a
2876 1587 3272 1645 fundamentis
3311 1590 3432 1647 suis
3471 1596 3701 1662 propter

1986 1674 2244 1733 furorem
2304 1677 2406 1734 ira:
2447 1675 2677 1733 Domini
2722 1675 2988 1741 Sabaoth,
3026 1676 3083 1732 in
3118 1677 3211 1734 die
3257 1692 3371 1751 qua
3419 1693 3697 1749 superve-

190 1761 328 1844 mJIiIl
383 1747 581 1805 eadem
634 1748 858 1844 Veritas
891 1753 1038 1813 dicat
1072 1781 1083 1814 :
1120 1778 1146 1811 «
1177 1757 1324 1828 Quia
1358 1761 1440 1818 sol
1473 1762 1895 1836 obscurabitur,
1918 1784 1964 1844 Β
1988 1763 2133 1821 nerit
2182 1765 2342 1822 furor
2375 1766 2519 1838 ejus.
2559 1763 2667 1823 Sed
2706 1770 2759 1821 et
2803 1763 3111 1822 Malachias
3142 1747 3413 1839 propheta
3444 1747 3694 1824 consona

190 1842 250 1894 et
284 1835 441 1927 Aluna
484 1854 600 1897 non
640 1840 798 1900 dabit
840 1843 1036 1904 lumen
1081 1864 1275 1919 suum,
1310 1860 1364 1909 et
1394 1853 1574 1912 stellae
1601 1855 1805 1913 cadent
1835 1835 1962 1918 de-
1985 1853 2075 1909 his
2108 1853 2383 1927 loquitur,
2405 1835 2610 1910 dicens
2639 1872 2650 1909 :
2687 1875 2714 1907 α
2748 1851 2890 1910 Ecce
2938 1835 3157 1911 veniet—
3186 1835 3467 1912 Dominus
3497 1855 3688 1912 omni-

190 1925 341 1984 cuelo
386 1930 740 2018 virtutesque
777 1933 1059 1995 caelorum
1092 1941 1522 2000 movebuntur?
1555 1965 1575 1994 η
1609 1948 1791 2018 (Ibid)
1822 1947 1903 2006 De

191 2030 310 2090 quo
340 2015 514 2074 etiam
539 2017 742 2077 Petrus
772 2021 851 2079 ait
879 2042 891 2080 :
929 2047 948 2075 ι
982 2026 1267 2086 Adveniet
1303 2038 1493 2104 autem
1525 2015 1645 2090 dies
1670 2015 1901 2093 Domini

187 2106 340 2162 sicut
369 2105 483 2176 fur,
516 2107 577 2165 in
629 2125 743 2182 quo
795 2113 924 2171 cceli
962 2131 1171 2188 magno
1202 2119 1421 2194 impetu
1452 2124 1749 2197 transient,
1783 2127 1897 2184 ele-

185 2201 384 2252 menta
432 2211 569 2253 vero
608 2197 793 2257 calore
848 2202 1151 2264 solventur
1182 2211 1261 2276 (II
1294 2213 1439 2267 Petr.
1476 2220 1584 2280 ιιι).
1624 2237 1649 2261 ››
1680 2214 1749 2271 Et
1794 2215 1901 2272 ite-

185 2294 317 2371 rum
347 2280 487 2340 dicit
520 2309 532 2342 ε
572 2309 598 2337 α
628 2283 770 2347 lei
799 2298 1014 2362 autem,
1045 2295 1143 2365 qui
1174 2311 1328 2353 nunc
1356 2305 1509 2371 sunt,
1539 2308 1593 2357 et
1629 2294 1774 2360 terra
1804 2318 1899 2359 eo-

184 2368 318 2428 dem
348 2373 525 2432 verbo
558 2378 787 2449 repositi
837 2388 973 2437 sunt
1002 2400 1015 2437 :
1058 2378 1204 2438 284
1224 2385 1345 2458 igni
1371 2368 1639 2447 reservati
1665 2391 1724 2448 in
1747 2392 1901 2449 diem

179 2460 389 2551 judicii
442 2472 509 2551 et
544 2466 881 2537 perditionis
928 2470 1242 2544 impiorum
1280 2476 1587 2535 hominum
1624 2482 1830 2551 (Ibid).
1872 2507 1897 2529 »

182 2547 349 2640 I‘iinc
386 2559 442 2609 et
485 2550 665 2612 Judas
696 2557 987 2629 apostolus
1018 2560 1138 2618 ait:
1181 2584 1208 2615 «
1241 2562 1404 2633 Ecce,
1452 2547 1662 2640 inquit,
1709 2569 1902 2626 veniet

185 2637 474 2697 Dominus
518 2641 578 2698 in
631 2645 841 2731 sanctis
889 2645 1151 2708 millibus
1201 2652 1323 2710 suis
1374 2637 1559 2712 facere
1607 2656 1895 2729 judicium

182 2736 381 2786 contra
413 2745 630 2799 omnes,
670 2733 1008 2808 redarguere
1043 2754 1245 2797 omnes
1282 2741 1489 2816 impios
1528 2745 1598 2802 de
1626 2746 1901 2805 omnibus

187 2817 463 2908 operibus
514 2819 826 2894 impietatis
870 2842 1092 2898 eorum,
1136 2829 1352 2903 quibus
1401 2833 1580 2907 impie
1636 2842 1896 2908 egerunt,

185 2910 239 2961 et
289 2906 360 2964 de
414 2908 689 2970 omnibus
737 2912 919 2986 duris,
955 2932 1087 2992 quae
1140 2917 1314 2978 locuti
1360 2906 1501 2980 sunt
1532 2932 1728 2981 contra
1765 2906 1900 2983 eum

183 3002 505 3088 peccatores
544 2999 709 3075 impii
751 3004 897 3073 (Iud.
933 3006 1031 3078 14).
1074 3031 1094 3059 ι
1146 3008 1231 3068 0!
1274 3010 1322 3069 si
1370 3012 1431 3070 in
1486 3016 1672 3088 palato
1712 3015 1899 3074 cordis

1982 1952 2201 2016 potens,
2256 1950 2309 2000 et
2356 1943 2487 2016 quis
2531 1942 2833 2000 sustinebit
2881 1942 3035 1999 diem
3086 1943 3368 2000 adventus
3413 1944 3557 2015 ejus,
3591 1948 3693 2002 aut

1982 2032 2117 2105 quis
2146 2030 2390 2104 portabit
2420 2039 2791 2103 conspectum
2817 2031 2993 2104 ejus?
3020 2056 3040 2079 υ
3083 2034 3233 2099 (Mal.
3263 2034 3368 2097 III.)
3407 2030 3692 2100 Quoniam

1982 2120 2104 2193 ipse
2158 2121 2516 2193 ingredietur
2561 2122 2753 2192 ignem
2814 2119 3236 2188 conflatorium,
3275 2127 3329 2177 et
3378 2123 3523 2178 sicut
3586 2135 3690 2192 pa-

1982 2209 2129 2269 leam
2184 2211 2607 2280 ventilantium,
2665 2218 2720 2268 et
2767 2210 2982 2269 sedebit
3034 2210 3290 2268 conﬂans
3328 2218 3383 2267 et
3416 2224 3688 2284 purgans,

1981 2299 2129 2357 sicut
2178 2315 2408 2371 aurum,
2438 2307 2491 2357 et
2547 2302 2693 2357 sicut
2747 2307 3074 2371 argentum.
3120 2298 3187 2355 Et
3238 2299 3450 2356 iterum
3502 2297 3687 2357 dicit:

1986 2411 2011 2438 α
2048 2389 2189 2446 Ecce
2235 2389 2357 2447 dies
2401 2387 2632 2446 Domini
2680 2388 2871 2445 veniet
2915 2388 3125 2443 ardens
3181 2392 3245 2444 ut
3292 2386 3578 2454 clibanus,
3632 2393 3696 2443 ut

1980 2487 2140 2535 curet
2172 2478 2257 2548 [f.,
2291 2486 2345 2535 et
2369 2479 2512 2548 uret]
2545 2492 2660 2543 eos,
2685 2483 2740 2533 et
2768 2482 2941 2533 erunt
2969 2491 3171 2533 omnes
3191 2474 3386 2543 alieni,
3412 2482 3468 2531 et
3493 2489 3693 2532 omnes

1980 2568 2081 2640 qui
2132 2566 2353 2624 faciunt
2406 2566 2792 2638 iniquitatem.
2852 2571 2915 2621 ut
2948 2564 3220 2637 stipulam
3284 2565 3553 2621 incendet
3598 2579 3694 2622 eos

1980 2656 2102 2713 dies
2150 2656 2248 2713 illa
2297 2671 2432 2727 quas
2496 2654 2705 2722 veniet,
2752 2653 2889 2709 dicit
2942 2652 3223 2709 Dominus
3280 2652 3684 2724 omnipotens:

1980 2742 2125 2800 285
2154 2752 2209 2801 et
2254 2759 2367 2801 non
2419 2742 2780 2815 relinquetur
2810 2741 2995 2810 radix,
3045 2756 3235 2812 neque
3272 2742 3493 2814 palmes
3532 2743 3687 2811 (Mal.

1979 2838 2078 2905 IV).
2114 2855 2141 2886 »
2168 2834 2335 2892 Alius
2353 2847 2486 2890 vero
2518 2832 2604 2889 vir
2632 2831 3050 2888 desideriorum
3081 2830 3185 2887 ista
3211 2830 3349 2888 dicit
3377 2850 3388 2889 :
3419 2852 3443 2883 ‹‹
3470 2831 3538 2888 Et
3563 2846 3689 2888 ecce

1980 2923 2268 2992 videbam,
2298 2930 2352 2979 et
2396 2920 2589 2978 throni
2636 2919 2803 2993 positi
2850 2930 3007 2988 sunt,
3038 2929 3092 2978 et
3135 2920 3414 2993 antiquus
3459 2920 3685 2977 dierum

1980 3013 2226 3081 sedebat,
2259 3022 2313 3069 et
2344 3012 2751 3070 indumentum
2786 3010 2912 3083 ejus
2952 3012 3097 3069 sicut
3139 3011 3241 3068 nix
3276 3010 3609 3077 candidum,
3635 3018 3691 3067 et

188 3086 365 3195 nostri
418 3103 617 3161 sapere
660 3092 838 3162 possit
889 3103 1123 3167 quantas
1173 3086 1578 3161 amaritudinis
1616 3111 1700 3163 est
1745 3102 2171 3195 quodccapilli
2224 3100 2425 3174 capitis
2472 3100 2598 3172 ejus
2637 3099 2786 3156 sicut
2830 3099 2961 3155 lana
3007 3096 3241 3166 munda,
3275 3098 3518 3195 thronus
3563 3098 3687 3171 ejus

186 3192 285 3248 per
329 3176 616 3237 Joannem
662 3182 873 3241 dicitur
916 3202 929 3241 :
970 3208 989 3235 ο
1021 3184 1167 3245 Ecce
1221 3192 1380 3249 venit
1431 3208 1561 3251 cum
1618 3176 1892 3261 nubibus,
1921 3176 2139 3264 uignis
2180 3203 2458 3259 exurens,
2490 3186 2706 3244 fluvius
2737 3186 2944 3259 igneus
2989 3186 3253 3244 currebat
3288 3194 3421 3243 ante
3456 3184 3687 3258 ipsum:

187 3273 241 3325 et
269 3268 489 3356 videbit
519 3285 651 3328 eum
679 3272 872 3330 omnis
891 3274 1112 3345 oculus,
1139 3283 1193 3334 et
1214 3279 1316 3352 qui
1341 3295 1474 3339 eum
1507 3293 1895 3356 pupugerunt,
1983 3279 2269 3353 judicium
2323 3278 2637 3343 constituit,
2674 3285 2729 3332 et
2783 3274 2916 3333 libri
2953 3275 3132 3347 aperti
3180 3279 3332 3332 sunt.
3374 3297 3393 3325 ι
3427 3273 3495 3330 Et
3521 3273 3693 3346 paulo

184 3356 239 3413 et
269 3354 543 3429 plangent
568 3373 629 3415 se
662 3374 837 3431 super
876 3375 1077 3419 omnes
1118 3363 1299 3423 tribus
1337 3354 1727 3442 terrmimpo‘c.
1765 3372 1823 3440 ι).
1871 3395 1891 3423 ι
1986 3376 2155 3441 post:
2195 3388 2216 3417 ι
2258 3366 2327 3422 Et
2366 3366 2506 3431 vidi,
2553 3364 2763 3436 inquit,
2796 3363 2855 3419 in
2911 3363 3035 3420 visu
3095 3364 3294 3431 noctis,
3351 3369 3406 3419 et
3453 3376 3581 3418 ecce
3630 3361 3690 3417 in

186 3443 353 3503 Tunc
376 3444 770 3504 dissolventur
816 3463 982 3507 renes
1008 3466 1207 3509 eorum
1244 3455 1571 3527 formidine,
1598 3458 1695 3531 qui
1730 3460 1899 3517 modo
1986 3456 2244 3514 nubibus
2298 3454 2427 3511 caeli
2482 3452 2665 3509 Filius
2714 3450 2969 3509 hominis
3006 3450 3288 3517 veniebat,
3320 3455 3375 3506 et
3404 3464 3587 3522 usque
3620 3449 3690 3505 ad

187 3550 299 3593 non
335 3536 543 3593 timent
571 3555 585 3605 ;
619 3545 755 3595 tunc
792 3538 1171 3612 replebuntur
1202 3542 1418 3602 viscera
1448 3561 1652 3604 eorum
1683 3550 1896 3607 amari-
1986 3554 2276 3604 vetustum
2311 3544 2534 3601 dierum
2568 3540 2847 3615 pervenit,
2880 3546 2933 3597 et
2963 3540 3020 3596 in
3051 3545 3354 3612 conspectu
3386 3539 3509 3610 ejus
3538 3537 3689 3595 obla-

187 3623 409 3694 tudine,
457 3624 560 3697 qui
610 3625 781 3684 modo
836 3626 899 3683 in
952 3629 1203 3686 carnalis
1254 3630 1541 3690 illecebris
1590 3634 1899 3709 voluptatis
1987 3641 2078 3691 tus
2125 3641 2229 3702 est,
2258 3640 2312 3690 et
2359 3631 2467 3704 ipsi
2526 3630 2691 3687 datus
2748 3637 2832 3685 est
2886 3628 3262 3700 principatus,
3303 3632 3357 3684 et
3405 3628 3607 3697 honor,
3638 3631 3693 3683 et

191 3710 446 3769 molliter
503 3711 713 3783 jaceut.
767 3714 931 3773 Tunc
997 3716 1156 3773 enim
1212 3720 1559 3790 sanguineas
1614 3722 1898 3798 lacrymas
1986 3735 2250 3793 regnum,
2286 3726 2342 3776 et
2368 3733 2572 3776 omnes
2608 3715 2822 3789 pepuli,
2860 3715 3060 3785 tribus,
3089 3721 3145 3772 et
3176 3714 3392 3787 linguae
3429 3713 3537 3785 ipsi
3572 3728 3692 3769 ser-

185 3798 569 3871 effundentes,
627 3802 903 3876 incipient
964 3804 1154 3864 dicere
1213 3809 1557 3868 montibus:
1619 3836 1638 3864 ιι
1703 3814 1899 3872 Cadite
1986 3810 2271 3881 vient;et
2321 3814 2565 3880 potestas
2624 3804 2750 3877 ejus
2804 3809 3048 3877 potestas
3097 3808 3332 3868 aeterna,
3383 3816 3516 3875 quae
3572 3815 3687 3858 non

187 3905 364 3963 super
400 3905 539 3958 nos;
575 3898 629 3947 et
674 3889 940 3961 collibus,
973 3893 1188 3965 operite
1237 3910 1340 3953 nos
1385 3899 1576 3969 (Apoc.
1614 3910 1715 3969 VI;
1766 3903 1895 3959 Luc.
1987 3901 2269 3971 transibit,
2305 3904 2359 3957 et
2409 3913 2651 3970 regnum
2697 3897 2825 3969 ejus
2874 3910 2988 3952 nou
3034 3898 3352 3967 rumpetur.
3392 3891 3691 3950 Inhorruit

186 3985 384 4045 XXIII).
414 3999 440 4031 ››
466 3976 628 4036 Tunc
658 3979 814 4037 enim
846 3996 960 4037 non
991 3990 1074 4039 est
1101 3997 1393 4056 quoquam
1422 3987 1751 4058 confugere,
1781 4004 1897 4045 non
1985 3991 2224 4064 spiritus
2271 4004 2456 4058 meus,
2489 4004 2594 4061 ego
2632 3987 2854 4055 Daniel,
2884 3984 3167 4043 hebetudo
3222 3999 3364 4052 mea,
3407 3989 3460 4041 et
3511 3982 3689 4040 visio-

187 4077 266 4126 est
317 4066 618 4125 latibulum
666 4067 769 4127 ubi
806 4084 866 4126 se
910 4070 1220 4144 quisquam
1252 4072 1437 4129 valeat
1470 4073 1775 4144 occultare,
1809 4075 1898 4131 ni-

189 4159 407 4216 mirum
458 4173 589 4216 cum
633 4165 688 4217 et
733 4159 950 4217 inferni
994 4168 1173 4234 portae
1218 4162 1573 4234 panduntur,
1611 4179 1762 4221 mors
1792 4164 1902 4221 ini-

190 4246 339 4304 mica
389 4245 744 4319 destruitur;
794 4249 1004 4322 pulvis,
1047 4249 1148 4324 qui
1202 4256 1517 4323 putruerat,
1554 4251 1609 4308 id
1646 4259 1730 4310 est
1785 4253 1898 4311 hu-

191 4350 361 4393 mana
414 4350 564 4407 caro,
593 4336 836 4395 audiens
876 4353 1075 4395 vocem
1131 4338 1303 4408 tubm,
1338 4340 1743 4399 viviﬁcabitur.
1773 4342 1901 4400 Jam

190 4440 337 4499 quos
392 4424 453 4482 in
512 4424 734 4499 gremio
790 4441 896 4483 suo
961 4432 1107 4483 terra
1160 4433 1505 4499 susceperat,
1551 4443 1698 4502 quos
1750 4446 1899 4503 aqua

191 4516 509 4586 sorbuerat,
544 4531 690 4588 quos
737 4515 886 4574 edax
934 4516 1168 4575 ﬂamma
1202 4526 1657 4593 consumpserat,
1699 4536 1902 4578 omnes

191 4604 357 4678 quasi
411 4603 785 4662 commissum
838 4603 948 4662 sibi
1005 4605 1328 4679 depositum
1389 4608 1650 4677 reddunt,
1686 4615 1743 4667 et
1771 4608 1901 4666 vitm

190 4692 407 4766 absque
443 4690 562 4750 ulla
602 4691 694 4750 sui
747 4691 1134 4751 diminutione
1189 4694 1515 4753 restituunt.
1546 4694 1713 4753 Tunc
1743 4695 1901 4753 enim

191 4788 338 4839 terra
381 4781 725 4850 concutitur,
758 4795 855 4838 aer
903 4781 1203 4855 repentina
1244 4791 1571 4857 tempestate
1611 4786 1899 4855 turbatur,

191 4872 442 4929 tonitrua
502 4877 887 4944 perstrepunt,
938 4872 1358 4931 coruscationes
1400 4880 1454 4931 et
1507 4873 1739 4945 fulgura
1789 4874 1898 4932 hu-

193 4976 356 5018 mana
406 4966 631 5033 pectora
672 4967 887 5017 terrore
921 4960 1305 5019 confundunt.
1344 4987 1364 5013 ι
1402 4961 1559 5021 Deus
1589 4963 1745 5022 enim
1774 4977 1895 5020 ma-

1986 4096 2088 4137 nes
2142 4077 2341 4151 capitis
2394 4076 2503 4133 mei
2547 4076 2966 4133 conturbabant
3006 4091 3096 4132 me
3131 4080 3291 4142 (Dan.
3320 4078 3446 4144 VII).
3482 4098 3507 4121 »
3541 4072 3688 4129 Cum

1984 4182 2118 4241 ergo
2147 4166 2233 4235 agi
2269 4166 2562 4238 cmperint,
2596 4163 2926 4238 pandentur
2954 4164 3078 4221 sine
3116 4163 3294 4222 dubio
3334 4162 3465 4220 cmli
3492 4166 3688 4234 portae,

1984 4255 2103 4313 imo
2162 4255 2351 4329 potius
2409 4254 2601 4329 ipsum
2658 4253 2873 4312 coelum
2923 4251 3519 4319 auferetur'emedio,
3564 4256 3691 4306 tan-

1984 4363 2160 4421 quam
2206 4348 2261 4425 _si
2315 4344 2668 4404 tabernaculi
2707 4344 2954 4417 alicujus
3004 4342 3293 4401 velamina
3321 4341 3694 4414 colligantur,

1986 4436 2204 4493 scilicet
2272 4442 2339 4494 ut
2396 4440 2694 4508 reparetur
2746 4439 2801 4491 et
2855 4433 3296 4491 transformetur
3344 4431 3404 4488 in
3459 4428 3687 4487 melius.

1987 4523 2150 4581 Tunc
2205 4540 2338 4595 ergo
2388 4523 2583 4581 omnia
2632 4530 2817 4580 metus
2869 4522 3123 4592 habebit,
3158 4520 3442 4593 timorque
3486 4533 3551 4575 ac
3582 4523 3692 4572 tre-

1982 4630 2110 4671 mor
2162 4614 2423 4687 implebit
2473 4613 2764 4675 universa,
2801 4612 3079 4670 nimirum
3126 4625 3257 4669 cum
3314 4608 3414 4667 ille
3454 4605 3691 4682 judicet,

1982 4702 2083 4774 qui
2115 4708 2253 4759 teste
2284 4717 2394 4759 non
2426 4708 2607 4773 egeat,
2643 4703 2746 4773 qui
2786 4706 3124 4770 argumenta
3166 4715 3280 4758 non
3314 4702 3555 4774 quaerat,
3589 4692 3692 4767 qui

1982 4799 2263 4851 oratorem
2313 4807 2503 4849 causa;
2538 4805 2650 4847 non
2693 4787 2956 4862 postulet,
2989 4788 3088 4844 sed
3133 4786 3222 4845 his
3250 4785 3523 4845 omnibus
3568 4796 3695 4857 pro-

1984 4882 2084 4941 cul
2146 4882 2372 4949 amotis,
2405 4883 2526 4956 ipse
2578 4890 2634 4938 et
2681 4887 2837 4953 gesta
2884 4888 2939 4936 et
3000 4877 3171 4936 verba
3217 4883 3273 4935 et
3320 4876 3689 4948 cogitationes

1985 4973 2282 5048 dijudicat,
2314 4979 2486 5047 atque
2518 4973 2577 5029 in
2620 4970 2875 5028 medium
2909 4967 3165 5037 collocat,
3205 4974 3260 5024 et
3295 4974 3520 5038 cuncta,
3563 4964 3682 5021 vel-

190 5048 393 5107 nifeste
432 5049 641 5118 veniet,
673 5049 823 5107 Deus
872 5057 1085 5121 noster,
1131 5056 1188 5108 et
1224 5066 1339 5110 non
1391 5051 1597 5133 silebit.
1631 5053 1791 5125 Ignis
1837 5054 1900 5112 in

1984 5064 2069 5121 uti
2108 5062 2167 5119 in
2216 5061 2425 5120 tabulis
2461 5058 2808 5135 quibusdam
2854 5056 3094 5130 depicta,
3128 5054 3309 5113 oculis
3346 5069 3548 5112 eorum
3585 5052 3691 5126 qui

189 5150 493 5215 conspectu
532 5143 656 5215 ejus
707 5142 947 5213 ardebit,
982 5150 1037 5201 et
1091 5145 1153 5201 in
1206 5145 1451 5205 circuitu
1502 5148 1626 5219 ejus
1682 5152 1900 5220 tempe-
1985 5152 2492 5211 commiseruntea
2524 5159 2695 5222 atque
2728 5147 3003 5206 omnibus
3028 5146 3129 5219 qui
3173 5146 3436 5203 assistere
3488 5143 3690 5201 viden-

190 5236 299 5287 stas
338 5228 567 5301 valida;
602 5231 905 5290 advocabit
941 5233 1152 5290 caelum
1184 5248 1438 5305 sursum,
1478 5240 1532 5291 et
1566 5241 1794 5306 terram,
1837 5242 1900 5292 ut

1988 5252 2079 5302 tur
2107 5243 2382 5301 ostendet.
2415 5239 2713 5311 Quomodo
2755 5237 2935 5311 igitur
2987 5244 3120 5295 tunc
3156 5234 3612 5296 commovebitur
3637 5239 3697 5290 et

189 5315 472 5376 discernat
495 5321 777 5392 populum
802 5338 976 5381 suum
1004 5326 1171 5390 (Psal.
1201 5329 1394 5392 XLIX).
1426 5346 1445 5374 ι
1473 5324 1539 5381 In
1566 5324 1659 5383 die
1689 5325 1902 5384 scilicet
1985 5332 2047 5388 in
2106 5340 2268 5387 metu.
2309 5329 2417 5386 erit
2469 5327 2739 5385 universa
2793 5322 3096 5384 creatura?
3140 5324 3291 5382 Hinc
3337 5322 3511 5381 Isaias
3559 5321 3684 5379 ait:

190 5403 287 5462 illa
339 5407 671 5479 tremenda,
736 5426 873 5467 cum
925 5409 1148 5483 angelis
1206 5417 1263 5468 et
1302 5412 1665 5483 archangelis
1695 5458 1709 5481 ,
1768 5428 1902 5470 cum
1992 5441 2012 5470 ι
2048 5417 2179 5475 Dies
2234 5416 2473 5475 ultionis
2522 5414 2774 5485 Domini,
2806 5430 2998 5471 annus
3046 5412 3440 5471 retributionis
3484 5409 3690 5483 judicii

190 5499 407 5561 Thouis
456 5511 512 5562 et
570 5503 1069 5563 Dominationibus
1099 5552 1114 5575 ,
1160 5520 1297 5563 cum
1374 5504 1801 5579 Principatibus
1849 5514 1905 5565 et
1991 5506 2167 5581 Sion;
2220 5517 2275 5566 et
2314 5513 2722 5566 convertentur
2772 5511 3049 5564 torrentes
3089 5503 3215 5576 ejus
3262 5502 3322 5560 in
3367 5502 3549 5575 picem
3596 5517 3688 5559 ar-

193 5590 567 5656 Potestatibus
615 5594 930 5669 apparebit,
993 5595 1155 5655 ccelis
1217 5595 1677 5666 coruscantibus,
1738 5596 1904 5655 terris
1987 5597 2256 5668 dentem;
2293 5595 2387 5655 die
2430 5610 2494 5654 ac
2537 5602 2701 5655 nocte
2735 5611 2851 5654 non
2882 5593 3331 5668 exstinguentur
3366 5590 3428 5651 in
3478 5590 3690 5666 sempi-

2550 5760 2575 5771 -ι
