4170 6456
445 242 554 302 479

964 246 1023 306 S.
1067 246 1290 307 PETRI
1330 246 1650 307 DAMIANI
1689 245 1846 306 OPP.
1890 244 2083 305 PARS
2124 243 2267 304 SEU
2305 243 2557 305 TOMUS
2595 244 2645 302 Ι.
2694 274 2754 288 -
2794 241 3029 302 EPIST.
3075 240 3217 303 LIB.
3259 239 3416 301 VIII.

3836 240 3950 304 480

443 377 675 430 ternum
709 374 835 442 (Isa.
866 372 1105 441 XXXIV).
1140 391 1167 422 »
1198 370 1360 440 Quod
1392 371 1598 431 beatus
1629 386 1859 446 quoque
1896 370 2004 430 Job
2041 368 2143 427 de-
2164 367 2601 432 APensandum
2633 383 2767 441 ergo
2792 374 2896 437 est,
2930 372 2987 426 et
3028 381 3260 425 summo
3288 364 3482 424 studio
3522 365 3946 428 revolvendum

443 459 661 531 scribit,
714 460 910 518 dicens
953 484 966 518 :
1013 480 1041 513 «
1085 459 1325 519 Terram
1379 462 1734 521 tenebrosam
1791 467 1847 519 et
1898 466 2153 533 opertam

448 550 650 607 mortis
686 549 952 622 caligine,
984 554 1190 607 terram
1243 550 1495 609 miseriae
1537 558 1591 609 ct
1635 550 2023 623 tenebrarum,
2052 551 2155 609 ubi

449 637 651 697 umbra
701 636 918 706 mortis,
950 644 1006 696 et
1046 637 1245 697 nullus
1285 637 1443 709 ordo,
1472 638 1572 696 sed
1615 638 1997 712 sempiternus
2026 638 2156 695 hor-

444 741 537 785 ror
583 723 866 783 inhabitat
919 727 1051 795 (Job.
1081 728 1162 794 X).
1192 746 1220 779 »
1261 726 1413 784 Hinc
1459 732 1515 784 et
1559 727 1834 801 pr0pheta
1874 751 1885 784 :
1936 750 1954 774 α
1991 725 2157 800 Egre-

440 814 691 884 dientur,
736 814 947 890 inquit,
1001 821 1059 872 et
1100 815 1383 873 videbunt
1425 816 1703 873 cadavera
1745 816 2005 874 virorum
2053 815 2155 889 qui

444 901 803 976 praevaricati
834 911 968 960 sunt
996 904 1057 960 in
1092 918 1213 974 me;
1256 918 1480 962 vermes
1524 919 1721 962 eorum
1756 919 1871 962 non
1896 903 2150 962 morien-

447 999 560 1060 tur,
591 996 648 1049 et
695 991 849 1065 ignis
896 1008 1096 1051 eorum
1145 1008 1260 1050 non
1303 993 1705 1067 exstinguetur
1743 995 1868 1064 (Isa.
1901 997 2084 1064 LXVI).
2124 1013 2151 1046 ι)

444 1077 595 1150 Quid
624 1079 783 1136 enim
814 1079 1151 1138 horribilius
1181 1081 1315 1152 dici,
1335 1083 1476 1156 quid
1508 1082 1743 1156 cogitari
1776 1088 1957 1156 potest
1977 1098 2152 1155 quam

446 1167 835 1226 damnationis
884 1168 1130 1226 vulnera
1178 1170 1469 1243 suscipere
1501 1178 1555 1228 et
1588 1171 1811 1229 dolores
1839 1170 2153 1229 vulnerum

446 1271 747 1330 nunquam
778 1256 997 1315 ﬁnire?
1024 1258 1176 1316 Hinc
1203 1276 1305 1332 per
1336 1260 1665 1333 pmphetam
1693 1261 1908 1320 dicitur
1936 1280 1948 1318 :
1990 1281 2017 1313 ‹‹
2050 1260 2147 1318 De-

443 1344 789 1406 scenderunt
845 1346 918 1403 ad
974 1348 1272 1405 infernum
1329 1363 1464 1406 cum
1521 1348 1699 1406 armis
1753 1350 1876 1407 suis
1939 1352 2149 1419 (Ezech.

441 1435 658 1506 XXXII).
708 1459 734 1482 »
788 1434 969 1493 Arma
1018 1434 1231 1509 quippe
1286 1436 1646 1509 peccantium
1704 1444 1840 1496 sunt
1894 1437 2151 1496 membra

441 1538 751 1597 corporum
778 1524 996 1598 quibus
1026 1541 1293 1598 perversa
1310 1526 1613 1597 desideria,
1638 1543 1771 1602 quae
1792 1528 2148 1601 concipiunt,

449 1620 873 1688 exsequuntur.
900 1615 1050 1674 ‘Cum
1091 1617 1270 1674 armis
1301 1633 1436 1691 ergo
1472 1620 1543 1676 ad
1589 1618 1883 1677 infernum
1920 1618 2151 1676 descen-

2236 459 2338 534 qui
2369 460 2429 518 in
2467 458 2569 519 illo
2595 459 2688 518 die
2719 466 2898 517 terror
2932 457 3059 528 erit,
3089 471 3222 516 cum
3276 456 3339 514 in
3375 470 3567 539 poena
3603 457 3725 530 jam
3756 473 3942 517 reme-

2235 547 2400 607 dium
2430 564 2548 607 non
2581 549 2707 607 erit.
2749 547 2890 625 Quae
2919 547 3006 605 illi
3034 546 3320 618 confusio,
3348 546 3444 604 cui
3481 552 3642 605 reatu
3676 561 3782 605 suo
3810 547 3946 606 exi-

2233 645 2423 712 gente,
2464 639 2756 713 continget
2790 639 2852 696 in
2880 643 3170 696 conventu
3199 635 3465 694 omnium
3500 635 3806 695 hominum
3835 653 3947 713 an-_

2230 726 2610 802 gelorumque
2663 724 3040 786 erubescere?
3081 724 3221 795 Quis
3261 738 3438 798 pavor
3474 739 3631 793 eum,
3662 740 3840 797 quem
3887 730 3947 785 et

2233 816 2617 889 tranquillum
2648 831 2814 873 mens
2862 816 3116 874 humana
3166 828 3281 871 non
3326 811 3477 870 valet
3509 826 3730 886 capere,
3767 812 3946 871 etiam

2232 903 2447 964 iratum
2491 905 2735 963 videre?
2773 905 2853 963 De
2903 919 3020 978 quo
3072 903 3221 961 bene
3274 917 3375 975 per
3430 900 3639 959 Isaiam
3683 900 3942 960 dicitur:

2242 1017 2269 1044 α
2298 993 2665 1052 Exaltabitur
2704 1001 2896 1051 autem
2935 990 3217 1050 Dominus
3246 989 3405 1047 solus
3441 990 3498 1047 in
3524 989 3619 1047 die
3647 990 3768 1060 illa,
3801 991 3947 1064 quia

2232 1080 2355 1140 dies
2392 1082 2625 1141 Domini
2655 1083 3018 1140 exercituum
3064 1095 3236 1152 super
3265 1094 3497 1136 omnem
3539 1080 3861 1152 superbum
3889 1085 3948 1136 et

2232 1172 2550 1243 excelsum,
2581 1179 2637 1229 et
2661 1157 2835 1246 super
2878 1184 3111 1228 omnem
3154 1173 3541 1239 arrogantem,
3574 1171 3631 1224 et
3662 1167 3947 1226 humilia-

2231 1263 2407 1334 bitur,
2459 1270 2514 1322 et
2564 1279 2737 1337 super
2786 1278 2987 1320 omnes
3036 1259 3235 1318 cedros
3288 1258 3525 1317 Libani.
3555 1257 3837 1317 sublimes
3892 1265 3949 1317 et

2232 1361 2464 1423 erectas,
2489 1361 2544 1411 et
2565 1368 2738 1426 super
2758 1366 2961 1411 omnes
2976 1364 3226 1424 quercus
3248 1346 3454 1416 Basan,
3469 1354 3525 1404 et
3547 1362 3720 1420 super
3740 1362 3948 1405 omnes

2232 1448 2455 1501 montes
2501 1440 2777 1509 excelsos,
2816 1443 2871 1496 et
2921 1452 3096 1511 super
3141 1449 3345 1494 omnes
3385 1434 3560 1492 colles
3593 1433 3864 1505 elevatos,
3892 1440 3953 1493 et

2231 1547 2402 1605 super
2448 1546 2681 1588 omnem
2731 1526 2935 1586 turrim
2991 1522 3314 1592 excelsam,
3369 1530 3424 1580 et
3474 1537 3647 1596 super
3709 1538 3948 1581 omnem

2236 1636 2468 1680 murum
2522 1619 2837 1687 munitum,
2894 1622 2951 1672 et
2992 1629 3165 1687 super
3206 1628 3409 1672 omnes
3456 1627 3632 1669 naves
3681 1611 3943 1683 Tharsis,

443 1704 598 1775 dere,
631 1711 715 1763 est
746 1721 879 1764 cum
920 1706 1061 1780 ipsis
1098 1718 1329 1782 quoque
1359 1708 1653 1780 membris,
1688 1707 1901 1782 quibus
1926 1707 2149 1767 deside-
2172 1719 2219 1780 Β
2240 1718 2296 1770 et
2327 1726 2498 1786 super
2523 1724 2695 1768 omne
2722 1706 2879 1783 quod
2927 1706 3061 1763 visu
3104 1702 3410 1777 pulchrum
3437 1708 3521 1758 est
3549 1720 3562 1771 ;
3594 1706 3651 1758 et
3682 1701 3948 1758 incurva-

452 1794 537 1851 ria
568 1794 880 1869 voluptatis
918 1795 1318 1870 expleverunt,
1348 1797 1551 1855 aeterni
1590 1796 1844 1855 incendii
1879 1802 2157 1856 tormenta

451 1881 711 1942 tolerare.
747 1883 966 1944 Paulus
1004 1886 1172 1944 etiam
1205 1886 1344 1944 dicit
1375 1911 1388 1945 :
1430 1912 1456 1936 ι‹
1484 1889 1549 1945 In
1581 1886 1931 1944 revelatione
1956 1887 2150 1946 Domi-

444 1972 506 2030 ni
555 1973 735 2031 nostri
776 1973 913 2033 Jesu
951 1972 1160 2033 Christi
1198 1974 1270 2033 de
1300 1975 1446 2034 caelo
1482 1991 1617 2034 cum
1662 1975 1883 2049 angelis
1922 1976 2155 2036 virtutis

445 2061 571 2133 ejus
608 2059 669 2118 in
712 2061 944 2120 ﬂamma
993 2063 1146 2136 ignis
1195 2064 1386 2123 dantis
1428 2064 1740 2123 vindictam
1780 2065 1852 2123 iis
1890 2067 1995 2141 qui
2032 2082 2152 2124 non

445 2154 734 2208 noverunt
774 2148 978 2215 Deum,
1016 2156 1072 2208 et
1108 2153 1210 2227 qui
1243 2167 1356 2210 non
1388 2152 1667 2211 obediunt
1698 2153 2010 2227 Evangelio
2040 2154 2153 2211 Do-

447 2238 595 2296 mini
647 2239 822 2298 nostri
858 2239 996 2299 Jesu
1029 2240 1257 2311 Christi,
1288 2243 1389 2316 qui
1421 2259 1617 2317 pinnas
1663 2244 1885 2302 dabunt
1923 2244 1981 2300 in
2012 2243 2155 2301 inte-

448 2326 567 2385 ritu
612 2333 857 2387 aeternas
900 2346 928 2387 a
982 2330 1123 2389 facie
1150 2331 1395 2413 Domini
1427 2339 1482 2391 et
1513 2350 1546 2390 a
1566 2334 1747 2407 gloria
1776 2332 2001 2392 virtutis
2029 2334 2155 2409 ejus

447 2417 522 2488 (II
547 2419 729 2474 Thess.
762 2420 819 2491 ι).
856 2441 875 2470 ι
924 2419 995 2479 Et
1023 2420 1228 2479 iterum
1270 2442 1282 2480 :
1330 2445 1349 2475 ι
1382 2422 1681 2482 Terribilis
1732 2425 1998 2498 quaedam
2048 2439 2147 2482 ex-

447 2505 718 2579 spectatio
767 2506 969 2578 judicii
1029 2516 1085 2567 et
1138 2510 1292 2582 ignis
1343 2511 1657 2582 zemulatio,
1701 2529 1833 2588 quae
1887 2528 2154 2572 consum-

447 2600 613 2671 ptura
637 2602 722 2654 est
745 2596 1103 2657 adversarios
1131 2601 1310 2672 (Hebr.
1345 2600 1428 2671 X).
1455 2626 1480 2649 κ

518 2685 641 2756 Age
664 2700 821 2759 ergo,
852 2699 989 2745 cum
1030 2688 1102 2745 ad
1150 2688 1294 2747 illud
1346 2689 1621 2749 ultimum
1655 2689 1945 2765 judicium
1974 2706 2149 2749 vene-

450 2772 653 2844 rimus,
682 2772 754 2830 ab
793 2789 860 2831 eo
916 2774 1133 2833 scilicet
1163 2776 1369 2835 Judice
1394 2778 1718 2850 judicandi,
1752 2779 1854 2855 qui
1886 2794 1993 2836 nec
2030 2777 2151 2836 falli

447 2860 801 2919 occulatione
856 2863 1172 2923 criminum
1221 2872 1421 2939 potest,
1466 2883 1574 2925 nec
1625 2868 1692 2925 ad
1749 2867 2149 2941 impunitatem

447 2952 885 3024 promerendam
930 2954 1188 3012 muneris
1228 2956 1477 3030 alicujus
1518 2957 1809 3017 oblatione
1849 2953 1993 3012 286
2023 2973 2150 3014 cor-

2235 1801 2395 1860 bitur
2438 1798 2763 1858 sublimitas
2808 1794 3134 1863 hominum,
3167 1799 3220 1850 et
3253 1789 3663 1849 humiliabitur
3702 1789 3947 1847 altitudo

2236 1890 2495 1948 virorum
2541 1893 2596 1945 et
2636 1883 2957 1943 elevabitur
3005 1880 3286 1939 Dominus
3334 1878 3495 1937 solus
3526 1879 3585 1934 in
3616 1877 3711 1935 die
3742 1876 3862 1948 illa,
3892 1881 3947 1935 et

2234 1976 2386 2036 idola
2417 1974 2646 2050 penitus
2674 1978 3042 2032 conterentur
3067 1986 3083 2039 ;
3121 1974 3175 2026 et
3200 1966 3520 2026 introibunt
3546 1965 3609 2023 in
3642 1964 3950 2038 speluncas

2234 2075 2527 2142 petrarum
2577 2072 2628 2122 et
2680 2063 2739 2121 in
2791 2061 3094 2136 voragines
3132 2065 3298 2116 terrae.
3344 2073 3378 2114 a
3418 2056 3562 2115 facie
3614 2055 3951 2115 formidinis

2234 2154 2470 2214 Domini
2517 2158 2572 2211 et
2610 2167 2643 2209 a
2687 2149 2868 2225 gloria
2914 2147 3225 2223 majestatis
3267 2145 3411 2219 ejus,
3453 2160 3585 2204 cum
3621 2143 3953 2203 surrexerit

2238 2245 2533 2315 percutere
2587 2247 2796 2297 terram
2852 2240 2977 2309 (Isa.
3033 2240 3115 2310 II).
3178 2257 3198 2287 ι
3251 2234 3424 2293 Nunc
3484 2236 3709 2306 peccata
3758 2230 3948 2289 delin-

2237 2330 2540 2407 quentium
2586 2328 2763 2400 videt,
2795 2333 2850 2386 et
2898 2331 3060 2396 tacet,
3097 2349 3116 2374 ι
3154 2331 3293 2383 tunc
3343 2328 3538 2381 autem
3575 2320 3846 2396 loquetur
3875 2320 3950 2378 ad

2235 2437 2331 2480 eos
2356 2420 2418 2477 in
2450 2420 2537 2478 ira
2565 2433 2691 2489 sua,
2714 2425 2770 2474 et
2796 2417 2859 2474 in
2891 2415 3083 2474 furore
3111 2429 3220 2473 suo
3247 2412 3618 2471 conturbabit
3645 2427 3741 2470 eos
3767 2414 3946 2481 (Psal.

2233 2516 2321 2581 11),
2358 2533 2381 2559 η
2413 2506 2559 2565 sicut
2587 2505 2710 2579 ipse
2740 2520 2841 2577 per
2867 2505 3199 2578 prephetam
3232 2501 3410 2561 dicit:
3448 2525 3468 2554 ι
3506 2501 3704 2573 Tacui,
3727 2497 3951 2574 inquit,

2235 2613 2460 2672 semper
2509 2594 2665 2665 silui,
2720 2594 2943 2667 patiens
2993 2592 3099 2663 fui,
3150 2590 3302 2650 sicut
3360 2589 3684 2663 parturiens
3739 2587 3955 2662 loquar

2236 2688 2361 2760 (Isa.
2392 2684 2558 2760 XLII).
2596 2709 2622 2733 ››
2674 2681 2949 2755 Quisquis
2983 2679 3141 2738 enim
3185 2693 3347 2737 nunc
3401 2675 3642 2735 terrenis
3687 2689 3952 2734 commo-

2233 2757 2323 2831 dis
2379 2757 2608 2844 inbiat,
2665 2770 2933 2846 quisquis
3007 2766 3237 2827 lasciva;
3305 2765 3496 2825 carnis
3555 2762 3953 2838 voluptatibus

2233 2863 2503 2938 pascitur,
2554 2869 2690 2920 tunc
2736 2867 2971 2918 aeternae
3014 2855 3430 2916 combustionis
3467 2854 3600 2928 igne
3636 2866 3953 2910 consume-

2234 2962 2347 3025 tur,
2395 2963 2452 3012 et
2495 2951 2684 3010 divini
2739 2949 2952 3010 furoris
2990 2948 3178 3024 gladio
3228 2947 3615 3008 devorabitur.
3667 2943 3740 3003 Ut
3786 2942 3950 3001 enim

450 3041 672 3141 rumpi;
705 3058 838 3101 cum
866 3045 1144 3117 cmperint
1179 3046 1376 3105 omnia
1415 3056 1627 3106 secreta
1655 3049 1916 3120 revelari,
1947 3054 2003 3107 et
2033 3064 2148 3108 non
2175 3080 2219 3141 α
2241 3044 2519 3119 Propheta
2544 3042 2683 3141 dicit
2713 3062 2724 3101 :
2763 3068 2789 3141 ξι
2821 3042 2889 3141 In
2925 3043 3058 3138 igne
3099 3040 3207 3099 zeli
3231 3039 3356 3138 .Dei
3399 3036 3768 3141 devorabit‘ur
3812 3050 3954 3141 qm-

450 3131 638 3188 solum
689 3136 849 3190 actus
892 3147 957 3190 ac
997 3133 1189 3205 verba,
1218 3135 1317 3192 sed
1371 3136 1543 3194 etiam
1597 3139 1741 3212 ipsae
1783 3141 2154 3214 cogitationes
2176 3122 2219 3141 υ
2240 3134 2334 3192 Dis
2363 3139 2527 3203 terra,
2559 3138 2614 3189 ει
2639 3131 2701 3188 in
2727 3129 2918 3204 gladio
2939 3129 3065 3203 eius
3085 3127 3434 3214 οωηίεξοδυο
3456 3128 3643 3214 (εοΡῖι-
3665 3130 3729 3191 Ι)-
3758 3144 3796 3214 ³³,
3819 3122 3955 3214 mlo

447 3218 691 3288 ostendi,
721 3219 860 3291 quid
897 3219 1173 3280 faciemus
1208 3223 1315 3281 sub
1360 3226 1503 3282 tanti
1543 3225 1760 3300 judicis
1807 3231 2101 3305 majestate
2125 3230 2154 3290 ?

448 3305 589 3379 quid
617 3308 1006 3367 excusationis
1032 3310 1343 3371 obtendere
1373 3314 1743 3387 poterimus?
1771 3332 1886 3389 qua
1918 3334 2021 3377 nos
2051 3319 2152 3378 de-

448 3394 729 3453 fensionis
776 3403 898 3455 arte
946 3399 1376 3471 purgabimus?
1409 3417 1542 3475 quae
1591 3403 1759 3462 nobis
1801 3406 2154 3466 subventura

451 3489 536 3542 est
584 3485 944 3557 pmnitentia,
972 3502 1150 3561 quam
1180 3489 1243 3547 in
1285 3491 1392 3549 hac
1442 3507 1612 3550 carne
1657 3497 2155 3570 contempsimus?

452 3589 586 3647 quae
615 3591 719 3635 nos
747 3576 1057 3638 defensura
1097 3586 1232 3639 sunt
1257 3597 1429 3655 opera
1463 3583 1630 3657 bona,
1655 3601 1787 3659 qua)
1813 3586 1873 3644 in
1907 3588 2013 3646 hac
2037 3589 2157 3647 vita

451 3676 570 3720 non
606 3663 870 3736 egimus?
907 3666 978 3724 ad
1016 3683 1161 3741 quos
1211 3669 1515 3742 apostolos,
1544 3678 1644 3730 aut
1701 3673 1771 3730 ad
1820 3689 1967 3747 quos
2012 3677 2158 3737 alios

447 3757 673 3811 sanctos
723 3755 1079 3828 oonfugituri
1125 3772 1353 3829 sumus,
1388 3774 1636 3834 quorum
1681 3763 1947 3838 exempla
1981 3764 2154 3824 simul

2233 3223 2353 3297 jam
2383 3238 2416 3278 a
2447 3218 2688 3278 Domino
2722 3233 2832 3276 non
2872 3222 3056 3289 potest
3090 3212 3297 3274 mereri
3336 3229 3469 3288 qua)
3506 3212 3660 3286 petit,
3699 3210 3797 3284 qui
3847 3210 3953 3268 hic

2241 3311 2430 3371 noluit
2468 3306 2612 3365 287
2634 3298 2837 3367 au'dire
2862 3305 3015 3380 quod
3043 3305 3234 3380 jussit.
3258 3305 3309 3363 A
3336 3302 3550 3378 quibus
3574 3300 3730 3358 enim
3747 3299 3954 3357 divina

2242 3418 2354 3462 vox
2385 3402 2448 3459 in
2478 3401 2584 3459 bac
2610 3399 2724 3457 vita
2775 3397 3105 3472 despicitur,
3132 3403 3275 3457 tunc
3324 3394 3463 3454 falsa
3506 3407 3707 3452 eorum
3754 3389 3958 3449 humi-

2242 3492 2373 3550 litas
2408 3506 2543 3548 cum
2586 3488 2850 3564 precibus
2895 3494 3029 3544 ante
3068 3487 3309 3560 januam
3362 3483 3601 3542 veniens
3629 3496 3747 3539 non
3777 3478 3951 3537 audi-

2245 3588 2353 3649 tur,
2386 3579 2481 3638 sed
2513 3577 2727 3635 dicitur
2750 3575 2869 3634 illis
2901 3600 2915 3634 :
2948 3601 2973 3625 α
2999 3574 3203 3633 Nescio
3232 3589 3368 3643 vos;
3410 3573 3503 3642 ite,
3544 3568 3854 3639 maledicti,
3887 3569 3953 3626 in

2242 3671 2440 3742 ignem
2477 3675 2784 3736 aeternum,
2820 3668 2922 3742 qui
2976 3670 3208 3740 paratus
3250 3670 3335 3722 est
3381 3661 3612 3722 diabolo
3641 3666 3695 3718 et
3724 3657 3956 3731 angelis

2243 3763 2371 3836 ejus
2416 3762 2639 3832 (Matth.
2671 3761 2841 3820 XXV).
2880 3779 2901 3809 ι
2938 3755 3008 3813 Et
3045 3756 3258 3813 iterum
3303 3751 3586 3812 Dominus
3632 3765 3733 3823 per
3786 3746 3954 3807 Salo-

449 3855 515 3898 ac
566 3841 737 3901 verba
787 3843 1202 3916 desileximus?
1230 3847 1319 3904 An
1357 3848 1497 3906 forte
1548 3849 1744 3924 aliqua
1780 3866 1841 3908 se
1880 3852 2159 3926 fragilitas
2247 3864 2477 3908 nionem
2507 3848 2681 3907 dicit:
2719 3869 2745 3900 α
2774 3844 3007 3917 Vocavi,
3032 3849 3088 3902 et
3117 3842 3409 3912 renuistis,
3443 3838 3677 3898 extendi
3709 3851 3955 3896 manum

449 3930 705 4002 corporis
739 3933 1081 3992 excusabit?
1120 3934 1230 3994 Sed
1260 3937 1618 3997 excusationi
1647 3954 1846 3998 eorum
1879 3942 2156 4002 reclama-
2249 3955 2455 4009 meam,
2484 3942 2540 3996 et
2587 3952 2705 3995 non
2758 3934 2871 3993 fuit
2906 3935 3008 4009 qui
3034 3933 3310 4007 aspiceret
3343 3950 3357 4001 ;
3390 3926 3732 4004 despexistis
3778 3939 3956 3983 omne

450 4019 600 4078 bunt
637 4023 900 4082 omnium
955 4025 1222 4099 exempla
1280 4032 1631 4100 sanctorum,
1660 4030 1763 4103 qui
1795 4029 2160 4105 fragilitatem
2246 4027 2576 4095 consilium,
2627 4031 2683 4083 et
2739 4023 3159 4098 increpationes
3215 4036 3369 4079 meas
3428 4015 3798 4093 neglexistis;
3847 4026 3956 4105 ego

451 4108 642 4167 carnis
686 4111 746 4167 in
795 4124 963 4169 carne
1014 4112 1324 4182 vincentes,
1361 4130 1497 4190 quas
1545 4102 1805 4176 fecerunt
1845 4102 2045 4191 utique
2073 4119 2160 4176 fa-
2249 4132 2478 4191 quoque
2532 4116 2591 4174 in
2655 4113 2894 4172 interitu
2949 4118 3137 4171 vestro
3191 4110 3409 4176 ridebo,
3449 4115 3503 4166 et
3562 4102 3952 4171 subsannabo,

451 4213 579 4256 cere
637 4215 740 4258 nos
785 4216 949 4274 posse
1002 4202 1363 4275 docuerunt;
1401 4208 1653 4267 maxime
1705 4209 1843 4282 quia
1886 4226 2020 4268 cum
2056 4227 2162 4269 nec
2248 4222 2382 4266 cum
2424 4204 2584 4263 vobis
2629 4202 2683 4261 id
2721 4202 2877 4278 quod
2915 4199 3199 4261 timebatis
3228 4198 3547 4265 advenerit,
3587 4211 3723 4255 cum
3764 4193 3958 4252 irrue—

452 4285 565 4359 ipsi
622 4294 848 4359 peccato
910 4306 1013 4348 sua
1078 4292 1334 4366 virtute,
1382 4295 1481 4353 sed
1533 4294 1760 4353 Domini
1834 4298 2163 4356 miserantis
2251 4298 2326 4357 rit
2363 4296 2663 4371 repentina
2712 4293 3027 4364 calamitas,
3061 4299 3116 4351 et
3144 4290 3414 4350 interitus
3454 4286 3619 4364 quasi
3651 4286 3960 4357 tempestas

450 4376 677 4435 auxilio
720 4378 1068 4451 restiterunt,
1115 4381 1217 4456 qui
1268 4399 1327 4441 se
1379 4389 1436 4441 et
1486 4400 1602 4442 non
1647 4386 2057 4459 quaerentibus,
2100 4385 2579 4469 utningruerit;
2627 4382 2862 4458 quando
2916 4381 3139 4441 venerit
3185 4395 3361 4454 super
3408 4393 3510 4435 vos
3557 4372 3854 4469 tribulatio
3902 4374 3961 4427 et

453 4474 767 4541 quazratur,
808 4474 998 4546 atque,
1037 4478 1102 4530 ut
1132 4442 1211 4531 ‘in
1269 4489 1403 4532 eum
1459 4442 1744 4549 credatur,
1788 4442 2073 4548 ostendit’;
2106 4442 2534 4548 etDancgustia.
2583 4442 2750 4531 Tunc
2788 4469 3144 4529 invocabunt
3200 4482 3311 4537 me,
3347 4472 3403 4523 et
3445 4479 3564 4523 non
3605 4457 3956 4549 exalidiam;

453 4555 748 4616 credentes
783 4557 844 4617 in
885 4575 946 4617 se
983 4576 1054 4619 ne
1092 4577 1125 4619 a
1156 4571 1381 4634 peccato
1422 4547 1751 4633 vincantur,
1785 4564 1999 4624 invicta
2028 4547 2160 4640 pro-
2251 4547 2421 4620 mane
2475 4564 2844 4631 consurgent,
2888 4564 2943 4616 et
2982 4572 3099 4616 non
3149 4555 3582 4640 invenienttne
3620 4552 3795 4640 (Pr_ov.
3827 4547 3884 4640 1).
3928 4567 3952 4598 ι

455 4645 695 4704 tectione
741 4646 1015 4706 defendit.
1055 4632 1205 4719 Quid
1247 4666 1382 4725 ergo
1436 4632 1764 4727 responsuri
1805 4663 1958 4725 sunt,
2003 4632 2050 4712 si
2078 4657 2161 4715 eis
2249 4649 2315 4707 In
2344 4663 2458 4723 quo
2485 4661 2620 4719 ergo
2643 4645 3038 4704 οοῐιίῗάίωὶιεῗ
3068 4643 3169 4702 Ubi
3201 4657 3360 4716 Spem
3395 4634 3778 4727 ἱιί-Ῐίρίεοθῐξάίθ
3806 4632 3960 4727 εει-Π·

454 4733 734 4794 Dominus
760 4736 939 4796 dicat:
967 4736 1024 4796 Si
1046 4739 1334 4812 potuistis,
1362 4756 1541 4815 quare
1563 4756 1675 4799 non
1709 4742 1994 4801 restitistis
2015 4744 2161 4803 desi-

453 4825 627 4883 deriis
681 4830 1086 4899 peccatorum?
1116 4829 1165 4887 si
1219 4846 1331 4889 non
1388 4831 1674 4905 potuistis,
1729 4848 1903 4905 quare
1962 4850 2157 4893 meum

451 4921 650 4973 contra
702 4921 995 4988 peccatum
1048 4933 1163 4976 non
1196 4919 1486 4993 quaesistis
1534 4920 1870 4981 auxilium?
1897 4931 2000 4982 aut
2031 4924 2157 4982 vul-

449 5003 633 5062 nerati
669 5050 685 5075 ,
734 5020 912 5079 quare
964 5007 1297 5079 pceuitendo
1353 5023 1468 5065 non
1525 5008 1874 5069 adhibuistis
1928 5012 2157 5071 vulneri

451 5102 640 5153 vestro
666 5094 1025 5153 remedium?
1050 5095 1329 5170 Nunquid
1343 5096 1414 5154 ad
1439 5097 1562 5156 haec
1587 5113 1698 5157 non
1720 5098 2159 5160 obmutescent?

451 5180 599 5251 Quid
647 5190 841 5241 autem
891 5183 1279 5243 excusationis
1331 5186 1713 5260 respondeant
1744 5204 1859 5247 non
1888 5189 2157 5248 babenti-

450 5268 558 5327 bus
608 5270 787 5328 dicit:
827 5294 853 5320 «
903 5269 1120 5343 Ligatis
1181 5271 1449 5332 manibus
1508 5281 1563 5333 et
1609 5275 1895 5349 pedibus,
1953 5276 2156 5334 mittite

2249 4738 2320 4796 tis
2363 4720 2707 4795 habemus?
2762 4732 3030 4807 nunquid
3084 4731 3149 4790 in
3206 4728 3589 4804 pecuniarum
3644 4720 3955 4793 thesauris,

2246 4839 2392 4900 quos
2446 4823 2507 4881 in
2548 4837 2681 4881 arca
2727 4818 3145 4881 recondimus?
3195 4815 3465 4892 nunquid
3501 4813 3565 4872 in
3609 4810 3955 4870 divitiarum

2244 4911 2577 4980 afﬂuentia,
2640 4926 2785 4984 quas
2835 4910 3185 4968 intrinsecus
3243 4905 3427 4973 vacui,
3488 4902 3637 4961 male
3692 4900 3955 4959 exterius

2244 5000 2655 5077 possidemus?
2690 5000 2801 5061 Sed
2852 4999 2986 5079 audi
3045 4996 3323 5058 Jacobum
3368 4993 3710 5070 apostolum,
3745 4990 3953 5067 quanti

2242 5093 2474 5152 divitias
2525 5092 2832 5151 hominum
2872 5091 3059 5161 faciat,
3102 5088 3252 5163 quod
3293 5086 3562 5145 meritum
3612 5083 3672 5142 in
3707 5089 3953 5141 terrena

2242 5180 2579 5240 substantiis
2633 5180 2991 5255 possessione
3040 5177 3391 5238 constituat:
3450 5197 3471 5225 α
3504 5172 3692 5245 Agite,
3733 5166 3947 5244 inquit,

2243 5288 2400 5331 nunc
2440 5272 2668 5343 divites,
2705 5278 2758 5330 et
2802 5270 3037 5346 plorate,
3075 5267 3366 5327 ululantes
3410 5265 3469 5323 in
3517 5260 3764 5321 miseriis
3810 5275 3947 5332 quae

451 5370 546 5414 eos
597 5358 657 5415 in
706 5360 971 5418 tenebras
1012 5358 1327 5419 exteriores
1361 5385 1373 5419 :
1403 5360 1486 5419 ibi
1532 5363 1640 5421 erit
1669 5364 1838 5423 ﬂetus
1864 5370 1919 5422 et
1948 5364 2156 5424 stridor
2239 5364 2547 5423 advenient
2596 5364 2801 5433 vobis;
2847 5362 3069 5422 divitia:
3103 5367 3305 5418 vestrae
3337 5357 3673 5432 putrefactas
3702 5359 3856 5424 sunt,
3892 5358 3950 5411 et

451 5444 710 5506 dentium
767 5451 988 5521 (Matth.
1025 5454 1202 5519 XXII).
1250 5470 1271 5499 ι
1330 5449 1701 5526 Consequens
1760 5459 1862 5524 est,
1918 5461 1983 5512 ut
2036 5453 2156 5513 illic
2240 5456 2583 5515 vestimenta
2629 5462 2815 5515 vestra
2854 5470 2889 5513 a
2936 5452 3107 5511 tineis
3144 5456 3392 5510 comesta
3429 5454 3606 5519 sunt;
3647 5459 3859 5506 aurum
3891 5452 3951 5504 et

450 5533 649 5596 dentes
699 5538 993 5613 strideant,
1048 5540 1154 5617 qui
1215 5539 1312 5600 hic
1356 5540 1427 5599 de
1477 5540 1752 5604 edacitate
1804 5544 2146 5620 gaudebant.
2237 5553 2540 5621 argentum
2592 5553 2852 5606 vestrum
2894 5540 3257 5618 wruginavit,
3309 5545 3366 5600 et
3401 5552 3614 5613 aerugo
3640 5549 3842 5596 eorum
3879 5535 3942 5593 in
