4170 6450
200 384 306 445 481

1449 372 1676 442 LIBER
1716 370 2081 448 OCTAVUS,
2123 366 2471 439 EPIST.DX.

3608 386 3683 446 48

200 504 603 568 testimonium
629 502 792 563 vobis
818 503 944 576 erit,
971 512 1026 564 et
1057 503 1426 564 manducabit
1463 518 1663 562 carnes
1700 499 2134 560 vestrasAruet
2189 500 2252 559 in
2307 500 2528 561 malum
2587 502 2761 575 (Prov.
2810 503 3040 575 XXVIII).
3103 527 3129 555 ιο
3189 503 3468 578 Legimus
3524 516 3716 568 autem

199 597 350 657 sicut
379 593 538 670 ignis
567 613 580 652 :
616 592 1044 651 thesaurizastis
1081 592 1239 651 enim
1265 591 1430 650 vobis
1454 591 1599 649 iram
1635 589 1697 647 in
1723 588 1918 648 novis-

201 683 366 743 simis
403 681 628 740 diebus.
671 706 696 730 ι»
752 682 821 739 Et
850 680 1025 755 paulo
1050 687 1215 754 post:
1254 703 1273 731 ι
1306 679 1537 753 Epulati
1574 677 1712 736 estis
1749 693 1923 751 super

203 784 435 843 terram,
465 780 520 829 et
574 771 633 829 in
693 770 950 829 luxuriis
1003 770 1302 829 enutristis
1346 769 1513 828 corda
1556 775 1741 826 vestra
1784 768 1914 837 (Jac.

204 870 289 934 vi.
330 891 346 910 ιι
385 863 492 921 Eat
535 877 687 919 nunc
721 860 929 919 infelix
969 860 1163 930 homo,
1188 867 1241 918 et
1279 861 1466 918 ﬂuxui
1508 858 1756 919 carnalis
1790 856 1923 914 ille.-

203 953 392 1011 cehrze
418 949 707 1009 enerviter
744 950 926 1019 cedat,
957 966 1129 1024 quem
1177 950 1542 1023 postmodum
1586 948 1922 1005 barathrum

204 1040 552 1116 gehennalis
600 1038 856 1096 incendii
916 1039 1248 1112 pestilenter
1291 1037 1611 1109 absorbeat,
1637 1037 1694 1094 in
1728 1034 1921 1093 corni-

206 1130 316 1188 bus
346 1144 407 1187 se
431 1127 724 1201 superbiae
751 1141 908 1185 nunc
938 1131 1269 1199 arroganter
1300 1124 1562 1193 extollat,
1601 1131 1664 1182 ut
1697 1132 1833 1182 tunc
1860 1123 1922 1180 in

206 1228 426 1279 aeterna
489 1223 674 1276 morte
717 1217 1060 1276 constrictus
1102 1215 1507 1275 immortaliter
1557 1216 1732 1273 vivat.
1773 1214 1922 1285 Quid

206 1309 367 1367 enim
405 1306 654 1382 prodest,
689 1306 738 1364 si
776 1306 948 1364 hodie
987 1312 1147 1363 satur
1183 1312 1401 1364 eructet
1437 1304 1497 1362 in
1533 1303 1837 1373 convivio;
1870 1311 1925 1360 et

205 1413 333 1456 cras
372 1401 624 1454 marceat
670 1393 881 1452 fetidus
924 1393 990 1451 in
1035 1393 1345 1468 sepulcro?
1387 1391 1535 1462 Quid
1569 1392 1755 1466 juvat,
1785 1390 1831 1447 si
1864 1405 1926 1448 se

205 1484 381 1543 hodie
435 1482 739 1557 purpureis
790 1482 1047 1540 vestibus
1093 1480 1321 1551 induat,
1349 1486 1405 1537 et
1448 1494 1573 1537 cras
1615 1493 1832 1553 pauper
1872 1483 1927 1535 et

207 1572 408 1632 nudus
455 1572 529 1629 ad
574 1570 804 1630 inferna
841 1568 1196 1628 descendat?
1229 1569 1380 1637 Heu,
1432 1568 1570 1637 heu,
1609 1566 1751 1640 quid
1793 1570 1929 1623 tunc

205 1662 403 1721 dicent
454 1661 672 1731 miseri,
706 1676 835 1719 cum
881 1676 943 1719 se
989 1659 1240 1718 viderint
1285 1667 1340 1717 et
1388 1658 1542 1717 bona
1592 1654 1928 1729 temporalia

208 1747 735 1824 irrecuperabiliter
789 1747 1073 1817 amisisse,
1123 1752 1180 1805 et
1253 1746 1404 1804 mala
1474 1744 1585 1804 sibi
1650 1752 1928 1819 perpetua

2011 589 2150 661 quia
2189 606 2358 649 nemo
2403 597 2585 664 potest
2636 591 2922 665 corrigere
2963 609 3134 664 quem
3189 592 3344 652 Deus
3393 596 3723 669 despexerit

2013 681 2238 746 (Eccles.
2272 682 2397 752 vn).
2430 680 2619 739 Homo
2646 680 2932 753 siquidem
2964 682 3187 740 homini
3233 683 3482 742 inaniter
3528 687 3719 759 loqui-

2012 777 2126 841 tur,
2163 771 2209 828 si
2239 786 2338 843 per
2370 772 2740 843 semetipsum
2784 771 2937 830 Deus
2975 772 3222 831 interius
3263 790 3381 832 non
3430 775 3715 849 loquatur.

2011 859 2098 916 Tu
2157 859 2735 930 autem,charissime
2774 860 2968 932 frater,
3020 861 3346 921 secundum
3394 865 3720 937 prudentiae

2011 952 2126 1005 tuae
2154 947 2459 1020 ingenium
2492 947 2596 1005 tibi
2616 949 2896 1007 divinitus
2926 949 3145 1018 datum,
3176 950 3353 1009 vitam
3389 960 3547 1011 tuam
3573 955 3716 1014 sub-

2014 1034 2188 1093 tiliter
2239 1034 2479 1107 discute,
2517 1038 2659 1094 facta
2716 1043 2811 1095 tua
2858 1053 3082 1110 semper
3130 1048 3265 1098 ante
3305 1041 3500 1100 oculos
3549 1058 3713 1115 pone.

2009 1120 2113 1179 Dei
2134 1122 2421 1193 judicium
2466 1125 2834 1195 pertimesce;
2866 1124 3062 1197 sicque
3095 1132 3148 1184 te
3178 1129 3437 1202 undique
3476 1128 3719 1188 sollicita

2009 1215 2339 1288 provisione
2399 1215 2793 1289 circumspice,
2850 1225 2914 1276 ut
2962 1233 3095 1276 cum
3151 1220 3335 1292 judex
3400 1222 3716 1292 advenerit,

2011 1318 2131 1369 non
2161 1303 2564 1371 dormientem,
2595 1305 2691 1362 sed
2736 1305 3093 1379 vigilantem,
3125 1314 3181 1364 et
3210 1324 3326 1367 non
3356 1325 3491 1367 cum
3522 1310 3714 1380 fatuis,

2011 1392 2109 1450 sed
2149 1408 2286 1449 cum
2326 1392 2710 1466 prudentibus
2748 1398 2801 1451 te
2841 1394 3025 1452 valeat
3063 1393 3384 1469 virginibus
3434 1397 3717 1470 invenire,

2011 1490 2301 1556 quatenus
2351 1482 2493 1539 dum
2551 1497 2711 1540 nunc
2757 1481 2882 1555 ipse
2920 1488 3055 1540 tuus
3087 1482 3267 1554 judex
3305 1484 3566 1557 eﬁiceris,
3617 1502 3722 1543 ne-

2013 1585 2305 1645 quaquam
2328 1570 2695 1644 postmodum
2712 1569 2991 1643 judiceris
3018 1594 3030 1627 :
3061 1578 3119 1628 et
3144 1580 3282 1630 tunc
3301 1571 3446 1630 nihil
3479 1574 3747 1632 omnino-

2015 1660 2235 1727 timeas,
2269 1659 2374 1733 qui
2427 1660 2595 1718 modo
2646 1658 2846 1716 timere
2889 1674 3006 1717 non
3041 1675 3248 1717 cessas.
3283 1658 3391 1719 Sed
3445 1662 3722 1733 quoniam

2012 1748 2163 1822 apud
2199 1755 2252 1806 te
2282 1748 2414 1822 plus
2446 1748 2684 1807 forsitan
2713 1747 2950 1821 proficio
2976 1748 3161 1806 Deum
3200 1749 3504 1821 precando,
3545 1766 3721 1824 quam

209 1837 628 1898 inevitabiliter
679 1834 1035 1895 imminere?
1065 1835 1208 1906 Qua)
1251 1841 1387 1893 tunc
1434 1833 1553 1892 illis
1596 1848 1760 1891 mens
1795 1833 1922 1904 erit,
1944 1855 1992 1915 Β
2021 1846 2070 1898 te
2095 1838 2483 1914 praedicando,
2526 1838 2895 1911 omnipotens
2934 1838 3090 1897 Deus
3129 1846 3201 1909 te,
3243 1839 3414 1897 frater
3448 1840 3722 1899 charissi-

208 1942 344 1986 cum
402 1924 659 1984 viderint
708 1932 937 1998 tempus
987 1923 1355 1998 acceptabile,
1409 1928 1464 1981 et
1512 1922 1665 1980 diem
1724 1921 1925 1979 salutis

209 2021 288 2089 (II
313 2020 437 2076 Cor.
469 2020 552 2084 V1)
581 2015 812 2089 penitus
849 2013 1150 2073 eﬂluxisse
1176 2022 1227 2072 et
1255 2012 1404 2072 illud
1443 2018 1670 2085 tempus
1706 2010 1926 2080 adesse,

211 2109 275 2167 in
329 2121 450 2182 quo
506 2106 653 2164 nihil
702 2105 838 2165 boni
897 2106 1100 2177 facere,
1133 2103 1365 2163 nullum
1412 2100 1751 2178 perditionis
1805 2114 1927 2158 suae

212 2195 535 2255 remedium
593 2194 828 2252 valeant
879 2193 1192 2252 invenire?
1245 2191 1429 2262 Quam
1488 2203 1683 2247 amara
1724 2202 1928 2246 eorum

211 2282 589 2352 conscientia,
635 2297 810 2356 quam
859 2281 1073 2340 ﬂebilis
1120 2296 1320 2340 eorum
1366 2277 1574 2353 poterit
1618 2291 1740 2334 esse
1786 2290 1923 2349 que-

216 2370 374 2430 relal
408 2395 436 2423 α
467 2370 635 2430 Tunc
685 2370 865 2442 enim,
916 2370 1064 2430 sicut
1114 2368 1384 2429 Salomon
1433 2364 1657 2436 fatetur,
1704 2366 1924 2435 ﬂentes,

212 2467 271 2521 et
308 2476 431 2535 pra:
467 2460 739 2535 angustia
777 2460 1014 2533 spiritus
1049 2463 1368 2533 gementes,
1409 2456 1600 2514 dicent
1639 2474 1652 2513 :
1694 2453 1929 2513 Erravi-

214 2565 348 2609 mus
377 2566 412 2607 a
437 2549 531 2607 via
543 2548 823 2619 veritatis,
853 2553 910 2606 et
925 2546 1167 2620 justitiae
1192 2546 1387 2604 lumen
1416 2560 1533 2603 non
1562 2543 1715 2602 luxit
1741 2543 1928 2614 nobis,

214 2643 270 2697 et
306 2638 394 2697 sol
436 2637 846 2712 intelligentiae
882 2653 998 2696 non
1034 2643 1118 2695 est
1165 2645 1325 2695 ortus
1376 2634 1561 2706 nobis,
1592 2633 1784 2692 lassati
1829 2650 1926 2692 su-

219 2742 350 2786 mus
378 2726 442 2785 in
474 2727 573 2786 via
598 2726 920 2803 iniquitatis
951 2732 1006 2784 et
1024 2724 1385 2801 perditionis,
1418 2732 1475 2782 et
1502 2722 1932 2783 ambulavimus

218 2817 344 2876 vias
404 2816 691 2887 difﬁciles,
752 2817 906 2875 viam
969 2823 1164 2876 autem
1222 2815 1453 2873 Domini
1509 2808 1928 2888 ignoravimus.

218 2903 370 2975 Quid
421 2905 591 2964 nobis
644 2905 861 2980 profuit
909 2906 1199 2979 superbia,
1256 2910 1359 2963 aut
1403 2903 1545 2977 quid
1595 2902 1930 2961 divitiarum

214 2994 489 3069 jactantia
513 2994 758 3053 contulit
785 2994 949 3053 nobis
978 2996 1002 3050 ?
1032 2994 1412 3053 Transierunt
1445 2992 1642 3051 omnia
1667 2992 1766 3049 illa
1804 2999 1930 3050 tan-

221 3098 399 3157 quam
458 3084 688 3155 umbra,
717 3090 774 3142 et
822 3090 1098 3161 tanquam
1154 3084 1401 3142 nuntius
1458 3098 1836 3156 praecurrens,
1880 3086 1934 3139 et

2017 1944 2130 1998 me,
2161 1936 2215 1985 et
2246 1942 2404 1984 nunc
2442 1927 2503 1984 in
2542 1927 2696 1984 viam
2729 1926 2970 1998 justitize
3008 1926 3450 1987 misericorditer
3489 1928 3721 2003 dirigat,

2018 2022 2072 2073 et
2100 2016 2160 2073 in
2189 2013 2486 2072 tremendo
2532 2028 2639 2073 suo
2667 2013 2887 2088 judicio
2918 2030 3054 2073 cum
3083 2013 3279 2073 electis
3313 2015 3383 2073 ad
3422 2016 3720 2076 dexteram

2015 2103 2217 2179 positis
2244 2109 2459 2178 partem
2493 2103 2703 2162 habere
2731 2104 3019 2162 concedat.

2600 2200 2983 2263 ‘EPISTOLA
3012 2203 3111 2262 IX.

2442 2304 2520 2351 AD
2544 2304 2906 2353 BONIFACIUM
2937 2307 3311 2358 CAUSIDICUM.

2311 2379 2570 2452 (Habetur
2593 2387 2720 2441 tom.
2750 2387 2849 2447 III,
2884 2390 3070 2455 estque
3106 2401 3289 2457 opusc.
3332 2386 3442 2458 58.)

2642 2479 3010 2539 EPISTULA
3033 2482 3102 2541 X.

2383 2580 2460 2625 Al)
2489 2580 2759 2628 MOHICUM
2785 2581 2984 2628 LEGUM
3012 2581 3342 2629 DOCTOREM.

2019 2660 2467 2719 ARGUMENTUM.
2498 2690 2564 2700 —
2594 2657 2874 2733 Hortatur
2895 2665 3015 2715 uta
3037 2660 3292 2733 perjurio
3310 2666 3524 2728 caveat,
3548 2659 3725 2733 quod,

2092 2737 2156 2803 ut
2182 2738 2450 2803 praestare
2475 2730 2674 2802 possit,
2700 2728 2919 2803 suadet,
2948 2737 3009 2803 ut
3028 2728 3061 2786 ᾗ
3084 2728 3463 2803 jurejurando
3489 2728 3730 2791 omnino

2092 2800 2404 2882 abstineat,
2435 2800 2675 2882 remque
2724 2800 3305 2882 ipsammsimpliciter,
3333 2802 3731 2882 juxta__evan-

2093 2872 2333 2945 gelicam
2374 2870 2841 2945 doctrinam,__aut
2864 2870 3128 2945 afﬁrmet,
3154 2881 3255 2945 aut
3284 2870 3469 2945 neget.
3507 2873 3730 2933 Deinde

2092 2941 2165 3016 ad
2195 2942 2579 3016 eleemosynaa
2598 2941 3053 3016 studiumillum
3076 2941 3441 3016 inﬂammare
3463 2954 3726 3015 conatur,

2093 3015 2237 3073 dum
2275 3013 2571 3142 utiltitates,
2602 3029 2746 3086 quas
2775 3013 2974 3071 eadem
3004 3014 3127 3072 suis
3155 3014 3509 3074 amatoribus
3545 3013 3731 3084 affert,

2093 3100 2368 3142 enumera
2401 3131 2411 3142 .

2093 3100 2411 3144 enumerat.

224 3178 496 3268 tanquam
541 3174 723 3246 navis,
764 3191 896 3268 quae
929 3173 1251 3268 pertransit
1288 3173 1662 3268 ﬂuctuantem
1698 3188 1928 3268 aquam,
1956 3208 2001 3268 α
2106 3171 2251 3230 289
2280 3173 2764 3268 DomnoMonIco
2802 3174 3251 3248 prudentissimo
3285 3174 3466 3248 judici
3503 3174 3730 3234 PETRUS

220 3260 409 3334 cujus,
452 3276 588 3320 cum
628 3263 989 3336 prmterierit,
1034 3280 1147 3321 non
1182 3267 1268 3319 est
1297 3260 1603 3333 vestigium
1644 3260 1930 3331 invenire,

218 3366 409 3424 neque
446 3351 711 3410 semitam
751 3352 963 3411 carinas
1002 3352 1163 3410 illius
1199 3351 1261 3408 in
1303 3349 1614 3422 ﬂuctibus;
1657 3358 1757 3409 aut
1803 3356 1934 3408 tan-

219 3456 398 3514 quam
458 3441 607 3513 avis,
647 3457 785 3515 quae
845 3439 1261 3516 pertransvolat
1311 3439 1373 3497 in
1435 3456 1648 3512 aerem,
1703 3439 1934 3499 nullum

221 3528 525 3589 invenitur
577 3537 990 3603 argumentum
1035 3530 1259 3589 itineris
1310 3526 1498 3600 illius,
1559 3529 1654 3586 sed
1715 3534 1935 3586 tantum

224 3620 449 3680 sonitus
476 3626 565 3678 est
587 3612 818 3680 alarum
848 3621 1158 3680 verberans
1187 3620 1373 3678 levem
1402 3627 1667 3690 ventum,
1701 3626 1755 3678 et
1783 3620 1937 3678 scin-

225 3710 370 3769 dens
420 3705 567 3764 288
607 3724 707 3780 per
757 3709 911 3767 viam
949 3709 1173 3769 itineris
1219 3726 1432 3782 aerem,
1481 3710 1781 3769 commotis
1828 3708 1937 3767 alis

228 3796 632 3868 transvolavit,
666 3804 722 3856 et
757 3804 884 3872 post
920 3798 1030 3857 hoc
1075 3798 1308 3858 nullum
1357 3799 1589 3872 signum
1640 3797 1941 3856 invenitur

226 3886 453 3946 itineris
489 3886 617 3959 ejus
651 3910 664 3945 :
709 3893 811 3947 aut
849 3896 1122 3962 tanquam
1161 3890 1362 3963 sagitta
1400 3888 1609 3947 emissa
1648 3888 1707 3945 in
1746 3886 1938 3945 locum

228 3974 605 4043 destinatum,
647 3976 872 4035 divisus
908 3993 1005 4035 aer
1043 3977 1318 4035 continuo
1348 3977 1408 4034 in
1443 3992 1503 4034 se
1536 3975 1797 4034 reclusus
1833 3980 1936 4045 est,

230 4070 287 4123 et
318 4064 622 4139 ignoratur
661 4065 938 4125 transitus
974 4064 1169 4136 illius;
1200 4067 1283 4125 sic
1305 4070 1360 4124 et
1388 4081 1496 4124 nos
1519 4064 1639 4125 nati
1665 4064 1940 4124 continuo

231 4155 554 4213 desivimus
590 4170 742 4226 esse,
770 4162 826 4212 et
862 4154 1093 4214 virtutis
1141 4154 1377 4229 quidem
1426 4153 1658 4229 signum
1706 4152 1939 4213 nullum

230 4242 534 4303 valuimus
592 4243 932 4315 ostendere;
985 4245 1046 4302 in
1100 4244 1459 4318 malignitate
1512 4243 1703 4302 autem
1746 4248 1942 4302 nostra

2024 3270 2284 3336 peccator
2306 3262 2626 3321 monachus
2656 3262 2900 3321 salutem
2928 3263 2993 3321 in
3024 3262 3291 3322 Domino.

2096 3350 2241 3420 Quia
2278 3350 2525 3409 debilem
2579 3357 2649 3421 te,
2700 3350 3095 3423 dilectissime,
3139 3367 3205 3409 ac
3253 3359 3477 3410 teneros
3526 3367 3730 3412 nervos

2024 3438 2316 3497 interioris
2365 3439 2622 3497 hominis
2663 3439 2778 3497 tuis
2818 3437 3135 3496 visceribus
3181 3439 3373 3497 inesse
3415 3441 3726 3514 conspicio,

2026 3524 2277 3598 plurima
2334 3523 2764 3598 Scripturarum
2820 3529 3098 3597 praecepta
3154 3532 3452 3597 praetereo,
3491 3540 3556 3581 ac
3599 3540 3725 3598 per-

2026 3612 2171 3672 exili
2226 3613 2365 3672 falce
2404 3619 2725 3682 contentus,
2759 3627 2931 3682 grave
2981 3611 3202 3685 pondus
3248 3612 3367 3671 tuis
3410 3612 3732 3672 cervicibus

2027 3717 2147 3760 non
2187 3701 2440 3775 impono.
2495 3701 2586 3774 Et,
2618 3708 2683 3759 ut
2716 3699 2888 3759 rebus
2944 3700 3085 3774 ipsis
3138 3699 3443 3758 verborum
3500 3716 3736 3776 quoque

2028 3791 2441 3866 compendium
2485 3796 2784 3863 congruat,
2810 3790 2937 3848 haec
2980 3790 3179 3848 eadem
3229 3805 3429 3865 pauca,
3457 3806 3592 3865 quae
3636 3793 3736 3866 ju-

2029 3879 2157 3953 beo,
2204 3879 2490 3938 succincta
2538 3877 2925 3936 nihilominus
2971 3877 3247 3937 brevitate
3284 3879 3628 3954 perstringo,
3673 3884 3740 3938 ut

2030 3984 2205 4043 quem
2230 3982 2469 4041 gravare
2495 3973 2690 4025 metuo
2723 3966 3073 4040 ponderibus
3117 3983 3330 4038 rerum,
3363 3967 3426 4026 in
3460 3968 3566 4026 hoc
3590 3982 3738 4042 quo-

2031 4074 2144 4132 que
2175 4054 2455 4115 debilitati
2495 4061 2614 4112 tuae
2656 4053 3017 4128 prospiciam,
3048 4055 3189 4114 dum
3232 4062 3360 4115 utor
3398 4055 3570 4114 etiam
3605 4056 3736 4115 bre-

2032 4146 2207 4204 vitate
2268 4158 2624 4201 sermonum.
2689 4141 2902 4200 Hortor
2971 4143 3167 4215 igitur,
3239 4142 3633 4215 dilectissime,
3686 4151 3741 4202 et

2032 4233 2368 4293 charitatem
2438 4240 2597 4291 tuam
2675 4236 3001 4290 reverenter
3079 4230 3383 4304 admoneo,
3453 4239 3745 4306 quatenus

230 4331 564 4406 consumpti
620 4348 825 4391 sumus
884 4335 1040 4405 (Sap.
1103 4340 1186 4402 V).
1241 4356 1261 4383 ι
1320 4331 1481 4390 Talia
1535 4331 1818 4391 dixerunt
1879 4331 1941 4388 in
2035 4331 2090 4394 et
2130 4322 2500 4396 juramentis,
2534 4335 2667 4394 quae
2712 4335 2746 4377 a
2799 4319 2917 4378 tuis
2967 4319 3407 4393 corregionariis
3464 4320 3744 4394 sacrilego

230 4422 466 4481 inferno
494 4422 537 4480 ii
567 4423 668 4500 qui
699 4430 1100 4497 peccaverunt,
1129 4424 1406 4497 quoniam
1443 4437 1576 4497 spes
1611 4421 1775 4494 impii
1813 4426 1942 4478 tan-
2036 4413 2150 4470 ritu
2212 4412 2665 4500 frequentantur,
2712 4408 3000 4468 abstineas
3043 4416 3098 4500 et
3145 4409 3546 4500 indigentibus
3580 4408 3749 4468 refri-

234 4529 413 4590 quam
449 4497 663 4589 lanugo
709 4521 813 4584 est,
850 4530 987 4589 qua,
1021 4530 1053 4571 θ
1092 4523 1262 4572 vento
1303 4513 1541 4583 ιοιιίίιιιι,
1572 4519 1628 4570 et
1670 4518 1941 4586 umquam
1967 4501 2192 4590 hgeria
2234 4498 2581 4567 ministrare,
2616 4498 2673 4556 in
2721 4503 3004 4571 quantum
3046 4497 3304 4590 facultas
3324 4497 3594 4590 suppetit,
3626 4512 3744 4590 non

233 4565 983 4677 SQEEaEEEﬁisIHLaE:
1303 4565 2265 4676 dispergitur,m(a—t1tan:Domittas
2317 4592 2408 4651 Ab
2460 4565 2581 4649 uno
2631 4565 2809 4663 igitur
2865 4590 3070 4649 horum
3122 4596 3174 4647 te
3224 4565 3490 4649 velut'a'b
3532 4565 3747 4646 hiantis

234 4709 411 4768 quam
454 4693 677 4764 fumus,
706 4692 807 4766 qui
846 4708 881 4750 a
915 4698 1088 4749 vento
1125 4691 1374 4750 diffusus
1419 4696 1523 4759 est,
1565 4694 1622 4745 et
1667 4695 1943 4761 tanquam
2034 4682 2289 4742 barathri
2360 4680 2760 4741 submersione
2814 4679 3130 4754 prohibeo;
3187 4678 3259 4735 ad
3314 4677 3494 4735 alium
3552 4682 3746 4735 autem

236 4783 520 4843 memoria
545 4781 788 4856 hospitis
817 4780 997 4841 unius
1027 4780 1140 4839 diei
1169 4780 1587 4854 praetereuntis.

306 4871 528 4930 Idcirco
577 4876 792 4942 autem,
842 4868 1198 4939 charissime,
1248 4883 1361 4927 non
1419 4876 1536 4926 tam
1588 4883 1717 4926 mea
1771 4866 1948 4926 verba

234 4976 411 5036 quam
468 4961 613 5019 sacri
656 4957 873 5035 eloquii
917 4957 1025 5015 tibi
1071 4956 1340 5031 exempla
1379 4972 1656 5031 propono,
1702 4962 1767 5014 ut
1815 4962 1870 5013 et
1899 4955 1950 5012 si

238 5065 330 5110 me
352 5050 564 5110 rustice
602 5049 931 5123 loquentem
972 5047 1145 5122 digne
1183 5047 1355 5120 possit
1403 5048 1706 5120 prudentia
1761 5053 1951 5105 vestra

237 5141 549 5216 despicere,
580 5140 672 5199 vel
700 5145 1031 5199 sanctorum
1073 5139 1398 5196 testimonia
1438 5138 1721 5197 divinitus
1766 5137 1946 5210 inspi-

240 5238 359 5289 rata
405 5246 522 5290 non
577 5229 920 5302 dedignetur
966 5227 1187 5286 audire.
1224 5225 1343 5283 Has
1376 5228 1571 5300 igitur,
1612 5227 1786 5285 frater
1816 5227 1947 5283 cha-

241 5318 489 5389 rissime,
533 5318 843 5392 pluresque
881 5317 1024 5375 alias
1061 5330 1236 5373 sacrae
1276 5313 1592 5388 Scriptura;
1644 5313 1954 5372 sententias

242 5406 394 5465 intra
422 5406 634 5465 mentis
666 5411 783 5465 tute
814 5405 1129 5463 armarium
1171 5402 1394 5476 collige,
1427 5418 1563 5477 quae
1600 5404 1752 5460 inter
1782 5403 1956 5460 falsas

249 5495 452 5554 mundi
498 5494 733 5553 divitias
791 5494 1081 5553 salubrem
1146 5491 1249 5550 tibi
1303 5492 1531 5549 valeant
1584 5492 1952 5550 formidinem

247 5597 539 5656 generare.
579 5581 652 5640 Ut
689 5583 846 5640 enim
878 5581 1147 5641 Salomon
1175 5580 1288 5637 ait:
1322 5603 1349 5628 α
1380 5576 1592 5636 Beatus
1631 5578 1823 5647 homo,
1854 5577 1955 5650 qui

247 5687 475 5747 semper
527 5678 612 5730 est
638 5670 916 5745 pavidus;
953 5671 1052 5743 qui
1088 5685 1220 5726 vero
1248 5667 1454 5727 mentis
1482 5672 1565 5725 est
1588 5664 1776 5737 dura),
1827 5680 1951 5723 cor~

2039 4779 2311 4847 tanquam
2336 4770 2407 4829 ad
2437 4785 2626 4828 arcem
2653 4776 2825 4844 atque
2862 4769 3154 4840 fastigium
3196 4765 3510 4825 salutiferae
3549 4767 3746 4825 muni-

2041 4860 2213 4919 tionis
2248 4860 2507 4935 impello.
2543 4881 2570 4914 ‹‹
2598 4860 2998 4932 Eleemosyna,
3039 4886 3057 4906 -
3095 4856 3402 4931 siquidem,
3436 4863 3499 4916 ut
3539 4856 3752 4915 Tobias

2039 4949 2118 5007 ait
2152 4974 2178 4997 «
2212 4949 2284 5007 ab
2311 4949 2469 5008 omni
2505 4957 2732 5023 peccato
2760 4940 2820 5006 et
2847 4963 2878 5004 a
2913 4952 3094 5004 morte
3133 4945 3356 5017 liberat,
3389 4951 3444 5004 et
3490 4960 3608 5003 non
3647 4961 3750 5019 pa-

2043 5038 2218 5097 tietur
2246 5039 2500 5096 animam
2535 5038 2617 5095 ire
2650 5038 2709 5095 in
2747 5034 3007 5093 tenebras
3050 5036 3195 5107 (Tob.
3229 5039 3330 5108 IV).
3359 5061 3384 5083 ιι
3423 5034 3554 5104 Sed,
3588 5041 3653 5092 ut
3678 5033 3753 5090 de

2037 5127 2406 5200 juramentis,
2440 5129 2591 5185 sicut
2620 5125 2915 5199 praemissa
2953 5128 3112 5189 sunt,
3147 5123 3306 5196 prius
3348 5125 3602 5182 breviter
3628 5121 3750 5179 elo-

2046 5232 2209 5290 quar,
2241 5215 2507 5289 quisquis
2529 5211 2941 5287 jusjurandum
2964 5212 3229 5285 pejerans
3255 5212 3449 5282 violat,
3477 5229 3508 5270 a
3539 5211 3753 5270 Christi

2047 5322 2107 5365 se
2131 5320 2385 5378 corpore,
2418 5303 2583 5376 quasi
2613 5318 2714 5376 per
2743 5301 3029 5377 quoddam
3057 5301 3425 5360 abscissionis
3443 5300 3752 5360 dissidium

2049 5400 2290 5470 separat,
2320 5401 2376 5452 et
2403 5410 2437 5450 a
2466 5390 2877 5467 redemptionis
2904 5393 3177 5451 humanae
3201 5391 3490 5467 mysteriis
3515 5391 3750 5451 alienat.

2051 5484 2193 5544 Nam
2239 5499 2371 5543 cum
2420 5483 2528 5541 hoc
2570 5497 2645 5540 ex
2682 5497 2836 5540 more
2873 5479 3099 5540 dicatur
3138 5481 3212 5539 ab
3257 5481 3360 5539 illo
3402 5480 3506 5554 qui
3542 5482 3703 5556 jurat
3740 5505 3753 5539 :

2048 5575 2161 5633 hoc
2197 5573 2422 5641 faciam,
2468 5572 2557 5629 vel
2602 5577 2753 5629 certe
2797 5586 2914 5628 non
2970 5570 3194 5641 faciam,
3226 5570 3308 5629 sic
3341 5586 3432 5629 me
3460 5569 3613 5630 Deus
3663 5571 3759 5629 ad—

2048 5664 2235 5738 juvet,
2287 5668 2343 5720 et
2390 5661 2561 5734 illud,
2609 5659 2932 5720 secundum
2982 5658 3397 5734 Evangelium;
3456 5660 3567 5718 hoc
3617 5675 3749 5719 cum
