4170 6490
417 348 524 407 483

945 346 1002 404 S.
1047 342 1268 402 PETRI
1310 340 1627 399 DAMIANI
1668 338 1824 398 OPP.
1867 336 2058 399 PARS
2099 335 2240 395 SEU
2280 335 2539 401 TOMUS
2578 338 2623 397 Ι.
2667 368 2732 378 -
2773 334 3006 398 EPIST.
3052 336 3194 394 LIB.
3237 332 3394 393 VIII.

3814 334 3921 394 481

420 470 537 529 Deo
567 470 898 544 interposita
938 466 1264 526 conditione
1297 466 1623 540 paciscitur,
1654 472 1718 522 ut
1754 462 1803 519 si
1842 459 2492 535 promissaAlegatores
2537 462 2838 533 accedunt,
2890 459 3164 520 causidici
3210 465 3597 533 perstrepunt,
3646 466 3920 517 movetur

421 573 532 615 non
565 557 815 630 impleat.
838 573 872 614 a
898 556 1031 622 Deo,
1062 556 1151 613 vel
1176 561 1372 612 sancto
1394 552 1708 623 Evangelio
1734 550 1978 608 ulterius
2008 564 2121 605 non

413 646 670 719 juvetur.
705 645 771 702 Et
804 647 951 704 sicut
985 653 1143 714 tunc,
1175 660 1310 701 cum
1339 643 1602 701 initiatus
1626 650 1707 699 est
1737 641 1983 708 Christo,
2028 654 2126 711 per

418 735 833 791 catecbismum
863 733 1230 790 sacerdotalis
1261 731 1428 789 ofIicii
1460 729 1967 787 abrenuntiaverat
1999 727 2125 785 dia-

420 820 550 879 bolo
573 829 626 878 et
650 822 875 895 pompis
891 823 1034 896 ejus,
1061 823 1135 878 ita
1158 820 1317 880 velut
1338 819 1699 887 retrogradus
1719 834 1785 876 ac
1804 818 2122 889 transfuga,

416 914 499 971 sic
547 913 664 971 Deo
709 921 762 971 et
808 912 1123 985 Evangelio
1162 913 1286 984 ejus
1321 912 1709 979 abrenuntiat,
1750 915 1813 967 ut
1857 910 1917 965 in
1966 923 2122 977 eum,

414 1002 579 1077 quasi
614 1019 734 1060 suae
779 1001 1025 1074 quodam
1082 1001 1482 1059 conventionis
1531 1000 1765 1068 foedere,
1798 998 1868 1054 de
1914 997 2128 1053 findere

420 1106 533 1149 non
571 1090 837 1149 conﬁdat.
867 1090 935 1148 Et
978 1090 1125 1148 sicut
1157 1090 1350 1147 Laban
1388 1090 1540 1147 inter
1569 1104 1629 1145 se
1661 1094 1715 1144 et
1750 1086 1925 1146 Jacob
1967 1101 2127 1142 acer-

417 1196 559 1238 vum
611 1181 795 1251 posuit
842 1179 1121 1252 lapidum,
1158 1188 1211 1237 et
1244 1178 1567 1235 interclusit
1596 1178 1937 1234 alterutrum
1981 1189 2127 1246 pras-

413 1270 670 1327 cavendo
707 1278 961 1327 meatum
1005 1272 1159 1337 (Gen.
1209 1272 1406 1335 XXXI),
1440 1267 1522 1324 sic
1562 1267 1667 1323 iste
1704 1262 2130 1338 quodaminodo

416 1357 566 1415 inter
593 1374 651 1415 se
678 1366 731 1415 et
760 1355 942 1415 Deum
973 1358 1133 1430 ponit
1160 1355 1495 1413 mentiendo
1534 1353 1876 1427 perjurium.
1929 1351 2148 1423 Signat‘

417 1446 724 1502 adversum
762 1460 822 1502 se
864 1445 1079 1501 librum
1118 1442 1439 1514 Evangelii,
1476 1450 1540 1500 ut
1578 1457 1711 1498 eum
1756 1439 1977 1512 aperire
2015 1454 2128 1496 non

422 1533 617 1604 possit,
672 1533 811 1590 dum
846 1535 997 1589 inter
1031 1547 1090 1589 se
1128 1539 1181 1588 et
1224 1531 1366 1588 illud
1400 1545 1631 1587 omnem
1664 1527 1865 1585 salutis
1907 1527 2130 1584 aditum

418 1619 774 1677 intercludit.
808 1620 888 1678 De
916 1635 1033 1692 quo
1061 1618 1326 1676 videlicet
1357 1619 1501 1676 libro
1527 1634 1625 1690 per
1653 1616 1859 1674 Isaiam
1884 1617 2125 1674 dicitur:

421 1731 448 1759 ιι
487 1708 567 1765 Et'
595 1708 702 1765 erit
736 1707 901 1766 vobis
942 1709 1089 1765 visio
1127 1708 1414 1767 omnium.
1459 1707 1610 1764 sicut
1662 1706 1832 1763 verba
1877 1706 2008 1762 libri
2060 1705 2132 1761 si-

2211 555 2472 626 quanstio,
2520 553 2811 611 calumnia
2858 552 2979 610 litis
3023 552 3363 622 intenditur,
3394 552 3468 609 ab
3498 549 3921 610 obsistentibus

2213 642 2454 699 intentio
2500 651 2843 701 removetur.
2897 641 3151 699 Tandem
3201 642 3354 698 inter
3401 648 3587 714 partes
3639 640 3921 697 alterutra

2211 730 2617 789 deliberatione
2645 730 2916 789 convenit
2945 737 3009 788 ut
3043 728 3341 802 presbyter
3383 727 3643 803 quidam,
3674 727 3777 802 qui
3806 728 3927 787 viri

2211 827 2405 876 contra
2455 835 2758 892 germanas
2802 822 2988 878 fautor
3033 825 3171 889 erat,
3206 833 3265 874 se
3309 818 3561 875 defuncti
3615 817 3790 890 patris
3835 817 3929 876 in-

2213 908 2475 966 terfuisse
2504 909 2724 983 judicio
2774 909 3124 982 perhiberet,
3154 907 3571 983 jusjurandum
3599 908 3778 973 daret,
3809 907 3927 965 sic-

2212 1013 2324 1069 que
2347 998 2657 1056 decisionis
2686 998 2976 1056 calculum
3008 1013 3181 1055 causa
3227 996 3542 1068 susciperet
3570 1011 3929 1069 omnemque

2212 1088 2658 1145 controversiam
2713 1088 2890 1146 unius
2936 1086 3189 1146 hominis
3225 1085 3618 1144 testimonium
3656 1083 3931 1157 consopi-

2213 1183 2315 1232 ret.
2349 1176 2616 1249 Cumque
2652 1177 2948 1249 presbyter
2985 1190 3086 1248 pro
3132 1175 3258 1232 viro
3299 1182 3498 1232 contra
3542 1174 3790 1233 feminas
3824 1175 3929 1247 ju-

2214 1270 2442 1322 raturus
2479 1267 2789 1334 accederet,
2819 1267 3059 1339 jamque
3103 1279 3344 1321 manum
3392 1263 3538 1322 libro
3581 1264 3683 1337 qui
3729 1279 3939 1338 propo-

2213 1352 2359 1410 situs
2391 1354 2572 1411 fuerat
2598 1354 2924 1427 applicaret,
2962 1352 3154 1410 subito
3192 1351 3466 1409 terribilis
3498 1368 3733 1425 serpens
3756 1369 3835 1410 eX
3863 1367 3936 1408 ea

2213 1455 2347 1513 quae
2385 1442 2852 1514 supereminebat
2896 1441 3099 1499 arbore
3137 1441 3371 1509 corruit,
3408 1440 3743 1513 librumque
3782 1456 3939 1498 com-

2215 1528 2441 1600 plexus,
2492 1529 2663 1602 spiris
2704 1530 2999 1602 squamosi
3049 1529 3304 1602 corporis
3352 1528 3783 1587 circumcinxit.
3818 1527 3942 1586 Mi-

2215 1626 2417 1676 rantur
2470 1634 2673 1677 omnes
2720 1619 2966 1687 attoniti,
3022 1627 3078 1676 et
3131 1620 3383 1693 quodam
3444 1620 3613 1693 quasi
3670 1619 3939 1692 prodigio

2215 1709 2535 1779 stupefacti,
2566 1711 2885 1783 praesertim
2928 1710 3224 1783 presbyter
3255 1710 3375 1782 ipse
3421 1709 3681 1783 diriguit,
3715 1718 3770 1768 et
3803 1710 3935 1783 jus-

420 1796 603 1867 gnati,
633 1811 804 1869 quem
846 1812 982 1853 cum
1031 1796 1295 1853 dederint
1338 1795 1543 1853 scienti
1591 1794 1826 1862 litteras,
1890 1795 2080 1852 dicent
2113 1798 2527 1871 :Bjurandum
2581 1799 2734 1871 quod
2808 1815 2923 1857 non
2981 1799 3230 1869 veritati,
3260 1799 3358 1857 sed
3412 1799 3688 1857 humanae
3728 1799 3936 1871 gratiae

426 1885 571 1957 Lege
610 1884 811 1953 istum,
838 1893 894 1941 et
929 1884 1290 1956 respondebit
1328 1902 1340 1938 :
1391 1882 1511 1940 Non
1554 1897 1825 1954 possum;
1862 1881 2133 1951 signatus

418 1982 503 2033 est
546 1975 701 2032 enim
760 1976 909 2046 (Isai.
952 1976 1142 2045 XXIX).
1179 1999 1198 2022 ι
1241 1973 1381 2042 Quis
1405 1980 1489 2031 est
1526 1972 1681 2028 enini
1722 1972 1866 2028 liber
1908 1971 2009 2029 ille
2054 1971 2130 2028 si-

413 2074 647 2138 gnatus,
696 2066 807 2123 nisi
853 2074 1118 2123 sanctum
1174 2064 1557 2136 Evangelium
1607 2062 1864 2135 mysticis
1915 2063 2128 2133 figura-

420 2169 547 2211 rum
595 2153 898 2211 sententiis
958 2153 1320 2215 obvolutum.
1378 2159 1433 2208 et
1480 2151 1551 2207 ab
1598 2152 1872 2207 humanae.
1921 2149 2131 2206 mentis

419 2241 804 2313 intelligentia
882 2241 1076 2313 procul
1141 2255 1350 2297 arcana
1409 2240 1657 2311 quadam
1746 2239 2131 2310 profunditate

420 2326 751 2385 remotum?
806 2327 909 2385 Hic
945 2328 1193 2401 profecto
1239 2326 1386 2383 liber
1431 2326 1527 2382 ille
1566 2332 1669 2395 est,
1697 2325 1767 2381 de
1802 2340 1918 2397 quo
1952 2325 2128 2382 Joan-

424 2432 523 2473 nes
552 2416 677 2473 ait:
719 2436 747 2468 (ί
785 2414 914 2472 Vidi
949 2416 1009 2471 in
1049 2416 1285 2472 dextera
1331 2413 1583 2471 sedentis
1624 2429 1795 2485 supra
1852 2413 2126 2469 thronum

420 2504 639 2561 librum
701 2504 975 2576 scriptum
1035 2504 1194 2559 intus
1245 2509 1299 2559 et
1353 2502 1509 2569 foris,
1572 2501 1864 2574 signatum
1920 2500 2127 2572 sigillis

418 2603 630 2669 septem
664 2598 853 2669 (Apoc.
904 2598 975 2668 v).
1018 2621 1043 2642 ››
1081 2593 1222 2663 Quae
1263 2602 1402 2650 sunt
1432 2600 1622 2649 autem
1658 2591 1867 2663 sigilla,
1911 2591 2127 2664 quibus

418 2688 565 2744 liber
619 2686 989 2760 evangelicus
1039 2683 1377 2756 obsignatus
1449 2681 1679 2750 dicitur,
1738 2680 1851 2736 nisi
1908 2685 2124 2752 septem

416 2776 519 2834 illa
558 2782 934 2843 sacramenta,
966 2773 1181 2847 quibus
1215 2772 1416 2844 utique
1459 2776 1609 2828 totus
1639 2769 1778 2826 ordo
1807 2768 2126 2825 Dominicze

418 2863 862 2936 dispensationis
886 2861 1179 2933 impletur,
1216 2859 1481 2916 videlicet
1521 2856 1837 2913 incarnatio
1870 2854 2122 2922 Domini,

421 2951 705 3017 nativitas,
775 2950 980 3022 passio,
1059 2948 1418 3015 resurrectio,
1470 2945 1538 3001 ad
1602 2945 1777 3002 coelos
1844 2943 2121 3011 ascensio,

419 3038 626 3094 deinde
659 3038 969 3110 judicium,
1017 3044 1300 3107 postremo
1345 3031 1636 3104 regnum?
1664 3032 1769 3088 His
1809 3033 2001 3103 itaque
2044 3029 2123 3087 si-

417 3127 574 3198 gillis
610 3127 755 3185 liber
804 3127 1171 3197 evangelicus
1198 3126 1275 3183 ita
1306 3128 1567 3195 signatus
1592 3129 1695 3192 est,
1732 3129 1794 3179 ut
1830 3117 1974 3175 290
2010 3121 2122 3179 nisi

418 3232 555 3275 eum
579 3216 839 3274 Christus
863 3214 1197 3289 aperuisset,
1240 3212 1477 3272 cuilibet
1508 3210 1747 3270 omnino
1782 3218 1971 3283 patere
2010 3224 2123 3265 non

422 3312 625 3378 posset.
665 3303 826 3361 Unde
865 3304 1280 3375 subjungitur:
1318 3323 1344 3355 «
1379 3301 1521 3358 Ecce
1554 3300 1691 3356 vicit
1728 3299 1816 3357 leo
1856 3300 1927 3356 de
1969 3296 2124 3354 tribu

349 3455 357 3462 ,
419 3394 447 3451 J
457 3392 587 3464 uda,
615 3392 782 3450 radix
806 3393 1010 3462 David,
1044 3394 1265 3463 aperire
1302 3393 1531 3459 librum,
1566 3397 1620 3447 et
1650 3389 1870 3447 solvere
1906 3396 2125 3460 septem

420 3482 718 3557 signacula
772 3483 900 3556 ejus
953 3484 1171 3550 (Ibid.).
1235 3507 1261 3530 υ
1326 3480 1606 3555 Quisquis
1656 3495 1791 3549 ergo
1846 3478 2122 3552 perjurat,

419 3571 670 3629 studiose
701 3571 1190 3643 perpendatquia,
1220 3569 1331 3626 nisi
1357 3570 1641 3642 ptenitens
1668 3566 1940 3623 canonice
1968 3568 2128 3623 satis-

417 3660 630 3728 fecerit,
662 3659 739 3716 ita
766 3659 875 3716 sibi
906 3667 1122 3731 septem
1156 3659 1345 3731 sigilla
1386 3657 1734 3728 evangelica;
1778 3654 2125 3712 narrationis

416 3750 685 3820 occludit,
719 3756 777 3808 ut
816 3766 917 3807 nec
946 3750 1267 3808 incarnatio
1310 3749 1561 3817 Domini,
1593 3762 1782 3819 neque
1830 3746 2127 3817 nativitas,

415 3855 608 3911 neque
642 3839 848 3912 passio,
880 3839 969 3896 vel
1000 3840 1369 3909 resurrectio,
1399 3845 1500 3895 aut
1526 3836 1804 3905 ascensio,
1839 3835 2125 3906 judicium

416 3943 667 4003 quoque,
698 3927 791 3985 vel
824 3944 1064 3997 regnum
1086 3927 1197 3985 sibi
1227 3928 1497 3998 proiicere
1518 3927 1889 3998 aliquatenus
1925 3924 2121 3994 possit.

418 4015 627 4074 Omnia
661 4016 878 4073 scilicet
911 4016 1030 4072 hzec
1059 4032 1091 4072 a
1120 4031 1179 4071 se
1210 4014 1409 4087 procul
1433 4015 1627 4087 abjicit
1655 4021 1710 4070 et
1741 4020 2025 4085 quantum
2054 4012 2126 4070 ad

418 4120 477 4161 se
523 4105 578 4160 in
614 4104 865 4161 nihilum
910 4103 1115 4176 redigit
1161 4102 1283 4175 qui,
1314 4103 1456 4161 dum
1493 4101 1903 4175 jusjurandum
1953 4102 2128 4169 violat

418 4208 549 4250 cum
601 4192 888 4264 adjutorio
944 4191 1265 4262 Evangelii,
1318 4191 1686 4250 abrenuntiat
1740 4189 2127 4249 nihilominus

422 4278 597 4335 etiam
625 4278 849 4336 auxilio
876 4279 998 4336 Dei.

488 4366 663 4426 Plane
713 4383 825 4426 non
870 4367 1119 4425 otiosum
1156 4368 1466 4437 credimus,
1505 4370 1559 4427 si-
1598 4372 1753 4443 quod
1804 4371 2128 4431 Richardus

419 4459 597 4518 nostri
637 4459 965 4517 monasterii
1008 4458 1183 4531 prior,
1237 4459 1323 4516 vir
1363 4460 1625 4518 videlicet
1662 4461 1918 4518 honestae
1969 4461 2121 4531 vitae,

418 4553 584 4610 nobis
611 4553 877 4609 hesterno
908 4549 1000 4607 die
1031 4549 1304 4621 retulerit,
1354 4558 1683 4608 attexamus
1716 4570 1727 4607 :
1761 4550 1880 4618 Vir,
1908 4550 2118 4623 inquit,

415 4645 473 4700 in
519 4642 799 4700 Perusino
842 4641 1123 4700 territorio
1158 4658 1342 4716 nuper
1368 4643 1435 4699 ad
1483 4650 1739 4699 extrema
1786 4641 2121 4710 deveniens,

414 4730 642 4789 duobus
668 4730 866 4787 liberis
904 4730 1023 4788 suis
1055 4730 1404 4803 totidemque
1437 4730 1671 4787 tihabus
1712 4730 2121 4801 patrimonium

416 4834 588 4876 suum
631 4821 995 4892 proportione
1048 4819 1273 4891 legavit,
1318 4827 1380 4876 ut
1423 4811 1774 4876 erciscundae
1820 4818 2122 4875 haeredita-

415 4906 486 4963 tis
538 4905 795 4964 maribus
840 4907 1079 4981 quidem
1131 4907 1482 4981 relinqueret
1527 4907 1786 4978 bessem;
1834 4907 2123 4965 femineus

414 5012 551 5053 vero
596 5012 777 5055 sexus
823 4997 1149 5055 succederet
1192 4997 1249 5054 in
1307 4996 1592 5053 trientem.
1629 4996 1757 5053 Post
1806 4998 1973 5070 cujus
2017 4998 2119 5054 ob-

414 5086 560 5143 itum
595 5101 752 5144 unus
779 5102 1008 5160 quoque
1035 5086 1290 5143 ﬁliorum
1310 5084 1435 5157 ejus
1454 5084 1765 5142 defunctus
1784 5094 1898 5154 est;
1925 5102 2120 5159 super-

416 5185 528 5233 stes
562 5193 698 5235 vero
737 5180 907 5235 frater
937 5194 1142 5251 parum
1179 5184 1390 5249 putans
1420 5176 1555 5248 quia
1585 5193 1674 5233 res
1704 5176 1961 5235 defuncti
2007 5179 2119 5233 fra-

415 5265 517 5321 tris
571 5282 704 5323 cum
759 5267 1051 5325 sororibus
1104 5281 1219 5323 non
1277 5265 1491 5331 divisit,
1545 5266 1665 5336 sed,
1697 5274 1760 5324 ut
1804 5266 1865 5323 in
1917 5282 2117 5323 earum

416 5365 647 5425 quoque
693 5354 1119 5426 portiunculam
1154 5352 1558 5411 rontroversize
1594 5354 1948 5413 calumniam
1993 5371 2117 5413 nio-

416 5447 591 5508 veret,
643 5441 864 5515 adjecit.
900 5442 1124 5511 Quanto
1170 5441 1447 5499 nimirum
1494 5449 1577 5497 est
1614 5451 1781 5501 aucta
1814 5444 2115 5515 possessio,

416 5532 572 5583 tanto
600 5533 784 5601 magis
814 5537 899 5599 est
922 5531 1264 5605 possidentis
1308 5530 1661 5589 inﬂammata
1708 5526 1936 5604 cupido.
1965 5531 2116 5600 Quid

414 5614 619 5687 plura?
653 5617 744 5685 Fit
776 5619 1003 5679 forense
1024 5620 1335 5695 judicium,
1364 5620 1722 5681 diversarum
1748 5619 1995 5694 partium
2028 5621 2113 5680 al-

2215 1889 2544 1959 devovcrat,
2575 1888 2887 1960 abjuravit.
2941 1887 3035 1946 Sic
3070 1888 3250 1961 igitur
3274 1888 3551 1960 antiquus
3593 1888 3795 1959 hostis,
3826 1887 3935 1960 qui

2213 1978 2376 2035 virus
2409 1993 2532 2035 suae
2566 1976 2807 2034 malitia)
2833 1976 2991 2033 cordi
3020 1975 3359 2050 presbyteri,
3398 1982 3457 2034 ut
3485 1982 3683 2033 contra
3716 1978 3935 2033 verita-

2215 2070 2329 2122 tem
2374 2065 2617 2137 juraret,
2666 2063 2880 2123 infudit
2913 2083 2926 2133 ;
2965 2064 3168 2123 adesse
3208 2081 3267 2123 se
3299 2063 3438 2122 huic
3474 2064 3803 2137 juramento
3832 2079 3936 2136 per

2212 2151 2558 2209 familiarem
2586 2152 2695 2209 sibi
2726 2153 2968 2210 bestiam
3023 2152 3333 2211 visibiliter
3376 2150 3815 2210 demonstravit.
3852 2151 3932 2209 Il-

2213 2239 2397 2296 larum
2455 2256 2692 2313 quoque
2748 2248 3006 2313 patruus,
3043 2242 3146 2315 qui
3204 2257 3324 2300 rem
3379 2240 3614 2312 quidem
3666 2245 3928 2307 noverat,

2214 2329 2309 2387 sed
2340 2344 2443 2402 pro
2472 2331 2667 2388 favore
2692 2331 2802 2388 viri
2834 2331 3092 2389 veritatis
3137 2329 3536 2389 testimonium
3594 2329 3930 2403 supprime-

2213 2418 2326 2489 bat,
2384 2436 2517 2479 mox
2569 2428 2631 2479 ut
2683 2439 2714 2480 a
2762 2422 2983 2495 judicio
3036 2424 3288 2492 recessit,
3316 2421 3492 2480 simul
3537 2436 3673 2478 cum
3717 2435 3786 2477 eo
3826 2419 3927 2476 cui

2210 2507 2496 2565 insidebat
2545 2526 2692 2583 equo
2740 2511 2798 2567 in
2858 2513 3240 2585 prmcipitium
3295 2511 3537 2581 decidit;
3588 2524 3761 2583 quem
3812 2508 3930 2565 sibi

2214 2595 2563 2656 substratum
2606 2598 2785 2657 bestia
2831 2606 2942 2658 toto
2982 2606 3220 2673 corp'ore
3260 2615 3406 2673 pene
3455 2614 3640 2672 usque
3675 2598 3745 2655 ad
3779 2611 3931 2654 mor-

2215 2700 2328 2749 tem
2375 2693 2748 2752 vehementer
2784 2694 2980 2765 allisit,
3011 2704 3075 2754 ut
3100 2696 3300 2754 divina
3330 2696 3628 2770 dispositio
3665 2700 3930 2768 patenter

2210 2780 2531 2839 ostenderet
2591 2783 2728 2855 quia
2787 2785 2890 2858 qui
2951 2785 3268 2843 constantia
3313 2786 3550 2859 spiritus
3598 2799 3701 2857 pro
3768 2781 3929 2839 veri-

2211 2879 2323 2928 tate
2378 2879 2525 2928 stare
2586 2873 2865 2946 noluerat,
2922 2875 3094 2933 etiam
3155 2891 3388 2950 corpore
3454 2891 3569 2933 non
3630 2864 3930 2932 immerito

2209 2960 2526 3018 cecidisset.

2282 3046 2368 3107 Tu
2428 3048 2640 3121 itaque,
2682 3050 3071 3120 dilectissime,
3118 3051 3237 3109 noli
3295 3049 3659 3124 supprimere
3708 3047 3928 3106 verita-

2141 3161 2185 3222 ο
2214 3140 2346 3204 tem,
2382 3136 2480 3194 sed
2511 3153 2639 3194 eam
2666 3138 2724 3195 in
2762 3139 2921 3196 omni
2963 3139 3189 3210 negotio
3223 3145 3279 3196 et
3313 3138 3719 3205 controversia,
3754 3138 3930 3209 juxta

2213 3230 2376 3281 tuum
2420 3240 2602 3296 posse,
2654 3227 2920 3283 defende.
2967 3228 3260 3285 Christum
3310 3227 3544 3301 quippe,
3571 3227 3669 3301 qui
3714 3226 3932 3283 veritas

2209 3320 2291 3371 est
2328 3318 2378 3381 (Ι
2411 3318 2568 3371 Joan.
2618 3322 2702 3384 V),
2736 3332 2945 3389 negare
2987 3318 3374 3381 convincitur,
3407 3318 3511 3390 qui
3554 3316 3778 3374 veritati
3822 3330 3931 3388 pro

2210 3402 2469 3461 humana
2522 3406 2703 3475 gratia
2760 3406 3096 3464 reluctatur.
3141 3407 3190 3464 A
3246 3406 3518 3480 perjuriis
3567 3402 3705 3460 291
3763 3420 3925 3472 cave,

2208 3490 2345 3559 imo,
2380 3491 2427 3549 si
2478 3492 2749 3565 possibile
2800 3502 2904 3564 est,
2934 3495 3007 3551 ab
3060 3495 3221 3553 omni
3272 3501 3327 3554 te
3366 3496 3705 3569 'juramento
3763 3509 3927 3552 com-

2208 3594 2389 3650 pesce.
2427 3578 2593 3651 Quia,
2627 3581 2774 3641 sicut
2803 3583 2904 3656 qui
2936 3599 3049 3641 non
3082 3583 3341 3657 loquitur
3380 3598 3682 3657 nunquam
3710 3583 3928 3639 menti-

2210 3675 2320 3735 tur,
2350 3668 2429 3725 ita
2459 3670 2558 3743 qui
2582 3685 2693 3727 non
2720 3672 2894 3745 jurat,
2920 3672 3276 3745 impossibile
3297 3679 3381 3730 est
3406 3671 3804 3745 utperjuriuin
3827 3670 3927 3728 in-

2209 3764 2422 3814 currat.
2464 3758 2615 3816 Dicit
2652 3760 2807 3817 enim
2848 3761 2970 3833 ipsa
3009 3760 3232 3819 Veritas
3266 3780 3278 3818 :
3318 3786 3343 3812 α
3380 3759 3465 3819 Sit
3502 3768 3693 3819 autem
3734 3775 3929 3818 sermo

2209 3852 2415 3914 vester,
2470 3853 2576 3916 est,
2618 3856 2723 3917 est,
2768 3865 2905 3921 non,
2950 3865 3109 3920 non;
3154 3851 3203 3907 si
3248 3851 3389 3924 quid
3433 3857 3623 3908 autem
3672 3848 3928 3922 amplius

2208 3941 2311 4002 est,
2335 3949 2367 3989 a
2398 3935 2550 3992 malo
2573 3942 2657 3993 est
2676 3940 2889 4007 (Matth.
2913 3940 2988 4009 v).
3011 3959 3038 3991 »
3057 3940 3207 3996 Cave
3229 3956 3365 4011 ergo
3394 3939 3827 4012 perjurium,ne
3850 3938 3926 3995 li-

2208 4023 2378 4081 brum
2408 4026 2712 4084 adversum
2739 4035 2790 4085 te
2821 4028 3231 4100 redemptionis
3258 4030 3530 4087 humanae
3557 4026 3927 4100 compellaris

2210 4111 2475 4171 invenire
2523 4116 2833 4187 signatum.
2873 4117 3026 4174 Neve
3070 4118 3221 4190 quod
3275 4116 3447 4175 simul
3499 4118 3671 4173 etiam
3711 4130 3924 4189 propo-

2207 4202 2436 4261 suimus
2476 4205 2723 4277 excidat,
2761 4205 3439 4280 eleemosynisoanimam
3480 4212 3637 4264 tuam
3680 4203 3919 4272 redime,

2207 4291 2478 4364 operibus
2511 4294 2734 4366 pietatis
2762 4296 2981 4353 insiste.
3016 4316 3043 4349 ι(
3074 4296 3231 4364 Date,
3258 4295 3449 4368 inquit
3472 4294 3776 4362 Dominus,
3803 4292 3919 4349 ele-

2208 4395 2545 4454 emosynam
2573 4389 2623 4438 et
2653 4397 2780 4439 ecce
2798 4383 2993 4440 omnia
3017 4383 3234 4441 munda
3254 4391 3389 4441 sunt
3406 4382 3571 4441 vobis
3591 4386 3736 4455 (Luc.
3761 4381 3861 4451 XI).
3888 4400 3918 4433 »

2215 4469 2283 4525 Et
2311 4469 2518 4527 iterum
2551 4474 2823 4543 scriptum
2849 4477 2934 4529 est
2960 4492 2971 4529 :
2999 4494 3026 4525 ‹‹
3055 4472 3160 4542 Qui
3189 4474 3286 4531 dat
3310 4473 3567 4545 pauperi,
3598 4471 3710 4529 Deo
3733 4472 3920 4528 faene-

2215 4562 2300 4613 rat
2347 4560 2523 4622 (Prov.
2570 4566 2719 4626 XIX).
2763 4579 2787 4610 »
2825 4560 3094 4619 Sustenta
3129 4577 3263 4632 ergo
3310 4575 3640 4633 pauperem,
3684 4566 3747 4616 ut
3792 4564 3920 4614 tan-

2212 4660 2385 4718 quam
2432 4646 2552 4718 ipse
2581 4647 2825 4704 creditor
2864 4647 3050 4705 Deum
3082 4649 3179 4706 tibi
3218 4650 3388 4707 facias
3425 4647 3761 4705 debitorem.
3802 4645 3918 4702 Ne-

2210 4750 2324 4806 que
2390 4735 2548 4792 enim
2608 4744 2661 4793 te
2715 4738 3079 4810 omnipotens
3141 4738 3293 4797 Deus
3354 4739 3424 4796 ad
3488 4738 3917 4809 eleemosynam

2212 4831 2494 4894 provocat,
2532 4830 2808 4898 tanquam
2836 4826 2983 4883 desit
3010 4827 3120 4884 sibi
3142 4827 3297 4885 unde
3328 4826 3677 4900 pauperibus
3705 4826 3825 4884 suis
3854 4842 3917 4884 a-

2213 4912 2447 4970 limenta
2502 4916 2833 4987 provideat;
2895 4917 2993 4975 sed
3041 4916 3253 4975 idcirco
3299 4916 3490 4989 potius
3532 4915 3664 4973 illos
3716 4915 3919 4987 inopes

2208 5004 2461 5063 exhibet.
2523 5012 2585 5061 ut
2640 5004 2742 5062 tibi
2799 5006 3117 5064 redimendi
3171 5013 3224 5062 te
3277 5004 3573 5062 materiam
3623 5004 3917 5062 submini-

2198 5098 2358 5147 stret.
2398 5090 2689 5165 Scriptum
2714 5094 2924 5167 quippe
2952 5102 3069 5153 est:
3101 5117 3121 5144 α
3150 5093 3381 5151 Divitiae
3407 5092 3918 5162 liominis,redem-

2208 5180 2327 5252 ptio
2357 5182 2481 5253 ejus
2516 5186 2689 5249 tPro-v.
2725 5185 2868 5253 XIII).
2905 5208 2926 5231 ιι

2279 5268 2453 5326 Porro
2478 5278 2675 5328 autem
2706 5270 3050 5328 venerabilis
3081 5269 3234 5327 idem
3263 5271 3435 5328 frater
3459 5278 3652 5328 noster
3672 5268 3908 5327 Richar-

2202 5359 2329 5421 dus.
2360 5359 2461 5431 qui
2490 5359 2644 5431 quod
2682 5360 2951 5432 superius
2987 5359 3206 5417 dictum
3237 5367 3321 5417 est
3354 5360 3570 5430 retulit,
3600 5359 3705 5416 hoc
3732 5358 3908 5415 etiam

2203 5446 2354 5519 quod
2414 5446 2674 5505 dicturus
2726 5464 2876 5519 sum,
2919 5449 3063 5506 sicut
3115 5449 3269 5507 fama
3323 5455 3695 5521 compererat,
3748 5446 3910 5505 fideli

2202 5536 2599 5607 prosecutione
2640 5537 2909 5594 narravit.
2952 5537 3108 5607 Octo,
3156 5538 3366 5611 inquit,
3413 5539 3612 5610 inopes
3659 5536 3792 5605 viri,
3842 5535 3905 5592 in

2202 5621 2725 5696 Hierosolymitano
2750 5640 2937 5696 nuper
2954 5625 3161 5683 itinere
3176 5626 3494 5696 constituti,
3512 5626 3653 5685 dum
3676 5640 3789 5684 non
3809 5623 3907 5683 ha-
