4170 6504
207 382 311 441 485

1419 328 1646 441 LIBER
1680 374 2045 449 OCTAVUS,
2089 376 2320 438 EPIST.
2362 381 2492 441 XII.

3598 385 3704 444 486

209 506 409 562 herent
453 503 694 562 omnino
760 504 913 577 quod
970 504 1222 575 ederent,
1274 505 1692 564 hebdomadam
1750 504 2182 572 t0ta1nA(Zach.
2216 506 2311 576 V1),
2346 525 2373 559 »
2409 506 2481 563 de
2526 507 2745 565 oriente
2782 508 3029 566 veniunt
3068 509 3171 581 qui
3224 525 3258 565 a
3302 510 3516 568 Christi
3564 526 3704 568 con-

208 594 335 650 sine
401 591 668 650 victualis
717 592 1012 650 alimoniae
1064 594 1425 666 perceptione
1492 600 1915 664 transegerant;

207 697 458 754 cumque
493 680 611 753 jam
658 679 934 739 diuturna
980 689 1405 739 macerarentur
1455 682 1667 751 inedia,
1709 698 1775 741 ac
1841 682 1920 738 vi-

211 772 370 830 ribus
424 772 577 829 eﬂ'eti
616 771 889 844 longique
928 772 1153 829 itineris
1195 771 1452 828 molestia
1499 771 1757 829 tabefacti
1796 770 1918 843 jam

210 876 355 933 pene
419 860 746 928 deﬁcerent,
797 875 1005 934 eosque
1071 869 1341 919 nutantes
1403 861 1502 918 vix
1568 862 1920 934 lapsahunda

210 949 449 1021 vestigia
479 949 848 1017 sustinerent,
886 964 1012 1006 ecce
1036 951 1196 1007 canis
1219 950 1429 1007 obvius
1457 950 1725 1007 dentibus
1756 966 1918 1007 man-

209 1036 304 1095 tile
359 1038 635 1104 trahebat,
679 1038 738 1095 in
775 1053 890 1111 quo
932 1038 1096 1111 panis
1138 1038 1293 1096 velut
1335 1040 1394 1096 in
1448 1038 1674 1096 sacculo
1715 1037 1923 1095 latebat

206 1127 527 1186 involutus.
575 1126 754 1194 Quem
809 1142 1013 1198 panem
1060 1127 1320 1201 protinus
1370 1128 1728 1202 arripientes,
1762 1144 1922 1185 'cum

206 1216 523 1289 gratiarum
549 1218 871 1277 actionibus
896 1218 1159 1277 alacriter
1278 1221 1691 1289 refecerunt,et
1719 1222 1777 1279 in
1808 1224 1924 1280 for-

210 1305 460 1363 titudine
507 1305 619 1363 cibi
674 1306 834 1364 illius
891 1316 1016 1365 octo
1072 1308 1296 1366 dierum
1350 1309 1458 1366 iter
1508 1311 1925 1370 incessabiliter

2000 592 2173 649 sortio
2221 592 2372 651 male
2415 596 2682 666 vivendo,
2723 596 2812 655 vel
2860 602 3157 670 proximos
3196 597 3516 667 lacerando,
3545 613 3706 655 rece-

1999 681 2162 739 dunt.
2232 681 2491 741 Seunaar
2542 695 2735 743 autem
2790 687 3200 759 interpretatur
3260 691 3505 743 emcussz‘o
3571 689 3704 743 den-

2002 773 2158 833 tium,
2198 769 2321 827 sive
2364 774 2507 838 fetor
2553 789 2772 831 eorum.
2826 774 2893 831 In
2945 791 3145 848 campo
3200 776 3379 848 igitur
3444 775 3708 834 Sennaar

2004 858 2336 915 habitabant
2369 862 2470 932 qui
2518 875 2631 917 non
2683 860 2973 917 constituti
3014 861 3076 917 in
3112 877 3240 918 arce
3274 861 3574 932 virtutum,
3607 862 3708 920 sed

2004 946 2191 1019 potius
2224 946 2286 1003 in
2321 947 2583 1004 convalle
2626 948 2917 1017 vitiorum,
2959 957 3015 1006 et
3051 948 3250 1008 dentes
3290 951 3614 1019 excutiunt,
3646 957 3711 1008 ut

2004 1035 2299 1105 proximos
2323 1053 2456 1095 suos
2483 1038 2935 1095 detractionibus
2961 1038 3130 1111 quasi
3155 1039 3449 1098 mordicus
3479 1042 3707 1115 rodant,

2004 1131 2058 1179 et
2109 1123 2316 1181 fetores
2354 1125 2645 1196 emittunt,
2696 1126 2834 1183 dum
2877 1126 2935 1183 in
2979 1141 3226 1184 cmnosae
3261 1129 3711 1187 conversationis

2002 1213 2371 1283 squaloribus
2402 1223 2866 1287 computrescunl
2886 1235 2903 1287 ;
2944 1217 3041 1274 sed
3080 1233 3281 1276 eorum
3310 1218 3521 1277 dentes
3555 1220 3711 1278 Deus

2000 1304 2367 1376 omnipotens
2402 1307 2640 1375 excutit,
2680 1306 2820 1364 dum
2863 1324 3261 1380 perversoruui
3313 1311 3711 1385 quorumlibet

208 1393 610 1466 expleverunt.
660 1395 1039 1470 Rursumque
1088 1396 1227 1454 dum
1275 1398 1627 1457 intolerabili
1676 1410 1927 1474 postmo—
1998 1398 2053 1450 et
2098 1394 2240 1451 facta
2290 1395 2463 1453 simul
2517 1404 2570 1454 et
2608 1398 2781 1455 verba
2814 1399 3135 1457 confundit.
3166 1398 3330 1457 Unde
3363 1408 3418 1458 et
3465 1400 3585 1459 illic
3628 1401 3712 1459 di-

209 1485 352 1543 dum
398 1484 798 1542 cruciarentur
848 1484 1060 1555 inedia,
1119 1493 1233 1546 tres
1298 1489 1547 1559 Agareni
1603 1505 1803 1547 eorum
1862 1491 1922 1548 in

2016 1480 2153 1539 :itur
2186 1501 2198 1539 :
2233 1504 2258 1535 «
2291 1482 2509 1542 Idcirco
2542 1494 2806 1542 vocatum
2831 1493 2915 1542 est
2942 1502 3155 1544 nomen
3185 1486 3310 1559 ejus
3335 1487 3532 1557 Babel,
3576 1489 3714 1562 quia

212 1571 420 1630 itinere
467 1572 600 1630 facti
651 1578 787 1630 sunt
838 1574 1106 1644 comites,
1154 1575 1414 1650 singulos
1456 1592 1630 1649 panes
1678 1594 1779 1650 pro
1820 1595 1924 1636 sua

2016 1569 2086 1628 ibi
2140 1574 2453 1630 confusum
2504 1581 2588 1631 est
2632 1573 2856 1632 labium
2905 1575 3197 1633 universa
3242 1584 3425 1645 terrae,
3471 1584 3525 1633 et
3576 1576 3713 1634 inde

214 1658 435 1717 viritim
493 1660 905 1719 sustentatione
977 1667 1309 1734 portantes;
1376 1663 1479 1738 qui
1550 1681 1685 1722 cum
1763 1674 1925 1723 nacta
2007 1660 2273 1733 dispersit
2309 1677 2405 1719 eos
2448 1662 2734 1721 Dominus
2772 1679 2944 1737 super
2995 1663 3197 1720 faciem
3242 1672 3581 1723 cunctarum
3621 1679 3712 1722 re-

216 1747 544 1805 refeclionis
599 1748 738 1805 hora
788 1748 1232 1819 discumberent,
1283 1750 1399 1809 duo
1442 1753 1683 1826 quidam
1720 1770 1794 1811 ex
1841 1756 1925 1813 eis
2007 1750 2248 1820 gionum
2286 1750 2438 1817 (Gen.
2481 1758 2585 1820 XI).
2620 1771 2646 1803 »
2681 1750 2852 1808 Recte
2890 1767 3025 1823 ergo
3067 1750 3279 1809 dicitur
3309 1752 3447 1825 quia
3481 1752 3714 1826 superbi

217 1836 293 1895 ita
336 1836 597 1910 proprios
634 1853 1039 1912 consumpsere
1076 1856 1269 1914 panes,
1306 1846 1369 1898 ut
1406 1840 1747 1900 Christianis
1785 1859 1921 1902 esu-
1943 1839 2098 1918 Billi
2125 1840 2391 1898 homines
2419 1857 2485 1898 ac
2514 1858 2680 1900 vanae
2711 1842 2913 1916 gloriae
2943 1849 3274 1913 captatores,
3306 1843 3585 1902 nimirum
3624 1844 3715 1902 di-

220 1925 509 1984 rientibus
558 1925 643 1983 uil
714 1926 942 1999 penitus
1011 1928 1402 2002 impertirent;
1467 1931 1664 1988 tertius
1735 1939 1928 1991 autem

216 2028 419 2083 unam,
456 2030 631 2087 quam
660 2016 920 2088 portabat
956 2017 1076 2091 ipse
1114 2018 1420 2088 bucellam,
1460 2018 1520 2076 in
1558 2034 1765 2078 novem
1806 2022 1930 2079 fru-

216 2108 301 2158 sta
350 2102 575 2172 divisit,
635 2110 689 2162 et
739 2120 855 2162 una
915 2106 1195 2164 duntaxat
1253 2108 1375 2180 ipse
1423 2116 1743 2178 contentus,
1807 2111 1930 2168 sin-

213 2190 368 2261 gulis
395 2191 500 2264 qui
538 2207 733 2253 secum
764 2192 925 2251 era'nt
962 2193 1300 2253 Christianis
1335 2196 1591 2269 aequales
1626 2198 1932 2270 particulas

218 2278 592 2338 ministravit.
632 2282 867 2340 Factum
922 2289 1007 2341 est
1039 2292 1254 2357 postea,
1301 2285 1442 2342 dum
1481 2284 1656 2343 simul
1701 2286 1930 2344 incede-

216 2375 362 2437 rent,
416 2384 547 2427 ecce
605 2370 798 2431 leones
843 2371 905 2430 in
956 2389 1051 2431 eos
1098 2373 1362 2431 ferociter
1414 2375 1670 2444 irruunt,
1718 2390 1932 2447 eosque

216 2458 608 2531 potissimum,
642 2460 745 2533 qui
774 2477 952 2535 panes
980 2462 1089 2520 soli
1115 2472 1612 2538 consumpserant,
1637 2467 1933 2539 signanter

217 2545 543 2620 invadunt;
598 2566 742 2624 quos
779 2551 935 2610 illico
974 2552 1253 2611 violenter
1290 2560 1589 2628 arpaxant,
1625 2564 1679 2613 et
1710 2555 1934 2613 caeteris

217 2636 625 2709 evadentibus,
668 2639 799 2697 illos
839 2641 1231 2699 tantummodo
1264 2642 1596 2700 immaniter
1632 2642 1929 2701 devorant.

221 2722 315 2783 Sic
356 2725 662 2796 nimirum,
706 2728 786 2785 sic
824 2728 925 2803 qui
963 2728 1068 2786 soli
1108 2730 1614 2802 manducaverant,
1654 2730 1757 2788 soli
1797 2736 1935 2789 sunt

222 2813 574 2885 manducati,
609 2822 666 2872 et
705 2816 807 2888 qui
843 2816 969 2874 sine
1015 2818 1290 2874 charitate
1334 2834 1438 2876 sua
1485 2818 1796 2875 bestialiter
1833 2817 1936 2875 ali-

225 2912 417 2963 menta
464 2913 959 2979 consumpserant,
1012 2907 1378 2966 frementium
1436 2908 1749 2966 bestiarum
1799 2917 1937 2968 sunt

222 2992 585 3052 immanitate
624 2994 971 3067 consumpti.
1005 2994 1376 3053 Postmodum
1414 3012 1547 3054 vero
1582 3013 1682 3069 per
1711 2997 1935 3071 glareas

222 3082 433 3141 marini
508 3081 713 3139 littoris
786 3083 1127 3155 gradientes,
1202 3083 1457 3141 enormis
1514 3085 1936 3157 magnitudinis

2012 1937 2204 1987 centes
2233 1929 2303 1986 ad
2333 1929 2581 1987 alterum
2614 1950 2626 1987 :
2664 1952 2692 1983 «
2734 1930 2958 1998 Venite,
2993 1931 3273 1989 faciamus
3307 1932 3471 1989 nobis
3510 1933 3713 1990 civita—

2014 2022 2128 2074 tem
2171 2024 2225 2075 et
2275 2018 2502 2088 turrim,
2533 2018 2702 2091 cujus
2742 2017 2971 2075 culmen
3021 2023 3304 2090 pertmgat
3344 2018 3414 2075 ad
3455 2021 3668 2079 coelum
3691 2038 3708 2090 ;

2011 2113 2066 2161 et
2091 2105 2449 2164 celebremus
2488 2121 2698 2164 nomen
2733 2111 3018 2177 nostrum,
3045 2113 3352 2180 antequam
3382 2107 3714 2168 dividamur

2011 2194 2073 2251 in
2121 2194 2424 2253 universas
2475 2201 2653 2251 terras
2697 2193 2910 2267 (Ibid);
2946 2215 2974 2247 »
3015 2193 3422 2253 habitaverunt
3458 2197 3520 2254 in
3566 2203 3716 2256 terra

2016 2280 2291 2352 Sennaar,
2348 2283 2501 2355 quod
2551 2283 2704 2355 apud
2756 2298 2881 2353 nos,
2922 2283 3071 2341 sicut
3127 2282 3345 2341 dictum
3396 2294 3500 2356 est,
3555 2294 3719 2344 sonat

2013 2369 2280 2429 excussio
2309 2371 2592 2442 dentium,
2614 2371 2707 2429 vel
2738 2373 2880 2429 fetor
2908 2373 3433 2455 eorum,‘quoniam
3461 2375 3716 2446 perversi

2013 2462 2251 2536 quique,
2302 2464 2444 2521 dum
2493 2470 2688 2521 contra
2737 2463 2955 2521 divinae
3006 2462 3146 2535 legis
3198 2462 3463 2520 mandata
3518 2480 3719 2538 super-

2018 2553 2204 2623 biunt,
2254 2555 2397 2611 dum
2438 2554 2719 2612 adversus
2762 2554 2947 2611 Deum
2986 2554 3271 2611 cervicem
3325 2555 3511 2612 cordis
3556 2571 3718 2613 arro-

2013 2650 2216 2714 ganter
2244 2642 2515 2701 attollunt
2546 2649 2601 2700 et
2633 2643 2916 2716 proximis
2952 2659 3375 2716 nonnunquam
3412 2644 3718 2703 damnabi-

2015 2729 2146 2787 liter
2194 2730 2523 2800 detrahunt,
2557 2739 2613 2788 et
2651 2730 2754 2802 ipsi
2807 2730 3119 2801 proclivius
3165 2731 3227 2788 in
3271 2731 3536 2790 obscenae
3580 2734 3714 2792 vitaa

2015 2821 2379 2894 sterquilinio
2424 2822 2779 2880 volutantur.
2830 2821 2898 2877 Et
2951 2821 3021 2879 de
3080 2823 3427 2881 excussione
3479 2825 3718 2897 quidem

2015 2913 2277 2980 dentium
2320 2928 2418 2984 per
2454 2911 2639 2969 David
2678 2911 2891 2969 dicitur
2920 2934 2932 2967 :
2969 2936 2995 2963 (ι
3029 2910 3117 2969 Tu
3151 2913 3481 2985 percussisti
3516 2930 3720 2973 omnes

2015 3002 2385 3059 adversantes
2413 3000 2558 3057 mihi
2592 3001 2716 3058 sine
2742 3016 2932 3069 causa,
2962 2999 3162 3057 dentes
3188 3008 3549 3072 peccatorum
3580 3018 3719 3058 con-

2017 3090 2226 3147 trivisti
2258 3094 2423 3159 (Psal.
2460 3094 2580 3159 111);
2618 3110 2644 3140 »
2677 3095 2732 3145 et
2764 3088 2903 3145 alibi
2934 3107 2945 3145 :
2985 3109 3011 3141 «
3045 3083 3198 3145 Deus
3238 3095 3490 3146 conteret
3525 3089 3724 3149 dentes

223 3172 432 3243 piscem
498 3173 811 3246 reperiunt,
867 3189 1044 3246 quem
1096 3175 1360 3247 protinus
1433 3174 1633 3233 sabulo
1707 3184 1935 3250 propter
1954 3179 2297 3274 Ceorumin
2320 3179 2714 3252 oreipsorum,
2734 3177 2915 3234 molas
2938 3177 3170 3234 leonum
3190 3178 3725 3249 confringetDomi—

223 3262 465 3335 equites,
554 3277 696 3335 quos
773 3262 1000 3321 eminus
1070 3263 1377 3321 adventare
1449 3265 1931 3338 contemplantur,

221 3353 605 3412 abscondunt.
637 3354 706 3411 Et
746 3354 833 3413 illi
863 3357 1095 3430 quidem
1141 3357 1373 3430 propius
1411 3356 1757 3425 accedentes,
1793 3357 1935 3414 dum

227 3452 510 3503 recentem
543 3454 964 3518 super-aggesta}
990 3448 1199 3516 glarete
1225 3446 1587 3519 conspiciunt
1621 3446 1932 3517 tumulum,

226 3534 377 3607 quod
427 3539 701 3604 reserat,
747 3534 1005 3592 arbitrati
1046 3541 1184 3593 sunt
1221 3535 1462 3593 occultze
1511 3535 1813 3608 cujusdam
1854 3550 1937 3591 re-

227 3622 532 3693 positionis
573 3637 684 3680 non
728 3622 922 3679 deesse
965 3623 1325 3695 mysterium.
1368 3622 1713 3696 Incipientes
1756 3622 1937 3691 igitur

227 3711 452 3769 curiose
501 3710 718 3779 rimari,
766 3710 992 3768 tandem
1039 3711 1241 3769 divino
1284 3718 1429 3769 nutu
1485 3711 1755 3784 suspicati
1801 3714 1937 3768 sunt

228 3801 583 3874 sepulturam
632 3816 756 3859 esse
802 3801 1078 3858 defuncti.
1113 3797 1258 3855 292
1289 3798 1496 3874 Sicque
1538 3801 1677 3857 dum
1721 3799 1809 3857 illi
1848 3816 1935 3856 re-

230 3886 562 3962 linquentes
589 3896 790 3962 ccepta,
833 3888 1152 3959 discedunt,
1191 3886 1287 3945 isti
1314 3887 1667 3945 defodientes
1709 3887 1936 3945 benedi-

230 3975 479 4034 ctionem
506 3976 692 4035 divini
714 3978 973 4037 muneris
995 3978 1052 4034 in
1080 3992 1183 4035 sua
1204 3977 1466 4049 protinus
1495 3976 1769 4034 alimenta
1796 3992 1935 4035 con-

233 4070 556 4123 vertunt...
594 4066 731 4139 (106)
837 4136 1198 4196 EPISTOLA
1226 4136 1326 4194 XL

701 4231 777 4276 AD
817 4230 982 4277 CIVES
1021 4230 1436 4277 FLORENTINOS.

554 4307 816 4379 (Habetur
854 4312 981 4364 tom.
1015 4310 1095 4363 III
1120 4312 1304 4376 estque
1325 4322 1509 4378 opusc.
1543 4305 1632 4374 30)

803 4396 1171 4455 EPISTULA
1219 4396 1348 4454 ΧΙΙ.

523 4489 604 4535 ΔΙ)
642 4489 1043 4535 HERMISINDEM
1093 4487 1631 4535 SANCTIMONIALEM.

232 4567 681 4643 ΑιεαῦΜΕΝξΓυέῐ.
711 4598 796 4643 —_
818 4565 885 4643 I_n
915 4566 1102 4643 hujus
1140 4565 1397 4637 epistolae
1432 4564 1772 4643 fragmentis
1794 4567 1933 4643 scri-

304 4635 447 4714 bene
489 4636 559 4693 ad
600 4635 1026 4715 Hermisindcui
1068 4635 1262 4694 contra
1300 4636 1573 4715 superbos
1620 4635 1939 4715 invehitur,

310 4709 604 4779 variisque
649 4724 941 4766 sacrarum
990 4708 1309 4766 litterarum
1363 4707 1705 4763 testimoniis
1751 4714 1942 4765 osten-

306 4776 391 4834 dit
416 4776 708 4851 superbiae
734 4779 1128 4838 fundamentis
1158 4780 1393 4836 innixos
1419 4782 1529 4835 cito
1558 4793 1821 4835 corruere

310 4866 665 4927 HERMISINDI
759 4868 1296 4928 sanctimoniali.....
1377 4868 1606 4925 PETRUS
1689 4874 1947 4938 peccator

242 4958 677 5017 monachus.....

317 5067 339 5097 ε
372 5044 520 5104 Cum
538 5047 1035 5120 proﬁciscerentur
1057 5047 1125 5105 de
1148 5047 1397 5116 Oriente,
1422 5047 1768 5105 invenerunt
1790 5062 1946 5104 cam-

244 5154 381 5211 pum
410 5141 470 5197 in
506 5147 653 5200 terra
694 5141 967 5213 Sennaar,
1002 5149 1056 5199 et
1091 5142 1494 5203 habitaverunt
1533 5142 1589 5198 in
1630 5157 1733 5211 eo;
1766 5140 1945 5198 dixit-

243 5242 356 5300 que
378 5229 525 5289 alter
558 5232 628 5288 ad
658 5233 989 5305 proximum
1028 5247 1199 5289 suum
1244 5256 1255 5287 :
1303 5230 1523 5301 Venite,
1559 5231 1834 5289 faciamus
1875 5230 1948 5286 la-

244 5328 410 5393 teres,
458 5327 514 5379 et
561 5338 878 5395 coquamus
918 5340 1014 5382 eos
1056 5323 1215 5394 igni;
1258 5323 1696 5396 habueruntque
1740 5322 1946 5381 lateres

246 5426 346 5484 pro
398 5412 580 5482 saxis,
642 5420 697 5471 et
745 5413 1003 5472 bitumen
1059 5430 1160 5487 pro
1207 5418 1491 5472 caemento
1556 5416 1707 5481 (Gen.
1750 5418 1855 5483 x1).
1915 5437 1942 5464 η

249 5498 422 5559 Porro
458 5509 654 5560 autem
691 5518 824 5560 cum
852 5501 1115 5561 Christus
1147 5519 1280 5560 vere
1309 5502 1381 5559 sit
1419 5500 1640 5571 Oriens,
1672 5503 1948 5575 propheta

250 5593 506 5663 testante,
545 5592 649 5665 qui
703 5591 784 5648 ait
830 5612 842 5650 :
899 5615 921 5643 ι
977 5593 1120 5650 Ecce
1172 5592 1263 5648 vir
1308 5590 1512 5649 Oriens
1558 5605 1767 5649 nomen
1820 5591 1948 5664 ejus

309 5687 447 5752 (106)
469 5691 638 5753 Hujus
661 5690 811 5754 epist.
840 5692 959 5742 fin-s
983 5691 1319 5742 desideratur
1348 5692 1402 5740 in
1433 5693 1534 5742 ms.

2020 3283 2131 3325 nus
2160 3270 2325 3340 (Psal.
2362 3267 2516 3337 Lvu).
2550 3286 2578 3319 »
2619 3266 2701 3322 De
2735 3265 2913 3323 fetore
2951 3280 3183 3339 quoque
3218 3282 3419 3323 eorum
3454 3266 3727 3339 propheta

2016 3357 2165 3414 alius
2195 3355 2338 3412 293
2365 3357 2502 3414 dicit
2533 3376 2545 3413 :
2583 3376 2609 3408 «
2645 3357 3137 3426 tlomputruerunt
3174 3354 3437 3426 iumenta
3471 3355 3532 3411 in
3578 3362 3725 3411 ster-

2018 3459 2145 3501 core
2173 3459 2277 3501 suo
2305 3446 2453 3515 (Joel.
2482 3444 2535 3516 1}.
2563 3464 2588 3495 »
2620 3442 2687 3499 Et
2717 3440 2893 3498 Isaias
2923 3460 2933 3498 :
2961 3462 2986 3492 «
3013 3440 3155 3509 Erit,
3186 3441 3397 3515 inquit,
3430 3457 3530 3514 pro
3556 3440 3725 3499 suavi

2017 3534 2191 3590 odore
2205 3532 2349 3589 fetor
2362 3536 2489 3600 (Isa.
2505 3537 2646 3599 111).»
2663 3529 2976 3587 Enimvero
2987 3528 3252 3601 quisquis
3269 3527 3391 3585 vult
3407 3526 3724 3585 aedilicium

2016 3620 2265 3677 condere
2290 3622 2442 3694 quod
2466 3619 2631 3675 facile
2662 3617 2849 3675 ruinae
2878 3631 2991 3673 non
3025 3615 3097 3672 sit
3125 3614 3472 3683 obnoxium,
3496 3630 3727 3674 necesse

2018 3720 2101 3768 est
2132 3726 2265 3768 eum
2296 3726 2413 3767 non
2442 3709 2647 3767 lateres
2676 3713 2732 3764 et
2758 3708 3019 3764 bitumen
3062 3706 3293 3775 habere,
3321 3720 3456 3775 quae
3492 3714 3728 3778 repente

2019 3801 2330 3871 dissiliant,
2372 3798 2467 3857 sed
2524 3798 2741 3871 lapides
2787 3795 2974 3870 potius
3020 3810 3084 3851 ac
3122 3809 3280 3863 saxa,
3314 3809 3446 3868 quin
3482 3794 3726 3867 parietes

2017 3891 2258 3962 erigant,
2298 3895 2352 3947 et
2389 3887 2560 3945 calcis
2619 3903 2685 3943 ac
2740 3885 2929 3942 sabuli
2966 3891 3340 3953 caementum,
3379 3884 3534 3957 quod
3573 3884 3730 3957 ipsos

2017 3980 2261 4055 parietes
2325 3976 2601 4035 inviolata
2669 3974 2928 4048 lapidum
3003 3990 3277 4048 compage
3352 3974 3725 4049 constringat.

2018 4069 2179 4140 Quod
2227 4084 2361 4141 ergo
2402 4068 2520 4140 jam
2564 4066 2697 4123 dicti
2746 4064 3053 4138 Babylonii
3098 4062 3300 4121 lateres
3331 4079 3432 4135 pro
3461 4063 3639 4133 saxis,
3673 4071 3732 4124 et

2020 4158 2285 4216 bitumen
2332 4156 2618 4215 habebant
2661 4170 2761 4228 pro
2809 4157 3112 4225 cmmeuto,
3167 4152 3415 4210 carnalis
3464 4153 3601 4210 vitae
3648 4154 3729 4211 si-

2017 4249 2294 4321 gniﬁcant
2322 4247 2659 4315 aedilicium,
2689 4243 2761 4301 ad
2790 4243 2910 4301 vim
2947 4252 3277 4313 ventorum,
3311 4242 3401 4301 vel
3442 4242 3727 4316 impetum

2021 4336 2336 4407 ﬂuminum
2368 4334 2711 4408 quantocius
2749 4332 3133 4389 obruendum.
3168 4330 3350 4389 Urbes
3386 4331 3506 4389 illae
3534 4332 3729 4390 taber—

2023 4428 2386 4495 naculorum,
2429 4441 2573 4499 quas
2627 4423 2847 4481 Pharao
2900 4421 3020 4481 luto
3072 4423 3350 4496 paleaque
3402 4423 3733 4481 construxit

2028 4500 2220 4588 (Exod.
2252 4517 2319 4589 1):
2361 4515 2642 4573 nimirum
2685 4512 2827 4579 luto,
2871 4512 3021 4585 quod
3059 4512 3354 4586 inquinat;
3385 4510 3566 4584 palea,
3598 4526 3732 4584 quae

1955 4570 2346 4663 D(testinatur
2386 4605 2455 4661 ad
2501 4604 2785 4674 ﬂammas,
2830 4605 3101 4663 Phithom
3147 4611 3202 4661 et
3248 4604 3551 4661 Ramesses
3594 4607 3736 4659 sunt

2028 4710 2143 4753 non
2172 4694 2297 4751 sine
2326 4692 2598 4766 mysterio
2631 4701 2995 4767 nuncupatas.
3028 4692 3296 4751 Phithom
3319 4687 3603 4760 siquidem
3633 4690 3732 4745 in-

2030 4790 2369 4855 terpretatur
2419 4798 2477 4836 os
2526 4783 2731 4851 abyssi,
2791 4782 2881 4839 vel
2952 4783 3149 4838 subito.
3200 4777 3475 4851 Quisquis
3547 4777 3729 4849 enim,

2024 4873 2193 4947 juxta
2233 4870 2395 4929 Pauli
2434 4870 2798 4940 sententiam,
2842 4884 3013 4941 supra
3067 4868 3530 4935 fundamentum,
3573 4865 3731 4938 quod

2029 4967 2111 5018 est
2166 4959 2429 5018 Christus
2483 4959 2672 5028 Jesus,
2738 4958 2914 5031 ligna,
2968 4958 3187 5022 fenum,
3241 4955 3511 5028 stipulam
3574 4971 3733 5014 nunc

2030 5048 2274 5106 aediﬁcat
2335 5066 2347 5106 :
2401 5047 2575 5121 quale
2620 5051 2903 5117 cujusque
2942 5059 3086 5116 opus
3128 5042 3219 5114 sit,
3271 5043 3423 5116 ignis
3470 5043 3735 5116 probabit

2031 5140 2079 5209 (Ι
2113 5140 2229 5195 Cor.
2267 5144 2347 5205 III)
2384 5160 2395 5194 :
2431 5144 2486 5192 et
2514 5151 2631 5208 quo
2662 5134 2846 5205 magis
2878 5132 2937 5188 in
2973 5131 3154 5189 altum
3196 5132 3319 5189 hth
3354 5131 3602 5189 carnalis
3642 5133 3734 5188 vi-

2032 5234 2103 5283 tm
2146 5232 2430 5283 structura
2476 5222 2848 5294 suberigitur,
2883 5225 3040 5277 tanto
3084 5220 3401 5292 proclivius
3442 5220 3622 5277 veluti
3669 5219 3733 5278 iu

2030 5312 2223 5388 abyssi
2280 5312 2612 5383 voraginem
2674 5324 2879 5378 mersa,
2946 5307 3137 5366 subito
3190 5307 3521 5379 dissipatur,
3577 5307 3733 5368 unde

2031 5403 2309 5475 scriptum
2366 5405 2492 5457 est:
2532 5419 2558 5449 «
2595 5396 2827 5455 Ducunt
2879 5395 2941 5453 iu
3002 5395 3165 5454 bonis
3221 5395 3343 5452 dies
3389 5409 3547 5465 suos,
3574 5402 3630 5454 et
3673 5395 3735 5455 in

2033 5503 2243 5568 puncto
2299 5493 2365 5549 ad
2439 5491 2667 5547 inferna
2718 5487 3075 5547 descendunt
3122 5487 3235 5558 (Job
3284 5486 3429 5557 XXI).
3494 5505 3522 5538 ιι
3576 5484 3734 5543 Bene

2032 5600 2168 5657 ergo
2200 5584 2415 5641 dicitur
2438 5588 2508 5639 et
2553 5597 2616 5640 os
2667 5580 2882 5655 abyssi,
2910 5586 2966 5637 et
3009 5578 3219 5649 subito,
3266 5578 3402 5651 quia
3433 5576 3505 5635 de
3529 5593 3734 5636 carna-
