4170 6468
441 324 547 386 487
961 318 1022 377 8.
1069 315 1290 377 PETRI
1331 312 1653 373 DAMIANI
1691 311 1848 372 ore.
1894 310 2085 371 PARS
2124 308 2266 371 SEU
2309 309 2561 371 TOMUS
2600 309 2643 368 I.
2698 344 2723 352 μ
2793 307 3027 368 EPIST.
3074 306 3216 369 LIB.
3259 306 3415 367 VIII:
3829 308 3941 368 Iss

440 452 513 510 lis
560 449 717 518 vita,
762 459 894 517 qua
939 459 1037 517 per
1082 457 1217 501 eum
1253 441 1539 507 innuitur,
1583 438 1841 497 culmine
1882 453 1998 496 non
2048 438 2428 497 se-Asutnus
2476 436 2591 494 Deo
2647 435 2707 493 in
2756 435 2828 492 iis
2885 434 2986 510 qui
3026 433 3170 491 salvi
3217 434 3368 492 fiunt
3405 433 3547 491 etin
3577 430 3651 491 iis
3677 432 3780 507 qui
3808 448 3911 504 per

440 539 654 614 gniter,
696 535 793 593 sed
846 533 956 590 cito
1006 532 1321 601 corruitur;
1381 539 1437 588 et
1483 529 1630 588 illud
1682 536 1765 586 est
1810 543 1874 586 os
1926 526 2141 601 abyssi,
2224 534 2401 595 eunt;
2452 525 2584 584 aliis
2633 524 2864 600 quidem
2918 524 3059 583 odor
3112 523 3417 614 mortisgin
3477 530 3747 614 mortem,
3803 521 3942 580 aliis

442 611 603 701 quod
668 637 938 681 ascensus
995 620 1295 678 videbatur
1374 634 1498 676 (SSB
1566 616 1800 690 fastigii,
1863 616 2145 688 Propheta
2225 614 2365 672 odor
2394 615 2530 673 vita
2579 616 2639 673 in
2680 615 2853 673 vitam
2879 616 2959 687 (II
2985 617 3103 673 Cor.
3137 616 3218 681 II).
3258 636 3277 664 ι
3313 612 3518 671 Pactus
3567 611 3804 684 quidem
3852 618 3942 668 est

440 717 703 782 testante,
732 711 832 784 qui
869 710 993 767 ait:
1038 732 1065 761 ι(
1108 707 1374 781 Dejecisti
1418 722 1515 763 eos
1568 704 1706 761 dum
1754 703 2146 761 allevarentur

435 805 598 877 (Psal.
665 798 867 871 LXXII).
933 821 953 849 ι
1013 797 1313 855 Ramesses
1381 809 1516 851 vero
1570 794 1839 865 pabulum
1913 790 2142 862 dicitur,

438 890 532 948 vel
583 892 763 955 tinea,-
795 884 1069 958 pabulum
1120 898 1371 957 namque
1416 881 1631 940 diaboli
1662 887 1797 938 sunt
1824 896 2027 939 omnes
2052 896 2142 938 re-

436 977 623 1053 probi,
665 975 878 1049 quibus
925 974 1022 1030 ille
1071 978 1339 1046 tanquam
1394 971 1567 1044 lupus
1615 970 1823 1028 ovibus
1874 970 2142 1040 vescitur,

436 1082 755 1140 eorumque
802 1063 1055 1138 pernicie
1103 1062 1259 1120 velut
1300 1060 1490 1134 ep'ulis
1535 1060 1849 1133 saginatur.
1892 1059 1973 1115 De
2022 1058 2147 1133 qui-

432 1156 543 1216 bus
566 1156 736 1214 etiam
768 1171 867 1229 per
893 1153 1070 1211 David
1102 1152 1312 1209 dicitur
1344 1174 1356 1208 :
1394 1172 1414 1200 ε
1454 1149 1615 1209 Sicut
1651 1164 1787 1207 oves
1817 1148 1875 1205 in
1918 1148 2146 1205 inferno

435 1244 605 1318 positi
631 1249 783 1312 sunt,
816 1246 870 1299 et
907 1256 1064 1299 mors
1099 1240 1364 1313 depascet
1390 1254 1486 1296 eos
1516 1240 1686 1305 (Psal.
1715 1242 1943 1303 XLVI‘I).
1975 1260 2000 1287 ιο

507 1332 669 1390 Dixit
693 1330 976 1388 Dominus
1002 1329 1071 1386 ad
1099 1328 1337 1402 Moysen
1368 1328 1563 1399 (Exod.
1592 1328 1672 1397 Iv)
1698 1346 1709 1383 :
1746 1351 1765 1376 ι
1791 1325 2009 1398 Projice
2038 1326 2149 1384 vir-

435 1437 569 1495 gam
598 1436 771 1494 quam
803 1419 865 1475 in
907 1433 1085 1475 manu
1113 1425 1318 1490 gestas,
1352 1416 1411 1473 in
1448 1424 1690 1483 terram;
1719 1423 1774 1472 et
1805 1414 2055 1488 projecit,
2092 1419 2147 1472 et

437 1510 625 1567 factus
652 1514 736 1566 est
763 1521 1014 1580 serpens.
1051 1504 1302 1577 Expavit
1324 1503 1481 1562 illico
1512 1502 1755 1577 Moyses,
1786 1512 1842 1562 et
1866 1503 2014 1575 fugit
2041 1526 2053 1573 ;
2091 1510 2147 1560 et

438 1596 519 1654 ait
562 1594 650 1654 illi
690 1594 977 1652 Dominus
1024 1617 1036 1649 :
1081 1593 1459 1666 Apprehende
1503 1594 1745 1651 caudam
1775 1592 1935 1666 ejus;
1970 1598 2025 1650 ct
2051 1609 2145 1665 ap-

436 1683 764 1760 prehendit,
800 1685 1054 1756 factaque
1082 1689 1166 1740 est
1202 1683 1412 1741 iterum
1458 1683 1636 1755 virga.
1673 1705 1693 1734 ι
1725 1682 1929 1741 Cuncti
1968 1682 2144 1756 liqui-

2227 702 2363 763 Saul
2415 704 2687 777 majorem
2716 704 2895 762 ﬁliam
2937 719 3098 762 suam
3143 702 3339 761 Merob
3382 701 3563 760 David
3604 702 3738 761 dare
3784 717 3938 760 uxo-

2224 809 2386 864 rem;
2421 795 2518 852 sed
2565 812 2698 853 cum
2743 802 2967 868 tempus
3004 794 3331 853 advenisset
3371 809 3490 868 quo
3526 793 3648 851 dari
3703 793 3811 851 sibi
3844 793 3941 851 de-

2224 883 2461 955 buisset,
2495 900 2606 942 non
2638 885 2692 942 ei
2734 885 2863 943 data
2900 892 3003 957 est,
3040 884 3141 942 sed
3173 884 3275 942 alii
3312 885 3622 956 conjuncta
3662 888 3747 940 est
3788 881 3937 940 viro.

2224 970 2443 1030 Dilexit
2489 982 2681 1031 autem
2737 974 2946 1031 Michol
3010 973 3186 1030 ﬁliam
3263 971 3402 1031 Saul
3455 971 3692 1030 alteram
3750 971 3940 1029 David

2224 1074 2468 1134 eamque
2506 1061 2615 1119 sibi
2655 1077 2900 1119 uxorem
2939 1061 3243 1135 conjunxit
3271 1065 3323 1130 (I
3342 1065 3472 1130 Reg.
3511 1063 3705 1128 XVIII).
3736 1058 3939 1117 Merob

2224 1148 2437 1221 quippe
2478 1148 2881 1221 interpretatur
2929 1152 2996 1206 de
3041 1152 3430 1219 multitudine;
3463 1149 3671 1208 Michol
3712 1155 3934 1219 autem,

2225 1253 2373 1306 aqua
2422 1236 2514 1294 vel
2557 1254 2625 1293 ea:
2680 1240 2944 1296 omnibus.
2983 1238 3049 1296 Et
3090 1239 3231 1312 quid
3282 1255 3380 1312 per
3427 1237 3639 1309 Merob,
3677 1238 3789 1296 nisi
3833 1237 3938 1295 illa

2225 1324 2505 1384 duntaxat
2529 1327 2858 1387 inﬁdelium
2886 1329 3054 1387 turba
3081 1329 3363 1402 signatur,
3397 1344 3530 1402 qua
3558 1335 3643 1385 est
3678 1328 3748 1387 de
3783 1326 3939 1385 mul-

2225 1415 2472 1473 titudine
2514 1432 2647 1489 qua
2688 1414 3031 1490 repellitur?
3082 1442 3107 1465 ‹‹
3148 1416 3315 1475 Multi
3353 1417 3508 1474 enim
3548 1422 3685 1475 sunt
3724 1415 3935 1486 vocati,

2226 1504 2397 1577 pauci
2434 1519 2570 1562 vero
2609 1503 2773 1562 electi
2805 1508 3027 1573 (Matth.
3059 1510 3192 1574 XX).
3232 1528 3252 1557 ι
3288 1503 3435 1574 Quid
3463 1510 3658 1564 autem
3686 1520 3788 1580 per
3823 1503 3934 1562 Mi-

2225 1593 2373 1661 chol,
2413 1592 2524 1649 nisi
2571 1599 2767 1651 sancta
2804 1593 3088 1667 ﬁguratur
3128 1592 3457 1665 Ecclesia,a
3506 1609 3622 1668 qua
3667 1592 3939 1651 videlicet

2225 1696 2427 1739 omnes
2470 1680 2739 1739 oriuntur
2782 1680 2967 1747 electi,
2998 1681 3085 1740 vel
3121 1698 3255 1756 qua
3292 1698 3368 1740 ex
3407 1682 3680 1741 omnibus
3715 1686 3939 1740 constat

435 1773 508 1832 do
558 1773 835 1831 novimus
886 1771 1021 1843 quia
1069 1786 1301 1844 serpens
1343 1772 1501 1840 (Gen.
1554 1777 1639 1840 III)
1682 1773 1862 1830 suasit
1918 1772 2201 1843 bominiB
2226 1767 2463 1828 electis?
2511 1768 2653 1839 Qua
2700 1771 2832 1828 licet
2871 1770 3062 1829 ﬁlium
3110 1786 3224 1829 non
3263 1772 3549 1844 genuerit,
3588 1770 3685 1828 hic
3739 1775 3931 1828 tamen

436 1869 719 1930 mortem;
758 1874 893 1933 ergo
943 1874 1094 1917 mors
1139 1875 1171 1917 a
1218 1868 1499 1933 serpente.
1543 1858 1698 1928 Quid
1732 1868 1930 1919 autem
1980 1860 2142 1933 virga

434 1945 548 2005 nisi
601 1947 883 2016 Christus,
910 1946 980 2003 de
1021 1962 1136 2021 quo
1187 1949 1461 2020 prOpheta
1507 1948 1644 2006 dicit
1678 1967 1691 2005 :
1725 1973 1751 1997 α
1792 1949 1939 2017 Quia
1980 1965 2139 2021 egre-

432 2038 627 2097 dietur
663 2038 825 2110 virga
859 2035 930 2094 de
977 2037 1163 2095 radice
1205 2036 1403 2095 Jesse?
1441 2061 1460 2089 ι
1494 2040 1638 2109 ίΙεαὶ.
1682 2039 1785 2109 XI.)
1817 2036 1991 2111 Virga
2032 2038 2140 2096 ita-

432 2142 547 2200 que
574 2125 635 2183 in
667 2132 1009 2200 serpentem,
1051 2126 1314 2185 Christus
1363 2126 1425 2185 in
1470 2134 1731 2185 mortem.
1773 2126 1998 2201 Moyses
2033 2143 2139 2186 au—

440 2220 552 2273 tem
588 2215 844 2287 expavit,
888 2221 941 2272 et
980 2215 1147 2287 fugit,
1188 2214 1325 2288 quia
1370 2230 1647 2289 suspenso
1695 2216 1755 2273 in
1806 2231 1997 2285 cruce,
2047 2215 2141 2273 vel

438 2304 722 2363 moriente
759 2303 1025 2375 Domino,
1061 2303 1253 2362 omnis
1289 2304 1387 2361 ille
1436 2303 1825 2377 apostolorum
1862 2319 2141 2362 numerus

442 2393 808 2451 tremefactus
838 2394 1089 2465 expavit,
1127 2400 1183 2450 et
1216 2408 1249 2450 a
1284 2399 1455 2450 certa
1508 2392 1626 2465 spei
1671 2408 1736 2449 ac
1775 2393 1957 2451 ﬁrma
2004 2391 2140 2450 ﬁdei

438 2481 723 2540 soliditate
769 2480 1017 2539 recessit.
1074 2479 1220 2550 Quia
1274 2497 1407 2540 vero
1458 2481 1639 2540 cauda
1698 2487 1956 2540 extrema
2011 2496 2141 2554 pars

438 2578 522 2631 est
574 2570 846 2644 corporis,
906 2570 1049 2644 quid
1100 2570 1211 2627 nisi
1263 2570 1437 2627 finem
1492 2569 1807 2628 Dominica
1855 2570 2139 2643 significat

433 2662 759 2739 passionis?
817 2660 1041 2734 Moyses
1096 2659 1273 2731 igitur
1322 2660 1561 2719 caudam
1629 2662 2025 2735 apprehendit,
2084 2666 2141 2719 et

431 2752 583 2812 nihil
613 2750 665 2808 ei
698 2750 757 2807 in
795 2749 956 2820 virga
994 2748 1142 2806 ultra
1179 2749 1463 2823 serpentis
1498 2751 1784 2823 apparuit,
1815 2750 1952 2821 quia
1988 2766 2138 2808 com-

434 2841 587 2914 pleto
632 2837 949 2897 Dominica
1003 2837 1286 2910 passionis
1340 2836 1643 2910 crucisque
1714 2838 2023 2911 mysterio,
2083 2842 2139 2894 et

434 2930 626 2989 ﬁdelis
674 2928 920 3001 quisque
981 2935 1118 2985 tunc
1171 2928 1241 2985 ad
1300 2927 1471 2985 ﬁdem
1523 2927 1711 2998 rediit,
1756 2935 1812 2985 et
1850 2927 2133 2997 Christus,

434 3025 774 3091 consumpta
798 3022 1000 3080 morte.
1031 3017 1282 3090 idipsum
1324 3017 1386 3074 in
1434 3033 1495 3075 se
1517 3019 1666 3090 quod
1705 3019 1891 3076 fuerat
1920 3034 2017 3091 per
2048 3034 2137 3078 re-

2227 1862 2628 1933 intelligentia
2652 1863 2777 1937 ejus
2803 1862 3075 1922 sterilitas
3101 1878 3219 1921 non
3238 1863 3481 1921 obsistit.
3513 1860 3689 1920 Aliud
3720 1862 3937 1935 quippe
3997 1864 4005 1870 ’

2228 1952 2570 2025 mysterium
2605 1958 2709 2023 est,
2743 1953 2879 2026 quia
2918 1953 3039 2026 regi
3081 1953 3261 2011 David
3304 1959 3387 2012 est
3428 1954 3491 2012 in
3530 1951 3938 2027 conjugalitatc

2227 2040 2561 2113 conjuncta;
2617 2040 2801 2113 aliud,
2848 2041 2986 2114 quia
3034 2041 3278 2115 perstitit
3337 2041 3692 2111 infecunda;
3749 2037 3936 2109 aliud,

2228 2128 2367 2202 quia
2418 2128 2630 2187 Christi
2679 2129 2913 2187 Domini
2961 2137 3046 2188 est
3099 2131 3297 2189 sortita
3341 2131 3716 2206 oonjugium;
3773 2130 3935 2189 aliud

2227 2220 2366 2291 quia
2404 2219 2771 2277 fecunditatis
2807 2235 2925 2277 non
2956 2222 3169 2279 meruit
3204 2221 3442 2291 donum,
3470 2220 3568 2278 sed
3605 2219 3844 2293 pertulit
3876 2220 3934 2277 in

2227 2306 2403 2365 Israel
2443 2307 2757 2365 sterilitatis
2788 2308 3183 2382 opprobrium.
3218 2309 3382 2367 Hanc
3432 2325 3571 2367 sane
3618 2307 3798 2366 David
3845 2323 3940 2366 su-

2227 2394 2388 2468 perbi
2418 2395 2569 2468 regis
2600 2394 2738 2453 Saul
2767 2396 2877 2454 sibi
2909 2396 3089 2455 ﬁliam
3121 2399 3342 2469 junxit,
3375 2397 3517 2457 dum
3553 2396 3714 2455 fortis
3752 2411 3938 2453 manu

2226 2486 2365 2545 Jesu
2408 2500 2473 2543 ac
2526 2486 2727 2543 merito
2775 2486 3173 2545 desiderabilis
3210 2503 3336 2545 eam
3382 2487 3454 2544 de
3491 2485 3726 2559 superbi
3758 2484 3941 2557 hujus

2227 2576 2432 2635 mundi
2472 2576 2749 2650 principis
2785 2575 3059 2649 obsequio
3094 2577 3344 2645 sustulit,
3387 2578 3614 2651 sibique
3642 2575 3940 2635 confade-

2224 2666 2463 2725 rationis
2507 2668 2733 2725 intima
2772 2666 3000 2740 glutino
3054 2668 3337 2726 counivit.
3419 2667 3609 2737 Quam
3666 2665 3940 2725 videlicet

2227 2756 2457 2824 Michol,
2499 2771 2635 2829 qua
2669 2764 2863 2814 sancta
2910 2756 3224 2815 electorum
3272 2763 3358 2815 est
3413 2756 3689 2826 Ecclesia,
3730 2770 3940 2830 super-

2224 2845 2337 2903 bus
2362 2844 2463 2903 ille
2501 2844 2658 2914 Saul,
2694 2846 2799 2903 hoc
2835 2852 2938 2914 est,
2967 2846 3259 2919 malignus
3296 2846 3551 2919 spiritus,
3574 2862 3709 2904 cum
3735 2845 3941 2904 Merob

2224 2933 2451 2990 auferre
2488 2933 2728 2991 minime
2757 2935 2927 3005 valet,
2962 2935 3101 3009 quia
3138 2934 3325 2993 ﬁdelis
3362 2942 3553 2994 custos
3584 2933 3938 2993 irrevocabi-

2226 3018 2361 3078 liter
2389 3036 2516 3078 eam
2546 3038 2669 3080 sua
2704 3023 3027 3081 dilectionis
3057 3023 3371 3081 obstrinxit
3406 3021 3801 3097 amplexibus,
3833 3022 3935 3095 qui

439 3105 810 3165 surrectionis
851 3103 1092 3177 gloriam
1143 3106 1444 3177 reparavit.
1475 3104 1708 3163 Tollens
1753 3105 1941 3163 Aaron
1999 3108 2200 3197 tbu-C
2224 3107 2284 3166 in
2317 3108 2634 3183 Evangelio
2656 3111 2867 3169 clamat
2903 3131 2915 3169 :
2953 3137 2979 3160 «
3012 3110 3158 3169 Oves
3190 3126 3334 3169 mea
3368 3126 3566 3169 vocem
3600 3125 3785 3168 meam
3825 3124 3937 3167 au-

434 3197 714 3262 ribulum,
746 3193 1003 3253 cucurrit
1036 3209 1137 3268 per
1176 3195 1424 3253 mediam
1467 3193 1922 3266 multitudinem,
1963 3212 2136 3270 quam
2167 3193 2198 3197 w
2223 3197 2411 3269 diunt,
2441 3205 2495 3257 et
2538 3214 2651 3258 non
2682 3200 2953 3275 peribunt
2984 3200 3047 3257 in
3081 3206 3382 3269 aternum,
3411 3207 3467 3258 et
3503 3215 3618 3258 non
3658 3198 3808 3273 rapit
3839 3212 3937 3255 eas

437 3286 700 3344 vastabat
724 3286 1061 3343 incendium
1087 3302 1105 3355 ;
1129 3292 1186 3342 et
1208 3292 1365 3342 stans
1389 3284 1539 3344 inter
1562 3293 1816 3343 mortuos
1842 3301 1909 3343 ac
1930 3287 2139 3344 viven-

433 3383 535 3443 tes,
570 3373 887 3449 thymiama
926 3372 1172 3445 obtulit;
1205 3372 1404 3448 sicque
1445 3372 1765 3432 desaviens
1806 3373 1973 3447 plaga
2014 3390 2137 3432 ces-

431 3464 580 3525 savit
627 3467 811 3533 (Num.
862 3466 1011 3532 XVI).
1053 3461 1232 3532 Quem
1288 3476 1426 3519 sane
1478 3464 1668 3521 Aaron
1734 3461 1850 3520 nisi
1898 3461 2140 3521 Redem-

429 3562 650 3629 ptorem
676 3558 941 3612 nostrum
976 3549 1283 3624 signabat?
1313 3549 1443 3625 Ipse
1473 3567 1723 3626 namque
1759 3552 2037 3626 quoniam
2066 3552 2136 3609 ad

430 3643 778 3704 currendam
808 3640 985 3711 viam,
1017 3640 1183 3714 quasi
1208 3641 1370 3713 gigas
1395 3642 1713 3701 exsultavit
1742 3645 1908 3716 (Psal.
1938 3649 2133 3713 XVIII),

427 3741 653 3809 arrepto
678 3731 963 3808 passionis
997 3746 1118 3789 sua
1181 3732 1500 3803 thuribulo,
1530 3732 1678 3790 inter
1714 3742 1970 3792 mortuos
1994 3730 2140 3788 294

429 3839 495 3884 ac
538 3823 797 3881 viventes
836 3820 1104 3891 occurrit,
1134 3828 1186 3878 et
1233 3819 1459 3893 objectu
1500 3820 1687 3879 crucis
1732 3837 1872 3892 sua,
1917 3822 1976 3879 in
2023 3837 2140 3896 qua

2222 3286 2530 3360 quisquam
2563 3288 2632 3345 de
2665 3303 2843 3346 manu
2900 3303 3030 3346 mea
3057 3291 3236 3356 (Ioan.
3272 3298 3357 3352 X).
3399 3312 3425 3336 η

2290 3372 2424 3446 Qui,
2485 3381 2807 3449 contempta
2860 3383 3101 3434 terrena
3159 3374 3611 3433 conversationis
3658 3374 3932 3447 concupi-

2221 3461 2569 3535 scentiaque
2625 3471 2934 3531 structura,
2987 3462 3303 3536 spiritualis
3365 3461 3593 3520 adiﬁcii
3656 3460 3934 3519 fabricam

2220 3556 2587 3621 construunt,
2622 3552 2684 3609 hi
2720 3552 2881 3626 quasi
2924 3551 3128 3609 lateres
3173 3550 3233 3608 in
3287 3550 3534 3623 lapidem
3576 3554 3850 3622 vertunt;
3879 3554 3937 3605 et

2222 3653 2339 3697 non
2370 3639 2433 3698 in
2470 3656 2646 3699 arena
2690 3642 3003 3699 mundana
3030 3640 3170 3714 spei,
3204 3639 3301 3696 sed
3334 3639 3395 3695 in
3423 3646 3580 3711 petra
3612 3638 3767 3709 ﬁdei,
3797 3652 3936 3712 qua

2221 3731 2483 3790 Christus
2522 3739 2607 3790 est
2652 3734 2699 3803 (Ι
2736 3734 2852 3790 Cor.
2884 3733 2960 3804 x).
2989 3731 3135 3789 atria
3170 3744 3470 3803 nunquam
3510 3730 3742 3803 lapsura
3787 3742 3932 3786 con-

2219 3822 2490 3880 stituunt.
2523 3820 2689 3880 Unde
2736 3837 2838 3895 per
2881 3821 3086 3880 Isaiam
3134 3819 3346 3879 dicitur
3390 3844 3401 3878 :
3449 3845 3474 3868 ‹‹
3518 3819 3749 3876 Lateres
3782 3818 3932 3876 ceci-

433 3909 754 3984 tbymiama
780 3908 928 3966 sacri
955 3907 1209 3980 corporis
1246 3915 1675 3967 concrematum
1714 3919 1816 3979 est,
1850 3917 1904 3968 et
1934 3912 2139 3985 Agnus
2219 3909 2450 3977 derunt,
2498 3910 2595 3967 sed
2641 3908 2877 3984 quadris
2925 3907 3213 3982 lapidibus
3264 3906 3717 3976 adiﬁcabimus;
3766 3919 3933 3978 syco-

434 4000 537 4061 ille
575 4000 821 4059 calestis
870 4005 1090 4056 assatus
1138 4006 1242 4069 est,
1290 3999 1455 4057 vivos
1502 4016 1569 4058 ac
1606 4008 1861 4059 mortuos
1906 4017 2137 4075 separa-
2222 4013 2412 4057 moros
2455 3997 2842 4067 succiderunt,
2882 3997 2982 4057 sed
3033 3996 3230 4055 cedros
3278 3994 3722 4053 immutabimus
3771 3996 3932 4062 (Isai.

430 4090 551 4159 vit;
586 4088 855 4162 ignisque
884 4086 1200 4160 perniciem
1228 4086 1301 4144 ab
1338 4087 1441 4159 eis,
1481 4090 1648 4162 quasi
1688 4089 1927 4163 quidam
1959 4090 2137 4147 inter-
2218 4090 2324 4159 IX).
2359 4113 2384 4138 ››
2430 4087 2733 4146 Lateribus
2775 4088 2987 4162 quippe
3035 4087 3372 4145 cadentibus
3418 4080 3562 4139 295
3617 4092 3671 4141 et
3724 4083 3930 4156 lapidi-

433 4180 679 4239 veniens
726 4192 948 4246 murus,
978 4176 1247 4245 exclusit,
1281 4183 1345 4235 ut
1386 4192 1561 4235 vorax
1601 4178 1833 4235 ﬂamma
1862 4179 2140 4251 deglutiat

434 4267 697 4330 inﬁdeles
743 4280 1026 4339 quosque,
1056 4264 1128 4322 de
1167 4263 1380 4337 quibus
1420 4266 1695 4339 scriptum
1744 4276 1828 4326 est
1860 4287 1871 4325 :
1907 4292 1933 4317 α
1970 4269 2141 4328 Nunc

433 4356 588 4430 ignis
628 4353 986 4412 adversarios
1037 4350 1349 4423 consumit,
1404 4363 1458 4412 et
1508 4353 1670 4428 justi,
1718 4357 1822 4431 qui
1883 4357 1994 4415 fide
2048 4360 2136 4416 vi-

434 4453 598 4513 vunt,
640 4441 976 4502 incendium
1034 4440 1420 4501 damnationis
1462 4444 1715 4503 evadunt
1748 4447 1924 4518 (Hebr.
1980 4447 2056 4520 X).
2113 4471 2133 4498 ι

431 4536 689 4608 Quorum
723 4541 1079 4592 mortuorum
1112 4540 1281 4609 atque
1316 4535 1640 4594 viventium
1675 4535 1794 4610 jam
1825 4545 1880 4595 et
1911 4538 2017 4611 ipsi
2051 4538 2134 4596 la-

433 4631 624 4685 trones
662 4631 979 4682 noscuntur
1016 4622 1194 4681 fuisse
1230 4623 1523 4696 primitia,
1563 4624 1714 4683 inter
1752 4642 1899 4702 quos
1938 4627 2135 4685 Domi-

434 4730 548 4773 nus
594 4711 911 4772 cruciﬁxus
956 4718 1059 4781 est,
1093 4726 1342 4783 quorum
1389 4712 1532 4771 alter
1581 4712 1813 4781 electus,
1857 4714 2000 4772 alter
2052 4722 2138 4773 est

432 4803 636 4862 merito
690 4802 945 4876 perﬁdia
991 4801 1343 4873 reprobatus.
1396 4800 1517 4858 Hoc
1568 4801 1763 4875 itaque
1820 4802 2137 4876 thymiama

434 4891 702 4953 sacrificii
731 4892 999 4950 salutaris
1024 4898 1199 4966 atque
1232 4891 1564 4964 singularis,
1595 4893 1747 4965 quod
1786 4892 1845 4949 in
1881 4908 1979 4949 ara
2001 4908 2132 4950 cru-

435 4982 518 5041 cis
603 4978 864 5039 oblatum
944 4986 1028 5037 est
1105 4979 1223 5038 Deo
1301 4978 1474 5048 Patri,
1534 4995 1699 5037 mons
1754 4979 1851 5037 ille
1906 4981 2133 5039 fortitu-

429 5074 586 5132 dinis
650 5070 801 5128 inter
880 5078 1134 5128 mortuos
1214 5067 1588 5145 viventesque
1661 5071 1927 5143 portavit,
2000 5086 2132 5129 cum

431 5160 664 5219 odorem
716 5173 838 5218 sua
873 5156 1094 5214 notitia
1141 5172 1241 5229 per
1288 5156 1485 5215 ﬁdeles
1527 5162 1582 5213 et
1620 5155 1883 5214 inﬁdeles
1911 5155 2130 5218 effudit.

438 5247 596 5307 Unde
655 5254 741 5307 est
797 5245 941 5305 illud
997 5246 1054 5302 in
1113 5245 1360 5304 Canticis
1408 5269 1420 5302 :
1476 5270 1500 5292 κ
1557 5243 1930 5317 Unguentum
1983 5246 2132 5303 effu-

435 5350 565 5393 sum
601 5351 811 5393 nomen
857 5342 1023 5393 tuum
1066 5334 1241 5399 (Cant.
1277 5338 1334 5401 I).
1381 5359 1405 5380 »
1454 5332 1522 5389 Et
1564 5332 1914 5406 Apostolus:
1953 5354 1974 5383 ε
2015 5332 2132 5391 Deo

436 5430 628 5481 autem
657 5425 887 5498 gratias,
915 5423 1016 5498 qui
1064 5437 1290 5494 semper
1317 5420 1631 5494 triumphat
1676 5438 1779 5479 nos
1810 5420 1868 5478 in
1904 5421 2131 5479 Christo

438 5511 597 5581 Jesu,
643 5520 698 5570 et
758 5515 992 5573 odorem
1061 5512 1281 5571 notitia
1342 5526 1463 5568 sua
1531 5526 1759 5584 semper
1797 5509 2132 5568 manifestas

431 5617 537 5677 per
589 5617 694 5661 nos
744 5603 805 5660 in
857 5604 1018 5662 omni
1068 5604 1210 5673 loco,
1272 5599 1410 5675 quia
1464 5599 1672 5658 Christi
1745 5601 1934 5659 bonus
1991 5599 2132 5659 odor

2221 4178 2329 4236 bus
2361 4176 2510 4250 quad
2519 4177 2596 4234 ris
2608 4177 2855 4235 adiﬁcat
2873 4177 3141 4250 quisquis
3153 4177 3428 4235 vitiorum
3440 4174 3930 4248 voluptatumque

2219 4265 2519 4323 lasciviam
2545 4266 2903 4325 districtioris
2934 4265 3069 4323 vita
3095 4265 3282 4337 rigore
3307 4264 3563 4336 castigat,
3603 4261 3704 4336 qui
3741 4261 3927 4335 legem

2221 4353 2412 4412 carnis
2467 4354 2587 4427 lege
2635 4354 2872 4427 spiritus
2917 4361 3165 4428 superat,
3202 4354 3303 4427 qui
3360 4351 3757 4411 fortitudinem
3800 4365 3926 4407 cor-

2226 4442 2380 4515 poris
2408 4441 2589 4499 animi
2622 4441 2832 4500 virtute
2853 4443 3128 4501 demutat.
3168 4440 3333 4500 Unde
3364 4457 3563 4500 rursus
3592 4456 3691 4513 per
3716 4438 3928 4497 Isaiam

2225 4533 2434 4591 dicitur
2470 4551 2481 4590 :
2522 4554 2541 4583 α
2579 4529 2701 4601 Qui
2724 4531 3024 4590 conﬁdunt
3056 4532 3115 4589 in
3152 4531 3395 4590 Domino
3427 4529 3737 4588 mutabunt
3764 4526 3928 4585 forti-

2225 4619 2485 4678 tudinem
2518 4621 2665 4689 (Isai.
2698 4621 2816 4691 XL).
2851 4644 2877 4667 »
2913 4618 3057 4676 Nam
3100 4619 3261 4690 dum,
3301 4635 3418 4679 non
3466 4622 3793 4684 assumunt,
3826 4614 3922 4672 sed

2225 4708 2554 4780 mutabunt,
2585 4708 2756 4779 dixit,
2786 4714 3043 4781 patenter
3091 4709 3346 4767 innotuit
3391 4707 3565 4765 aliam
3605 4722 3728 4764 esse
3765 4705 3928 4764 forti-

2225 4799 2507 4870 tudinem,
2538 4815 2671 4872 qua
2699 4798 3025 4871 deponitur,
3057 4799 3227 4857 aliam
3269 4814 3402 4872 qua
3440 4798 3665 4855 noviter
3690 4796 3928 4854 inchoa-

2223 4894 2337 4947 tur.
2378 4888 2529 4946 Hinc
2562 4889 2758 4947 electis
2784 4904 2886 4963 per
2912 4888 3276 4947 Psalmislam
3320 4888 3533 4946 dicitur
3563 4907 3575 4945 :
3612 4913 3637 4937 ‹‹
3668 4885 3930 4944 Viriliter

2223 4977 2394 5051 agite,
2428 4984 2482 5034 et
2527 4976 2878 5035 oonfortetur
2928 4992 3024 5034 cor
3071 4983 3347 5047 vestrum,
3376 4992 3578 5034 omnes
3605 4974 3705 5049 qui
3732 4989 3929 5047 spera-

2226 5066 2295 5124 tis
2337 5065 2399 5123 in
2440 5065 2686 5124 Domino
2736 5068 2953 5138 (Psalm.
2990 5070 3161 5133 xxx).
3215 5090 3241 5114 ιο
3286 5064 3438 5122 Hinc
3486 5064 3754 5124 Salomon
3805 5063 3924 5120 ait:

2226 5180 2252 5204 α
2279 5154 2365 5211 En
2409 5155 2686 5213 lectulum
2735 5152 3054 5213 Salomonis
3107 5153 3407 5227 sexaginta
3457 5154 3629 5212 fortes
3662 5151 3930 5210 ambiunt

2220 5257 2292 5300 ex
2325 5242 2647 5301 fortissimis
2675 5242 2851 5301 Israel
2880 5245 3056 5315 (Cant.
3090 5244 3192 5313 III).
3236 5268 3261 5291 ιι

2294 5331 2660 5390 «Inebriavit
2709 5347 2802 5390 me
2848 5331 3140 5390 absinthio
3196 5334 3416 5400 (Thren.
3476 5336 3581 5400 III).
3636 5355 3662 5379 ››
3717 5326 3927 5389 Ebrius

2220 5421 2451 5496 quippe,
2511 5422 2664 5494 quod
2724 5422 2941 5493 tolerat,
2990 5421 3150 5479 velut
3215 5421 3547 5495 arreptitius
3616 5435 3761 5494 pene
3833 5420 3925 5479 vel

2222 5518 2413 5567 mente
2438 5515 2656 5582 captus,
2683 5509 2925 5584 ignorat.
2966 5507 3215 5580 Quilibet
3253 5522 3387 5582 ergo
3428 5523 3749 5581 perversus,
3780 5507 3920 5566 dum

2223 5599 2427 5659 mundi
2476 5600 2631 5659 lucra
2677 5599 3007 5673 phrenetice
3040 5598 3413 5671 concupiscit,
3447 5598 3545 5672 qui
3602 5606 3679 5656 tot
3718 5597 3927 5657 labori-
