4170 6452
228 306 347 374 489

1442 298 1665 369 LIBER
1704 304 2068 384 OCTAVUS,
2107 304 2343 376 EPIST.
2384 306 2537 378 XIV.

3632 316 3744 389 490

233 440 357 498 bus
386 435 690 511 premitur,
730 449 797 493 ea
822 449 958 508 quas
985 433 1220 510 patitur,
1254 434 1405 493 mala
1433 449 1549 493 non
1575 436 1769 507 sentit,
1799 435 2008 509 quo-A
2030 436 2223 498 lomon
2272 442 2352 499 ait
2399 462 2411 500 :
2470 464 2498 497 α
2530 443 2712 514 Quem
2749 443 2941 519 diligit
2977 445 3279 517 Dominus,
3315 446 3584 522 corripit;
3630 452 3740 510 ﬂa-

236 530 400 587 niam
432 526 504 585 ad
533 532 737 585 cuncta
768 524 1181 583 delectabiliter
1203 524 1457 593 ducitur,
1494 525 1557 583 in
1593 526 1810 599 quibus
1834 543 1949 601 poe-

238 617 449 675 naliter
474 616 767 687 fatigatur.

310 730 339 754 α
373 703 537 763 Sicut
577 719 715 761 oves
759 704 817 760 in
866 702 1096 761 inferno
1144 702 1313 776 positi
1351 709 1507 775 sunt,
1537 709 1593 762 et
1642 719 1797 762 mors
1847 706 1947 765 de-

234 800 431 870 pascet
491 809 590 852 eos
653 796 820 859 (Psal.
884 797 1116 860 XLVIII).
1160 816 1181 845 ι
1238 793 1385 853 Oves
1436 794 1607 853 habet
1663 794 1944 866 Christus,

232 900 383 958 quas
424 883 497 941 ad
526 898 754 941 amoena
797 882 1046 940 virentia
1092 882 1279 941 caulis
1311 882 1640 942 coelestibus
1678 882 1949 943 introdu-

233 982 363 1045 cat;
420 990 559 1033 oves
608 974 800 1042 habet,
860 979 915 1031 et
969 973 1069 1032 ille
1118 974 1373 1045 rugiens,
1422 990 1569 1050 quas
1628 975 1948 1035 insatiabili

234 1072 519 1123 cruentus
555 1078 655 1122 ore
689 1062 987 1135 deglutial.
1023 1062 1133 1133 Qui
1160 1064 1307 1122 bene
1342 1079 1493 1122 mors
1524 1064 1753 1132 dicitur,
1786 1066 1944 1139 quia,

230 1168 371 1212 cum
401 1152 481 1209 sit
506 1158 706 1212 auctor
725 1150 945 1220 mortis,
967 1151 1041 1208 ad
1060 1150 1431 1210 inferendum
1455 1152 1623 1210 nobis
1646 1153 1942 1211 interitum

232 1244 555 1303 crudeliter
583 1243 874 1300 eﬂ'eratur.
924 1240 1082 1300 Unde
1112 1241 1364 1300 Joannes
1397 1262 1408 1300 :
1454 1262 1482 1295 ‹‹
1511 1242 1582 1300 Et
1609 1258 1738 1301 ecce
1762 1259 1948 1318 equus

228 1333 509 1408 pallidus,
540 1337 596 1389 et
622 1330 724 1405 qui
753 1328 985 1388 sedebat
1012 1345 1183 1403 super
1210 1345 1367 1401 eum,
1399 1344 1612 1388 nomen
1638 1330 1762 1388 illi:
1796 1330 1949 1389 Mors

237 1422 437 1492 (Apoc.
473 1422 580 1490 Vt).
615 1439 643 1472 )›

685 1465 1213 1547 EPISTULA
1268 1487 1504 1547 x111.

777 1572 855 1617 AD
906 1570 1176 1618 SOROREM
1231 1572 1409 1619 SUAM.

237 1656 689 1723 ARGUMENTUM.
724 1683 801 1723 7—,
848 1648 1101 1723 Rogatus
1151 1666 1185 1708 a
1235 1665 1459 1723 sorore,
1488 1649 1558 1708 de
1600 1650 1804 1709 mundi
1852 1652 1948 1709 in-

311 1726 507 1794 teritu,
542 1721 1173 1795 Antichristiadventu
1197 1728 1253 1795 et
1285 1722 1503 1795 judicio
1532 1737 1801 1795 supremo
1824 1723 1945 1781 dis-

2028 528 2204 601 gellat
2228 537 2422 589 autem
2448 546 2681 591 omnem
2712 531 2899 591 filium
2925 548 3097 607 quem
3137 535 3335 609 recipit
3362 539 3538 609 (Prov.
3571 545 3669 611 1n).
3705 560 3736 592 ν

2031 620 2154 678 Νοη
2188 621 2366 692 igitur
2401 622 2692 683 immerito
2726 625 2960 699 gaudet,
2991 626 3093 700 qui
3139 626 3195 683 in
3244 633 3458 686 sanctae
3493 642 3735 688 conver-

2029 708 2268 768 sationis
2296 711 2506 771 itinere
2541 713 2906 781 constitutus,
2937 715 3081 773 dum
3109 731 3170 773 se
3198 714 3442 786 ﬂagellis
3468 716 3736 776 conside-

2028 804 2114 854 rat
2157 799 2444 858 ultoribus
2477 801 2652 872 cingi,
2698 802 2757 859 in
2800 810 3007 861 sortem
3056 803 3315 862 ﬁliorum
3368 804 3468 863 Dei
3511 822 3573 865 se
3617 822 3736 866 non

2027 885 2267 959 ambigit
2291 886 2566 960 adoptari.
2596 888 2716 947 Hoc
2744 896 2968 948 tantum
3000 890 3244 949 sollicita
3276 893 3735 952 consideratione

2027 974 2351 1032 cavendum
2392 982 2495 1045 est,
2533 992 2606 1034 ne
2635 977 2786 1034 inter
2815 977 2937 1051 ipsa
2987 978 3351 1037 rectitudinis
3383 995 3558 1053 opera
3598 982 3735 1054 qui-

2027 1059 2139 1118 bus
2188 1060 2427 1120 debetur
2471 1062 2673 1135 utique
2710 1064 3041 1137 praamium,
3082 1065 3503 1125 admisceamus
3557 1068 3733 1126 etiam

2030 1146 2296 1220 quaedam
2318 1162 2513 1220 prava,
2540 1148 2672 1207 licet
2696 1150 2959 1219 minima,
2975 1150 3192 1225 quibus
3227 1153 3511 1224 irrogetur
3527 1153 3730 1212 saltem

2031 1235 2346 1308 temporale
2375 1237 2743 1310 supplicium.
2790 1238 2949 1297 Unde
2988 1248 3043 1298 et
3082 1241 3285 1299 Petrus
3315 1241 3397 1299 ait
3437 1259 3451 1292 :
3490 1266 3515 1294 ιι
3550 1242 3736 1303 Nemo

2031 1331 2293 1382 vestrum
2321 1326 2571 1398 patiatur
2605 1329 2770 1400 quasi
2801 1328 3107 1396 homicida,
3139 1338 3239 1388 aut
3271 1332 3386 1401 fur,
3416 1339 3519 1390 aut
3549 1332 3735 1390 male-

2029 1412 2214 1484 dicus,
2245 1421 2346 1472 aut
2372 1414 2694 1475 alienorum
2721 1417 3000 1490 appetitor
3024 1422 3081 1490 (Ι
3100 1422 3244 1478 Petr.
3274 1426 3378 1489 IV).
3404 1441 3432 1473 »
3456 1419 3736 1495 Quisquis

2028 1516 2164 1575 ergo
2211 1501 2305 1559 vel
2359 1502 2548 1562 aliena
2602 1504 2852 1578 cupidus
2901 1505 3132 1580 appetit,
3181 1507 3272 1564 vel
3325 1507 3621 1567 maledicis
3670 1511 3735 1568 in

2029 1591 2365 1665 quempiam
2412 1593 2603 1652 verbis
2643 1593 2870 1652 excedit
2916 1595 3060 1670 quin
3113 1595 3288 1669 digne
3334 1597 3567 1670 patitur,
3612 1612 3739 1671 pas-

2031 1677 2212 1736 sionis
2242 1695 2365 1737 suae
2400 1682 2709 1754 praemium
2737 1699 2854 1742 non
2886 1691 3159 1742 meretur.

309 1766 1255 1874 €331";fdiﬁié‘ﬁﬁihéﬁuwjﬁdicii
1285 1766 1501 1851 Ἥῖἑῖιίν
1532 1766 1943 1866 ἕέἕὶιῖἑῖ”ἔιὶῖθ

2105 1766 2216 1825 Vos
2274 1776 2488 1829 autem.
2535 1769 2961 1874 ‘dilectissimaa,
3024 1772 3163 1846 quia
3206 1771 3396 1830 soluto
3442 1773 3739 1846 conjugali

306 1868 510 1928 oculos
536 1864 860 1924 habendam
881 1879 1003 1922 esse
1030 1864 1130 1922 ait.

308 1959 678 2018 Dulcissimae
715 1957 895 2016 sorori
934 1956 1017 2015 III
1061 1956 1290 2016 PE'raus
1328 1964 1587 2031 peccator
1626 1958 1948 2018 monachus

236 2048 531 2109 humilem
552 2047 615 2105 in
646 2046 894 2105 Domino
922 2046 1284 2105 servitutem.

304 2135 474 2206 Quod
528 2152 562 2194 a
609 2150 721 2203 me,
756 2150 915 2194 soror
970 2136 1331 2207 charissima,
1363 2136 1508 2210 petis
1561 2146 1763 2197 notum
1818 2140 1945 2199 fieri

232 2224 361 2294 tibi,
412 2223 556 2294 quid
606 2230 738 2281 ante
783 2222 994 2280 mundi
1043 2222 1414 2295 creationem,
1459 2231 1566 2282 etc.
1616 2227 1823 2283 Eadem
1868 2233 1948 2284 est

232 2319 349 2372 haec
377 2317 540 2386 epist.
573 2330 693 2384 qua
722 2318 773 2368 et
807 2314 902 2369 lib.
940 2322 1001 2369 VI
1032 2315 1164 2368 tomz'
1191 2313 1375 2381 hujus.

807 2399 1176 2459 EPISTOLA
1223 2401 1374 2460 XIV.

386 2489 465 2535 AD
493 2486 750 2535 SORORES
772 2485 917 2531 SUAS
944 2484 1322 2531 RODELINDAM
1370 2484 1442 2531 ΕΤ
1471 2484 1800 2532 SUFFICIAM.

233 2560 680 2616 ABGUMENTUM.
710 2586 775 2594 —
799 2551 1179 2625 Ilodelindam
1207 2558 1378 2625 atque
1405 2551 1721 2623 Sufficiam,
1748 2554 1948 2611 ambas

310 2627 521 2686 marito
549 2626 794 2694 orbatas,
828 2623 901 2680 ad
929 2623 1425 2682 servandum‘non
1455 2625 1645 2681 solum
1671 2625 1944 2694 corporis,

307 2699 411 2757 sed
454 2699 626 2776 etiam
675 2695 906 2776 mentis,
942 2694 1035 2776 ab_
1059 2695 1220 2752 omni
1255 2694 1383 2776 labe
1416 2694 1946 2776 intactam‘purita-

309 2779 447 2834 tem.
482 2767 971 2841 cogitationesque
1014 2766 1356 2841 immundas
1392 2766 1554 2823 omni
1583 2765 1775 2823 studio
1822 2767 1946 2841 evi-

310 2836 825 2918 tandasliortatur.
861 2836 1118 2918 Quoddut
1145 2837 1375 2918 facilius
1410 2844 1679 2918 prmsmre
1704 2836 1943 2918 possint,

308 2912 645 2989 patientiam
696 2908 1294 2989 in‘tribulationibus,
1323 2908 1651 2989 orationem
1698 2908 1822 2989 sipe
1852 2908 1945 2989 in-

318 2978 705 3053 termissione,
767 2980 1240 3053 frequentemget
1289 2981 1572 3053 sinceram
1632 2978 1945 3053 confessio-

310 3072 472 3127 nem,
503 3050 1011 3112 mansuetudinem
1050 3051 1111 3108 in
1146 3050 1431 3117 inimicos,
1467 3056 1522 3109 et
1558 3050 1945 3109 contumelio-

2030 1857 2290 1917 vinculo.
2352 1856 2644 1915 vidualem
2728 1860 3140 1917 continentiam
3204 1861 3555 1933 proﬁtentes,
3622 1877 3741 1921 non

2028 1945 2200 2003 modo
2236 1945 2310 2003 ad
2339 1946 2682 2004 immortalis
2720 1945 2928 2020 Sponsi
2959 1947 3228 2021 copulam
3265 1950 3738 2021 transmigrastis,

2026 2036 2127 2093 sed
2173 2042 2230 2093 et
2274 2037 2565 2094 incentiva
2613 2038 2812 2096 omnia
2857 2038 3106 2097 carnalis
3156 2039 3445 2098 illecebrae
3485 2042 3741 2100 mirandi

2026 2125 2270 2184 fervoris
2320 2127 2592 2185 instantia
2630 2128 2960 2201 reprimere,
3008 2128 3128 2187 imo
3163 2129 3501 2203 cruciﬁgere
3536 2129 3740 2188 decre-

2026 2215 2214 2285 vistis,
2250 2222 2304 2273 et
2341 2214 2717 2289 vosmetipsas
2753 2216 2825 2274 ab
2873 2217 3172 2274 inferenda
3211 2232 3448 2290 prorsus
3504 2218 3743 2277 laesione

2026 2304 2385 2377 compescite,
2418 2309 2474 2361 et
2514 2302 2703 2363 illatas
2749 2304 2821 2363 ab
2859 2304 2990 2362 aliis
3030 2304 3440 2380 aequanimiter
3483 2304 3741 2366 tolerate.

2029 2393 2102 2452 Ut
2132 2393 2271 2467 quia
2301 2393 2650 2467 Redemptor
2673 2400 2731 2451 et
2757 2393 2909 2452 mala
2933 2408 3052 2452 non
3080 2392 3231 2465 fecit,
3262 2402 3319 2453 et
3347 2410 3581 2454 crucem
3608 2412 3742 2469 per-

2028 2483 2178 2551 tulit,
2227 2483 2348 2557 jam
2393 2484 2453 2541 in
2513 2482 2680 2541 vobis
2728 2483 2986 2557 ejusdem
3040 2484 3257 2541 summi
3306 2482 3513 2558 Sponsi
3571 2485 3747 2544 arrha

2028 2571 2318 2630 fmderalis
2350 2578 2638 2645 appareat,
2663 2572 2802 2630 dum
2834 2572 2947 2629 viae
2977 2571 3103 2644 ejus
3131 2576 3188 2629 et
3238 2571 3353 2630 vita
3384 2580 3573 2632 vestra
3603 2589 3746 2632 con-

2027 2661 2240 2719 cordat.
2276 2658 2398 2717 Etsi
2442 2659 2600 2717 enim
2656 2661 2894 2733 Agnum
2931 2673 3047 2716 non
3099 2659 3304 2717 valetis
3348 2659 3541 2733 sequi,
3594 2677 3744 2736 quo-

2026 2765 2259 2824 cunque
2289 2749 2416 2809 ierit
2453 2753 2647 2823 (Apoc.
2679 2754 2829 2819 XIV),
2869 2756 3140 2823 tanquam
3184 2750 3464 2823 virgines,
3496 2750 3746 2811 sufﬁciat

2027 2856 2163 2899 eum
2183 2839 2348 2898 vobis
2375 2838 2589 2896 imitari
2610 2854 2712 2912 per
2727 2838 2880 2896 viam
2902 2838 3219 2912 patientiae,
3239 2839 3343 2913 qui
3363 2840 3618 2914 profecto
3643 2855 3747 2913 per

2027 2935 2274 2987 mortem
2296 2927 2522 2986 transiit
2534 2928 2593 2985 in
2608 2927 3087 2986 resurrectionem
3100 2928 3254 2986 vitae.
3281 2927 3352 2985 Et
3367 2944 3444 2987 ne
3464 2928 3746 2988 diuturna

2027 3018 2267 3077 fortasse
2286 3017 2547 3075 molestia
2572 3015 2737 3074 vobis
2760 3016 2984 3088 ingerat
3004 3015 3260 3086 taedium,
3284 3016 3625 3088 evangelica
3645 3015 3748 3075 illa

306 3105 445 3209 ἑξεῖ
458 3105 1025 3212 hisé'lilio'r'iiaﬁi'ﬁl
1050 3105 1548 3212 ’ῥέε
1566 3105 1583 3108 ἡ
1595 3105 1661 3189 ἐξ
1679 3105 1945 3212 denique
1958 3142 2003 3203 ο
2033 3109 2205 3206 A9118
2225 3105 2726 3212 veslﬁzidgitiftl
2739 3112 3090 3212 DPODOfIafuP
3107 3106 3468 3212 εκθίξιριιιξιι.
3491 3105 3638 3206 Quin
3662 3105 3750 3206 Iti-

306 3204 583 3269 curarum
637 3207 1004 3265 saecularium
1056 3204 1474 3278 ablegationem
1534 3204 1794 3260 maxime
1856 3204 1946 3259 eis

304 3280 641 3355 adjumento
668 3280 893 3337 futuras
921 3293 1045 3336 esse
1079 3282 1335 3334 testatur.

307 3366 680 3429 Charissimis
705 3365 767 3423 in
798 3364 1023 3423 Christo
1052 3363 1351 3422 sororibus
1380 3361 1745 3420 RODELINDzE
1772 3368 1945 3435 atque

236 3461 532 3522 SUFFICUE
554 3458 784 3517 PETBUS
823 3463 1079 3531 peccator
1122 3455 1438 3513 monachus
1467 3452 1690 3510 intimm
1718 3465 1945 3523 germa-

235 3549 436 3608 nitatis
467 3550 761 3607 affectum.

308 3638 529 3698 Uberes
576 3638 795 3696 divinae
839 3633 1254 3710 dispensationi
1290 3632 1504 3706 gratias
1546 3630 1753 3700 refero,
1804 3629 1945 3688 dum

237 3745 363 3801 vos,
420 3729 575 3787 fama
631 3727 1008 3798 discurrente,
1087 3722 1374 3797 comperio
1435 3728 1490 3780 et
1543 3722 1603 3780 in
1663 3721 1947 3779 virtutum

241 3820 638 3896 spiritualium
698 3820 918 3877 fervere
971 3813 1330 3875 unanimiter
1370 3812 1601 3882 studiis,
1650 3817 1704 3868 et
1755 3816 1945 3868 tamen

245 3908 494 3968 diversis
536 3906 741 3966 mundi
782 3906 1075 3979 subjacere
1122 3901 1432 3977 pressaris.
1469 3900 1612 3958 Nota
1658 3898 1947 3973 siquidem

242 4004 331 4057 est
368 3997 653 4071 regularis
696 3994 796 4054 illa
835 3991 1366 4069 superntnjustitizn
1393 3989 1571 4061 linea,
1597 4004 1711 4063 qua
1740 3987 1947 4045 invisi-

244 4088 381 4146 bilis
411 4086 641 4145 Arbiter
670 4101 767 4143 eos
793 4083 855 4142 in
884 4086 992 4151 hac
1020 4082 1139 4141 vita
1178 4079 1509 4153 temporalis
1546 4091 1825 4136 aerumnae
1855 4075 1952 4132 ﬂa-

238 4179 410 4254 gellis
457 4177 667 4248 erudit,
716 4176 933 4249 quibus
987 4174 1206 4232 tradere
1256 4176 1547 4245 perpetuae
1597 4167 1952 4225 hmreditatis

235 4270 372 4343 jura
405 4267 678 4340 disponit,
712 4280 922 4338 eosque
964 4270 1236 4336 tanquam
1266 4274 1463 4317 servos
1488 4257 1653 4315 duris
1693 4254 1951 4313 verberi-

244 4357 358 4417 bus
400 4357 598 4426 at'ficit,
626 4370 771 4431 quos
793 4354 913 4425 jam
960 4369 1058 4426 per
1081 4350 1320 4411 occultae
1355 4347 1637 4407 cautionis
1674 4347 1950 4416 edictum,

239 4454 306 4506 ut
336 4461 538 4504 revera
578 4444 727 4502 filios
764 4441 823 4500 in
858 4440 1276 4513 patrimonium
1306 4436 1668 4508 capessendae
1703 4433 1951 4508 propriae

241 4532 620 4610 possessionis
651 4531 912 4591 adscivit.
952 4527 1226 4602 Quisquis
1266 4525 1422 4584 enim
1462 4524 1604 4581 dum
1635 4532 1786 4581 recta
1813 4524 1948 4596 agit,

241 4622 606 4683 successibus
646 4620 853 4691 affluit,
882 4619 1124 4692 dignum
1170 4614 1421 4689 profecto
1459 4619 1563 4681 est,
1596 4619 1662 4669 ut
1697 4615 1822 4684 ejus
1859 4627 1956 4669 cor

244 4711 490 4771 formido
535 4711 845 4780 concutiat,
882 4724 954 4766 ne
999 4706 1139 4765 dum
1190 4702 1411 4763 meritis
1450 4700 1573 4759 suis
1619 4715 1954 4773 recompen-

243 4801 357 4860 sari
400 4799 676 4873 conspicit
714 4794 1067 4871 temporalia,
1100 4792 1324 4851 minora
1360 4792 1610 4857 fortasse,
1651 4789 1741 4846 vel
1793 4789 1956 4847 nulla

247 4890 662 4950 redhibeantur
690 4899 923 4945 aeterna.
960 4885 1033 4942 At
1057 4882 1159 4958 qui
1197 4881 1347 4939 bona
1376 4884 1645 4954 operatur
1670 4885 1726 4936 et
1756 4875 1951 4949 ﬂagel-

251 4979 321 5039 lis
341 4979 624 5046 atteritur,
649 4984 838 5035 certus
862 4975 979 5049 jam
1022 4988 1140 5031 non
1169 4969 1456 5029 immerito
1483 4968 1554 5026 de
1585 4966 1955 5025 retribuenda

250 5068 357 5126 sibi
416 5068 587 5135 bona,
644 5064 899 5123 conferta
953 5069 1009 5120 et
1055 5060 1331 5133 coagitata
1396 5056 1663 5114 laborum
1714 5070 1955 5113 suorum

250 5172 525 5217 mensura
570 5157 816 5224 laetatur,
864 5152 1001 5227 quia
1044 5157 1202 5209 tanto
1249 5154 1377 5222 post
1423 5144 1737 5204 increvisse
1794 5160 1953 5202 sum-

251 5263 407 5305 mam
448 5244 649 5304 crediti
690 5242 925 5302 fmnoris
964 5239 1209 5311 invenit,
1270 5244 1485 5313 quanto
1534 5236 1696 5310 prius
1748 5235 1809 5294 in
1839 5235 1954 5305 via,

250 5353 357 5395 nec
400 5334 759 5409 stipendium
808 5332 1044 5408 quidem
1098 5335 1515 5389 momentaneze
1567 5324 1958 5400 prosperitatis

255 5426 488 5498 accepit.
550 5423 706 5481 Hinc
751 5431 836 5481 est
890 5422 1042 5495 quod
1096 5434 1197 5493 per
1246 5417 1310 5475 B.
1366 5416 1641 5475 Iacobum
1697 5414 1953 5473 dicitur:

260 5539 286 5570 α
317 5518 504 5577 Omne
547 5515 827 5590 gaudium
879 5512 1222 5580 existimate,
1278 5510 1479 5568 fratres
1528 5507 1662 5578 mei,
1711 5522 1845 5565 cum
1895 5507 1958 5565 in

263 5605 603 5664 tentationes
636 5603 825 5662 varias
862 5600 1182 5661 incideritis
1216 5603 1351 5671 (Jac.
1383 5601 1447 5667 Ι).
1482 5619 1504 5648 ι
1550 5594 1702 5653 Hinc
1744 5602 1800 5651 et
1850 5592 1957 5653 Sa-

538 5719 795 5779 Pu‘aou
835 5716 1084 5778 CXLIV.

2037 3195 2276 3266 mirum,
2337 3193 2483 3252 297
2546 3195 2840 3269 Scriptura
2913 3202 3069 3266 teste,
3138 3195 3402 3270 septenni
3478 3193 3749 3270 conjugio

2036 3285 2293 3352 fruitam,
2323 3287 2444 3356 jam
2483 3300 2672 3359 usque
2716 3283 2789 3343 ad
2826 3285 3115 3358 octoginta
3151 3291 3399 3358 quatuor
3440 3299 3628 3343 annos
3682 3284 3748 3341 in

2036 3373 2317 3432 viduitate
2377 3380 2726 3447 processerat
2770 3376 2917 3444 (Luc.
2974 3378 3077 3442 ll);
3140 3380 3539 3431 verumtamen
3611 3386 3749 3446 quas

2039 3470 2154 3520 tam
2181 3463 2500 3536 prolixum,
2530 3469 2648 3521 tam
2675 3477 2964 3520 annosum
2992 3461 3228 3519 vivendi
3253 3467 3480 3532 tempus
3509 3460 3750 3533 accepit,

2036 3552 2306 3626 nunquid
2339 3551 2431 3610 vel
2464 3551 2722 3610 vacando
2775 3549 3008 3619 fabulis,
3040 3550 3132 3607 vel
3159 3549 3432 3607 deliciose
3473 3549 3750 3621 vivendo,

2036 3640 2385 3700 curvatrices
2433 3640 2609 3698 anilis
2661 3639 2773 3697 aevi
2821 3637 3111 3696 molestias
3168 3637 3562 3709 temperavit?
3614 3636 3748 3707 Sed,

2036 3728 2409 3786 continentiae
2442 3727 2806 3801 longzevitate
2842 3726 3162 3799 praemissa,
3196 3724 3462 3798 protinus
3494 3740 3750 3796 evange-

2039 3815 2169 3876 lista
2230 3815 2576 3889 subjungit:
2634 3840 2659 3866 α
2694 3813 2841 3884 Quia
2881 3829 2999 3872 non
3041 3811 3366 3870 discedebat
3415 3810 3487 3870 de
3532 3813 3751 3888 templo

2033 3906 2274 3981 jejuniis
2329 3913 2384 3963 et
2447 3903 2938 3962 obsecrationibus
2989 3902 3249 3961 serviens
3309 3910 3476 3960 nocte
3534 3918 3601 3961 ac
3654 3904 3751 3962 die

2040 3998 2252 4065 (Ibid).
2283 4015 2310 4047 »
2344 3992 2515 4063 Quid,
2543 4007 2759 4066 quaeso,
2799 3992 2925 4049 haec
2951 3991 3166 4050 mulier
3190 3992 3419 4062 faceret,
3456 3989 3504 4050 si
3534 3991 3750 4050 adhor—

2042 4086 2284 4143 lationes
2326 4081 2667 4157 apostolicas
2714 4080 2963 4152 legeret:
3018 4104 3038 4128 ιι
3077 4078 3244 4137 Orate
3285 4079 3412 4138 sine
3454 4078 3754 4139 intermis-

2041 4172 2201 4231 sione
2239 4174 2288 4246 (Ι
2320 4173 2503 4227 Thess.
2544 4170 2599 4242 v)
2641 4189 2653 4227 :
2700 4189 2721 4219 ι
2757 4168 3079 4242 praesertim
3124 4168 3171 4227 si
3199 4167 3395 4241 ipsum
3427 4166 3749 4227 Dominum

2039 4269 2450 4336 provocantem
2512 4274 2616 4318 nos
2670 4256 2742 4317 ad
2801 4257 3057 4316 studium
3125 4256 3420 4317 continuae
3474 4258 3754 4317 orationis

2043 4349 2320 4410 audiret?
2366 4349 2557 4417 Porro,
2589 4347 2731 4422 quia
2766 4352 3075 4421 antequam
3110 4344 3494 4418 Evangelium
3531 4345 3750 4405 discere

2043 4441 2340 4515 potuisset,
2395 4437 2681 4510 implevxt,
2736 4435 3067 4509 prophetica
3120 4432 3437 4492 Dominum
3492 4431 3748 4506 inspira-

2045 4531 2195 4589 tione
2248 4542 2609 4601 cognoscere,
2665 4532 2859 4599 atque,
2916 4531 2981 4582 ut
3026 4524 3105 4582 ita
3153 4522 3350 4592 fatear,
3391 4521 3750 4594 evangelista

2043 4618 2188 4676 facta
2242 4617 2370 4688 ejus
2418 4614 2634 4672 meruit
2669 4611 3034 4687 praesentiam
3069 4610 3361 4669 nuntiare.
3415 4608 3573 4667 Sicut
3606 4608 3750 4682 legi-

2041 4711 2176 4763 tur:
2216 4726 2237 4755 ι
2277 4700 2427 4770 Quia
2469 4702 2590 4759 haec
2615 4700 2738 4773 ipsa
2776 4701 2918 4758 hora
2964 4696 3403 4771 superveniens,
3434 4695 3753 4754 confiteba-

2041 4800 2135 4852 tur
2193 4792 2461 4860 Domino,
2520 4798 2577 4850 et
2638 4789 2979 4865 loquebatur
3031 4788 3100 4845 de
3160 4788 3257 4845 illo
3316 4786 3592 4846 omnibus
3643 4787 3749 4860 qui

2039 4881 2448 4954 exspectabant
2503 4879 2955 4953 redemptionem
3002 4875 3177 4934 Israel
3239 4875 3441 4946 (Ibid).
3504 4898 3526 4925 ι
3582 4874 3749 4933 Hanc

2041 4970 2234 5044 itaque
2262 4970 2550 5042 egregiam
2580 4967 2814 5027 viduam
2843 4963 3012 5039 quasi
3046 4961 3413 5036 signaculum
3452 4962 3745 5038 quoddam

2039 5057 2468 5132 vobismetipsis
2508 5055 2748 5115 solerter
2783 5052 3118 5128 imprimite,
3156 5058 3222 5111 ut
3256 5068 3413 5110 verm
3445 5051 3749 5111 viduitatis

2040 5146 2380 5206 mereamini
2437 5142 2748 5217 prtemium
2801 5147 3108 5214 reportare.
3155 5140 3310 5200 Illud
3364 5140 3744 5215 apostolicum

2034 5236 2169 5309 jugi
2203 5233 2480 5292 memoria
2511 5230 2839 5301 retinentes,
2872 5245 2988 5306 quo
3025 5230 3239 5289 dicitur
3273 5249 3286 5289 :
3322 5254 3343 5283 ι
3379 5230 3523 5300 Quae
3550 5236 3744 5288 autem

2040 5341 2173 5384 vere
2221 5322 2392 5380 vidua
2440 5329 2526 5377 est
2568 5324 2625 5376 et
2669 5318 2939 5389 desolata,
2985 5319 3236 5393 speravit
3285 5319 3349 5377 in
3391 5318 3658 5382 Domino.
3692 5327 3750 5377 et

2043 5411 2287 5486 perstitit
2314 5410 2371 5467 in
2415 5408 2673 5466 oratione
2715 5415 2878 5465 nocte
2926 5423 2991 5465 ac
3021 5408 3113 5464 die
3143 5409 3191 5469 ll
3225 5410 3363 5464 Tim.
3393 5409 3474 5478 V).
3503 5429 3530 5457 ιι
3592 5405 3747 5464 Illud

2041 5507 2235 5559 autem
2265 5497 2419 5573 quod
2450 5496 2712 5571 sequitur
2738 5495 2942 5553 audire
2970 5509 3084 5552 non
3134 5493 3401 5566 indigetis
3432 5511 3447 5565 ;
3481 5494 3618 5570 quia
3648 5510 3748 5569 per

2044 5591 2143 5650 Dei
2176 5589 2419 5662 gratiam
2456 5586 2701 5647 sollicita
2737 5585 3060 5658 provisione
3090 5584 3349 5643 cavetis:
3390 5608 3416 5636 α
3455 5583 3598 5656 Qum
3639 5600 3746 5644 au-

3398 5700 3462 5759 16
