4170 6474
389 296 487 357 491

914 295 974 356 S.
1018 295 1239 355 PETRI
1276 294 1600 353 DAMIANI
1638 292 1795 352 OPP.
1842 292 2032 352 PARS
2076 289 2215 351 SEU
2258 288 2509 349 TOMUS
2550 290 2593 348 I.
2648 324 2695 332 ~-
2744 292 2976 353 EPIST.
3025 296 3163 355 LIB.
3210 294 3363 354 VIII.

3784 293 3900 354 492

393 432 504 483 tem
557 426 618 483 in
676 421 902 482 deliciis
960 422 1097 495 agit,
1152 422 1359 481 vivens
1410 428 1636 480 mortua
1689 428 1774 479 est
1830 421 2039 491 (Ibid.).
2073 417 2449 481 »Ameribus
2500 417 2788 489 insulcati,
2854 420 3144 480 horrentia
3197 420 3613 493 cogitationum
3659 420 3899 480 dumeta

391 512 569 572 Plane
622 512 671 570 si
708 525 927 570 uxores
973 510 1249 583 quaelibet
1293 510 1639 568 mortalibus
1686 508 1831 567 viris
1879 507 2102 581 placere

390 616 621 662 summo
670 598 956 658 desiderio
995 602 1263 672 satagunt
1305 600 1350 669 (Ι
1375 601 1494 655 Cor.
1537 599 1662 667 vn),
1694 602 1910 670 quanto
1949 595 2100 668 vigi-

390 691 625 761 lantius,
682 694 1017 763 quantoque
1071 687 1342 747 subtilius
1386 695 1598 745 sanctae
1645 687 1840 746 viduae
1890 686 2103 744 debent

388 779 680 839 interioris
736 777 994 837 hominis
1042 778 1289 851 speciem
1350 778 1677 836 decusando
1734 792 2097 851 componere,

388 876 452 928 ut
485 867 801 926 invisibilis
847 866 1043 941 sponsi
1077 867 1297 925 decorae
1335 868 1564 924 valeant
1593 865 1895 925 obtutibus
1923 880 2098 938 appa-

388 965 565 1016 rere?
602 956 772 1027 Nam,
832 955 981 1012 sicut
1024 954 1178 1012 idem
1221 953 1302 1011 ait
1353 954 1643 1028 apostolus
1677 978 1689 1011 :
1749 975 1775 1007 «
1805 954 1947 1023 Qum
2001 953 2098 1009 in-

385 1050 565 1118 nupta
591 1050 695 1114 est,
761 1042 1005 1101 sollicita
1061 1048 1146 1100 est
1200 1058 1335 1115 quis
1398 1034 1540 1102 sunt
1593 1043 1847 1112 Domini,
1911 1048 1976 1100 ut
2027 1041 2102 1098 sit

385 1140 579 1193 sancta
631 1147 865 1207 corpore
921 1138 977 1189 et
1036 1131 1284 1204 spiritu;
1331 1148 1467 1207 quae
1518 1139 1714 1191 autem
1770 1137 1953 1205 nupta
1996 1136 2098 1199 est,

385 1223 629 1283 sollicita
680 1230 767 1281 est
823 1237 958 1296 quae
1018 1227 1157 1280 sunt
1217 1222 1445 1293 mundi,
1519 1221 1809 1296 quomodo
1883 1220 2100 1294 placeat

385 1313 512 1371 viro
552 1313 757 1385 (Ibid).
789 1336 816 1360 κ
863 1310 1119 1370 Sollicita
1163 1315 1249 1368 est
1296 1317 1495 1384 nupta,
1528 1326 1601 1368 ne
1637 1310 1699 1368 in
1746 1310 1942 1384 aliquo
1982 1310 2102 1369 dis-

387 1402 597 1476 pliceat
636 1400 764 1459 viro
806 1405 933 1473 post
963 1397 1271 1473 paululum
1312 1399 1633 1458 morituro:
1670 1406 1889 1471 quanto
1931 1399 2104 1457 soler-

388 1490 506 1549 tius
560 1488 918 1548 studendum
974 1493 1060 1545 est
1114 1488 1308 1546 viduae
1356 1488 1576 1561 placere
1633 1488 1850 1547 caelesti
1894 1503 2102 1561 sponso

388 1593 490 1653 per
516 1578 731 1637 saacula
757 1574 1114 1651 regnatum?
1148 1576 1350 1636 Studet
1380 1581 1561 1651 nupta
1587 1583 1651 1635 ut
1692 1578 1886 1636 virum
1924 1592 2100 1635 suum

385 1668 641 1726 faleratae
669 1666 1108 1741 compositionis
1137 1667 1323 1724 forma
1352 1667 1705 1736 demulceat;
1737 1672 1954 1742 quanto
1982 1681 2101 1724 ma-

2181 508 2512 580 recidimus,
2539 515 2604 565 ut
2642 509 2703 566 in
2741 511 2961 569 munda
2998 513 3184 572 cordis
3224 511 3462 587 planitie
3508 510 3622 583 piae
3651 525 3921 569 conver-’

2181 598 2420 655 sationis
2477 598 2699 656 semina
2745 615 3207 673 conspergamus.
3258 600 3418 671 Quod
3467 600 3749 658 nimirum
3800 600 3898 657 id-

2182 686 2333 743 circo
2364 687 2505 745 viris
2535 687 2565 743 J
2574 687 2707 758 uda,
2741 693 2796 746 et
2826 690 3244 748 habitatoribus
3273 689 3639 747 Hierusalem
3671 690 3896 761 specia-

2185 775 2314 834 liter
2363 778 2803 851 exsequendum
2845 772 2968 837 esse
3009 779 3358 853 praecipitur,
3408 785 3473 837 ut
3519 779 3558 836 ii
3603 779 3899 853 praecipue

2181 862 2459 922 adversus
2550 865 2912 925 internorum
3003 874 3268 926 motuum
3354 866 3503 924 bella
3585 868 3899 941 conﬂigere

2183 960 2548 1026 moneantur,
2610 956 2712 1029 qui
2775 965 3100 1032 contempto
3155 958 3362 1016 mundi
3418 956 3666 1028 turbine,
3723 964 3779 1015 et
3831 959 3899 1015 in

2184 1040 2542 1099 confessione
2588 1043 2846 1101 veritatis
2892 1051 3027 1102 sunt
3080 1044 3361 1103 stabiliter
3416 1044 3523 1101 fixi
3577 1051 3632 1102 et
3679 1045 3898 1103 visioni

2184 1143 2433 1186 summae
2477 1129 2633 1202 pacis
2679 1130 2987 1205 vigilanter
3028 1132 3256 1190 intenti.
3306 1131 3470 1201 Quod
3509 1132 3683 1190 etiam
3730 1133 3899 1191 vobis

2182 1217 2479 1291 aptissime
2526 1221 2817 1292 congruit,
2858 1237 2991 1296 quae
3036 1222 3105 1279 ad
3149 1222 3354 1293 Deum,
3402 1236 3641 1280 accenso
3680 1224 3898 1282 mentis

2186 1307 2494 1379 desiderio,
2552 1310 2892 1370 medullitus
2951 1319 3283 1380 aestuantes,
3343 1313 3637 1370 saevientis
3688 1314 3894 1371 mundi

2185 1397 2336 1455 mala
2417 1398 2701 1470 perfertis,
2755 1400 2892 1474 quia
2965 1401 3317 1460 blandientis
3390 1399 3689 1459 illecebras
3775 1417 3896 1461 non

2183 1485 2439 1544 amastis.
2485 1487 2554 1544 Et
2592 1487 2868 1561 quoniam
2910 1495 3175 1547 versutus
3212 1489 3423 1546 artifex
3463 1488 3537 1546 ad
3567 1488 3897 1549 referendas

2185 1572 2573 1633 inferentibus
2620 1576 3002 1634 contumelias
3050 1593 3153 1637 vos
3199 1576 3401 1651 nequit
3439 1577 3769 1648 accendere,
3806 1593 3896 1636 ca-

2186 1661 2441 1719 vendum
2499 1661 2662 1719 vobis
2724 1679 3093 1738 summopere
3139 1673 3240 1734 est,
3293 1680 3366 1723 ne
3414 1665 3507 1722 vel
3544 1665 3784 1723 latenter
3828 1665 3889 1723 in

385 1760 474 1834 gis
495 1760 833 1818 enitendum
857 1766 941 1817 est
971 1758 1184 1829 vidum,
1215 1764 1280 1817 ut
1318 1757 1376 1815 in
1411 1763 1721 1832 conspectu
1748 1756 1850 1814 Dei
1888 1756 2163 1841 sanctisB
2186 1768 2385 1811 eorum
2433 1754 2614 1827 possit
2646 1754 2843 1812 odium
2904 1754 3221 1824 concitare;
3258 1760 3314 1812 et
3363 1756 3501 1828 quia
3557 1756 3727 1830 longo
3770 1757 3893 1831 jam

388 1848 709 1907 virtutibus
765 1854 1040 1923 tanquam
1090 1846 1463 1906 rutilantibus
1518 1846 1842 1920 margaritis
1899 1852 2099 1903 ornata

390 1938 628 1996 nitescat
657 1938 683 1994 ?
715 1936 1018 1995 Contendit
1052 1935 1170 2007 illa,
1206 1940 1269 1994 ut
1308 1935 1542 1995 venusti
1574 1934 1774 1994 vultus
1806 1941 2093 2008 appareat,

386 2036 452 2090 ut
508 2028 699 2086 decori
753 2028 880 2101 ejus
931 2025 1156 2086 nullius
1210 2025 1476 2083 foeditatis
1528 2040 1736 2082 naevus
1784 2024 2019 2097 obrepat
2085 2042 2098 2080 :

385 2123 605 2192 quanto
657 2116 883 2174 cautius
921 2123 1137 2173 sanctae
1192 2114 1386 2173 viduae
1450 2115 1829 2187 satagendum
1877 2120 1981 2184 est,
2023 2128 2096 2169 ne

383 2220 549 2264 mens
576 2205 704 2278 ejus
738 2201 1120 2277 implacabilis
1165 2202 1304 2272 odii,
1339 2202 1432 2259 vel
1470 2202 1655 2274 turpis
1681 2201 2096 2274 concupiscen-

387 2293 481 2350 tiae
505 2290 771 2363 squalore
807 2290 1093 2348 sordescat
1119 2288 1146 2347 ?
1172 2288 1324 2347 Illud
1349 2288 1599 2361 denique
1638 2288 1852 2345 arctius
1881 2287 2089 2344 menti-

387 2382 497 2440 bus
526 2382 729 2439 vestris
764 2379 1011 2453 inﬁgite,
1043 2377 1194 2437 illud
1234 2377 1435 2437 sedula
1463 2376 1834 2434 meditatione
1873 2382 2093 2434 versate

389 2470 543 2544 quod
580 2468 811 2538 dicitur,
840 2473 906 2525 ut
942 2467 1016 2525 sit
1061 2474 1255 2525 sancta
1290 2482 1524 2540 corpore
1571 2472 1627 2523 et
1681 2464 1906 2538 spiritu.
1943 2464 2091 2534 Quid

385 2558 544 2616 enim
583 2558 811 2631 prodest
852 2558 1080 2615 castitas
1131 2558 1402 2631 corporis,
1443 2557 1586 2634 quid
1633 2557 1946 2629 castigatio,
1997 2555 2090 2615 vel

384 2645 619 2706 afflictio
669 2645 880 2718 carnis,
910 2645 959 2703 si
997 2645 1145 2703 desit
1190 2646 1406 2718 paritas
1439 2652 1495 2704 et
1524 2646 1814 2704 munditia
1854 2644 2091 2702 cordis?

392 2762 414 2788 α
449 2736 608 2795 Beati
638 2734 926 2809 siquidem
966 2733 1187 2792 mundo
1222 2734 1409 2805 corde,
1442 2734 1715 2809 quoniam
1752 2733 1864 2806 ipsi
1904 2732 2087 2791 Deum

388 2827 665 2885 videbunt
706 2826 927 2894 (Matth.
964 2829 1042 2892 v).
1086 2845 1114 2876 »
1162 2822 1314 2881 Hinc
1342 2830 1425 2880 est
1460 2825 1612 2897 quod
1648 2824 1861 2881 animae
1912 2823 2090 2880 noxia

382 2915 673 2991 cogitanti,
701 2914 810 2973 sub
854 2921 990 2987 typo
1034 2912 1419 2981 Hierusalem,
1459 2928 1561 2985 per
1596 2910 1910 2970 Jeremiam
1944 2911 2087 2968 dici-

382 3017 517 3067 tur:
571 3027 596 3058 ‹‹
634 3006 809 3074 Lava,
852 3002 1065 3077 inquit,
1104 3018 1138 3059 a
1182 3000 1403 3058 malitia
1443 3016 1540 3057 cor
1586 3008 1771 3069 tuum,
1810 2999 2084 3058 Hierusa-

383 3099 517 3165 lem,
576 3101 636 3153 ut
690 3094 849 3152 salva
902 3092 1029 3149 tias.
1096 3090 1406 3164 Usquequo
1473 3090 1856 3147 morabuntur
1911 3089 1968 3145 in
2035 3094 2089 3146 te

378 3184 747 3259 cogitationes
801 3182 995 3240 noxiae
1041 3182 1166 3252 (Jer.
1212 3176 1338 3247 IV)?
1374 3201 1395 3231 ι
1447 3176 1594 3236 Novi
1641 3192 1799 3247 sane,
1852 3182 1907 3234 et
1951 3177 2088 3235 satis

380 3289 667 3348 superque
704 3278 977 3344 expertus
1008 3285 1135 3328 sum
1176 3269 1313 3342 quia
1358 3282 1475 3341 quo
1514 3265 1791 3323 remotius
1817 3282 1850 3322 a
1886 3264 2088 3323 mundi

383 3364 646 3437 negotiis,
701 3360 795 3419 vel
849 3359 1114 3418 saeculari
1172 3356 1604 3416 conversatione
1677 3354 1958 3423 seceditis,
2019 3371 2086 3413 eo

377 3452 675 3510 molestius
706 3450 1033 3523 importuno
1066 3447 1479 3521 cogitationum
1514 3444 1912 3516 ingruentium
1941 3448 2085 3502 stre-

382 3544 507 3618 pitu
553 3539 818 3599 laboratis
866 3537 1185 3612 praesertim
1237 3530 1381 3589 298
1436 3549 1569 3591 cum
1628 3533 1686 3589 in
1745 3532 1911 3590 vobis
1962 3531 2087 3590 evi-

380 3634 582 3692 denter
629 3631 940 3705 impleatur
1002 3627 1156 3701 quod
1216 3625 1541 3698 prophetice
1594 3637 1694 3695 per
1744 3622 2087 3695 mysterium

383 3723 593 3782 dicitur
626 3747 638 3780 :
675 3748 713 3793 ‹‹
737 3720 934 3778 Frater
969 3716 1211 3792 iniquus
1247 3711 1638 3786 supplantavit
1667 3726 1776 3779 me,
1809 3717 1865 3767 et
1893 3709 2090 3768 omnis

381 3814 603 3872 amicus
631 3809 1026 3869 fraudulenter
1048 3803 1260 3862 insedit
1287 3802 1349 3858 in
1386 3816 1477 3857 me
1507 3803 1635 3865 (Jer.
1670 3804 1751 3869 Il).
1789 3819 1816 3851 »

449 3910 802 3991 QuaprOpter
850 3914 898 3971 si
943 3913 1095 3970 inter
1139 3910 1347 3969 uberes
1394 3907 1679 3964 bonorum
1728 3918 1968 3979 operum
2006 3922 2089 3963 se-

381 4016 558 4087 getes,
621 4023 765 4082 quas
830 4002 1092 4062 excolere
1158 4016 1275 4059 non
1326 3998 1579 4065 cessatis,
1641 3997 1875 4073 quidam
1928 4013 2086 4055 com-

381 4098 772 4175 pungentium
828 4092 1235 4166 cogitationum
1292 4106 1495 4163 vepres
1547 4104 1619 4146 ex
1676 4088 1779 4147 illa
1833 4089 2088 4146 fortassis

376 4198 776 4260 pressurarum
828 4180 1019 4238 radice
1068 4182 1405 4247 nascuntur,
1469 4176 1761 4235 sarculum
1823 4177 2089 4249 protinus

380 4274 696 4347 salutifera:
782 4269 1161 4329 confessionis
1240 4285 1306 4326 ac
1388 4268 1633 4341 propriae
1713 4266 2087 4339 correptionis

376 4365 630 4437 arripite,
682 4368 737 4419 et
771 4360 1027 4419 virosum
1073 4372 1307 4430 germen
1350 4356 1421 4414 de
1473 4372 1609 4414 rure
1674 4356 1860 4413 cordis
1915 4356 2089 4412 vestri

378 4453 651 4513 radicitus
682 4449 1013 4522 exstirpate.
1058 4448 1182 4517 Qua
1225 4448 1295 4505 de
1335 4462 1393 4503 re
1424 4446 1570 4502 bene
1610 4460 1710 4518 per
1744 4444 2075 4517 prophetam

375 4542 576 4617 divina
604 4556 717 4599 vox
748 4538 1025 4613 prmcipit,
1052 4536 1249 4594 dicens
1286 4555 1297 4593 :

376 4642 430 4691 et
460 4632 636 4692 nolite
672 4646 860 4688 serere
889 4642 1062 4700 super
1094 4626 1289 4698 spinas
1318 4628 1446 4693 (Jer.
1488 4627 1591 4693 ιν).
1633 4645 1651 4672 ο
1707 4620 1855 4691 Quid
1887 4627 2080 4678 autem

373 4723 447 4781 sit
511 4720 664 4796 quod
720 4716 1021 4792 praemisit,
1074 4730 1214 4772 mox
1280 4714 1461 4786 aperit
1531 4726 1663 4769 cum
1739 4710 2080 4781 subjungit:

379 4837 398 4863 α
431 4806 950 4875 Circumcidimini,
1003 4805 1214 4877 inquit,
1269 4802 1535 4861 Domino.
1589 4807 1642 4857 et
1681 4798 1900 4856 auferte
1936 4814 2083 4872 pl‘tB-

376 4898 536 4974 putia
578 4893 840 4954 cordium
886 4897 1233 4960 vestrorum,
1279 4888 1387 4947 viri
1430 4886 1599 4955 Juda,
1642 4891 1696 4941 et
1741 4884 2088 4942 habitatores

381 4984 827 5045 Hierusalem.»
899 4980 1114 5038 Novale
1186 4978 1363 5051 igitur
1433 4980 1649 5032 novant
1724 4974 1826 5045 qui
1899 4974 2088 5031 cordis

378 5090 607 5148 agrum,
665 5073 794 5130 licet
844 5071 965 5146 jam
1017 5075 1151 5125 ante
1214 5064 1589 5139 proscissum,
1644 5061 1859 5119 crebris
1901 5062 2089 5120 adhuc

378 5167 493 5239 piae
549 5158 930 5223 confessionis
990 5155 1324 5215 vomeribus
1374 5154 1602 5212 sulcant
1659 5160 1714 5210 et
1764 5152 1915 5209 male
1960 5152 2087 5210 laeta

381 5254 715 5328 passionum
761 5247 1081 5307 carnalium
1130 5246 1412 5318 germina,
1468 5243 1608 5317 quia
1666 5243 1843 5300 semel
1896 5244 2091 5300 excisa

388 5342 609 5401 renasci
665 5357 731 5398 ac
783 5338 1074 5412 pullulare
1132 5350 1246 5392 non
1300 5332 1594 5402 desinunt,
1654 5342 1820 5390 acuto
1867 5349 2092 5406 semper

389 5432 633 5504 proprias
672 5425 1048 5502 correptionis
1082 5431 1137 5482 et
1170 5412 1530 5495 pliniteutim
1573 5419 1765 5492 ligone
1806 5420 2087 5479 recidunt.

388 5523 450 5581 Si
484 5521 660 5593 igitur
695 5517 901 5577 novale
944 5518 1209 5593 novatur,
1253 5524 1427 5582 super
1468 5508 1663 5582 spinas
1696 5523 1811 5565 non
1857 5507 2088 5581 seritur,

387 5584 541 5687 quia
564 5609 780 5667 crebris
829 5584 1261 5665 confessionum
1310 5608 1486 5672 atque
1527 5597 1956 5671 correptionum
1998 5612 2092 5658 vo-

2100 3141 2145 3203 G

2186 1847 2443 1915 tempore
2492 1843 2797 1902 vobiscum
2832 1843 3133 1914 dimicans,
3181 1844 3298 1903 Deo
3336 1862 3438 1919 pro
3479 1847 3644 1906 vobis
3685 1855 3892 1921 stante,

2185 1933 2245 1990 in
2284 1949 2485 2007 campo
2524 1935 2716 2008 operis
2759 1942 2986 1992 coactus
3034 1942 3118 1992 est
3163 1934 3419 2008 perdere,
3464 1937 3892 2009 providendum

2177 2029 2277 2092 est,
2326 2039 2397 2080 ne
2440 2023 2502 2080 in
2547 2022 2669 2097 ipsa
2707 2022 3069 2096 cogitationis
3106 2023 3276 2081 domo
3303 2039 3405 2096 per
3436 2026 3693 2084 remissae
3723 2043 3892 2086 secu-

2180 2111 2363 2169 ritatis
2402 2112 2673 2170 inertiam
2703 2112 2887 2170 valeat
2919 2112 3178 2170 obtinere
3224 2121 3287 2170 ut
3332 2129 3579 2185 quarum
3622 2115 3894 2175 videlicet

2178 2214 2385 2258 manus
2430 2206 2565 2258 sunt
2618 2202 2979 2259 extrinsecus
3031 2202 3268 2259 mundae
3319 2216 3424 2274 per
3470 2203 3890 2277 innocentiam,

2175 2307 2273 2349 cor
2329 2289 2514 2347 oculis
2560 2290 2661 2347 Dei
2701 2297 3009 2349 cruentum
3060 2291 3423 2349 machinetur
3459 2293 3737 2352 exhibere
3792 2310 3897 2368 per

2175 2382 2358 2451 iram;
2416 2397 2551 2439 cum
2607 2381 2890 2439 Dominus
2944 2397 3046 2455 per
3100 2381 3438 2456 prophetam
3484 2382 3694 2455 legales
3739 2399 3895 2443 cere-

2176 2471 2398 2529 monias
2441 2470 2819 2544 implentibus
2862 2470 3011 2528 dicat
3050 2495 3061 2528 :
3108 2496 3133 2519 ‹‹
3174 2470 3313 2540 Quis
3350 2472 3622 2545 quaesivit
3658 2474 3783 2537 haec
3820 2475 3894 2534 de

2177 2559 2445 2618 manibus
2478 2558 2734 2618 vestris?
2761 2576 2969 2618 manus
3000 2566 3205 2618 vestrae
3227 2560 3508 2632 sanguine
3536 2560 3721 2633 plenae
3748 2569 3891 2621 sunt

2176 2655 2296 2723 (Isa.
2330 2657 2387 2719 1).
2429 2674 2454 2702 υ
2496 2651 2661 2721 Quod
2692 2651 2976 2711 nimirum
3016 2649 3131 2709 illis
3167 2650 3317 2709 dixit
3354 2667 3603 2725 quorum
3632 2668 3729 2710 cor
3758 2669 3892 2711 ma-

2175 2740 2299 2797 litia
2332 2741 2575 2813 plenum
2596 2756 2718 2797 esse
2746 2739 3014 2813 providit.

2248 2830 2395 2898 Quia
2441 2830 2638 2902 igitur,
2678 2829 3090 2901 dilectissimzn,
3132 2829 3248 2887 vita
3288 2834 3473 2887 vestra
3516 2833 3628 2886 tam
3667 2836 3885 2901 sancta,

2176 2922 2288 2973 tam
2350 2917 2585 2975 honesta
2644 2924 2875 2990 tamque
2915 2917 3169 2975 districta
3218 2933 3340 2975 esse
3382 2915 3773 2991 perpenditur,
3822 2924 3890 2976 ut

2174 3011 2454 3079 quantum
2494 3006 2568 3063 ad
2599 3021 2769 3079 opera
2798 3022 3165 3080 nequaquam
3213 3010 3422 3063 nostrae
3462 3004 3890 3064 exhortationis

2174 3093 2370 3168 indiga
2410 3096 2692 3167 videatur,
2721 3104 2786 3154 ut
2829 3104 3017 3154 tamen
3048 3102 3103 3154 et
3138 3101 3332 3153 nostro
3362 3093 3512 3167 stylo
3550 3094 3795 3169 quilibet
3824 3096 3889 3153 in

2180 3185 2559 3244 tediticatione
2592 3194 2776 3245 vestra
2819 3193 3001 3261 pateat
3042 3186 3221 3254 locus,
3258 3185 3328 3242 ad
3367 3184 3491 3256 ipsa
3536 3182 3748 3242 mentis
3789 3199 3887 3241 ar-

2177 3289 2323 3332 cana
2360 3276 2737 3345 recurrimus,
2792 3276 2895 3333 ubi
2944 3291 3172 3332 necesse
3228 3278 3330 3346 est,
3370 3279 3436 3331 ut
3488 3277 3704 3347 quanto
3753 3274 3890 3346 quis

2173 3364 2348 3421 fuerit
2401 3365 2462 3422 in
2537 3364 2854 3423 virtutibus
2919 3363 3286 3431 eminentior,
3342 3369 3497 3421 tanto
3549 3362 3623 3420 sit
3673 3362 3735 3419 in
3787 3378 3885 3421 ca-

2172 3454 2360 3513 venda
2424 3454 2738 3514 tentatione
2804 3455 3091 3514 subtilior.
3167 3453 3424 3513 Callidus
3475 3453 3632 3511 enim
3702 3453 3888 3512 hostis

2171 3544 2426 3618 idipsum
2479 3563 2631 3620 szepe
2670 3546 2840 3605 vertit
2880 3547 2941 3604 in
2969 3561 3062 3603 ma
3090 3546 3289 3604 teriam
3344 3558 3559 3618 pugnae
3605 3543 3757 3616 quod
3796 3544 3886 3603 fa-

2170 3640 2327 3691 ctum
2363 3639 2448 3692 est
2485 3651 2659 3693 causa
2688 3635 2964 3693 victoriw.
2995 3634 3127 3692 Huc
3158 3633 3373 3691 accedit
3409 3632 3563 3705 quod
3600 3632 3723 3704 ipse
3755 3648 3883 3690 om-

2171 3723 2438 3795 nipotens
2479 3725 2630 3781 Deus
2672 3724 2733 3781 in
2767 3723 3058 3781 mentibus
3102 3721 3320 3779 habitat
3347 3721 3683 3780 electorum.
3724 3721 3887 3781 Licet

2171 3811 2329 3869 enim
2393 3819 2447 3870 et
2505 3813 2567 3870 in
2622 3814 2792 3871 castis
2855 3812 3191 3887 corporibus
3252 3811 3509 3870 habitare
3563 3811 3885 3871 credendus

2170 3897 2262 3970 sit,
2298 3898 2525 3956 dicente
2571 3897 2843 3972 Apostolo
2888 3918 2899 3956 :
2953 3898 3233 3971 «Corpus
3286 3905 3543 3957 vestrum
3599 3899 3883 3971 templum

2169 3988 2229 4044 in
2282 3986 2445 4044 vobis
2488 3993 2571 4044 est
2619 3986 2869 4060 Spiritus
2919 3986 3121 4057 sancti,
3166 4000 3338 4060 quem
3395 3985 3618 4043 habetis
3679 4001 3713 4043 a
3766 3985 3886 4045 Deo

2173 4080 2223 4143 (Ι
2247 4079 2364 4134 Cor.
2400 4082 2524 4145 Vl);
2569 4100 2594 4127 υ
2635 4077 2815 4134 menti
2854 4074 2998 4131 299
3038 4076 3518 4149 tamenspecialis
3553 4074 3680 4148 ejus
3721 4077 3885 4135 sedes

2169 4165 2505 4236 ascribitur,
2542 4182 2675 4241 quae
2719 4164 2973 4238 subjecto
3017 4164 3240 4239 corpori
3279 4165 3527 4238 quadam
3579 4164 3884 4238 regiminis

2170 4256 2505 4314 auctoritate
2542 4257 2917 4330 principatur.
2968 4256 3128 4315 Sicut
3164 4256 3319 4315 idem
3349 4256 3487 4314 dicit
3524 4256 3877 4331 Apostolus:

2173 4364 2200 4396 «
2251 4344 2533 4417 Spiritum
2596 4353 2858 4402 sanctum
2913 4345 2974 4402 in
3020 4344 3290 4402 cordibus
3350 4345 3563 4403 nostris
3620 4344 3880 4403 habitare

2172 4448 2271 4505 per
2312 4432 2482 4489 ﬁdem
2546 4436 2758 4505 (Ephes.
2812 4434 2931 4505 In);
2967 4456 2988 4485 κ
3044 4433 3344 4503 nimirum,
3378 4440 3443 4491 ut
3490 4433 3638 4492 sicut
3682 4434 3880 4491 anima

1341 4556 1367 4586 ι(
1400 4496 1626 4593 Novam:
1659 4496 1821 4591 mgis
1849 4496 2417 4603 EovalcPcorporis
2458 4523 2717 4580 membra
2754 4522 3028 4590 viviticat,
3070 4522 3152 4579 sic
3213 4529 3269 4579 et
3316 4521 3438 4595 ipsa
3480 4538 3513 4579 a
3560 4522 3677 4579 Deo
3724 4521 3877 4579 vivi-

2166 4611 2327 4667 ticata
2359 4610 2648 4668 subsistat.
2684 4610 2745 4669 Si
2773 4611 2951 4684 igitur
2972 4611 3033 4667 in
3066 4611 3357 4669 mentibus
3395 4610 3601 4669 vestris
3628 4610 3878 4684 dignum

2167 4701 2283 4758 Deo
2348 4701 2525 4759 vultis
2583 4700 2777 4758 cubile
2843 4708 3194 4771 construere,
3249 4700 3501 4759 studiose
3551 4702 3879 4759 contendite

2170 4789 2320 4863 ipsas
2363 4798 2582 4847 mentes
2633 4790 2795 4846 omni
2858 4788 3170 4847 simultatis
3223 4795 3277 4847 et
3335 4790 3604 4849 odiorum
3652 4790 3877 4857 fomite,

2168 4879 2327 4936 omni
2362 4879 2613 4953 denique
2642 4879 2878 4937 malitize
2907 4878 3033 4937 labe
3057 4895 3320 4953 purgare.

2241 4969 2457 5042 Regem
2496 4984 2633 5025 sane
2671 4968 2801 5042 quis
2852 4977 3201 5042 excepturus
3245 4969 3514 5043 hospitio,
3564 4968 3703 5044 quid
3743 4984 3879 5042 pro-

2171 5058 2315 5129 dest,
2357 5059 2403 5116 si
2449 5064 2561 5115 tota
2600 5059 2807 5115 domus
2848 5057 2991 5115 atria
3029 5058 3274 5116 diversis
3324 5058 3739 5117 toreumatibus
3784 5059 3880 5116 in-

2174 5154 2369 5218 struat,
2427 5147 2476 5205 si
2548 5164 2648 5221 per
2712 5147 3002 5221 laquearia
3067 5163 3322 5222 qumque
3393 5149 3692 5207 carbasina
3751 5148 3882 5206 vela

2175 5236 2507 5310 suspendat,
2554 5237 2601 5293 si
2653 5239 2849 5294 omnia
2892 5244 3043 5294 certe
3096 5236 3315 5294 munda
3369 5242 3422 5294 et
3461 5237 3644 5294 nitida
3696 5235 3882 5294 oculis

2174 5328 2538 5387 adventantis
2588 5328 2881 5399 exhibeat,
2924 5328 3111 5387 solum
3145 5334 3337 5386 autem
3378 5328 3735 5397 cubiculum,
3776 5326 3881 5385 ubi

2177 5422 2274 5480 ille
2307 5422 2677 5495 requieturus
2721 5419 3064 5494 ingreditur,
3098 5419 3391 5478 sordidum
3426 5420 3715 5493 reperiens
3758 5433 3883 5491 per-

2178 5508 2518 5568 horrescat?
2564 5508 2710 5579 Quia
2740 5524 2873 5582 ergo
2919 5524 3016 5567 vos
3056 5524 3155 5581 per
3182 5508 3434 5566 assiduae
3473 5507 3747 5565 orationis
3782 5506 3881 5564 in-

2176 5601 2467 5670 stantiam,
2505 5615 2603 5674 per
2640 5598 2977 5673 quotidiana
3017 5598 3132 5656 fere
3156 5597 3395 5671 jejunia,
3436 5612 3538 5670 per
3570 5596 3878 5655 candorem
