4170 6442
159 341 274 401 493

1377 336 1601 397 LIBER
1637 331 2000 403 OCTAVUS,
2046 335 2278 396 EPIST.
2320 338 2472 397 XIV.

3568 347 3679 408 494

161 465 469 540 pudicitize
525 463 860 524 matronalis
896 479 1132 538 corpora
1161 471 1347 522 vestra
1385 464 1446 520 in
1477 468 1672 522 sancta
1703 460 2109 531 mun-Asuae,
2149 468 2354 535 praeter
2395 463 2647 534 sabbata,
2684 471 2740 522 et
2788 465 3136 524 Neomenias
3175 471 3232 525 et
3278 468 3420 526 festa
3469 469 3680 531 domus

161 555 313 614 ditia
351 552 678 624 custoditis,
725 569 860 626 erga
899 553 1267 627 cogitationes
1305 568 1536 627 quoque
1571 552 1888 610 districtam

164 660 400 719 semper
457 643 916 704 sollicitudinem
978 643 1264 713 exhibete,
1326 653 1390 703 ut
1429 644 1706 717 quoniam
1771 659 1890 702 coe-

165 732 298 792 lesti
347 748 556 806 sponso
601 732 925 790 thalamum
968 731 1030 790 in
1083 736 1270 790 vestra
1315 740 1506 790 mente
1535 732 1886 805 construitis,

167 823 254 880 nil
314 821 395 879 ibi
447 821 666 881 fmdum
703 838 846 891 esse,
898 821 1052 880 nihil
1111 821 1508 896 inordinatum
1556 821 1710 894 quod
1763 820 1890 893 ejus

166 911 372 970 oculos
414 911 589 984 possit
629 913 917 970 otl‘endere
955 910 1500 985 permittatis.‘Lux
1538 911 1698 968 enim
1755 928 1888 970 vera

169 1000 443 1059 tenebras
479 1000 597 1058 odii
635 1015 750 1058 non
791 999 1092 1068 inhabitat,
1148 1006 1204 1056 et
1252 999 1523 1072 Princeps
1564 999 1720 1073 pacis
1771 1000 1888 1057 im-

167 1096 392 1164 pacata;
451 1089 662 1148 mentis
719 1089 1039 1162 hospitium
1091 1104 1207 1147 non
1259 1089 1518 1164 requirit.
1576 1089 1890 1148 Enimvero

171 1194 292 1237 non
345 1178 624 1252 ignoratis
671 1178 952 1254 quasdam
1005 1177 1310 1235 carnaliter
1354 1185 1760 1236 conversantes
1801 1178 1888 1236 di-

171 1285 374 1326 versas
455 1269 604 1327 inter
683 1269 884 1327 dentes
952 1275 1277 1327 aromatum
1329 1285 1396 1326 ac
1465 1269 1890 1342 pigmentorum

169 1358 395 1432 species
431 1365 630 1428 terere,
671 1363 736 1416 ut
782 1357 923 1414 viris
961 1357 1085 1415 suis
1118 1356 1437 1430 jucundius
1467 1357 1695 1415 valeant
1725 1357 1888 1416 redo-

173 1447 346 1507 lentis
405 1447 735 1519 fragrantim
787 1447 972 1505 nitore
1031 1447 1269 1519 placere.
1347 1445 1578 1519 Lingua
1655 1461 1890 1521 quoque

173 1543 366 1594 vestra
424 1544 480 1592 et
531 1534 682 1594 labia
733 1551 766 1592 a
817 1533 1040 1592 divinis
1098 1532 1369 1592 laudibus
1421 1549 1724 1608 nunquam
1773 1533 1891 1591 sint

173 1627 396 1698 otiosa;
438 1625 538 1684 sed
580 1640 805 1698 semper
841 1625 1111 1698 psalmos,
1165 1639 1390 1698 semper
1435 1625 1741 1694 orationes,
1788 1640 1888 1682 ve-

175 1714 263 1773 lut
302 1719 562 1772 aromata
599 1713 849 1785 terendo,
895 1712 1193 1783 revolvite,
1244 1719 1305 1770 ut
1346 1713 1408 1770 in
1444 1718 1752 1785 conspectu
1786 1711 1890 1770 Dei

1974 550 2151 610 Israel
2201 554 2435 620 (Judith.
2485 558 2568 624 Il).
2617 578 2639 608 ι
2680 555 3176 629 considerandum
3227 557 3395 634 plape
3441 561 3680 634 quantis

1978 641 2100 698 hmc
2141 641 2316 700 vidua
2353 643 2530 701 fuerit
2567 643 2741 717 digna
2787 645 3112 718 praeconiis,
3162 659 3294 718 quae
3351 651 3504 705 tanto
3545 649 3680 721 igne

1973 729 2158 786 divini
2201 731 2480 789 mstuabat
2508 733 2740 790 amoris.
2789 732 2963 791 Porro
2989 739 3181 792 autem
3215 733 3468 793 vidualis
3503 736 3679 797 officii

1973 816 2159 874 limite
2191 834 2304 876 non
2333 826 2618 890 contenta,
2647 821 2718 878 ad
2748 822 2852 878 hoc
2881 837 3064 894 usque
3093 823 3153 880 in
3182 828 3375 880 sancta
3400 823 3680 898 religione

1975 913 2322 978 processerat
2372 916 2435 967 ut
2481 911 2601 982 jam
2651 925 2767 968 non
2815 911 2954 979 sola,
3004 911 3103 968 sed
3151 918 3204 970 et
3257 927 3392 970 cum
3447 914 3679 972 ancillis

1975 995 2097 1053 suis
2136 997 2296 1054 fieret
2326 1000 2598 1070 eremita;
2638 999 2709 1057 de
2743 1001 2914 1058 domo
2956 1002 3256 1059 communi
3296 1001 3679 1069 reclusorium

1973 1085 2123 1157 fecit,
2162 1093 2217 1145 et
2255 1087 2313 1145 in
2353 1087 2627 1162 populosa
2665 1089 2809 1147 urbe
2847 1105 3010 1148 amor
3045 1091 3255 1150 artifex
3307 1091 3679 1154 solitudinem

1973 1176 2201 1247 reperit.
2236 1177 2476 1246 Quantis
2516 1179 2616 1237 illa
2649 1181 2963 1241 mundanas
3012 1184 3404 1257 prosperitatis
3449 1183 3679 1245 dotibus

1973 1261 2259 1335 adluebat,
2315 1283 2447 1338 qua}
2499 1267 2783 1326 nimirum
2840 1270 3047 1328 blande
3123 1271 3508 1330 lenocinantis
3587 1289 3677 1332 se-

1971 1354 2190 1412 cundas
2239 1354 2350 1412 sibi
2398 1355 2614 1413 illicere
2661 1360 2894 1432 nuptias
2953 1363 3248 1433 poterant!
3311 1361 3472 1421 Sicut
3521 1363 3680 1422 enim

1973 1457 2131 1500 sacra
2161 1451 2352 1501 narrat
2384 1443 2656 1503 historia:
2687 1468 2713 1500 «
2749 1447 2882 1504 Erat
2923 1447 3170 1521 eleganti
3210 1458 3440 1523 aspectu
3481 1452 3678 1524 nimis,

1973 1530 2070 1588 cui
2107 1530 2196 1589 vir
2239 1548 2382 1590 suus
2423 1533 2732 1606 reliquerat
2762 1534 2996 1594 divitias
3026 1535 3259 1610 multas,
3297 1546 3352 1597 et
3403 1540 3680 1600 familiam

1971 1621 2278 1693 copiosam,
2328 1638 2394 1679 ac
2449 1621 2840 1695 possessiones
2889 1624 3171 1682 armentis
3221 1625 3394 1686 boum
3448 1635 3504 1687 et
3553 1645 3685 1702 grc-

1971 1709 2144 1783 gibus
2173 1711 2373 1768 ovium
2426 1710 2624 1784 plenas
2659 1714 2886 1782 (Ibid):
2920 1738 2943 1764 η
2979 1721 3033 1772 et
3079 1713 3230 1788 quod
3278 1717 3370 1775 his
3410 1719 3686 1780 omnibus

179 1818 293 1860 non
351 1803 642 1862 immerito
695 1801 921 1876 possitis
970 1801 1203 1859 odorem
1279 1800 1582 1859 suavitatis
1657 1800 1880 1858 offerre.
1912 1805 2060 1870 Best
2091 1799 2260 1872 longe
2293 1800 2685 1872 prmstantius,
2723 1801 2937 1862 dicitur
2964 1803 3161 1875 etiam,
3225 1827 3246 1854 α
3295 1806 3435 1881 quia
3470 1815 3592 1866 erat
3625 1808 3686 1868 in

178 1891 332 1952 Illud
364 1893 537 1955 etiam
579 1908 680 1950 vos
726 1907 842 1949 non
886 1891 1021 1950 latet
1066 1890 1206 1965 quia
1251 1891 1461 1966 puellm
1491 1892 1552 1949 in
1585 1891 1756 1950 domo
1801 1907 1895 1966 pa-

177 1991 412 2044 rentum
443 1999 574 2043 eum
615 1983 860 2056 puberes
893 1982 1234 2054 adolescere,
1265 1999 1398 2042 cum
1434 1982 1554 2056 jam
1598 1982 1894 2042 nubilibus

183 2072 561 2131 incrementis
621 2069 898 2145 cmperint
970 2071 1380 2144 propinquare,
1451 2072 1694 2130 scientes
1759 2072 1897 2147 quia

180 2169 420 2236 paterna
463 2162 786 2220 substantia
827 2161 1131 2220 masculini
1167 2177 1344 2219 sexus
1397 2161 1728 2220 hmredibus
1777 2179 1898 2236 per-

187 2249 448 2308 maxime
479 2256 822 2320 reservetur,
855 2248 1151 2322 CﬂpSitlilIa
1189 2248 1298 2306 sibi
1330 2251 1714 2326 quaedamque
1745 2265 1896 2308 mar-

190 2339 498 2413 supiorum
564 2338 919 2412 receptacula
972 2346 1320 2412 comparant,
1387 2346 1450 2398 ut
1494 2357 1742 2414 qumque
1796 2358 1895 2416 po-

193 2431 410 2487 tuerint
467 2429 605 2487 hinc
658 2429 792 2487 inde
833 2429 1151 2501 corradere,
1215 2431 1306 2488 his
1361 2431 1626 2490 studeant
1675 2434 1900 2492 cautius

185 2518 480 2588 infarcire,
516 2525 800 2592 quatenus
833 2518 902 2576 ad
943 2518 1232 2591 nuptiales
1276 2520 1556 2578 thalamos
1595 2525 1896 2579 transeun-

188 2613 292 2678 tes,
344 2613 502 2666 tanto
557 2607 755 2666 minus
805 2607 959 2680 apud
1009 2615 1317 2668 extraneos
1365 2610 1700 2668 erubescere
1750 2626 1902 2668 com-

188 2697 502 2773 pellantur,
554 2706 767 2772 quanto
816 2715 911 2758 eas
960 2714 1034 2757 ex
1089 2705 1325 2772 paterna
1377 2699 1548 2757 domo
1603 2704 1900 2773 congesta-

188 2805 320 2848 rum
367 2804 543 2863 opum
576 2790 749 2848 ditior
775 2789 938 2864 c0pia
975 2787 1300 2848 comitatur.
1355 2789 1468 2848 Vo‘s
1507 2791 1722 2864 itaque,
1771 2807 1902 2864 quae

188 2879 257 2936 ad
305 2877 569 2936 cmlestes
619 2878 852 2954 nuptias
889 2880 1073 2938 ﬁrmae
1120 2880 1240 2953 spei
1281 2880 1556 2954 gradibus
1599 2881 1900 2950 festinatis,

190 2983 307 3027 non
363 2984 603 3042 parvam
633 2974 850 3041 partem
887 2973 1093 3027 vestrae
1145 2969 1478 3030 substantia:
1515 2971 1578 3030 in
1615 2979 1735 3032 tuto
1783 2973 1904 3032 loco

195 3057 477 3131 reponite,
525 3058 684 3116 utad
716 3058 1103 3117 immortalem
1141 3076 1421 3133 sponsum
1467 3059 1606 3119 sine'
1637 3061 1759 3118 ulla
1803 3061 1904 3119 de-

1981 1887 2256 1946 omnibus
2288 1887 2690 1959 famosissima,
2721 1890 3001 1963 quoniam
3023 1889 3256 1950 timebat
3283 1893 3468 1953 Deum
3495 1896 3683 1966 valde,

1982 1993 2088 2034 nec
2142 1984 2262 2034 erat
2314 1977 2417 2050 qui
2481 1976 2808 2050 loqueretur
2873 1978 2944 2036 de
3008 1978 3108 2037 illa
3167 1981 3410 2040 verbum
3465 1984 3684 2044 malum

1981 2065 2179 2139 (Ibid).
2228 2091 2254 2114 ι»
2305 2062 2412 2122 Sed
2466 2064 2699 2136 quando
2741 2066 2848 2124 ista
2903 2081 3101 2140 procos
3147 2066 3492 2142 admitteret,
3538 2071 3687 2132 dum

1980 2151 2306 2226 puellarum
2336 2167 2567 2226 quoque
2592 2153 2719 2224 ejus
2742 2152 3069 2230 alloquium
3093 2153 3347 2228 cuipiam
3372 2156 3539 2217 facile
3569 2175 3688 2219 non

1985 2241 2246 2318 pateret?
2281 2257 2402 2316 quo
2449 2247 2612 2316 pacto
2650 2243 2896 2301 ambiret
2933 2243 3186 2309 vestium
3231 2245 3481 2317 cultum,
3525 2251 3692 2324 cujus

1982 2334 2214 2393 assidue
2258 2331 2474 2400 terebat
2528 2331 2788 2389 membra
2833 2331 3136 2391 cilicium?
3179 2349 3254 2391 an
3297 2335 3534 2395 fortasse
3575 2337 3698 2396 lau-

1989 2422 2232 2482 tioribus
2269 2420 2456 2494 epulis
2485 2425 2633 2478 esset
2675 2419 2916 2494 intenta,
2956 2437 3136 2494 quam
3184 2423 3528 2497 quotidiana
3571 2441 3690 2484 ma-

1985 2513 2212 2571 cerabat
2254 2509 2448 2568 inedia
2467 2511 2493 2566 ?
2539 2508 2648 2568 Sed
2692 2510 2765 2568 ad
2808 2509 2933 2568 hinc
2973 2511 3230 2569 fortassis
3267 2511 3516 2585 objicitis
3557 2514 3696 2590 quia

1987 2602 2150 2660 facile
2208 2618 2268 2660 se
2315 2617 2584 2659 exercere
2638 2600 2699 2657 in
2757 2600 3072 2676 virtutibus
3133 2607 3370 2674 poterat,
3427 2619 3560 2676 quae
3619 2611 3698 2662 tot

1989 2691 2272 2766 prosperis
2323 2690 2581 2764 undique
2629 2683 2990 2748 successibus
3033 2688 3338 2761 aiiluebat;
3381 2697 3440 2748 at
3483 2691 3696 2764 quibus

1988 2782 2185 2839 vivere
2231 2784 2531 2854 utcunque
2566 2776 2743 2848 deest,
2777 2777 3058 2836 virtutum
3095 2777 3270 2836 vitam
3315 2778 3525 2837 ducere
3549 2795 3696 2854 quo-

1990 2869 2159 2928 modo
2197 2869 2381 2926 libet?
2425 2867 2615 2926 Facile
2659 2866 2874 2924 scilicet
2913 2866 3273 2926 abstinemus
3307 2867 3532 2936 oblatis,
3571 2869 3698 2927 avi-

1988 2957 2125 3017 dius
2172 2957 2526 3030 plerumque
2564 2955 2819 3015 solemus
2866 2954 3092 3013 inhiare
3139 2955 3458 3016 subductis.
3498 2955 3702 3016 Fateor

1988 3045 2163 3120 plane
2222 3045 2358 3121 quia
2413 3051 2728 3119 spontanea
2775 3044 2990 3103 oblatio
3043 3044 3296 3104 laetiﬁcat
3341 3044 3697 3117 offerentem,

188 3147 372 3207 beatis
419 3149 763 3208 confusione
812 3151 1086 3220 transire;
1140 3151 1502 3225 marsupium
1539 3158 1753 3224 autem,
1802 3136 2257 3234 ubicCOaCtiV3_
2311 3135 2620 3234 Ρθοθεείῐίιεξ
2696 3135 3098 3234 ξᾶὒῇεςὲθῐῇθφ,
3135 3134 3441 3234 οδουδίίὸξ
3481 3135 3699 3234 foul}!-

195 3240 319 3300 hazc
397 3240 686 3300 tutissime
761 3247 1132 3315 reponantur,
1192 3241 1355 3300 sinus
1419 3247 1504 3299 est
1559 3257 1903 3315 pauperum,

203 3332 544 3392 sustentatio
587 3330 951 3391 miserorum.
989 3331 1112 3390 Hoc
1149 3333 1430 3411 nimirum
1471 3334 1638 3392 fidele
1684 3341 1770 3392 est
1805 3334 1906 3392 de-

199 3423 548 3497 positarium
628 3423 753 3482 sine
832 3422 956 3483 ullo
1019 3439 1250 3497 prorsus
1321 3422 1682 3499 detrimento,
1752 3424 1908 3497 quod

207 3516 548 3590 susceperit,
590 3514 976 3574 redditurum.
1016 3514 1205 3573 Nolite
1249 3530 1382 3588 ergo
1425 3514 1506 3572 sic
1551 3515 1906 3573 remanenti-

203 3604 312 3662 bus
359 3613 567 3666 cuncta
610 3607 958 3681 relinquere,
1011 3611 1076 3663 ut
1124 3603 1430 3678 neg’ligatis
1478 3602 1649 3661 etiam
1712 3601 1906 3661 vobis-

200 3697 478 3772 metipsis,
514 3696 688 3771 paulo
725 3701 853 3770 post
889 3693 1027 3752 hinc
1077 3692 1518 3767 emigrantibus,
1563 3693 1906 3766 providere;

207 3790 358 3862 quod
392 3787 442 3848 si
474 3788 715 3847 facultas
752 3803 864 3846 non
916 3784 1186 3859 suppetit,
1229 3783 1275 3841 si
1317 3789 1534 3857 egestas
1563 3798 1666 3842 vos
1709 3782 1790 3840 rei
1819 3783 1906 3840 fa-

212 3880 458 3939 miliaris
483 3882 770 3950 angustat,
799 3875 900 3950 qui
927 3873 1154 3933 minuta
1180 3872 1378 3932 viduas
1409 3873 1660 3932 divitum
1701 3887 1905 3931 mune-

202 3970 366 4029 ribus
401 3965 656 4042 praetulit
687 3968 832 4032 (Luc.
865 3964 1013 4034 XXI),
1059 3969 1248 4020 vestra
1271 3977 1500 4036 quoque
1537 3961 1902 4028 munuscula,

203 4061 294 4119 vel
320 4057 640 4134 perexigua
665 4055 814 4114 intra
839 4051 1313 4127 gazOphylacium
1352 4049 1745 4110 exauditionis
1784 4065 1908 4108 sum

203 4165 316 4207 non
357 4147 621 4220 ingratus
652 4142 923 4202 admittit.
966 4141 1042 4198 At
1079 4139 1126 4197 si
1161 4146 1215 4196 et
1243 4139 1390 4207 hazc,
1437 4138 1592 4212 quod
1629 4153 1743 4195 non
1783 4153 1907 4195 cre-

201 4237 417 4309 dimus,
469 4233 708 4294 omnino
746 4229 1055 4300 defuerint,
1087 4227 1210 4302 pias
1257 4227 1558 4302 lacrymas,
1594 4225 1908 4300 profundos

199 4327 470 4401 gemitus,
532 4323 646 4381 alta
695 4319 940 4395 suspiria
997 4333 1099 4377 vos
1162 4318 1368 4375 offerre
1426 4315 1710 4385 suﬂiciat;
1757 4315 1908 4372 ultro

203 4415 374 4474 etiam
419 4412 703 4488 quidquid
746 4409 961 4486 sapitis,
1002 4403 1283 4480 quidquid
1325 4405 1576 4477 potestis,
1622 4401 1906 4476 quidquid

203 4502 420 4570 vivitis,
451 4499 759 4592 quidquid
799 4505 907 4592 _est
970 4495 1124 4592 quod
1171 4495 1418 4592 spiratis,
1475 4494 1531 4551 in
1557 4491 1731 4592 A300
1767 4505 1972 4592 haraD

202 4596 408 4647 vestra:
436 4586 758 4646 devotionis
794 4585 1089 4660 imponite,
1131 4590 1187 4642 et
1231 4583 1311 4642 sic
1353 4581 1726 4654 vosmetipsas
1763 4579 1902 4649 Deo,

203 4678 356 4752 quod
414 4675 764 4735 holocaustis
817 4674 1092 4733 omnibus
1161 4673 1348 4746 majus
1403 4678 1506 4741 est,
1560 4669 1905 4727 sacriﬁcium

200 4768 444 4826 adolete.
494 4765 736 4824 Horrete
788 4763 979 4836 itaque
1029 4762 1311 4836 colloquia
1351 4759 1741 4829 saecularium,
1781 4774 1902 4815 car-

204 4855 431 4914 nalium
474 4853 764 4911 devitetur
790 4859 1074 4926 aspectus,
1103 4858 1293 4909 vestra
1322 4850 1574 4923 denique
1617 4865 1732 4906 non
1779 4863 1906 4905 om-

205 4946 378 5004 nibus
405 4945 584 5016 janua
622 4949 847 5017 pateat;
889 4941 1070 5000 donec
1105 4941 1389 4998 adventus
1425 4953 1595 4996 causa
1635 4936 1906 5004 discatur,

203 5032 506 5112 nonnullis
559 5032 929 5106 prohibeatur
983 5046 1261 5089 accessus.
1325 5027 1524 5087 Judith
1583 5026 1754 5084 etiam
1808 5024 1911 5082 illa

205 5131 398 5184 sancta
440 5122 606 5183 vobis
647 5121 885 5181 vivendi
934 5121 1008 5179 sit
1061 5136 1282 5185 norma,
1329 5126 1385 5175 et
1437 5115 1688 5174 vidualis
1726 5113 1910 5172 conti-

209 5212 421 5272 nentiae
472 5211 792 5284 disciplina.
837 5211 918 5272 De
957 5226 1070 5284 qua
1105 5208 1370 5267 videlicet
1408 5221 1568 5264 sacra
1615 5203 1912 5276 Scriptura

207 5309 443 5362 testatur
497 5300 590 5359 his
632 5299 914 5359 verbisza
943 5299 1088 5369 Quia
1138 5297 1199 5354 in
1256 5294 1650 5368 superioribus
1707 5292 1914 5350 domus

209 5406 327 5448 sua:
385 5387 520 5447 fecit
568 5387 680 5446 sibi
747 5395 1029 5446 secretum
1093 5383 1452 5450 cubiculum,
1505 5381 1566 5438 in
1619 5395 1733 5452 quo
1779 5393 1913 5437 cum

209 5476 418 5548 puellis
444 5475 567 5534 suis
595 5475 790 5534 clausa
821 5473 1169 5544 morabatur,
1217 5477 1270 5529 et
1310 5468 1526 5526 habens
1554 5483 1728 5540 super
1756 5466 1913 5524 lum?

212 5565 307 5624 bos
347 5580 488 5624 suos
527 5564 805 5637 cilicium,
853 5562 1155 5638 jejunabat
1200 5557 1474 5620 omnibus
1521 5555 1724 5614 diebus
1779 5555 1917 5613 vita;

274 5665 402 5730 (107)
441 5666 608 5718 Locus
643 5665 883 5719 mutilus.

1993 3237 2186 3291 tatem.
2224 3229 2336 3289 Sed
2365 3234 2486 3287 esto
2517 3227 2656 3303 quia
2694 3227 2898 3287 Judith
2935 3226 3134 3286 divitis
3175 3215 3512 3286 causamini'
3537 3228 3702 3288 vobis

1992 3320 2224 3394 copiam
2252 3318 2526 3376 dehaberi
2552 3333 2566 3388 ;
2599 3317 2864 3391 nunquid
2894 3316 3260 3391 pauperculae
3288 3316 3450 3376 illius
3479 3315 3700 3377 Moabi-

1993 3408 2146 3479 tidis,
2189 3407 2350 3466 Ruth
2393 3405 2657 3488 videlicet
2702 3405 3002 3473 exsilium,
3043 3403 3413 3476 calamitates,
3463 3407 3698 3478 famem,

1991 3503 2170 3572 sitim,
2218 3501 2482 3560 laborum
2540 3499 2996 3558 intolerabilium
3036 3499 3375 3572 patientiam
3421 3498 3701 3573 ignoratis

1991 3595 2178 3663 (Ruth.
2231 3590 2315 3662 1)?
2358 3590 2639 3664 Nunquid
2680 3589 2841 3648 vobis
2880 3605 2980 3663 pro
3014 3587 3411 3663 pudicissima
3445 3589 3699 3648 viduita-

1991 3682 2063 3739 tis
2109 3679 2456 3757 aliquandiu
2503 3679 2798 3738 honestate
2833 3675 3116 3737 servanda
3155 3676 3323 3749 (107),
3367 3677 3440 3735 ad
3479 3683 3695 3735 tantam

1990 3771 2152 3829 illam
2217 3768 2521 3828 devenisse
2576 3766 2902 3841 penuriam,
2955 3774 3021 3824 ut
3065 3765 3280 3835 resides
3335 3765 3520 3840 spicas
3572 3771 3700 3840 post

1994 3857 2334 3917 metentium
2396 3864 2550 3929 terga
2605 3854 2917 3928 colligeret,
2974 3860 3031 3911 et
3089 3854 3246 3927 virga
3295 3853 3526 3927 cadens,
3578 3868 3698 3913 non

1989 3947 2175 4005 dicam
2224 3943 2402 4016 virili,
2445 3943 2542 4002 sed
2571 3943 2827 4000 humano
2873 3940 3142 3998 destituta
3177 3957 3412 4015 prorsus
3449 3941 3696 4015 auxilio,

1989 4037 2112 4110 ipsa
2161 4035 2318 4108 quod
2365 4033 2688 4105 collegerat,
2741 4029 3074 4088 trituraret?
3121 4029 3415 4089 Nimirum
3465 4046 3540 4090 ex
3584 4046 3700 4107 qua

1990 4132 2282 4185 tantorum
2352 4138 2554 4196 regum
2623 4119 2846 4180 soboles
2917 4119 3106 4178 fuerat
3161 4135 3515 4194 processura,
3572 4128 3700 4182 tan-

1989 4231 2165 4291 quam
2211 4214 2324 4272 vile
2365 4209 2748 4284 mancipium,
2791 4207 3100 4267 servilibus
3145 4209 3417 4283 operibus
3463 4209 3698 4270 videba-

1992 4313 2084 4364 tur
2131 4303 2372 4362 addicta.
2428 4299 2582 4358 Inter
2643 4304 2720 4356 tot
2769 4305 2964 4360 autem
3019 4314 3318 4371 pressuras
3365 4303 3536 4374 atque
3589 4317 3697 4360 an-

1987 4391 2206 4466 gustias
2259 4396 2536 4449 coarctata
2589 4387 2828 4445 virtutes
2875 4387 3056 4445 animi
3138 4403 3251 4445 non
3319 4386 3590 4459 deseruit,
3645 4397 3702 4448 et

1991 4482 2180 4555 inopis
2217 4481 2454 4553 quidem
2486 4479 2620 4574 vita:
2650 4475 2898 4552 pondus,
2936 4493 3054 4552 quo
3051 4475 3465 4574 .prerneba'tur,
3497 4493 3698 4574 {equa-

1994 4570 2227 4628 nimiter
2273 4567 2444 4636 tulit;
2490 4565 2564 4624 ab
2612 4566 2835 4624 intima:
2889 4581 3021 4624 vero
3053 4564 3389 4624 'nobilitatis
3443 4565 3700 4624 culmine

1991 4668 2056 4719 ut
2103 4667 2238 4734 puta
2283 4658 2457 4731 digna
2499 4657 2678 4715 David
2725 4673 2956 4732 proava,
3007 4658 3352 4729 degenerare
3389 4656 3697 4732 indignum

1991 4749 2181 4808 duxit.
2235 4745 2438 4806 Socrui
2495 4746 2878 4804 reverentiam
2939 4746 3178 4819 dignam
3231 4744 3520 4818 exhibuit,
3569 4763 3692 4806 ma-

1997 4837 2274 4897 tronalem
2357 4835 2693 4908 pudicitiam
2791 4833 2992 4903 tenuit,
3075 4834 3343 4892 defuncto
3422 4835 3544 4893 viro
3622 4838 3697 4896 fi-

1993 4927 2125 4984 dem
2180 4923 2450 4995 servavit,
2501 4923 2671 4982 idolis
2723 4923 2974 4982 deditam
3024 4923 3268 4996 patriam
3320 4931 3699 5000 parentesque

1993 5014 2131 5070 301
2197 5014 2470 5083 deseruit,
2539 5021 2595 5072 et
2653 5013 2724 5071 ad
2779 5012 2999 5070 cultum
3056 5013 3179 5071 veri
3237 5015 3340 5078 Dei
3397 5015 3525 5077 sine
3575 5017 3698 5078 ullo

1993 5105 2239 5166 doctoris
2340 5105 2668 5178 magisterio
2749 5101 2962 5161 nobilis
3056 5108 3340 5182 proselyta
3432 5108 3700 5168 transivit

1995 5199 2164 5265 (Ruth
2195 5201 2279 5263 υ).
2315 5195 2458 5252 Ecce
2489 5193 2668 5266 igitur
2693 5191 2893 5250 Judith
2924 5207 3190 5268 prospera
3217 5197 3432 5271 quibus
3476 5199 3538 5254 in
3580 5197 3695 5254 vita

1995 5284 2342 5343 iniciebatur
2381 5281 2678 5355 abjiciens,
2729 5279 2884 5338 Ruth
2923 5281 3164 5342 adversa
3209 5285 3425 5360 quibus
3471 5301 3693 5359 preme-

1995 5374 2164 5432 batur
2194 5373 2584 5446 amplectens;
2633 5379 2876 5447 utraque
2917 5371 3130 5432 scilicet
3165 5381 3359 5432 mente
3389 5391 3527 5446 una,
3569 5373 3701 5433 licet

1997 5464 2225 5521 diversa
2257 5463 2505 5532 fortuna,
2534 5459 2640 5519 uni
2676 5461 2788 5520 Deo
2818 5478 2932 5520 non
2959 5463 3248 5522 immerito
3279 5463 3510 5536 placuit.
3552 5462 3702 5534 Quia

1998 5569 2102 5611 nec
2149 5550 2406 5610 adversis
2447 5551 2555 5608 ista
2607 5550 2912 5610 succubuit
2949 5567 3052 5610 nec
3080 5551 3140 5610 in
3167 5567 3435 5626 prospera
3488 5552 3704 5614 suimet
