4170 6458
479 284 586 344 495

1005 283 1062 342 S.
1107 281 1328 342 PETRI
1367 282 1688 342 DAMIANI
1726 279 1884 341 OPP.
1931 280 2120 340 PARS
2163 279 2304 340 SEU
2345 277 2594 340 TOMUS
2633 280 2680 341 Ι,
2729 310 2794 320 -—
2836 279 3065 339 EPIST.
3115 280 3254 339 LIB.
3297 282 3452 342 VIII.

3871 287 3987 346 496

477 407 826 466 obliviscens
855 422 975 465 sese
1001 405 1100 465 illa
1125 405 1349 479 dejecit.
1385 405 1496 465 Sed
1525 405 1623 462 illa
1657 404 1930 463 tolerabat
1970 402 2326 477 quibusAet
2349 401 2598 460 lamenta
2631 403 2982 472 concurrite,
3022 409 3196 479 atque
3219 405 3291 462 ab
3318 411 3462 464 aestu
3505 408 3983 480 persequentium

476 495 838 567 abundabat;
887 496 994 554 ista
1043 494 1344 554 fruebatur
1380 511 1512 570 quae
1550 495 1889 569 patiebatur.
1933 493 2184 567 Utraque

481 584 766 643 nimirum
816 585 886 642 de
941 585 1260 643 mundanae
1310 583 1713 643 inconstantiae
1759 583 2184 643 alternitatibus

477 688 755 742 asserens,
798 700 824 722 «ι
861 671 1023 732 Sicul
1052 672 1319 742 tenebrae,
1352 673 1561 747 inquit,
1593 673 1738 745 ejus,
1771 673 1847 730 ita
1889 679 1941 729 et
1985 671 2183 730 lumen

479 761 604 834 ejus
631 763 803 831 (Psat.
831 765 1155 830 CXXXVIII).
1193 783 1218 810 ιι
1248 761 1318 818 Et
1346 777 1476 819 cum
1506 776 1622 819 una
1658 763 1924 818 contenta
1960 759 2033 816 sit
2063 758 2184 832 pri-

474 848 604 920 mis,
656 848 833 907 altera
874 849 1094 922 nuptiis
1139 849 1210 906 sit
1259 854 1448 922 aptata
1499 848 1784 916 secundis,
1843 847 1976 904 licet
2028 847 2180 904 Ruth

476 937 759 996 thalamos
807 936 1118 1006 iteraverit,
1170 952 1202 994 a
1250 936 1524 995 castitatis
1577 945 1766 994 tamen
1817 935 2022 994 habitu
2064 949 2181 992 non

473 1026 725 1097 recessit,
784 1027 920 1100 quia
985 1026 1237 1085 vidualis
1291 1025 1648 1084 continentia
1702 1027 1761 1083 in
1819 1025 2182 1100 conjugalem

2269 491 2338 548 ad
2395 490 2786 564 lacrymarum
2837 491 3098 565 protinus
3157 492 3521 566 refrigerium
3576 495 3861 568 festinate,
3915 504 3985 555 ut

2268 577 2412 636 dum
2439 594 2604 636 mens
2640 587 2828 637 vestra
2863 579 2996 636 foris
3028 595 3139 638 non
3171 579 3389 638 invenit
3433 583 3534 640 ubi
3565 582 3749 641 valeat
3775 599 3984 642 secura

2268 668 2584 742 quiescere,
2629 685 2690 726 se
2750 669 2900 728 intra
2953 685 3012 726 se
3063 669 3359 742 colligens,
3411 671 3485 729 ab
3533 675 3695 732 omni
3751 675 3986 734 studeat

2267 756 2549 814 mundani
2592 759 2861 831 strepitus
2898 759 3327 831 perturbatione
3379 763 3586 836 sopire.
3633 763 3832 836 Neque
3877 781 3984 822 vos

2267 845 2339 902 ab
2384 845 2664 903 orationis
2701 847 2891 905 studio
2935 847 3101 905 ﬂetus
3140 848 3376 907 ariditas
3414 853 3660 923 frangat,
3710 851 3982 910 videlicet

2268 948 2407 990 mox
2453 940 2513 991 ut
2550 934 2868 1005 conamini,
2909 936 3181 1010 lacrymae
3225 953 3338 997 non
3382 947 3707 1014 erumpant.
3751 941 3979 1013 Jejunii

2266 1036 2538 1094 namque,
2575 1022 2669 1080 cui
2701 1039 2803 1081 vos
2832 1023 3146 1084 districtius
3190 1025 3506 1099 inhaeretis,
3548 1030 3674 1086 haec
3711 1045 3834 1088 esse
3869 1047 3977 1088 na-

2268 1115 2394 1169 tura
2428 1109 2805 1183 dignoscitur,
2836 1119 2899 1171 ut
2930 1129 3066 1172 cum
3097 1115 3312 1173 multos
3339 1125 3715 1188 provectuum
3751 1120 3978 1178 fructus

2265 1198 2608 1270 accumulat,
2666 1199 2958 1258 interdum
3030 1208 3222 1258 tamen
3279 1209 3333 1260 et
3399 1203 3514 1262 iras
3584 1209 3856 1266 accendat
3919 1214 3975 1266 et

2267 1287 2552 1362 lacrymas
2586 1287 2830 1347 minuat.
2881 1288 2950 1346 Et
2999 1289 3068 1347 de
3105 1290 3190 1347 ira
3219 1291 3477 1364 quidem,
3513 1294 3651 1368 quia
3693 1311 3792 1368 per
3816 1296 3974 1370 jeju-

473 1113 814 1187 pudicitiam
845 1130 960 1174 non
985 1114 1229 1173 libidine
1248 1114 1497 1172 carnalis
1524 1113 1831 1182 illecebrae,
1859 1115 1957 1172 sed
1982 1113 2180 1172 divina

473 1203 666 1278 potius
703 1209 789 1261 est
820 1203 1195 1276 dispositione
1245 1209 1486 1261 mutata.
1531 1200 1680 1271 Quid
1719 1208 1913 1260 autem
1951 1201 2022 1260 de
2056 1202 2182 1275 ipsa

475 1293 804 1352 beatissima
844 1292 948 1351 Dei
991 1292 1282 1352 Genitrice
1317 1307 1782 1361 commemorem,
1819 1307 1951 1364 quae
1980 1296 2034 1348 et
2067 1297 2180 1348 ter-

476 1396 749 1440 renarum
779 1395 954 1454 opum
983 1380 1174 1455 copias
1201 1396 1316 1438 non
1359 1381 1628 1454 possedit,
1674 1387 1728 1438 et
1769 1377 2180 1436 immanissimi
2270 1374 2434 1434 nium
2483 1381 2718 1447 crescat,
2775 1377 3081 1435 manifesta
3136 1384 3219 1435 est
3276 1377 3444 1437 Isaiae
3497 1383 3796 1454 sententia,
3855 1400 3978 1458 qua

472 1470 686 1530 doloris
729 1469 1180 1528 amaritudinem
1229 1468 1518 1542 pertulit?
1568 1468 1678 1528 Cui
1716 1467 1999 1526 nimirum
2043 1482 2180 1525 vere
2264 1462 2496 1520 dicitur
2535 1463 2698 1533 Ecce,
2739 1464 2950 1537 inquit,
3003 1466 3073 1524 ad
3113 1465 3243 1524 lites
3285 1474 3337 1524 et
3380 1472 3775 1530 contentiones
3818 1474 3976 1546 jeju-

472 1560 813 1636 praedictum
869 1565 986 1618 est:
1015 1581 1042 1613 (ε
1087 1559 1158 1618 Et
1201 1566 1358 1618 tuam
1403 1559 1586 1633 ipsius
1619 1561 1876 1617 animam
1923 1563 2182 1630 pertran-
2267 1551 2434 1621 DatiS,
2479 1557 2535 1609 et
2568 1551 2863 1624 ΡθΓουίίῐίε
2908 1567 3100 1625 ρυὲηο
3136 1553 3312 1626 ίηιβίθ
3345 1559 3476 1625 (Ῑεαο
3525 1565 3708 1627 ῐΝΙιι)·
3745 1581 3772 1613 ι)
3804 1558 3972 1629 Quod

471 1649 608 1710 sibit
649 1647 880 1723 gladius
925 1649 1068 1720 (Luc.
1108 1648 1188 1718 Il).
1222 1671 1249 1695 »ι
1297 1643 1356 1704 Si
1407 1645 1565 1704 enim
1611 1646 1974 1720 omnipotens
2029 1645 2180 1704 Deus
2263 1647 2460 1698 autem
2492 1638 2664 1713 longo
2685 1639 2914 1713 jejunio
2955 1640 3225 1716 lacrymae
3258 1642 3694 1718 subtrahantur,
3733 1655 3973 1709 testatur

472 1737 650 1811 hujus
723 1737 860 1794 vitae
916 1749 1184 1808 prospera
1242 1733 1435 1806 magni
1489 1732 1780 1821 penderet,
1842 1731 2545 1821 nullatenusBIosephus
2589 1737 2686 1802 (De
2732 1735 2866 1790 bello
2911 1735 3090 1805 Jud.),
3139 1734 3240 1807 qui
3285 1749 3416 1792 cum
3473 1736 3786 1796 vindictam
3837 1756 3974 1813 quae

471 1827 653 1902 ipsam
701 1825 1054 1898 singularem
1099 1838 1163 1880 ac
1194 1827 1527 1896 perpetuam
1579 1820 1898 1894 Virginem,
1941 1835 2015 1878 ex
2063 1820 2230 1895 qua
2264 1820 2648 1890 Hierusalem,
2689 1826 2744 1878 et
2783 1821 3248 1894 persecutoribus
3286 1823 3514 1883 Domini
3549 1841 3582 1882 a
3623 1826 3973 1901 Vespasiano

467 1914 753 1974 iurat-nari
797 1914 1066 1986 dignatus
1107 1919 1213 1984 est,
1257 1909 1406 1969 afﬁci
1453 1910 1748 1968 doloribus
1798 1910 2172 1984 permisisset.

465 2007 818 2080 Quapropter
836 2011 891 2063 et
913 2019 1034 2075 vos,
1061 2003 1233 2077 juxta
1263 2001 1328 2060 Β.
1368 2000 1519 2060 Petri
1565 2001 1930 2071 sententiam,
1973 2000 2175 2059 eadem

465 2097 806 2172 cogitatione
851 2094 1165 2153 armamini
1215 2096 1262 2166 (Ι
1295 2096 1438 2151 Petr.
1501 2094 1603 2164 Iv),
1659 2099 1713 2150 et
1761 2091 1912 2150 mala
1969 2093 2175 2151 mundi

465 2203 565 2259 per
608 2184 944 2260 patientiam
988 2183 1223 2254 vincite,
1270 2198 1404 2256 quae
1446 2182 1694 2257 profecto
1733 2197 1850 2240 non
1898 2182 2176 2255 ignoratis

465 2289 666 2332 omnes
705 2272 915 2331 electos
960 2271 1032 2329 ab
1079 2272 1201 2346 ipsa
1249 2270 1497 2328 humani
1541 2271 1768 2342 generis
1797 2271 2024 2342 origine
2053 2287 2176 2344 per-

468 2363 682 2422 tulisse.
741 2361 904 2420 Uode
951 2361 1092 2419 dicit
1147 2361 1552 2434 Apostolus:«
1596 2359 1740 2430 Quia
1798 2376 1900 2434 per
1962 2360 2173 2419 multas

466 2452 868 2517 tribulationes
941 2456 1159 2523 oportet
1217 2465 1322 2508 nos
1370 2449 1586 2507 intrare
1644 2448 1705 2506 in
1760 2465 2005 2522 regnum
2069 2449 2172 2508 Dei

464 2543 608 2616 (Act.
655 2541 800 2613 XIV).
839 2563 861 2591 ι
904 2539 1217 2598 Enimvero
1271 2553 1388 2596 non
1441 2537 1783 2596 incredibile
1822 2545 1906 2596 est
1935 2539 2070 2612 quia
2121 2541 2169 2598 si

460 2631 587 2689 haec
621 2630 731 2688 vita
763 2629 928 2688 vobis
969 2627 1224 2686 blandita
1262 2628 1602 2698 mitesceret,
1653 2644 1686 2684 a
1724 2627 1969 2686 caelestis
2016 2628 2166 2686 desi-

2263 1919 2319 1968 et
2357 1910 2485 1968 Tito
2522 1910 2881 1985 principibus
2909 1917 2990 1968 est
3026 1911 3291 1984 irrogata,
3338 1921 3615 1986 narraret,
3664 1915 3816 1975 inter
3854 1933 3974 1976 cae-

2264 2006 2383 2056 tera
2427 1997 2722 2057 ultricium
2766 2014 3070 2072 poenarum
3108 2015 3336 2071 genera,
3373 2002 3479 2059 hoc
3515 2003 3688 2060 etiam
3725 2005 3968 2074 addidit,

2262 2087 2495 2146 dicens:
2527 2112 2548 2139 ι
2595 2088 2704 2148 Sed
2745 2105 2850 2146 nec
2877 2089 3163 2162 planctus,
3198 2090 3407 2164 inquit,
3452 2108 3526 2150 ex
3563 2109 3720 2152 more
3764 2095 3972 2154 defun-

2261 2178 2366 2235 ctis
2415 2177 2820 2249 exhibebatur,
2867 2185 2967 2236 aut
3009 2179 3231 2250 luctus;
3282 2181 3420 2255 quia
3471 2183 3576 2240 hoc
3622 2183 3731 2242 sibi
3785 2190 3966 2243 totum

2263 2266 2647 2325 vindicaverat
2679 2268 2876 2336 fames,
2903 2267 2996 2325 sed
3035 2285 3137 2326 nec
3158 2269 3393 2328 ariditas
3422 2269 3635 2329 inediae
3656 2272 3969 2334 humorem

2259 2355 2533 2430 cuiquam
2561 2355 2870 2431 reliquerat
2901 2356 3313 2430 lacrymarum.
3343 2379 3370 2410 »
3405 2357 3569 2418 llnde
3596 2376 3728 2419 cum
3761 2363 3970 2422 visibi-

2259 2443 2341 2501 les
2369 2444 2653 2518 lacrymas
2682 2462 2795 2504 non
2826 2449 3058 2520 potestis
3083 2464 3154 2505 ex
3187 2449 3370 2507 oculis
3395 2450 3586 2509 carnis
3615 2453 3967 2527 exprimere,

2259 2533 2509 2592 suﬂiciat
2543 2534 2702 2594 vobis
2743 2552 3014 2596 excessus
3051 2539 3310 2611 proprios
3347 2541 3496 2599 intra
3524 2543 3754 2601 contriti
3781 2543 3970 2604 cordis

2255 2639 2465 2681 arcana
2506 2623 2735 2682 deﬂere.
2777 2624 2863 2683 Ibi
2898 2627 3158 2686 tenebras
3196 2629 3432 2688 admissi
3469 2639 3657 2690 reatus
3687 2632 3966 2706 aspicite;

459 2720 604 2778 derii
647 2735 824 2778 cursu
871 2735 975 2777 vos
1018 2719 1384 2794 aliquatenus
1427 2717 1757 2788 retardaret,
1791 2724 1847 2776 et
1883 2735 2046 2776 mens
2080 2736 2171 2777 ve-
2254 2719 2311 2770 et
2341 2711 2476 2786 quia
2505 2713 2746 2783 dignum
2777 2721 2860 2772 est
2891 2716 3042 2789 quod
3071 2717 3359 2791 patimini,
3397 2719 3538 2793 ipsae
3571 2737 3806 2796 quoque
3832 2739 3968 2781 sen-

459 2815 577 2866 stra
609 2815 849 2866 eotenus
886 2824 918 2864 a
949 2805 1064 2864 Deo
1102 2807 1451 2878 frigesceret,
1507 2821 1622 2878 quo
1665 2805 1725 2862 in
1777 2812 1924 2864 aestu
1973 2822 2167 2864 rerum
2259 2802 2434 2859 tentia
2483 2802 2619 2860 recti
2667 2803 2958 2862 examinis
3005 2803 3272 2878 judicate.
3329 2807 3460 2866 Lux
3517 2825 3766 2884 namque
3815 2811 3970 2870 inter

460 2895 858 2970 temporalium
902 2893 1164 2968 requiem
1212 2893 1520 2951 inveniret.
1571 2893 1706 2953 Ideo
1747 2895 1924 2967 igitur
1969 2895 2171 2954 divina
2260 2893 2524 2951 tenebras
2570 2894 2938 2964 convalescit,
2986 2903 3042 2953 et
3087 2895 3313 2968 lucifer,
3370 2897 3471 2971 qui
3519 2897 3577 2956 in
3630 2899 3723 2958 die
3763 2901 3968 2961 oculos

459 2985 809 3060 dispensatio
839 2984 898 3041 in
932 2984 1111 3056 hujus
1151 2983 1288 3039 vitae
1335 2983 1456 3041 salo
1505 2983 1840 3056 procellosis
1869 2985 2005 3042 hinc
2035 2986 2171 3044 inde

463 3075 816 3144 turbinibus,
857 3079 913 3130 et
951 3071 1377 3147 quodammodo
1410 3071 1680 3130 violentis
1724 3081 2024 3134 ventorum
2074 3077 2168 3134 fu-

459 3165 712 3225 rentium
773 3162 1006 3221 ﬂatibus
1055 3177 1158 3219 vos
1209 3161 1490 3220 ﬂuctuare
1539 3163 1838 3235 permittit,
1891 3169 1958 3222 ut
2005 3181 2170 3224 mens

461 3261 650 3314 vestra
694 3252 924 3312 avidius
956 3251 1026 3309 ad
1071 3266 1320 3324 superna
1373 3250 1656 3310 desideria
1711 3259 1982 3322 transeat,
2028 3256 2169 3315 dum

457 3345 611 3403 inter
647 3343 760 3400 ima
803 3357 918 3400 non
956 3339 1182 3398 invenit
1228 3341 1323 3398 ubi
1364 3339 1777 3401 delectabiliter
1827 3344 2166 3418 requiescat.

458 3433 614 3506 Agar
670 3446 918 3504 namque
959 3428 1244 3502 prosperis
1294 3427 1438 3487 fulta
1486 3438 1685 3488 contra
1736 3432 2032 3491 dominam
2087 3441 2171 3494 tu-

2258 2981 2424 3052 fugit,
2481 2982 2749 3048 in,nocte
2798 2982 2986 3041 radios
3031 2983 3247 3056 proprii
3294 2983 3616 3058 splendoris
3663 2988 3962 3062 expandit.

2257 3069 2370 3128 Nos
2418 3069 2612 3142 itaque
2651 3069 2699 3128 si
2732 3086 2926 3128 veram
2961 3070 3145 3129 lucem
3181 3071 3240 3129 in
3285 3073 3557 3133 cordibus
3583 3076 3797 3144 nostris
3823 3077 3964 3136 oriri

2259 3159 2552 3229 volumus,
2587 3174 2702 3217 non
2754 3176 2858 3218 nos
2899 3159 3088 3217 lucem
3135 3176 3258 3219 esse
3298 3162 3603 3236 tingamus,
3639 3164 3738 3222 sed
3772 3172 3966 3225 reatus

2253 3249 2434 3308 nostri
2475 3250 2736 3308 tenebras
2781 3249 3061 3308 veraciter
3097 3267 3496 3325 agnoscamus,
3551 3259 3605 3310 et
3650 3260 3789 3312 tunc
3837 3253 3966 3312 leve

2255 3339 2422 3396 nobis
2451 3338 2746 3396 videbitur
2778 3352 2951 3397 omne
2979 3339 3130 3412 quod
3170 3340 3442 3414 patimur,
3471 3342 3610 3416 quia
3635 3341 3802 3400 valde
3831 3359 3967 3417 gra-

2257 3429 2386 3487 vius
2437 3445 2561 3488 esse
2613 3429 3026 3502 perpendimus
3063 3431 3215 3504 quod
3263 3447 3571 3490 meremur.
3635 3431 3964 3492 Notandum

460 3519 648 3585 muit;
683 3519 890 3577 afﬂicta
917 3517 1306 3592 postmodum,
1349 3525 1404 3574 et
1447 3517 1503 3574 in
1541 3518 1955 3579 solitudinibus
1999 3525 2171 3582 exsul
2252 3525 2446 3575 autem
2485 3517 2624 3590 quia
2662 3517 2810 3575 sicut
2845 3517 2944 3591 qui
2996 3533 3114 3575 non
3159 3517 3379 3591 vident,
3424 3520 3649 3578 acutius
3689 3520 3962 3595 audiunt,

455 3609 750 3678 oberrans,
782 3606 1104 3680 alloquium
1145 3603 1334 3678 angeli
1373 3605 1500 3662 laeta
1537 3608 1927 3679 promittentis
1955 3614 2171 3685 accepit
2254 3615 2318 3664 ut
2349 3613 2626 3679 tanquam
2657 3604 2935 3663 vivacitas
2978 3620 3184 3663 sensus
3215 3621 3347 3680 quae
3387 3607 3492 3664 uni
3533 3607 3790 3666 membro
3820 3609 3966 3668 sub-

459 3700 596 3768 (Gen
649 3702 792 3767 XVI).
835 3695 1049 3754 Rachel
1086 3696 1268 3754 donec
1303 3696 1624 3755 sterilitatis
1662 3697 1982 3758 infortunio
2010 3703 2170 3760 labo-
2257 3697 2509 3754 trahitur
2547 3695 2618 3752 ad
2658 3695 2817 3753 aliud
2847 3695 3205 3754 cumulatius
3241 3697 3633 3768 transferatur,
3681 3699 3766 3758 ita
3810 3716 3963 3759 non-

460 3787 626 3857 ravit,
668 3800 806 3843 vero
843 3784 960 3842 Deo
999 3783 1375 3842 reverentiam
1430 3783 1590 3858 digiti
1630 3785 1820 3845 cultus
1859 3789 2166 3863 exhibuit;
2255 3786 2407 3845 nulli
2460 3786 2670 3845 calcata
2714 3786 2976 3856 luxuria,
3012 3787 3072 3844 in
3127 3789 3429 3846 avaritiam
3476 3789 3670 3848 acrius
3729 3790 3966 3852 inarde-

457 3883 760 3949 postquam
794 3880 1008 3943 autem,
1051 3872 1205 3929 edito
1243 3871 1476 3945 Joseph,
1535 3873 1899 3934 fecunditatis
1957 3879 2172 3938 meruit
2252 3881 2444 3945 scunt,
2495 3883 2550 3934 et
2596 3876 2852 3934 humana
2902 3878 3367 3951 concupiscentia
3413 3878 3553 3938 dum
3610 3895 3645 3937 a
3699 3879 3965 3941 libidinis

457 3965 701 4036 donum,
738 3963 932 4021 Laban
971 3962 1154 4036 patris
1182 3962 1368 4020 furata
1399 3969 1482 4019 est
1514 3964 1734 4023 idolum
1775 3969 1928 4034 (Gen.
1964 3975 2166 4038 XXXI).
2253 3965 2549 4024 voluntate
2594 3965 2994 4038 compescitur,
3039 3967 3355 4040 majoribus
3392 3968 3614 4027 Viribus
3652 3969 3710 4026 in
3761 3971 3962 4044 acqui-

461 4054 574 4112 Vos
601 4053 774 4111 etiam
804 4052 854 4109 si
877 4053 1047 4124 juxta
1086 4059 1284 4109 votum
1330 4058 1515 4110 erecta
1557 4054 1619 4111 in
1662 4059 1972 4115 cumulum
2013 4060 2172 4117 unda
2255 4055 2567 4113 rendarum
2611 4070 2786 4127 opum
2831 4071 2891 4113 se
2931 4055 3168 4128 porrigit
3198 4057 3534 4131 appetitum.
3567 4057 3635 4116 In
3664 4060 3830 4118 vobis
3853 4077 3964 4120 au-

461 4139 850 4216 prosperitatis
896 4136 1201 4210 attolleret,
1242 4139 1331 4196 vel
1380 4139 1618 4196 admissi
1659 4141 2005 4217 cujusquam
2047 4145 2170 4217 pia-
2256 4151 2365 4201 tem
2403 4143 2583 4201 simul
2612 4143 2879 4217 frigescat
2915 4160 3078 4202 amor
3113 4145 3452 4203 divitiarum
3489 4163 3618 4205 cum
3647 4147 3771 4222 ipso
3808 4149 3965 4207 desi-

459 4229 578 4288 culi
619 4227 988 4300 naufragium
1011 4226 1360 4295 absorberet,
1387 4229 1933 4286 autcertealittore
1957 4232 2170 4304 quietis
2253 4232 2412 4289 derio
2467 4231 2822 4305 nuptiarum,
2879 4239 2943 4289 ut
2990 4231 3300 4291 liberalitas
3361 4241 3547 4292 vestra
3603 4237 3694 4308 pie
3750 4238 3965 4297 ferveat

459 4319 683 4378 intimae
713 4327 932 4376 mentes
963 4325 1182 4376 vestras
1202 4316 1361 4376 ﬂuxa
1389 4317 1589 4376 laetitia
1617 4320 1814 4390 procul
1840 4320 2165 4379 abduceret.

2253 4320 2606 4392 adjuvamdis
2638 4320 2854 4391 egenis,
2891 4335 3004 4377 non
3035 4320 3592 4394 inexstinguibiliter
3627 4333 3833 4385 aestuet
3873 4329 3964 4386 di-

530 4407 697 4467 Unde
741 4422 842 4464 vos
886 4408 1076 4464 hortor
1117 4411 1172 4462 et
1208 4406 1448 4463 solerter
1483 4407 1783 4476 admoneo,
1833 4423 1903 4465 ne
1951 4409 2216 4476 divinisk
2255 4409 2443 4466 tandis
2475 4409 2686 4466 avaris.
2724 4409 2892 4467 Absit
2923 4418 3115 4468 autem
3142 4416 3207 4469 ut
3238 4427 3520 4470 nummus
3551 4415 3676 4472 viro
3699 4415 3758 4472 in
3789 4417 3966 4476 vestri

459 4496 756 4556 beneﬁciis
785 4495 1198 4566 inveniamini,
1235 4494 1389 4569 quod
1430 4495 1596 4564 absit,
1631 4495 1888 4568 ingratae,
1927 4498 2022 4555 sed
2053 4473 2440 4568 gu-Dcordis
2491 4511 2687 4554 amore
2744 4496 3028 4568 succedat,
3081 4496 3175 4554 sed
3239 4498 3430 4570 potius
3485 4515 3588 4572 pro
3631 4503 3966 4563 carnalibus

457 4588 742 4647 bernatori
800 4595 988 4644 vestro
1033 4586 1150 4644 Deo
1198 4585 1402 4657 dignas
1448 4601 1674 4658 semper
1725 4588 1936 4661 gratias
1991 4591 2158 4662 agite,

455 4679 559 4752 qui
607 4676 892 4734 nimirum
929 4673 1202 4749 peccandi
1246 4673 1412 4732 vobis
1447 4675 1745 4732 materiam
1792 4676 2161 4750 subtrahens,

456 4774 734 4839 tanquam
786 4780 820 4821 a
862 4762 1058 4820 noxiis
1112 4777 1220 4819 vos
1281 4761 1548 4835 prohibet
1601 4763 1915 4837 alimentis,
1973 4774 2035 4825 nt
2092 4768 2163 4826 ad

455 4853 635 4911 robur
677 4860 912 4909 aeternae
955 4850 1228 4924 provehat
1275 4850 1708 4910 incolumitatis.
1763 4853 2027 4925 Flagellis
2065 4873 2164 4915 vos

453 4942 789 5003 durioribus
829 4940 1028 5012 cingit,
1082 4939 1415 4997 verberibus
1459 4940 1684 5012 erudit;
1744 4948 1806 5000 ut
1857 4945 2165 5018 margarita

453 5052 558 5094 sua
603 5048 762 5091 nunc
796 5032 955 5090 limet
993 5037 1049 5089 et
1083 5031 1276 5106 poliat,
1310 5047 1444 5105 quae
1485 5033 1848 5104 postmodum
1887 5037 2010 5093 sine
2052 5038 2160 5095 tin-

452 5125 582 5182 nitu
643 5122 880 5187 securis,
941 5127 996 5178 et
1053 5119 1266 5191 mallei,
1329 5121 1416 5177 vel
1466 5121 1778 5194 cujuslibet
1833 5125 2162 5183 ferramenti

455 5211 648 5270 sonitu
687 5215 791 5278 (III
822 5215 954 5279 Reg.
996 5214 1100 5278 VI),
1145 5208 1202 5265 in
1247 5208 1441 5282 templi
1491 5210 1736 5269 etelestis
1774 5212 2018 5271 aedilicio
2061 5230 2160 5286 po-

457 5310 572 5358 nat.
610 5298 810 5372 Igitur,
843 5297 987 5354 302
1027 5300 1434 5369 dilectissimae,
1475 5318 1606 5360 cum
1657 5303 1818 5362 vobis
1867 5318 1937 5360 ex
1987 5305 2164 5376 hujus

459 5389 661 5446 mundi
718 5389 1054 5448 turbinibus
1118 5391 1452 5447 frementior
1507 5398 1810 5464 tempestas
1861 5391 2160 5465 ingruerit,

456 5492 592 5532 cum
631 5477 789 5535 illata
824 5479 896 5535 ah
933 5479 1280 5537 adversariis
1331 5479 1546 5552 injuria
1595 5495 1695 5537 vos
1751 5482 2164 5540 contumeliosa

457 5563 732 5636 percellit,
772 5566 1050 5625 orationis
1094 5567 1249 5626 illico
1301 5566 1604 5624 latibulum
1649 5569 1838 5640 petite,
1879 5569 1946 5627 ad
1999 5569 2164 5630 ﬂetus

2251 4585 2472 4643 deliciis
2524 4584 2849 4658 spirituales
2899 4586 3084 4658 epulae
3128 4591 3349 4645 mentes
3386 4597 3600 4648 vestras
3651 4589 3962 4650 delectabi-

2253 4673 2382 4731 liter
2408 4683 2636 4747 pascant
2664 4693 2675 4732 :
2724 4674 2990 4732 videlicet
3021 4673 3354 4733 divinorum
3393 4677 3698 4737 verborum
3729 4681 3961 4740 assidua

2252 4763 2565 4834 meditatio,
2615 4764 2892 4838 psalmus,
2945 4765 3091 4822 bona
3135 4765 3420 4839 cogitatio,
3469 4769 3548 4842 pii
3605 4770 3795 4843 operis
3846 4772 3958 4831 fre-

2251 4857 2563 4928 quentatio,
2596 4855 2942 4929 exspectatio
2975 4856 3194 4928 mortis,
3236 4873 3364 4930 spes
3407 4859 3589 4918 futuri
3628 4863 3850 4932 saeculi,
3900 4869 3957 4921 et

2247 4952 2461 5002 caetera
2485 4945 2575 5004 his
2601 4945 2815 5004 similia
2842 4965 2854 5014 ;
2896 4947 3114 5020 quibus
3144 4947 3424 5008 nimirum
3459 4966 3620 5010 mens
3650 4953 3959 5014 salubriter

2252 5033 2516 5106 pascitur,
2561 5041 2614 5091 et
2652 5041 2715 5092 ut
2760 5051 2960 5094 revera
3001 5036 3330 5097 caelestibus
3359 5039 3546 5114 epulis
3571 5045 3769 5102 anima
3801 5045 3953 5120 sagi-

2250 5127 2436 5179 natur.
2485 5121 2594 5181 Sed
2641 5123 2779 5181 dum
2819 5132 3023 5183 vestrae
3061 5126 3356 5186 charitatis
3383 5129 3791 5190 allocutionem
3820 5134 3954 5192 lon-

2247 5212 2378 5280 gius
2414 5211 2700 5286 protraho,
2731 5213 3050 5285 epistolaris
3077 5217 3403 5290 compendii
3431 5225 3609 5278 metas
3645 5223 3952 5294 excedens,

2250 5309 2314 5358 ut
2361 5302 2437 5359 ita
2477 5302 2696 5377 loquar.
2747 5303 3001 5374 brevem,
3044 5321 3162 5364 non
3205 5305 3452 5368 breviter
3488 5311 3694 5369 scribo.
3750 5313 3951 5370 Enim-

2249 5410 2384 5452 vero
2415 5395 2554 5453 dum
2601 5413 2714 5455 non
2759 5397 3067 5456 urbanitati
3099 5401 3365 5474 propriae,
3406 5402 3502 5459 sed
3530 5410 3735 5460 vestrae
3761 5403 3953 5477 potius

2249 5485 2618 5544 aediticationi
2640 5488 2942 5547 consulere
2970 5490 3166 5560 gestio,
3199 5491 3487 5564 prolixius
3513 5491 3773 5566 loquens,
3805 5490 3952 5548 303

2251 5574 2524 5649 loquendi
2552 5577 2806 5648 regulam
2832 5594 2943 5636 non
2967 5581 3228 5639 observo.
3252 5581 3513 5656 Denique
3545 5582 3690 5641 mihi
3720 5599 3952 5658 quoque
