4170 6482
239 339 350 400 497

1122 343 1431 404 ΑΒΒΙΤΙΟ
1471 343 1572 403 AD
1611 341 1787 403 TOM.
1830 342 1855 400 Ι
1898 343 2112 403 OPER.
2160 342 2218 403 S.
2262 342 2485 401 PETRI
2524 342 2870 401 DAMIANI.

3639 343 3747 404 498

238 484 359 527 non
395 467 619 528 modice
649 470 951 542 praestatis,
991 472 1037 529 si
1080 472 1473 531 consummari
1513 472 1575 530 in
1615 472 2183 536 sanctarumAMitis
2211 479 2384 547 atque
2415 474 2657 532 festinus
2679 472 2907 530 Domini
2929 473 3067 531 Jesu
3090 471 3193 530 tibi
3213 478 3552 546 conspectus
3573 488 3743 547 appa-

234 559 522 617 virtutum
549 557 899 632 perfectione
929 560 1296 619 contenditis.
1335 562 1447 632 Qui
1473 561 1631 620 enim
1658 561 1947 620 Lazarum

237 647 505 706 ﬁdelium
533 662 795 706 sororum
820 647 1091 722 precibus
1120 651 1520 710 resuscitatum
1551 650 1732 709 fuisse
1761 652 1942 723 (Joan.

236 738 341 809 xu)
388 752 505 794 non
549 735 815 809 ambigo;
849 736 970 810 ipse
1006 752 1237 813 quoque
1276 739 1347 797 de
1383 739 1626 813 peccatis
1663 740 1737 797 ad
1774 741 1946 798 inno-

234 825 489 883 centiam
528 825 825 884 reformari
864 841 967 898 per
1002 835 1189 886 vestra
1227 830 1450 901 merita,
1481 828 1530 885 si
1561 828 1735 902 juxta
1771 828 1944 887 ﬁdem

238 912 460 971 fuerint
483 912 680 985 digna,
707 913 952 973 conﬁdo.
983 915 1219 973 Amator
1246 915 1572 975 animarum
1596 916 1726 991 pius
1757 923 1812 974 et
1831 931 1949 974 om-

239 1003 511 1075 nipotens
535 1002 709 1073 Deus,
736 1008 790 1060 et
820 1017 914 1062 me
940 1004 1148 1063 vestris
1175 1006 1532 1066 orationibus
1557 1007 1617 1065 in
1648 1005 1948 1066 rectitudi-

238 1104 375 1147 nem
405 1089 638 1163 dirigat,
669 1097 724 1149 et
765 1106 866 1149 vos
904 1092 1050 1150 meis
1088 1095 1591 1154 adhortationibus
1636 1096 1707 1154 ad
1746 1095 1948 1154 altiora

238 1181 537 1253 perducat.
571 1180 656 1241 Sit
684 1198 895 1242 nomen
924 1183 1158 1243 Domini
1184 1186 1575 1246 benedictum.

838 1308 1204 1369 EPISTOLA
1226 1311 1349 1370 XV.

729 1408 808 1456 AD
835 1410 1123 1464 QUEMDAM
1148 1412 1471 1459 EGBOTUM.

232 1492 685 1571 AﬁGUittEN'l‘UM.
718 1521 794 1571 τ
815 1491 1128 1564 Cujusdam
1162 1496 1387 1571 aegroti,
1418 1501 1472 1552 et
1499 1495 1737 1569 jamjam
1768 1496 1948 1555 mori-

308 1564 724 1635 turi,_animam
754 1564 869 1621 Deo
894 1566 1276 1633 commendat,
1310 1576 1390 1635 ut,
1424 1564 1706 1625 transacto
1742 1576 1947 1626 morta-

308 1632 381 1761 li:
411 1633 549 1713 vita:
574 1648 769 1707 cursu,
799 1634 1046 1693 caelestis
1077 1637 1331 1696 victoriae
1358 1632 1611 1711 palmam
1659 1647 1947 1698 mereamr

304 1720 336 1761 a
374 1720 586 1777 etpere.
1490 1730 1495 1733 ·
1674 1746 1687 1759 ι

2028 569 2170 635 reat,
2224 564 2325 636 qui
2379 569 2431 621 te
2485 563 2635 621 inter
2678 562 3005 621 assistentes
3050 560 3161 620 sibi
3205 562 3422 636 jugiter
3470 562 3745 622 interesse

2028 651 2310 711 decernat.
2366 652 2601 724 Ignores
2656 664 2829 709 omne
2887 650 3043 724 quod
3092 649 3291 709 horret
3343 650 3404 707 in
3470 649 3744 722 tenebris,

2027 741 2181 816 quod
2234 741 2433 799 stridet
2478 740 2540 797 in
2589 739 2861 811 ﬂammis,
2912 738 3066 813 quod
3122 741 3338 798 cruciat
3386 740 3448 798 in
3497 744 3744 798 tormen-

2031 830 2122 887 tis.
2190 827 2363 887 Cedat
2422 828 2527 886 tibi
2566 827 2912 886 .tete.rrimus
2977 825 3218 886 Satanas
3274 843 3407 886 cum
3479 825 3742 886 satelliti-

2030 919 2143 978 bus
2172 920 2329 990 suis;
2361 919 2423 976 in
2455 918 2772 976 adventum
2800 923 2969 976 tuum
3001 923 3053 974 te
3077 916 3488 976 comitantibus
3517 916 3743 990 angelis

2030 1008 2448 1075 contremiscat,
2481 1013 2653 1080 atque
2689 1007 2747 1064 in
2783 1013 3021 1065 aeternae
3050 1007 3235 1064 noctis
3270 1006 3445 1065 chaos
3482 1007 3739 1065 immane

2031 1095 2314 1169 diifugiat.
2371 1120 2397 1144 α
2441 1094 2730 1167 Exsurgat
2773 1093 2964 1165 Deus,
3016 1100 3071 1151 et
3116 1093 3471 1168 dissipentur
3513 1093 3739 1152 inimici

2032 1184 2177 1258 ejus,
2202 1191 2257 1241 et
2292 1182 2515 1257 fugiant
2552 1199 2586 1239 a
2624 1182 2767 1240 facie
2805 1184 2953 1256 ejus,
2984 1183 3086 1256 qui
3113 1182 3362 1241 oderunt
3390 1198 3546 1240 eum.
3580 1180 3740 1240 Sicut

2031 1272 2223 1332 deﬁcit
2248 1273 2467 1344 fumus,
2498 1271 2768 1330 deﬁciant
2794 1290 2811 1343 ;
2841 1272 2990 1331 sicut
3019 1272 3147 1330 ﬂuit
3173 1286 3301 1330 cera
3332 1288 3367 1330 a
3394 1271 3538 1330 facie
3562 1270 3734 1343 ignis,
3834 1317 3849 1341 ,

2031 1363 2114 1421 sic
2150 1370 2384 1436 pereant
2432 1370 2761 1436 peccatores
2808 1377 2842 1419 a
2894 1361 3038 1420 facie
3084 1361 3189 1420 Dei
3233 1362 3398 1434 (Psal.
3456 1363 3668 1433 LXVII).
3707 1380 3733 1412 »

2032 1452 2474 1511 Confundantur
2502 1451 2699 1525 igitur,
2731 1456 2785 1509 et
2810 1452 3150 1509 erubescant
3178 1457 3436 1509 tartareae
3462 1450 3737 1524 legiones,

2029 1547 2085 1600 et
2115 1541 2368 1600 ministri
2402 1541 2631 1600 Satanm
2667 1540 2776 1599 iter
2812 1547 2982 1600 tuum
3010 1540 3291 1615 impedire
3320 1556 3435 1600 non
3466 1540 3736 1599 audeant.

2028 1631 2249 1705 Eripiat
2290 1636 2344 1689 te
2379 1647 2413 1688 a
2450 1631 2639 1704 pcenis
2687 1630 2969 1703 Christus,
3000 1629 3102 1705 qui
3141 1645 3244 1704 pro
3285 1633 3337 1687 te
3376 1644 3579 1704 passus
3617 1636 3736 1700 est;

2028 1719 2232 1779 liberet
2261 1726 2315 1778 te
2352 1736 2385 1778 a
2423 1719 2682 1778 cruciatu
2721 1719 3007 1790 Christus,
3046 1718 3147 1794 qui
3184 1734 3287 1794 pro
3325 1723 3379 1777 te
3426 1717 3742 1778 cruciﬁxus

306 1801 664 1862 Commendo
701 1812 752 1863 te
798 1806 1172 1881 omnipotenti
1205 1806 1356 1878 Deo,
1398 1808 1735 1868 charissime
1774 1787 2006 1893 fraterB
2032 1819 2153 1883 est;
2183 1809 2387 1869 liberet
2416 1815 2470 1868 te
2498 1827 2531 1869 a
2571 1816 2753 1869 morte
2789 1787 3081 1881 Christus,
3104 1787 3206 1883 qui
3244 1825 3346 1883 pro
3382 1814 3436 1867 te
3466 1809 3614 1867 mori
3649 1808 3739 1867 di-

235 1891 330 1963 N.,
372 1893 546 1967 eique
594 1899 662 1962 te,
707 1894 875 1967 cujus
922 1911 983 1953 es
1044 1903 1302 1953 creatura
1357 1896 1670 1969 committo,
1700 1902 1762 1955 ut
1811 1913 1945 1956 cum

233 1980 619 2040 humanitatis
664 1983 924 2042 debitum
974 1994 1156 2043 morte
1193 1985 1617 2045 interveniente
1654 1988 1945 2062 persolve-

236 2071 335 2141 ris,
361 2070 434 2128 ad
479 2074 787 2129 Auctorem
837 2080 1021 2146 tuum,
1050 2074 1153 2148 qui
1204 2080 1254 2131 te
1298 2075 1369 2132 de
1416 2075 1557 2133 limo
1604 2075 1944 2135 formaverat

235 2163 389 2233 (Gen.
422 2164 500 2235 11),
536 2162 856 2220 revertaris.
893 2164 1225 2237 Egredienti
1264 2166 1461 2239 itaque
1488 2166 1703 2225 animm
1733 2174 1845 2226 tuae
1875 2168 1946 2225 de

232 2265 491 2324 corpore,
517 2251 855 2324 splendidus
885 2253 1223 2326 angelorum
1248 2264 1428 2313 cretus
1457 2260 1735 2328 occurrat,
1764 2256 1948 2330 judex

233 2340 627 2412 apostolorum
679 2349 731 2401 te
782 2348 1017 2401 senatus
1055 2343 1333 2416 absolvat,
1365 2344 1802 2403 candidatorum
1846 2346 1949 2405 tibi

210 2443 555 2504 martyrum
620 2431 1005 2505 triumphator
1067 2434 1356 2492 exercitus
1401 2434 1618 2505 obviet,
1670 2433 1851 2491 liliata
1897 2441 1948 2493 te

232 2519 603 2579 rutilantium
670 2518 817 2575 304
885 2524 1282 2581 confessorum
1355 2530 1547 2581 turma
1607 2522 1943 2598 circumdet,

226 2613 607 2688 jubilantinm
645 2623 695 2674 te
722 2615 1012 2689 virginum
1050 2619 1263 2677 chorus
1292 2617 1562 2692 excipiat,
1594 2624 1650 2676 et
1670 2620 1728 2677 in
1762 2619 1948 2678 beatae

232 2704 446 2777 quietis
492 2706 626 2766 sinu
672 2708 1123 2781 patriarcharum
1176 2717 1227 2767 te
1271 2710 1609 2783 complexus
1647 2710 1944 2785 astringat.

2029 1909 2239 1971 gnatus
2290 1906 2393 1958 est.
2438 1899 2757 1957 Constituet
2807 1904 2860 1955 te
2915 1896 3177 1955 Christus
3229 1896 3415 1955 Filius
3468 1896 3570 1955 Dei
3620 1894 3742 1953 vivi

2028 1987 2181 2046 intra
2210 1987 2457 2062 paradisi
2494 1987 2587 2045 sui
2624 2002 2850 2060 semper
2890 2000 3122 2044 ammna
3167 1985 3415 2043 virentia
3465 1983 3642 2054 (103),
3686 1991 3739 2039 et

2028 2075 2180 2134 inter
2209 2091 2345 2135 oves
2382 2092 2515 2135 suas
2556 2082 2608 2133 te
2652 2091 2823 2135 verus
2849 2074 2947 2132 ille
2984 2079 3175 2149 pastor
3208 2077 3497 2147 agnoscat.
3540 2070 3646 2130 Ille
3687 2076 3739 2128 te

2028 2166 2100 2223 ab
2155 2166 2429 2225 omnibus
2476 2166 2721 2241 peccatis
2763 2163 3042 2235 absolvat,
3097 2170 3270 2238 atque
3316 2162 3387 2221 ad
3438 2163 3737 2222 dexteram

2030 2277 2197 2323 suam
2222 2259 2286 2317 in
2324 2257 2640 2315 electorum
2678 2270 2919 2313 suorum
2966 2260 3019 2312 te
3068 2252 3211 2311 forte
3259 2251 3588 2311 constituat.
3621 2250 3738 2309 Re-

2031 2356 2382 2428 demptorem
2424 2353 2590 2407 tuum
2628 2345 2772 2405 facie
2799 2345 2870 2403 ad
2910 2344 3115 2403 faciem
3147 2343 3362 2412 videas,
3390 2346 3445 2400 et
3489 2356 3739 2413 praesens

2031 2456 2260 2516 semper
2280 2437 2554 2497 assistens
2585 2433 3117 2494 manifestissimam
3144 2431 3325 2491 beatis
3363 2428 3550 2489 oculis
3581 2428 3735 2502 aspi-

2029 2534 2146 2591 cias
2189 2530 2508 2588 veritatem.
2545 2518 2909 2585 Constitutus‘
2939 2522 3119 2598 igitur
3157 2522 3307 2580 inter
3335 2518 3572 2595 agmina
3602 2517 3738 2575 bea-

2028 2628 2239 2690 torum,
2267 2614 2766 2691 contemplationis
2790 2613 3010 2672 divinte
3056 2609 3363 2670 dulcedine
3401 2606 3639 2682 potiaris
3673 2604 3733 2663 in

2028 2707 2246 2768 smcula
2271 2703 2640 2764 saeculorum.
2674 2702 2889 2760 Amen.

896 2854 1049 2907 Finis
1072 2854 1205 2907 torni
1222 2854 1396 2923 primi
1417 2852 1649 2925 Operum
1675 2856 1742 2909 B.
1773 2856 1836 2911 P.
1864 2854 2144 2917 Damiani,
2176 2853 2233 2909 S.
2266 2853 2332 2906 Β.
2360 2852 2426 2905 Ε.
2460 2847 2783 2909 cardinalis,
2813 2843 3055 2915 episcopi

1139 2943 1420 3008 Ostiensis,
1451 2960 1519 2999 ea:
1547 2944 1737 3000 ordine
1764 2944 1823 3000 S.
1854 2943 2152 3007 Benedicti,
2185 2941 2420 2998 doctoris
2451 2936 2805 2993 disertissimi

1753 3048 1818 3088 ac
1865 3032 2218 3088 sanctissimi.

800 3145 866 3204 D.
900 3146 1309 3208 Constantinus
1338 3148 1667 3223 Cajetanus,
1698 3145 1953 3222 Siculus,
1983 3146 2396 3223 Syracusanus,
2431 3141 2749 3200 monachus
2786 3135 3142 3198 Casinensis.

1263 3280 1334 3333 Et
1365 3276 1666 3332 exsultabit
1692 3277 1885 3344 lingua
1912 3291 2034 3330 mea
2052 3275 2335 3345 justitiam
2360 3278 2536 3337 tuam,
2562 3274 2726 3328 Deus.

291 3392 428 3456 (108)
454 3392 609 3449 Forte
629 3395 823 3450 virete.
859 3397 936 3451 Ita
964 3401 1106 3451 enim
1143 3402 1217 3453 ait
1245 3400 1495 3464 Virgilius
1516 3401 1608 3453 lib.
1640 3412 1697 3451 γι
1728 3418 1741 3448 :

476 3474 743 3526 Devenere
777 3477 916 3529 locos
939 3478 1085 3530 laetos
1119 3488 1167 3530 et
1199 3495 1403 3531 amoena
1426 3483 1607 3532 vireta.

238 3660 3702 3694 _____________________________________

232 3853 793 3985 ADDITIO
901 3861 1077 3983 Al)
1182 3863 1503 3990 TOM.
1602 3866 1647 3988 l
1757 3861 2307 3992 eranum
2420 3856 2529 3983 s.
2627 3760 3019 3976 emat
3117 3845 3717 3973 DAMIANI.

908 4110 1212 4193 (Annales
1242 4111 1801 4191 Gamaldulenses,
1837 4122 1989 4180 tom.
2025 4114 2095 4190 ll,
2129 4113 2421 4187 Preuves,
2453 4123 2596 4188 pag.
2643 4107 2752 4169 170
2780 4110 2844 4169 et
2879 4101 3039 4183 188.)

1785 4305 2172 4323 #

1062 4467 1107 4526 Ι.

229 4576 421 4629 Petrus
456 4577 738 4645 episcopus
779 4577 1110 4630 Faventinus
1166 4576 1335 4631 donat
1363 4578 1422 4635 S.
1463 4580 1618 4633 Petro
1671 4582 1938 4635 Damiano

299 4647 524 4718 ejusque
563 4661 733 4700 eremo
768 4648 829 4703 S.
862 4648 1128 4702 Barnabae
1166 4648 1232 4701 de
1277 4648 1556 4718 Gamugno
1597 4653 1938 4706 medietatem

294 4717 474 4787 plebis
500 4719 559 4773 S.
593 4718 892 4782 Valentini,
924 4723 975 4773 et
1003 4721 1121 4773 alia
1152 4720 1309 4777 bona.

761 4824 948 4895 (Anno
980 4823 1134 4893 1060,
1163 4823 1197 4881 6
1228 4823 1402 4896 Maii.)

230 4936 336 5005 [Ex
388 4936 561 4993 veteri
607 4935 932 5009 apograpbo
962 4952 1138 5009 penes
1174 4936 1478 4993 canonicos
1525 4934 1583 4994 S.
1633 4937 1933 4995 Laurentii

773 5026 842 5085 de
875 5026 1184 5095 Florentia,
1214 5043 1272 5083 η.
1303 5026 1376 5101 5.]

224 5159 333 5210 Hoc
363 5160 442 5210 est
479 5157 785 5226 ewemplum
825 5154 1113 5225 cujusdam
1154 5156 1505 5210 instrumenti
1540 5156 1695 5222 infra
1734 5158 1931 5227 scripti

958 5245 1181 5302 tenoris.

1950 4473 1993 4531 C
2022 4468 2210 4537 niunt,
2238 4465 2336 4524 illa
2366 4465 2560 4539 potius
2584 4461 2960 4538 perpetuitate
2989 4459 3360 4531 mandantur,
3378 4472 3494 4533 qua
3513 4456 3726 4515 chartis

2021 4554 2546 4614 intervenientibus
2602 4552 2900 4626 scripturae
2976 4548 3319 4609 testimoniis
3354 4546 3720 4619 _roboratur,

2020 4652 2307 4723 quatenus
2373 4644 2666 4705 oblivione
2743 4642 2971 4717 repulsa
3063 4640 3272 4701 futuris
3364 4636 3723 4711 temporibus

2019 4736 2184 4796 nulla
2208 4750 2406 4794 rerum
2442 4733 2790 4791 incertitudo
2814 4736 2915 4791 aut
2940 4730 3199 4804 qualibet
3232 4724 3495 4801 jurgium
3532 4723 3721 4784 ambi-

2017 4824 2207 4894 guitas
2234 4826 2558 4896 generetur.
2583 4820 2729 4879 Nam
2751 4825 2805 4877 et
2833 4818 3004 4877 divus
3025 4817 3336 4889 imperator
3356 4811 3725 4873 Justinianus

2017 4913 2321 4985 Augustus
2368 4909 2430 4968 in
2479 4908 2793 4967 centesimo
2839 4904 3181 4977 octogesimo
3225 4908 3424 4961 octavo
3472 4900 3723 4976 capitulo

2015 4999 2219 5073 prima:
2277 4998 2455 5073 partis
2505 4996 2785 5066 Novellae,
2836 4993 2917 5051 ita
2968 4991 3379 5066 promulgavit,
3434 4997 3489 5049 et
3546 4989 3718 5049 talem

2015 5089 2197 5162 legem
2253 5089 2431 5160 dedit,
2483 5095 2547 5146 ut
2602 5087 2770 5145 liceat
2829 5083 3085 5145 ecclesiis
3136 5089 3192 5140 et
3245 5081 3375 5140 aliis
3427 5080 3723 5141 venerabi-

2016 5179 2169 5237 libus
2231 5179 2373 5237 locis
2428 5182 2700 5252 perpetuo
2749 5175 2900 5232 inter
2967 5189 3027 5230 se
3093 5177 3412 5231 contractos
3476 5171 3717 5230 eniiteo-

1904 5276 1915 5287 ‘
2014 5283 2141 5326 seos
2204 5269 2315 5341 (sic)
2383 5268 2584 5335 facere,
2635 5265 2860 5321 decreto
2928 5262 3145 5321 scilicet
3211 5269 3342 5319 ante
3412 5261 3717 5331 celebrato,

290 5351 353 5409 In
410 5351 647 5410 nomine
702 5351 952 5409 Domini.
994 5353 1166 5407 Anno
1236 5349 1488 5408 secundo
1563 5347 1927 5422 pontiﬁcatus
2012 5357 2153 5415 dum
2194 5363 2385 5415 tamen
2432 5356 2509 5412 ita
2557 5354 2655 5412 ﬁat
2689 5351 3002 5423 enﬁteosis,
3030 5357 3098 5410 ut
3131 5351 3203 5410 ad
3246 5351 3529 5425 privatam
3582 5364 3718 5423 pos-

221 5444 418 5502 domni
473 5444 652 5501 nostri
703 5443 1022 5501 Alexandri
1084 5443 1317 5501 secundi
1373 5457 1558 5516 papae,
1608 5440 1927 5500 indictione
2011 5445 2325 5503 sessionem
2370 5443 2610 5503 omnino
2644 5459 2760 5501 non
2805 5440 3167 5501 excludatur.
3218 5440 3308 5498 Ad
3360 5439 3535 5513 hujus
3571 5437 3718 5514 legis

220 5533 425 5607 prima,
460 5549 658 5591 mense
690 5532 859 5603 Maio,
891 5532 983 5589 die
1018 5539 1199 5590 sexta.

2008 5534 2303 5594 licentiam
2348 5533 2673 5609 excipiatur
2716 5546 2923 5605 magno
2969 5532 3093 5603 (sic)
3131 5526 3718 5603 Constantinopolita—

289 5622 370 5683 Ea
394 5638 527 5699 qua:
554 5621 707 5681 inter
732 5622 823 5697 pia
848 5627 903 5680 et
932 5620 1281 5682 venerabilia
1304 5621 1425 5683 loca
1450 5620 1689 5680 verbum
1721 5637 1926 5682 conve-
2008 5641 2145 5685 nam
2186 5623 2498 5682 Ecclesiam
2535 5619 3023 5703 quemadmodum
3054 5619 3112 5678 in
3149 5618 3537 5679 anterioribus
3572 5633 3716 5678 con-
