4170 6452
397 247 508 309 499

399 372 819 433 stitut‘ionibus.
863 373 1083 431 Placuit
1119 373 1336 432 idcirco
1373 374 1622 433 domnus
1665 375 1870 434 Petrus
1914 373 2177 436 divinaA

398 461 582 534 gsatia
643 469 856 520 sanctas
910 461 1242 518 Faventinm
1295 461 1567 520 Ecclesiae
1630 461 1953 536 episc0pus,
2017 477 2117 535 per

399 564 745 609 consensum
791 557 848 608 et
905 549 1258 608 vobuntatem
1315 551 1584 609 omnium
1649 550 2116 624 presbyterorum

400 638 658 712 ejusdem
710 637 1004 712 episc0pii,
1053 637 1362 697 concedere
1423 645 1596 712 atque
1646 638 1846 711 largiri
1901 637 2114 696 domno

401 725 568 784 Petro
621 725 906 784 Damiano
967 726 1246 786 Ostiensis
1301 727 1574 786 Ecclesia}
1634 728 1897 803 episcopo
1961 727 2116 800 ejus-

401 829 515 891 que
571 813 871 874 monachis
909 813 1274 885 eremitariis,
1312 816 1415 889 qui
1470 818 1530 874 in
1570 832 1764 875 eremo
1811 816 2116 886 Gamonio,

402 917 536 977 qum
566 909 651 961 est
686 904 1035 964 vocabulum
1075 905 1254 962 sancti
1295 903 1576 962 Barnabas
1621 905 1856 980 apostoli
1893 905 1952 963 in
1989 923 2116 980 per-

401 996 679 1065 petuum;
721 989 779 1050 id
819 1001 920 1065 est,
954 993 1317 1052 medietatem
1359 993 1431 1052 de
1465 993 1630 1068 plebe
1676 994 1856 1052 sancti
1904 993 2116 1052 Valen-

403 1078 512 1137 tini
552 1079 897 1139 nominatim
948 1096 1081 1140 cum
1128 1081 1426 1140 medietate
1467 1081 1538 1138 de
1586 1090 1736 1140 terra
1775 1089 1829 1140 et
1861 1082 2118 1140 decima-

404 1165 558 1226 tione
605 1183 729 1241 sua,
759 1174 815 1227 et
853 1175 1004 1227 terra
1045 1176 1098 1227 et
1143 1168 1428 1244 quidquid
1467 1169 1540 1228 ab
1579 1169 1780 1227 eodem
1834 1169 2118 1244 episc0pio

401 1255 615 1314 habere
676 1257 905 1317 videtur
965 1258 1022 1316 in
1105 1258 1348 1318 Biutilio
1404 1259 1556 1317 infra
1609 1260 1945 1318 comitatum
2007 1261 2117 1318 Fa-

403 1344 640 1418 ventiaa,
663 1354 901 1421 excepta
928 1354 1130 1422 quarta
1170 1352 1334 1419 parte
1361 1347 1780 1416 decimationis,
1815 1355 1870 1406 et
1901 1348 2118 1406 medie-

403 1440 516 1494 tate
559 1435 630 1493 de
687 1440 854 1506 terra,
919 1452 1096 1510 quam
1152 1437 1370 1496 detinet
1430 1437 1890 1512 archipresbyter
1935 1437 2120 1512 ipsius

401 1523 706 1600 episc0pii,
763 1533 818 1583 et
873 1533 1112 1602 excepto
1163 1527 1468 1599 Trebana,
1524 1534 1580 1586 et
1630 1527 2010 1602 Madrignano
2066 1534 2120 1586 et

405 1613 731 1688 Vidiglano,
791 1616 958 1675 sicuti
1013 1616 1261 1677 trahitur
1310 1633 1411 1691 per
1457 1625 1690 1677 stratam
1735 1633 1921 1691 usque
1968 1617 2118 1676 Can-

1123 249 1182 309 S.
1224 248 1449 310 PETRI
1486 250 1807 311 DAMIANI
1846 249 2002 312 OPP.
2046 247 2240 312 PARS
2279 245 2420 307 SEU
2457 241 2707 304 TOMUS
2742 242 2788 300 Ι.
2831 273 2900 285 -
2937 240 3186 300 ADDIT.

3803 241 3916 302 500

3009 365 3085 423 II.

2196 463 2492 522 Concordia
2537 462 2746 515 statuta
2789 473 2822 512 a
2870 459 2930 514 S.
2963 459 3117 512 Petro
3159 457 3426 510 Damiano
3477 457 3621 510 inter
3665 472 3909 513 e-remum

2382 533 2672 599 Gamugm‘,
2700 535 2750 583 et
2777 531 2920 583 inter
2947 529 3333 582 monasterium
3361 528 3427 582 de
3448 527 3698 584 Acereta.

2850 627 3040 698 (Anno
3072 623 3249 696 1060.)

2199 732 2309 804 [Ex
2352 727 2758 804 antiquissimo
2791 724 3076 805 exemplo
3116 723 3340 805 archivi
3383 723 3441 784 S.
3489 723 3790 784 Laurentii
3835 723 3915 783 de

2790 795 3102 860 Florentia,
3132 812 3191 853 n.
3226 795 3303 863 4.]

2267 910 2333 968 In
2367 906 2603 967 nomine
2625 909 2837 962 sanctm
2865 909 2920 960 et
2948 901 3269 965 individuae
3294 900 3623 962 Trinitatis.

2269 997 2396 1054 Non
2426 993 2523 1051 'est
2573 992 2809 1061 mirum,
2839 989 2888 1047 si
2943 989 3092 1046 inter
3141 988 3408 1046 homines
3471 987 3603 1048 licet
3660 995 3915 1062 sanctos,

2196 1087 2453 1145 humana
2501 1087 2691 1139 tamen
2733 1077 3037 1149 fragilitate
3073 1075 3479 1146 circumdatos,
3522 1075 3709 1134 locum
3761 1076 3921 1136 livor

2198 1173 2476 1243 inveniat,
2525 1185 2656 1229 cum
2718 1168 2870 1227 inter
2914 1166 3066 1240 ipsos
3109 1165 3278 1222 etiam
3335 1164 3588 1238 angelos,
3628 1171 3916 1240 quantum

2198 1265 2270 1323 ad
2310 1263 2559 1320 litteram
2600 1258 2863 1316 videatur
2891 1254 3213 1328 Obrepsisse
3254 1253 3576 1327 dissensio;
3627 1255 3783 1316 unde
3834 1265 3926 1316 est

2198 1353 2354 1429 quod
2401 1351 2472 1409 ad
2519 1349 2723 1417 Daniel
2757 1347 2998 1420 angelus
3037 1371 3050 1404 :
3103 1345 3451 1420 «Princeps,
3495 1346 3706 1420 inquit,
3752 1349 3925 1422 regni

2202 1444 2507 1504 Persarum
2561 1437 2772 1497 restitit
2812 1435 2958 1494 mihi
3007 1433 3215 1508 viginti
3259 1441 3315 1492 et
3353 1449 3474 1493 uno
3525 1435 3760 1505 diebus;
3801 1458 3822 1488 ι
3859 1443 3923 1494 et

2198 1532 2372 1608 paulo
2417 1534 2542 1604 post
2579 1552 2590 1586 :
2637 1551 2662 1578 α
2694 1525 2971 1599 Nunquid
3023 1525 3132 1582 scis
3181 1541 3359 1600 quare
3408 1525 3668 1583 venerim
3709 1525 3780 1583 ad
3825 1527 3926 1584 te?

2201 1623 2274 1680 Et
2298 1635 2454 1680 nunc
2492 1623 2746 1676 revertar
2774 1622 2838 1674 ut
2865 1613 3094 1688 prmlier
3119 1614 3397 1671 adversus
3429 1614 3746 1688 principem
3777 1615 3922 1672 Per-

405 1701 560 1774 tulo;
614 1709 819 1762 caetera
869 1720 1006 1763 vero
1050 1689 1352 1764 medietate
1403 1705 1474 1764 de
1522 1707 1678 1764 omni
1737 1689 2416 1794 decimationeBsai-um,
2449 1689 2936 1765 {Verumtamen
2998 1705 3162 1762 nullo
3219 1706 3388 1761 modo
3428 1704 3780 1762 credendum
3836 1711 3926 1763 est

405 1798 460 1850 et
517 1799 686 1864 terra,
740 1792 912 1851 sicuti
956 1793 1027 1852 ad
1073 1794 1259 1868 ipsam
1312 1795 1678 1853 medietatem
1726 1796 1796 1854 de
1845 1795 1967 1869 jam
2025 1795 2116 1852 di-

403 1885 492 1938 cta
542 1880 709 1955 plebe
759 1880 1044 1956 pertinere
1088 1882 1334 1941 videtur.
1385 1882 1466 1940 Ea
1516 1883 1732 1943 scilicet
1787 1885 2027 1956 ratione,
2068 1885 2115 1943 si

402 1985 750 2044 quocunque
807 1977 1060 2046 tempore
1118 1973 1361 2045 peccatis
1415 1974 1862 2034 imminentibus
1924 1976 2117 2048 ipsum

402 2073 666 2123 eremum
720 2060 1074 2118 destructum
1132 2062 1324 2132 fuerit,
1367 2067 1507 2120 tunc
1557 2079 1732 2138 supra
1787 2065 1938 2123 dicta
1994 2079 2117 2122 me-

401 2149 584 2208 dietas
614 2148 685 2206 de
707 2149 828 2224 jam
869 2149 1019 2208 dicta
1057 2150 1222 2224 plebe
1261 2151 1444 2210 sancti
1481 2147 1778 2211 Valentini
1818 2168 1950 2211 cum
1992 2168 2115 2211 me-

404 2238 615 2297 dietate
661 2239 732 2298 de
778 2247 926 2298 terra
975 2249 1029 2299 et
1074 2241 1377 2300 medietate
1421 2243 1806 2302 deci'matione
1855 2260 1986 2315 sua,
2015 2243 2118 2300 sic-

407 2328 493 2386 uti
541 2328 611 2386 ad
667 2328 851 2402 ipsam
923 2327 1286 2389 medietatem
1349 2331 1639 2402 pertinere
1694 2331 1929 2389 videtur
1985 2346 2119 2388 cum

406 2417 513 2474 hac
571 2417 854 2491 scriptura
907 2417 967 2475 in
1025 2419 1443 2478 monasterium
1497 2421 1678 2478 sancti
1727 2419 1968 2478 Joannis
2028 2419 2122 2476 de-

407 2507 603 2566 veniat
641 2507 794 2582 juris
841 2509 1178 2568 auctoritate
1230 2512 1500 2585 episcopi,
1555 2511 1632 2569 ita
1665 2518 1729 2570 ut
1761 2527 1866 2570 suo
1905 2511 2116 2584 studio,

407 2611 631 2671 suoque
685 2596 878 2655 labore
933 2603 1248 2656 memorato
1299 2598 1466 2658 Petro
1523 2599 1804 2659 Damiano
1858 2601 2120 2675 episcopo

405 2685 633 2760 plebem
678 2687 862 2760 ipsam
909 2687 1268 2746 medietatem
1315 2688 1661 2750 nominatim
1713 2706 1848 2748 cum
1901 2689 2120 2747 medie-

409 2778 520 2832 tate
543 2773 614 2832 de
647 2779 795 2831 terra
833 2779 887 2831 et
923 2775 1225 2834 medietate
1262 2776 1647 2836 decimatione
1685 2793 1789 2836 sua
1827 2778 1889 2836 in
1927 2776 2122 2835 omni-

407 2861 518 2921 bus
547 2868 740 2920 tenere
780 2869 837 2919 et
867 2865 1153 2936 possidere
1187 2867 1435 2924 debeant
1473 2866 1594 2940 ipse
1634 2874 1688 2926 et
1725 2867 1818 2926 sui
1853 2866 2122 2926 monachi

407 2953 721 3012 eremitarii
751 2953 813 3011 in
841 2961 1204 3029 perpetuum.
1236 2955 1359 3024 Qua
1378 2972 1486 3029 .pro
1511 2973 1724 3016 causa..
1876 2959 2121 3016 missum

2199 1801 2349 1860 inter
2387 1796 2623 1869 angelos
2661 1811 2806 1871 quos
2845 1808 3072 1852 summa
3109 1793 3212 1850 Dei
3253 1809 3366 1866 pax
3405 1798 3579 1865 tenet,
3605 1793 3710 1868 qui
3765 1795 3923 1852 scili-

2198 1898 2285 1950 cet
2341 1891 2652 1960 exsuperat
2709 1900 2943 1943 omnem
3013 1898 3270 1949 sensum,
3333 1882 3688 1940 intervenire
3755 1899 3924 1957 posse

2197 1978 2564 2040 discordiam.
2617 1973 2766 2043 Quia
2827 1987 2963 2030 vero
3021 1970 3264 2046 populi,
3321 1971 3535 2046 quibus
3587 1971 3672 2030 illi
3727 1973 3924 2046 angeli

2201 2075 2508 2147 praeerant,
2542 2065 2757 2123 diversi
2787 2079 2819 2120 a
2857 2080 2917 2120 se
2946 2062 3194 2120 invicem
3235 2061 3666 2134 discordabant,
3707 2065 3924 2122 ideirco

2199 2159 2443 2234 angelus
2490 2157 2702 2215 dicitur
2747 2153 3026 2211 adversus
3074 2151 3346 2225 angelum
3387 2153 3491 2228 qui
3535 2153 3647 2210 sibi
3694 2153 3921 2211 restite-

2201 2254 2286 2306 rat
2323 2243 2598 2320 praeliari.
2642 2241 2764 2298 Hoc
2802 2241 2994 2313 itaque
3036 2239 3205 2296 modo
3243 2244 3298 2296 et
3335 2240 3510 2297 abbas
3550 2239 3914 2308 monasterii,

2199 2342 2255 2395 et
2293 2335 2451 2410 prior
2491 2331 2670 2390 eremi
2718 2330 2866 2387 inter
2915 2345 2974 2385 se
3029 2327 3280 2386 invicem
3335 2345 3487 2402 saepe
3541 2328 3916 2398 dissentiunt,

2200 2425 2477 2502 quoniam
2512 2430 2562 2479 et
2603 2436 2804 2478 eorum
2844 2418 3082 2488 subditi,
3125 2417 3372 2478 diversis
3407 2426 3635 2478 utentes
3674 2419 3912 2493 regulis,

2203 2533 2318 2576 non
2375 2511 2635 2588 ejusdem
2699 2510 3152 2568 conversationis
3231 2509 3495 2568 instituta
3551 2511 3914 2568 custodiunt.

2202 2602 2370 2663 Unde
2419 2617 2525 2659 nos
2570 2615 2768 2658 eorum
2808 2599 2952 2672 paci,
2995 2597 3152 2670 quod
3195 2598 3364 2656 nobis
3410 2597 3702 2656 commissi
3754 2605 3914 2669 sunt,

2203 2706 2433 2750 necesse
2485 2694 2569 2746 est
2619 2685 2939 2760 providere,
2988 2692 3042 2742 et
3099 2685 3311 2743 futuris
3351 2685 3754 2742 scandalorum
3813 2701 3914 2742 ve-

2201 2780 2423 2854 pribus,
2482 2793 2556 2834 ne
2613 2791 2714 2850 per
2779 2775 3134 2832 incrementa
3188 2773 3468 2846 ipsorum,
3531 2774 3686 2848 quod
3741 2775 3912 2846 absit,

2201 2867 2534 2944 pestilentcr
2607 2863 2964 2933 oboriantur,
3021 2877 3338 2921 occurrere.
3387 2863 3740 2937 Quapmpter
3814 2879 3922 2936 ego

2205 2955 2408 3016 Petrus
2458 2956 2716 3026 peccator
2761 2950 3082 3010 monachus
3123 2951 3180 3008 in
3234 2951 3470 3008 nomine
3505 2951 3606 3008 Dei
3650 2951 3922 3025 omnipo-

407 3047 494 3099 est
563 3040 700 3100 dare
767 3051 940 3114 atque
995 3041 1211 3102 inferre
1264 3044 1510 3105 debeant
1564 3047 1891 3120 supradicto
1957 3045 2376 3143 Petroctentis
2431 3041 2614 3100 Patris
2655 3045 2710 3099 et
2762 3039 2898 3098 Filii
2943 3039 3300 3143 et'Spiritu‘s
3358 3040 3566 3143 sancti,
3591 3056 3686 3143 ea.
3720 3048 3921 3100 aucto-

409 3129 691 3190 Damiano
721 3131 984 3204 episcopo
1022 3132 1260 3208 suisque
1299 3135 1616 3206 monachis,
1655 3137 1998 3208 rationibus,
2030 3135 2123 3194 in-

409 3219 496 3277 fra
551 3218 759 3292 scripto
815 3219 1132 3279 venerabili
1186 3223 1449 3298 episcopo
1501 3224 1747 3297 singulis
1795 3225 2124 3300 quibusque

412 3308 584 3366 annis
637 3309 764 3368 sine
832 3309 1028 3383 aliqua
1103 3327 1261 3370 mora
1321 3313 1413 3371 vel
1486 3314 1765 3374 dilatione
1828 3315 2126 3389 pensionis

414 3396 654 3454 nomine
704 3397 767 3456 in
817 3398 1122 3458 festivitate
1167 3402 1347 3460 sancti
1397 3401 1549 3460 Petri
1593 3403 1964 3462 denariorum
2011 3403 2126 3462 Ve-

411 3485 734 3548 neticorum
789 3487 1002 3547 solidos
1062 3505 1306 3549 numero
1366 3497 1478 3550 tres
1533 3493 1912 3552 minutorum.
1959 3492 2126 3562 Quod

411 3581 460 3634 si
499 3575 806 3651 quisquam
863 3593 1063 3636 eorum
1107 3587 1305 3637 contra
1351 3568 1502 3638 hfi'nc
1549 3581 1742 3653 placiti
1788 3581 2124 3641 conventio-

411 3664 621 3739 nisque
677 3666 957 3726 chartulae
1007 3667 1216 3726 seriem
1269 3667 1329 3726 in
1381 3675 1494 3727 tota
1547 3675 1705 3741 parte
1757 3669 1940 3743 plebis
1997 3670 2126 3744 ejus

411 3757 672 3828 quolibet
701 3757 870 3816 modo
901 3759 1102 3817 venire
1133 3759 1457 3830 tentaverit,
1490 3767 1629 3818 tunc
1662 3759 1970 3818 daturi.....
2003 3761 2128 3835 ejus

413 3847 970 3920 promittunt.........
1001 3849 1178 3922 partis
1209 3851 1363 3908 idem
1394 3866 1622 3909 servare
1650 3859 1783 3910 ante
1809 3866 1983 3910 omne
2011 3851 2129 3910 litis

413 3937 653 3998 initium
693 3955 882 4012 paenae
920 3941 1156 4000 nomine
1192 3942 1318 4000 auri
1359 3941 1497 4001 boni
1538 3942 1714 4001 libras
1749 3960 1872 4014 sex,
1908 3951 1962 4001 et
2003 3948 2130 4018 post

417 4027 666 4086 solutam
707 4044 937 4102 poenam
981 4031 1131 4089 hanc
1179 4031 1490 4090 inticteosis
1530 4034 1769 4111 cartulaz
1817 4033 2020 4092 seriem
2067 4033 2129 4090 in

416 4131 586 4174 suam
659 4124 887 4176 maneat
937 4116 1288 4177 firmitatem.
1351 4119 1470 4178 Has
1515 4129 1714 4180 autem
1773 4121 1918 4180 duas
1991 4121 2129 4180 uni-

418 4202 600 4262 forme
661 4219 780 4262 uno
857 4212 1050 4264 tenore
1119 4208 1468 4282 conscriptas
1523 4210 1746 4268 chartas
1793 4211 1940 4268 mihi
2001 4210 2125 4269 Ste-

417 4293 608 4366 phano
648 4292 910 4366 scriptori
964 4301 1175 4352 sanctaa
1223 4294 1502 4356 Romana:
1550 4299 1820 4368 Ecclesiae
1869 4299 2130 4358 scriben-

407 4381 557 4442 ‘dum
613 4383 824 4458 pariter
871 4383 1252 4456 dictaverunt,
1299 4403 1508 4462 easque
1565 4391 1812 4462 propriis
1861 4390 2130 4448 manibus

417 4473 752 4534 roborantes
805 4474 1178 4536 testium..'....
1231 4477 1565 4538 obtulerunt
1619 4481 2125 4551 subscribendum,

411 4567 467 4620 et
507 4561 616 4621 sibi
658 4563 909 4622 invicem
948 4564 1304 4626 tradiderunt
1333 4568 1442 4627 sub
1471 4569 1842 4642 stipulatione
1873 4577 1929 4629 et
1963 4586 2131 4644 spon-

412 4649 574 4708 sione
636 4649 972 4711 solemuniter
1010 4653 1448 4728 interponentis,
1497 4663 1628 4726 etc,
1673 4657 1781 4716 sub
1833 4659 1925 4716 die
1975 4667 2130 4716 anno

415 4739 780 4812 pontificatus
817 4741 878 4800 in
916 4758 1113 4802 mense
1143 4751 1198 4802 et
1223 4744 1537 4803 indictione
1567 4749 1892 4820 supradicta
1921 4749 2127 4821 prima.

419 4828 535 4903 Ego
590 4829 794 4906 Petrus
852 4830 1188 4896 Faventin
1235 4833 1509 4892 Ecclesiae
1562 4836 1866 4909 episcopus
1921 4853 2022 4907 ss.,
2077 4843 2130 4892 et

413 4917 682 4978 Riculqu
707 4919 1154 4993 arcliiplebanus
1183 4921 1445 4982 interfuit
1491 4924 1648 4982 testis
1679 4941 1753 4982 ss.
1785 4931 1812 4992 ’r
1840 4925 1956 4997 Ego
1989 4925 2130 4984 Gre-

413 5009 610 5082 gorius
649 5009 944 5082 presbyter
993 5013 1266 5071 canonice
1296 5012 1478 5072 sancti
1516 5012 1749 5071 Martini
1783 5013 2132 5087 Egubiensis

415 5097 688 5158 Ecclesiae
721 5099 880 5158 testis
913 5109 1143 5177 rogatus
1176 5119 1353 5163 manu
1383 5120 1509 5162 mea
1532 5103 1866 5178 subscripsi.
1906 5111 1933 5170 τ
1976 5104 2130 5162 Dru-

411 5187 524 5247 dus
569 5188 729 5249 ﬁlius
771 5191 1064 5264 quondam
1103 5193 1283 5252 Guizo
1324 5196 1483 5253 testis
1521 5201 1770 5266 rogatus.
1826 5193 2129 5267 Signumt

416 5276 566 5336 Nero
602 5279 758 5339 ﬁlius
797 5279 1018 5340 Corbus
1053 5281 1283 5342 civitate
1324 5283 1634 5356 Eugubina
1677 5283 1836 5341 testis
1873 5289 2128 5354 rogatus.

419 5365 666 5440 Signum
695 5376 723 5438 ’r
750 5369 1105 5430 Rusticelius
1136 5375 1311 5431 testis.

454 5457 606 5552 “Ego
635 5458 962 5535 Stephanus
1007 5463 1249 5538 scriptor
1293 5471 1506 5522 sanctae
1544 5465 1822 5526 Romanae
1859 5465 2131 5525 Ecclesiae

412 5549 536 5618 pest
565 5549 800 5609 testium
828 5553 1114 5626 complevi
1146 5559 1200 5614 et
1223 5551 1469 5614 absolvi.

2141 4447 2190 4505 D

2213 3136 2376 3194 ritate
2412 3145 2775 3192 summorum
2810 3130 3199 3203 apostolorum
3243 3130 3394 3188 Petri
3432 3137 3486 3187 et
3528 3131 3727 3200 Pauli,
3769 3147 3923 3204 quo-

2213 3239 2342 3283 rum
2381 3238 2485 3295 ego
2523 3222 2656 3279 licet
2685 3220 2996 3294 indignum
3035 3220 3322 3278 famulum
3361 3236 3451 3277 me
3480 3235 3602 3278 esse
3629 3221 3920 3293 profiteor,

2211 3312 2596 3388 praesentibus
2655 3318 2709 3368 et
2766 3309 3260 3369 consentientibus
3311 3316 3484 3384 atque
3547 3309 3924 3368 laudantibus

2212 3402 2476 3462 Guidone
2527 3399 2847 3459 clarissimo
2903 3399 3108 3458 comite
3161 3407 3216 3458 et
3264 3399 3558 3459 Ermelina
3601 3401 3728 3474 ejus
3775 3417 3925 3459 sere-

2213 3491 2454 3548 nissima
2491 3505 2703 3559 uxore,
2745 3488 3056 3556 constituo,
3097 3487 3301 3546 ordino
3333 3494 3508 3560 atque
3536 3489 3816 3554 decerno,
3857 3495 3927 3547 ut

2212 3579 2418 3638 amodo
2440 3587 2496 3637 et
2521 3579 2788 3651 deinceps
2818 3577 2880 3634 in
2923 3583 3260 3650 perpetuum
3305 3586 3534 3635 er'emus
3572 3577 3921 3652 Gammugni

2213 3668 2464 3742 quodam
2515 3667 2874 3725 discretionis
2923 3665 3314 3724 moderamine
3373 3672 3427 3722 et
3480 3665 3659 3724 libera
3709 3666 3825 3736 sit,
3870 3673 3927 3725 et

2213 3757 2482 3830 subjecta.
2538 3756 2744 3814 Libera
2793 3756 3048 3829 quidem,
3087 3755 3135 3812 si
3177 3755 3238 3813 in
3281 3770 3385 3814 suo
3436 3760 3588 3816 statu
3649 3771 3924 3830 perman-

2212 3849 2372 3919 serit,
2410 3848 2518 3906 hoc
2558 3852 2643 3905 est
2685 3847 2736 3904 si
2777 3853 3129 3904 conventum
3171 3845 3586 3904 monachorum
3633 3845 3924 3918 habuerit,

2213 3940 2316 4016 qui
2366 3941 2544 3998 vitam
2598 3938 2963 3996 eremeticam
3011 3945 3244 3996 teneant
3293 3945 3346 3996 et
3389 3937 3499 3996 sub
3535 3939 3724 4011 priore
3752 3953 3924 4012 regu-

2215 4029 2408 4088 lariter
2466 4030 2704 4099 vivant;
2753 4027 3008 4102 subjecta
3054 4044 3189 4086 vero
3235 4027 3292 4086 in
3345 4029 3453 4086 hoc
3501 4028 3922 4098 tantummodo,

2214 4127 2278 4176 ut
2305 4133 2406 4191 per
2429 4131 2906 4191 unumquemque
2935 4133 3157 4176 annum
3199 4117 3610 4176 monasterium
3646 4119 3922 4188 Aceretaa,

2214 4209 2519 4268 duodecim
2564 4208 2828 4268 denarios
2879 4208 3283 4268 Veneticorum
3324 4223 3426 4282 pro
3473 4207 3751 4282 pensione
3794 4224 3925 4281 per-

2214 4300 2419 4358 solvat.
2463 4300 2678 4357 Praater
2721 4299 2847 4356 haec
2895 4300 3124 4358 nullum
3156 4299 3253 4373 jus
3301 4298 3644 4372 nullamque
3680 4303 3923 4374 potesta-

2216 4395 2330 4446 tem
2383 4388 2469 4446 vel
2520 4387 2798 4445 ditionem
2851 4387 3116 4446 abbatem
3173 4388 3308 4447 dicti
3370 4387 3702 4447 monasterii
3756 4402 3930 4460 super

2221 4479 2407 4553 ipsum
2449 4493 2711 4534 cremum
2751 4479 2991 4551 ejusque
3037 4477 3406 4550 pertinentias
3447 4477 3538 4534 vel
3579 4475 3931 4535 habitatores

2219 4568 2344 4641 ejus
2373 4566 2581 4624 habere
2625 4567 3032 4636 concedimus;
3081 4566 3311 4626 nullum
3361 4567 3553 4641 itaque
3593 4567 3690 4639 jus
3737 4566 3927 4624 domi-

2219 4658 2326 4727 nii,
2372 4657 2602 4714 virtutis
2634 4673 2700 4714 ac
2738 4657 3028 4729 potestatis
3079 4656 3255 4714 abbas
3305 4656 3425 4728 jam
3459 4656 3594 4716 dicti
3637 4663 3926 4715 monaste-

2221 4745 2290 4803 rii
2319 4745 2438 4803 sive
2463 4760 2565 4818 per
2599 4761 2676 4816 se,
2719 4744 2840 4802 sive
2880 4761 2978 4818 per
3021 4761 3176 4815 suos,
3215 4746 3317 4820 qui
3349 4748 3520 4803 vitam
3561 4745 3928 4803 eremeticam

2221 4835 2476 4894 fortassis
2525 4833 2824 4908 elegerint,
2861 4835 2979 4893 illic
3029 4835 3099 4894 ad
3151 4835 3532 4894 habitandum
3575 4834 3930 4893 constituere

2220 4927 2406 4986 liceat.
2458 4925 2674 4984 Neuter
2713 4925 2904 5000 itaque
2951 4923 3110 4992 locus
3157 4924 3320 4982 alteri
3358 4924 3494 4990 nisi,
3527 4924 3673 4982 sicut
3708 4923 3930 4981 dictum

2221 5027 2324 5088 est,
2379 5016 2733 5075 dominando
2812 5016 3116 5090 praesideat
3193 5016 3290 5073 sed
3381 5017 3629 5073 fraterna
3681 5015 3931 5072 Charitas

2224 5118 2537 5183 utrumque
2595 5109 2657 5166 in
2710 5123 2907 5166 amore
2959 5107 3169 5167 Christi
3219 5114 3538 5165 connectat.
3590 5105 3933 5179 Adjacentes

2218 5210 2410 5260 autem
2443 5199 2747 5272 utriusque
2790 5195 2896 5254 loci
2947 5196 3332 5269 possessiones
3372 5197 3449 5253 ita
3495 5193 3837 5262 dividimus,
3868 5199 3932 5251 ut

2219 5287 2662 5355 monasterium,
2693 5301 2826 5358 quae
2865 5285 2955 5343 sui
2983 5285 3134 5359 juris
3171 5291 3326 5352 sunt,
3360 5283 3416 5341 in
3447 5283 3694 5341 circuitu
3724 5288 3930 5340 cuncta

2220 5376 2504 5450 possideat
2547 5390 2730 5448 usque
2779 5375 2848 5432 ad
2907 5373 3094 5445 locum
3145 5375 3246 5447 qui
3298 5373 3650 5432 Jumentella
3694 5371 3927 5429 dicitur.

2219 5467 2361 5525 Inde
2404 5466 2577 5523 etiam
2613 5481 2714 5538 per
2759 5458 3017 5523 medium
3061 5463 3289 5522 radium
3329 5478 3515 5536 usque
3551 5461 3620 5520 ad
3671 5467 3928 5519 montem

2219 5556 2580 5625 Rotundum,
2626 5561 2682 5613 et
2741 5569 2930 5628 usque
2977 5553 3048 5611 ad
3098 5554 3320 5612 ilumen
3369 5568 3496 5626 per'
3526 5550 3743 5622 rivum,
3799 5550 3927 5626 ipso

2097 6411 2333 6422 ____._.___—.—
2346 6409 2356 6414 α
