4170 6462
264 291 388 352 SOI

1536 289 1901 352 CAJETANI
1938 291 2176 352 EPIST.
2219 289 2540 351 NUNCUP.

3684 287 3790 349 502

257 422 469 475 tamen
511 419 706 473 monte
741 413 805 470 in
842 412 1201 487 possessione
1230 413 1564 473 monasterii
1592 422 2051 488 permanente.A
2070 416 2343 490 praedicta
2377 428 2606 474 oremus
2646 413 2720 475 ad
2761 413 3049 472 defectum
3096 412 3378 481 evenerit,
3425 412 3507 469 ita
3548 416 3614 471 ut
3651 428 3787 473 con-

255 506 365 565 Ab
402 505 531 564 istis
572 504 771 577 itaque
807 501 948 561 locis
994 503 1194 561 omnia
1239 520 1372 578 quas
1422 504 1493 562 ad
1535 512 1813 564 montana
1849 522 1987 566 eon-

256 595 521 654 tendunt
565 607 793 651 eremus
840 597 1048 663 teneat,
1095 592 1155 650 id
1214 599 1300 651 est
1339 610 1374 651 a
1429 595 1701 668 praedicta
1746 594 1990 655 Jumen-

258 681 409 741 tella
454 687 510 740 et
550 679 821 755 praadicto
860 682 1055 738 monte
1102 680 1376 741 Rotuudo
1404 697 1507 755 per
1534 681 1719 755 ipsam
1750 698 1986 743 curren-

260 772 415 831 tiam
440 770 706 830 ﬂuminis
734 785 921 844 usque
947 770 1019 828 ad
1060 778 1315 830 montem
1349 770 1643 843 Ceresam;
1684 774 1818 833 aliae
1852 791 1990 835 vero

259 859 452 934 Alpes
493 858 792 933 aequaliter
838 856 991 916 inter
1034 874 1295 919 eremum
1346 866 1402 918 et
1444 863 1861 922 monasterium
1908 863 1992 921 di-

262 949 569 1009 vidantur.
621 947 843 1006 Habeat
909 948 1081 1006 etiam
1147 965 1376 1008 eremus
1440 951 1738 1011 ecclesiam
1807 954 1990 1012 sancti

264 1038 484 1097 Donati
526 1038 588 1097 in
624 1037 925 1097 Mutiliano
959 1054 1094 1105 cum
1131 1040 1403 1099 omnibus
1439 1040 1561 1099 suis
1605 1043 1987 1116 pertinentiis,

264 1129 535 1203 exceptis
578 1129 808 1189 duobus
858 1128 1231 1199 molendinis,
1273 1145 1405 1204 qum
1450 1131 1643 1203 ipsum
1700 1136 1989 1190 monaste-

265 1217 433 1277 rium
492 1222 662 1288 tenet,
708 1223 763 1275 et
806 1216 1070 1277 insulam
1118 1218 1291 1291 juxta
1339 1219 1673 1278 molendina
1721 1221 1987 1293 positam,

265 1306 339 1364 in
383 1321 501 1381 qua
536 1305 637 1378 qui
683 1319 749 1363 ea
788 1306 1144 1376 custodiunt,
1181 1306 1350 1365 modo
1391 1307 1652 1365 habitare
1694 1308 1986 1380 videntur,

267 1402 332 1453 et
379 1410 514 1469 quae
556 1410 657 1468 per
697 1393 1024 1454 donationis
1074 1396 1344 1469 paginam
1385 1412 1420 1453 a
1464 1396 1843 1456 donatoribus
1886 1398 1987 1455 ob-

267 1484 441 1542 venit
479 1483 716 1557 praefato
752 1499 943 1542 eremo
980 1484 1040 1542 in
1079 1484 1202 1543 loco
1241 1485 1536 1557 Fagnaula
1582 1493 1636 1543 et
1684 1487 1743 1544 in
1787 1486 1989 1545 Pozolo

269 1573 460 1632 simili
500 1573 670 1632 modo
713 1579 1047 1648 permaneat
1082 1574 1204 1647 jam
1252 1575 1403 1633 dicto
1452 1577 1818 1648 monasterio,
1851 1592 1987 1634 nam

268 1676 548 1737 campum
591 1661 863 1721 Liverani
911 1669 1242 1737 permaneat
1297 1680 1513 1724 eremo.
1574 1666 1794 1724 Cuncta
1850 1680 1988 1723 vero

2076 513 2313 567 ventum
2356 506 2770 564 monachorum
2816 519 2929 563 non
2974 503 3201 574 habeat,
3230 507 3285 561 et
3322 501 3525 561 saltem
3562 508 3676 562 tres
3700 496 3783 562 ibi

2072 598 2273 655 fratres
2302 609 2420 653 non
2449 593 2564 652 sint
2591 594 2692 668 qui
2723 593 3047 652 secundum
3076 598 3411 650 consuetam
3444 590 3631 665 ipsius
3671 590 3785 651 loci

2072 682 2423 741 eremiticam
2474 679 2737 755 regulam
2787 679 3007 749 vivant,
3060 683 3201 738 tunc
3244 684 3300 736 et
3352 693 3419 737 eo
3477 692 3614 737 casu
3662 677 3787 752 ipsa

2074 786 2304 831 eremus
2332 785 2484 829 -cum
2529 768 2653 828 suis
2688 764 3050 843 pertinentiis
3084 765 3432 840 juribus.....
3474 768 3786 843 ipsumque

2072 860 2379 920 locum.....
2428 858 2538 919 sub
2579 874 2800 918 sua.....
2842 855 3090 929 Insuper
3124 870 3230 914 nos
3258 854 3446 913 Guido
3486 861 3542 914 et
3579 855 3784 915 Erme-

2074 951 2196 1010 lina
2246 950 2536 1009 comitissa
2594 964 2720 1006 mea
2769 962 2922 1004 uxor
2972 944 3332 1019 spondimus,
3391 944 3784 1017 promittimus

2070 1046 2243 1114 atque
2318 1039 2644 1111 obligamus
2718 1034 3024 1095 abbatibus
3088 1033 3349 1108 praedicti
3424 1034 3785 1109 monasterii,

2073 1131 2230 1206 quod
2278 1130 2329 1189 si
2377 1129 2637 1187 deﬁnitio
2694 1127 2964 1199 praedicta
3008 1142 3041 1184 a
3085 1125 3299 1183 domno
3338 1124 3505 1184 Petro
3540 1141 3785 1185 venera-

2072 1219 2178 1278 bili
2228 1218 2487 1294 pontifici
2528 1216 2693 1275 nobis
2741 1214 3254 1286 consentientibus,
3307 1220 3372 1273 ut
3418 1214 3639 1274 dictum
3677 1222 3785 1288 est,

2072 1307 2226 1366 inter
2276 1304 2690 1365 monasterium
2740 1310 2794 1362 et
2845 1319 3105 1362 eremum
3151 1302 3299 1361 facta
3331 1305 3619 1364 custodire
3661 1321 3786 1364 mo-

2071 1397 2279 1473 disque
2325 1397 2602 1456 omnibus
2631 1396 2938 1454 observare
2964 1413 2978 1465 ;
3015 1400 3070 1452 et
3096 1393 3165 1466 si,
3197 1394 3352 1469 quod
3383 1395 3551 1467 absit,
3585 1397 3784 1472 aliqua

2072 1488 2366 1548 occasione
2401 1503 2658 1547 eremum
2697 1486 2817 1560 jam
2851 1486 3071 1544 dictum
3108 1485 3180 1543 ad
3216 1484 3475 1545 nihilum
3533 1487 3783 1547 devene-

2070 1577 2165 1645 rit,
2219 1592 2336 1635 non
2394 1576 2712 1635 habeamus
2759 1575 3051 1634 licentiam
3103 1591 3210 1633 nec
3265 1580 3603 1650 potestatem
3652 1578 3785 1637 alia;

2070 1664 2327 1724 ecclesiae
2360 1664 2523 1725 illam
2574 1664 2874 1723 ecclesiam
2910 1663 3001 1722 vel
3042 1678 3276 1737 quoquo
3332 1664 3504 1724 modo
3551 1680 3787 1724 consen-

269 1766 645 1826 quzecunque
683 1751 863 1809 nostri
894 1752 1047 1827 juris
1085 1758 1222 1810 sunt
1249 1752 1372 1811 sive
1404 1752 1465 1811 in
1494 1753 1835 1826 Treudacio,
1865 1755 1986 1814 sive
2011 1753 2197 1845 Btire,
2241 1751 2332 1811 vel
2384 1752 2432 1809 si
2485 1758 2683 1810 contra
2731 1750 2859 1809 haec
2908 1751 3234 1823 fecerimus,
3293 1766 3637 1827 componere
3682 1770 3787 1813 nos

271 1839 338 1897 in
380 1839 699 1913 Rivagutti,
732 1839 855 1899 sive
895 1841 955 1898 in
1002 1840 1269 1911 Rosamo,
1304 1841 1428 1900 sive
1463 1843 1633 1901 etiam
1680 1843 1743 1901 in
1792 1843 1988 1901 Casta-

269 1929 498 2001 gnaria,
533 1928 656 1986 sive
691 1929 753 1987 in
793 1928 1148 1989 Gorenla.....
1198 1931 1288 1988 vel
1333 1931 1395 1988 in
1435 1931 1798 2005 quibuslibet
1850 1932 1990 1990 locis

272 2016 476 2077 omnia
515 2019 930 2078 monaSterium
963 2018 1088 2078 sine
1117 2020 1240 2079 ulla
1272 2034 1503 2094 prorsus
1540 2020 1989 2080 contradictione

273 2105 566 2178 possideat
593 2122 725 2164 cum
772 2112 885 2165 toto
927 2109 1059 2179 jure
1103 2109 1256 2182 quod
1297 2107 1582 2168 habemus
1608 2108 1669 2167 in
1700 2117 1988 2168 monaste-

274 2196 364 2254 rio
412 2196 593 2254 sancti
637 2195 950 2256 Benedicti.
995 2198 1116 2256 Hae
1153 2200 1325 2258 etiam
1372 2206 1568 2258 nostra
1614 2200 1996 2275 praeceptione

275 2284 647 2343 decernimus
678 2293 740 2344 ut
779 2288 1191 2345 monasterium
1239 2293 1295 2347 et
1336 2304 1566 2347 eremus
1592 2288 1701 2347 hoc
1746 2289 1896 2347 inter
1934 2304 1995 2348 se

276 2374 533 2433 invicem
581 2376 847 2448 debeant,
878 2385 1165 2451 quatenus
1204 2393 1339 2438 cum
1379 2379 1770 2439 necessarium
1816 2380 1993 2439 fuerit

277 2470 344 2522 ut
390 2466 805 2525 monasterium
848 2467 1110 2528 inﬁrmos
1159 2469 1362 2529 fratres
1406 2471 1586 2529 eremi
1638 2472 1709 2530 ad
1759 2472 1989 2531 refocil-

275 2553 524 2612 landum
572 2561 627 2613 et
669 2558 1109 2617 sustentandum
1146 2574 1332 2633 usque
1377 2560 1449 2617 ad
1500 2560 1805 2618 sanitatem
1856 2577 1990 2620 eum

274 2642 513 2701 licentia
572 2644 780 2718 prioris
845 2647 1090 2705 fraterna
1166 2648 1522 2723 benignitate
1589 2649 1884 2723 suscipiat,
1932 2656 1991 2709 et

274 2734 536 2792 eremitte
586 2734 787 2795 fratres
842 2738 1151 2796 monachos
1190 2739 1260 2797 de
1296 2740 1640 2799 monasterio
1692 2740 1990 2800 venientes

275 2838 410 2882 cum
459 2823 690 2883 licentia
747 2826 968 2886 abbatis
1030 2827 1277 2888 libenter
1336 2829 1661 2890 admittant.
1714 2829 1879 2900 Quod
1939 2831 1989 2888 si

2072 1861 2207 1904 cum
2241 1843 2455 1904 nostris
2490 1843 2630 1902 ﬁliis
2667 1849 2721 1901 et
2756 1841 3089 1901 haeredibus
3127 1841 3523 1913 promittimus
3554 1842 3784 1903 abbati-

2071 1936 2199 2005 bus,
2254 1935 2339 1993 ibi
2389 1950 2488 2008 per
2540 1940 2793 2007 tempora
2847 1932 3333 2004 deservientibus,
3391 1934 3521 1993 auri
3576 1935 3779 2009 Optimi

2070 2025 2249 2083 libras
2305 2025 2525 2095 decem,
2564 2023 2644 2081 ita
2695 2028 2888 2079 tamen
2942 2026 3006 2079 ut
3054 2026 3179 2094 post
3227 2020 3476 2080 solutam
3522 2039 3779 2097 poenam,

2070 2111 2331 2171 deﬁnitio
2360 2117 2415 2170 et
2441 2111 2712 2185 obligatio
2734 2110 2794 2168 in
2831 2124 2936 2169 sua
2962 2107 3234 2167 ﬁrmitate
3263 2109 3555 2184 perduret.

2153 2205 2304 2279 Ergo
2332 2202 2730 2263 Cinnamellus
2757 2201 3019 2261 notarius
3042 2200 3114 2259 de
3143 2200 3431 2261 territorio
3460 2201 3781 2262 Faventino

2080 2298 2316 2366 rogatus
2366 2309 2401 2350 a
2458 2290 2731 2366 praedicto
2781 2290 3046 2349 Guidone
3087 2290 3283 2349 comiti
3327 2298 3383 2350 et
3424 2306 3532 2351 sua
3571 2307 3779 2361 uxore,

2078 2396 2187 2440 nec
2226 2397 2345 2441 non
2381 2398 2416 2439 a
2459 2381 2674 2439 domno
2720 2379 3040 2439 venerabili
3088 2379 3255 2438 Petro
3296 2378 3586 2454 pontiﬁce,
3632 2381 3779 2439 hanc

2076 2470 2478 2530 deﬁnitionem
2502 2475 2559 2528 et
2585 2468 2996 2541 obligationem
3028 2467 3253 2542 scripsi.

2146 2561 2336 2621 Guido
2380 2575 2570 2620 comes
2596 2565 2651 2617 et
2690 2559 2988 2617 Ermelina
3030 2548 3333 2617 'comitissa
3379 2559 3531 2617 hanc
3564 2557 3778 2617 deﬁni-

2072 2652 2290 2712 tionem
2318 2652 2468 2709 inter
2509 2648 2926 2709 monasterium
2962 2654 3019 2708 et
3043 2661 3332 2718 eremum,
3362 2651 3419 2705 et
3466 2645 3778 2718 obligatio-

2072 2756 2206 2799 nem
2227 2739 2475 2799 scribere
2505 2744 2873 2812 rogaverunt.

652 3217 1470 3370 OPERUM
1579 3221 1763 3389 s.
1849 3139 2445 3392 PETRI
2551 3219 3400 3369 DAMIANI
3542 3388 3543 3391 γ

1504 3519 1595 3592 IN
1648 3517 2072 3593 EDITIONE
2127 3517 2552 3593 CAJETANI

1123 3732 1763 3893 TOMUS
1948 3735 2971 3893 SECUNDUS

1818 4004 2224 4050 GOMPLECTENS

553 4206 1325 4324 SERMONES
1426 4208 1591 4322 ET
1688 4203 2570 4325 SANCTORUM
2673 4201 3509 4319 HISTORIAS.

748 4654 1396 4744 CAIETANI
1484 4650 2140 4741 EPISTULA
2230 4643 3318 4737 NUNCUPATOBIA.

2146 4883 2229 4891 μδ.-

357 5063 415 5124 S.
451 5064 519 5122 D.
548 5064 618 5121 N.
653 5063 832 5123 Paulo
860 5063 929 5135 V,
964 5064 1221 5139 pontiﬁci
1254 5063 1509 5124 maxime
1540 5062 1983 5124 CONSTANTINUS
2021 5061 2381 5134 CAJETANUS,
2411 5058 2730 5120 monachus
2755 5055 3215 5131 congregationis
3246 5057 3597 5131 Casinensis,
3628 5056 3783 5116 salu-

291 5162 397 5213 tem
424 5161 480 5212 et
506 5152 837 5212 felicitatem
866 5170 899 5212 a
929 5153 1047 5213 Deo
1075 5159 1362 5228 precatur.
2935 5209 2945 5215 .

354 5244 493 5302 Exit
519 5243 582 5301 in
614 5244 821 5315 lucem,
848 5244 1175 5303 beatissime
1216 5246 1399 5318 Pater,
1434 5251 1531 5305 tuo
1567 5242 1979 5319 augustissimo
2018 5239 2256 5300 nomine
2294 5237 2625 5311 insignitus,
2657 5237 2910 5311 Operum
2936 5236 3004 5297 B.
3036 5237 3186 5297 Petri
3219 5233 3484 5296 Damiani
3514 5232 3572 5293 S.
3605 5233 3677 5294 Β.
3712 5233 3784 5292 Ε.

289 5332 615 5403 eardinalis,
648 5333 897 5408 episcopi
939 5334 1237 5404 Ostiensis,
1282 5340 1418 5393 tom.
1450 5333 1526 5405 II,
1560 5350 1626 5393 eo
1665 5334 1903 5409 quidem
1953 5330 2202 5390 alacrius
2244 5334 2299 5387 et
2337 5324 2742 5397 conﬁdentius,
2779 5326 2934 5402 quod
2980 5326 3235 5402 priorem
3275 5326 3396 5398 jam
3447 5323 3553 5381 scit
3596 5327 3789 5397 patro-

290 5424 423 5483 cinii
475 5424 557 5482 tui
612 5425 809 5497 clypeo
870 5423 1182 5493 munitum,
1224 5423 1285 5481 in
1331 5423 1599 5482 manibus
1642 5423 1969 5493 hominum,
2000 5427 2174 5496 atque
2215 5417 2357 5477 adeo
2384 5417 2447 5475 in
2488 5430 2587 5475 ore
2630 5419 2687 5474 et
2725 5414 3108 5474 admiratione
3148 5411 3386 5473 versari.
3425 5410 3554 5471 Non
3589 5412 3691 5472 abs
3731 5427 3794 5472 re

289 5514 464 5588 igitur
501 5514 843 5585 posthumus
872 5513 967 5573 hic
1003 5514 1146 5572 alter
1184 5512 1529 5571 sanctissimi
1560 5510 1672 5569 viri
1708 5516 1906 5585 partus
1942 5510 2004 5569 in
2043 5508 2261 5583 publici
2299 5503 2550 5581 parentis
2580 5504 2715 5564 sinu
2755 5504 3137 5563 domesticum
3176 5502 3288 5562 sibi
3326 5500 3572 5575 requirit
3608 5506 3665 5559 et
3705 5500 3790 5560 fa-

289 5604 511 5664 miliare
547 5605 899 5678 perfugium.
953 5602 1065 5662 Hic
1114 5608 1310 5664 autem
1351 5602 1499 5661 liber
1537 5601 1790 5661 continet
1827 5604 2154 5660 sanctorum
2183 5614 2275 5657 res
2304 5596 2578 5673 praeclare
2606 5600 2812 5671 gestas,
2853 5595 2925 5654 ab
2962 5593 3161 5655 eodem
3191 5599 3305 5652 tam
3340 5591 3562 5652 sincere
3599 5592 3794 5652 ﬁdeli-
