4170 6518
330 306 439 366 503
1002 302 1062 363 S.
1106 302 1329 362 PETRI
1366 300 1690 361 DAMIANI
1728 300 1886 362 OPP.
1928 299 2121 361 PARS
2161 299 2302 361 SEU
2341 274 2592 361 TOMUS
2631 301 2706 360 Il.
2748 332 2818 345 -
2858 299 3170 362 PROLEG.
3729 292 3839 352 504

331 434 534 503 terque
564 427 911 502 conscriptas
943 442 1121 500 quam
1149 425 1481 501 eloquenter
1509 426 1767 485 laudatas
1806 434 1979 501 atque
2015 433 2338 486 exornatas.
2376 424 2715 486 Sanctorum
2740 443 2879 487 vero
2918 425 3208 502 praeonia
3244 421 3339 482 cui
3376 420 3567 495 aptius
3591 423 3843 493 possunt

331 527 389 576 et
449 515 905 585 convenientius,
945 530 1121 589 quam
1183 514 1285 573 tibi
1338 515 1652 574 sanctitatis
1699 516 1986 585 assertori,
2026 522 2266 590 patrono
2335 521 2390 571 et
2435 514 2672 581 vindici,
2714 514 3080 573 consecrari?
3120 512 3181 572 Si
3227 510 3408 580 enim,
3450 513 3515 567 ut
3555 507 3839 581 PrOpbeta

334 614 548 672 monet,
594 612 923 663 sanctorum
972 604 1170 663 laudes
1211 604 1274 663 in
1319 604 1500 663 Deum
1551 612 1690 663 sunt
1730 612 2009 679 tanquam
2056 606 2234 664 ﬁnem
2282 613 2337 663 et
2378 613 2587 663 metam
2617 605 2955 678 dirigenda,
2989 605 3122 677 jure
3167 602 3382 676 optimo
3428 599 3526 657 Dei
3564 598 3626 655 in
3670 597 3841 655 terris

333 699 521 756 vicem
559 694 779 769 gerenti
830 694 1023 753 offerri
1054 693 1281 764 debent,
1316 703 1377 751 ut
1415 693 1552 753 inde
1577 694 1647 752 ad
1693 694 1876 753 Deum
1901 694 2116 768 ipsum,
2156 694 2258 769 qui
2307 710 2525 764 earum,
2566 710 2712 769 quas
2758 695 2821 753 in
2866 694 3075 753 sanctis
3102 691 3426 759 laudamus,
3452 687 3749 745 actionum
3780 691 3853 742 et

334 787 617 846 virtutum
647 787 776 844 fons
801 790 883 843 est
913 792 969 842 et
995 783 1174 857 origo,
1210 790 1588 843 revertantur.
1624 784 1825 842 Petrus
1862 784 2099 859 quidem
2130 785 2252 858 ipse
2289 783 2578 851 Damiani,
2610 782 2713 857 qui
2751 783 2893 842 dum
2923 781 3093 853 vixit,
3125 781 3298 840 totius
3335 777 3608 836 Ecclesia
3638 777 3839 835 catho-

333 876 484 946 lica,
511 882 566 934 et
613 874 936 950 prasertim
983 878 1358 932 sacrosancta
1395 873 1548 931 sedis
1591 873 1916 947 apostolica
1954 874 2385 948 propugnanda
2426 873 2671 931 miriﬁco
2701 878 2757 932 et
2784 870 3111 932 incredibili
3140 870 3331 929 studio
3362 882 3588 942 semper
3613 864 3841 925 exarsit

334 962 511 1038 (quod
539 978 677 1021 sane
703 962 984 1032 studium,
1020 961 1109 1019 vel
1140 967 1360 1019 tacente
1390 976 1501 1029 me,
1530 962 1669 1020 vita
1693 962 1819 1036 ejus
1859 968 1913 1019 et
1953 961 2175 1035 ingenii
2220 962 2495 1035 praclara
2544 961 2898 1020 monimenta
2945 958 3082 1019 satis
3114 958 3464 1031 abundeque
3502 957 3840 1025 testantur),

330 1051 427 1111 cui
481 1051 674 1126 potius
729 1066 863 1109 suas
914 1049 1343 1109 lucubrationes
1392 1050 1607 1108 dicatas
1652 1050 1792 1108 velit
1846 1066 2025 1123 quam
2066 1066 2296 1110 summo
2341 1052 2620 1110 Romana
2661 1050 2825 1109 urbis
2868 1049 3107 1109 antistiti
3155 1054 3211 1107 et
3247 1047 3589 1106 Christiana
3644 1045 3836 1118 reipu—

330 1138 499 1197 blica
536 1138 927 1197 moderatori?
969 1137 1077 1196 Par
1111 1145 1195 1196 est
1240 1138 1398 1195 enim
1444 1145 1509 1197 ut
1554 1138 1665 1196 sub
1712 1138 1872 1196 illius
1921 1138 2190 1197 Ecclesia
2224 1138 2539 1212 patrocinio
2582 1138 2889 1197 defunctus
2933 1137 3319 1213 conquiescat,
3355 1150 3460 1208 pro
3510 1150 3626 1210 qua
3660 1134 3841 1192 vivus

326 1226 553 1285 labores
592 1242 904 1301 capessere,
935 1226 1249 1285 certamina
1300 1228 1609 1301 suscipere,
1650 1226 2008 1297 gravissimis
2055 1228 2444 1303 periculorum
2491 1228 2764 1287 fluctibus
2813 1234 2985 1302 caput
3029 1227 3296 1300 objicere,
3335 1227 3574 1284 immota
3607 1239 3841 1299 semper

327 1316 647 1375 constantia
675 1323 730 1373 et
765 1315 1007 1374 infracto
1033 1330 1328 1389 generosa
1357 1316 1567 1373 mentis
1594 1315 1795 1373 ardore
1833 1330 1949 1373 non
1983 1318 2288 1375 recusavit.
2324 1315 2433 1375 Sed
2465 1332 2748 1390 quorsum
2776 1316 2993 1384 attinet,
3028 1322 3147 1373 tam
3174 1314 3361 1373 multa
3393 1314 3454 1372 in
3483 1329 3544 1372 re
3575 1312 3837 1370 maxime

328 1412 500 1474 certa,
532 1404 707 1462 verba
738 1403 1133 1478 profundere?
1165 1403 1318 1461 Num
1356 1404 1534 1461 alicui
1572 1402 1817 1462 dubium
1857 1411 2038 1478 potest
2064 1420 2189 1462 esse
2212 1406 2357 1478 quin
2389 1405 2639 1463 Ecclesia
2675 1404 2937 1464 Romana
2963 1403 3112 1462 Petri
3148 1402 3415 1461 Damiani
3452 1401 3601 1461 fetus
3643 1400 3839 1460 obviis

331 1493 491 1552 ulnis
515 1492 788 1566 excipiat,
817 1493 1008 1551 foveat
1034 1507 1100 1550 ac
1130 1498 1378 1563 tueatur,
1409 1507 1543 1567 qua
1579 1492 1813 1551 Petrum
1859 1493 2053 1566 ipsum
2089 1494 2402 1564 viventem,
2430 1494 2723 1569 pracipua
2758 1493 3005 1567 quadam
3049 1490 3444 1550 benevolentia
3474 1497 3529 1550 et
3553 1490 3835 1549 cbaritate

329 1580 633 1655 complexa
660 1582 789 1639 est?
819 1580 884 1638 In
917 1595 1090 1654 quem
1117 1580 1269 1639 ultro
1310 1580 1382 1638 ad
1411 1579 1628 1639 Urbem
1669 1582 2027 1651 accersitum,
2058 1589 2114 1641 et
2142 1582 2480 1657 reipublica
2516 1581 2928 1657 gubernaculis
2954 1580 3414 1639 eminentissimo
3443 1586 3617 1654 atque
3644 1579 3837 1636 hono-

332 1668 763 1727 riﬁcentissimo
809 1668 930 1727 loco
957 1668 1272 1738 admotum,
1316 1676 1397 1728 tot
1443 1670 1734 1729 honorum
1779 1678 2011 1744 repente
2061 1672 2305 1744 fastigia,
2351 1678 2534 1730 tantas
2582 1678 2746 1729 extra
2802 1670 3063 1729 ordinem
3120 1668 3528 1743 prarogativas
3578 1666 3836 1742 dignita-

330 1765 535 1832 tesque
565 1758 869 1830 congessit,
899 1763 1144 1833 quantas
1198 1773 1271 1816 ne
1315 1757 1428 1816 civi
1473 1758 1710 1833 quidem
1750 1764 1805 1815 et
1845 1758 2102 1830 alumno,
2131 1758 2348 1818 nedum
2379 1760 2623 1818 advena
2669 1768 2724 1817 et
2764 1759 3085 1832 peregrino,
3121 1773 3348 1832 sperare
3384 1755 3657 1814 licuisset.
3691 1754 3840 1826 Qua

330 1844 513 1919 igitur
543 1843 769 1903 Patrem
808 1850 1103 1919 tantopere
1151 1845 1381 1918 dilexit,
1422 1848 1591 1905 etiam
1636 1847 1851 1905 liberos
1888 1847 2015 1921 ejus
2060 1863 2257 1907 amore
2297 1855 2678 1921 prosequatur
2725 1863 2955 1906 necesse
3001 1853 3103 1905 est.
3142 1845 3381 1905 Liberos
3427 1845 3639 1919 quippe
3686 1844 3837 1919 ejus,

328 1939 385 1992 et
412 1932 651 2008 quidem
695 1933 915 2007 parenti
950 1932 1300 2004 simillimos,
1334 1934 1683 1993 sanctissimi
1729 1935 1905 2010 hujus
1929 1936 2042 1996 viri
2094 1935 2274 1995 libros
2314 1936 2606 2011 appellare
2646 1952 2760 1995 non
2806 1952 3030 2005 vereor,
3061 1935 3165 2011 qui
3191 1940 3347 1993 tanto
3375 1933 3591 2007 justius
3619 1932 3837 1991 libero-

327 2040 459 2083 rum
501 2038 712 2082 nomen
749 2026 1065 2092 merentur,
1095 2028 1313 2097 quanto
1342 2024 1580 2082 animus
1622 2039 1858 2098 corpore
1890 2025 2254 2098 prastantior
2278 2032 2381 2093 est,
2415 2033 2751 2098 quantoque
2782 2024 3013 2083 caducis
3043 2031 3097 2081 et
3141 2023 3253 2081 cito
3290 2021 3586 2080 morituris
3618 2028 3838 2079 aterna

324 2119 497 2188 atque
550 2110 875 2171 immortale
916 2111 1139 2185 ingenii
1185 2110 1545 2171 monimenta
1596 2112 1967 2171 antecellunt.
2000 2112 2157 2171 Nihil
2198 2120 2284 2171 est
2332 2130 2486 2188 ergo,
2522 2113 2852 2171 beatissime
2894 2114 3078 2184 Pater,
3105 2127 3210 2170 cur
3250 2111 3311 2169 in
3354 2109 3833 2168 commendandis

328 2201 433 2260 tibi
474 2200 627 2259 Petri
677 2198 944 2258 Damiani
986 2199 1287 2274 Operibus.
1320 2199 1543 2258 diutius
1566 2199 1842 2258 immorer
1879 2220 1892 2260 :
1932 2201 2122 2276 potius
2164 2203 2227 2259 in
2272 2218 2365 2260 me
2404 2203 2528 2275 ipso
2569 2211 2687 2261 tua
2725 2202 2921 2260 tutela
2962 2216 3028 2260 ac
3071 2200 3393 2259 defensioni
3419 2197 3834 2258 committendo

328 2289 695 2363 aliquantum
739 2288 1013 2361 temporis
1050 2288 1285 2346 fortasse
1322 2303 1742 2359 consumerem,
1776 2289 1889 2347 nisi
1933 2297 2030 2348 tua
2071 2289 2132 2348 in
2180 2305 2271 2347 me
2315 2292 2591 2357 maxima,
2640 2306 2823 2364 eaque
2869 2290 3121 2348 recentia
3156 2289 3430 2348 beneﬁcia
3473 2303 3711 2346 omnem
3757 2286 3831 2345 de

328 2394 397 2437 ea
439 2393 501 2435 re
544 2380 876 2450 susceptum
928 2374 1180 2434 laborem
1214 2391 1708 2450 supervacaneum
1739 2384 1794 2436 et
1821 2378 1995 2452 plane
2039 2394 2156 2437 non
2200 2379 2587 2437 necessarium
2626 2395 2749 2437 esse
2787 2378 3265 2437 demonstrarent.
3295 2378 3443 2436 Cum
3478 2377 3636 2434 enim
3665 2384 3832 2434 tuam

331 2465 661 2524 facilitatem
691 2464 1167 2538 singularemque
1197 2464 1254 2521 in
1288 2480 1382 2522 me
1407 2466 1743 2524 exornando
1772 2466 1956 2524 animi
1995 2467 2438 2540 propensionem
2473 2467 2720 2539 intueor,
2752 2467 2901 2525 nihil
2938 2467 3163 2526 facilius
3190 2482 3315 2524 esse
3342 2481 3621 2538 cognosco
3650 2479 3834 2538 quam

331 2559 398 2612 ut
429 2568 545 2612 non
584 2553 755 2612 modo
797 2553 924 2611 hac
948 2568 1081 2628 qua
1121 2555 1181 2612 in
1232 2555 1537 2627 prasentia
1582 2555 1859 2627 eduntur,
1890 2557 1989 2614 sed
2021 2556 2194 2614 etiam
2237 2556 2352 2614 alia
2394 2557 2622 2629 egregia
2671 2556 2878 2630 scripta
2918 2557 2989 2615 de
3022 2555 3195 2614 rebus
3223 2556 3420 2625 sacris,
3455 2554 3657 2612 multis
3688 2555 3838 2611 meis

330 2640 634 2701 laboribus
683 2641 1014 2717 vigiliisque
1061 2641 1294 2702 collecta
1339 2650 1393 2701 et
1436 2644 1742 2715 elaborata,
1779 2653 1896 2703 tua
1940 2644 2311 2719 benignitatis
2351 2646 2641 2718 prasidio,
2672 2645 2733 2703 in
2784 2660 2990 2703 manus
3030 2645 3335 2703 hominum
3378 2645 3657 2713 emittam,
3701 2659 3839 2717 qua

331 2747 445 2790 non
480 2732 606 2790 sine
648 2731 977 2791 communis
1024 2732 1290 2790 utilitatis
1327 2733 1550 2806 jactura
1591 2732 1823 2808 publica
1872 2733 2001 2792 luce
2046 2734 2407 2793 fraudantur.
2438 2733 2744 2807 Equidem,
2771 2734 2928 2808 quod
2956 2748 3215 2791 mearum
3261 2734 3509 2807 partium
3550 2738 3655 2803 est,
3685 2732 3838 2791 serie

330 2820 617 2894 proﬁteor,
646 2827 702 2877 et
738 2819 927 2894 quoad
962 2820 1155 2878 vivam
1185 2821 1440 2893 proﬁteri
1473 2837 1591 2879 non
1634 2821 1917 2893 desinam,
1947 2828 2289 2880 curaturum
2328 2837 2421 2880 me
2457 2829 2629 2896 atque
2666 2822 2841 2880 enixe
2869 2832 3101 2896 operam
3128 2822 3420 2893 daturum,
3452 2827 3735 2894 quantum
3771 2821 3836 2881 in

333 2924 427 2967 me
469 2909 598 2979 erit,
627 2916 693 2967 ut
736 2911 934 2967 omnia
976 2924 1104 2967 mea
1135 2909 1326 2968 studia
1356 2910 1427 2968 ad
1473 2910 1779 2968 utilitatem
1820 2910 2114 2985 publicam
2153 2918 2209 2968 et
2252 2910 2405 2969 sedis
2432 2910 2758 2984 apostolica
2806 2911 2982 2970 decus
3023 2912 3630 2986 existimationemque
3681 2912 3833 2969 refe-

333 3003 556 3056 rantur.
587 2996 757 3056 Nunc
786 2997 972 3057 Deum
1018 3004 1134 3071 opt.
1165 3013 1325 3056 max.
1354 2999 1731 3063 vehementer
1761 3014 1883 3070 oro,
1917 3004 1984 3057 ut
2020 2998 2293 3058 salutaria
2319 3006 2414 3059 tua
2452 2998 2694 3058 consilia
2723 2999 3322 3074 sapientissimamque
3344 2999 3833 3073 gubernationem

331 3086 527 3145 afﬂatu
555 3100 660 3146 suo
686 3085 912 3159 dirigat,
944 3093 1298 3160 promoveat,
1323 3092 1379 3145 et
1403 3087 1475 3146 ad
1502 3093 1764 3160 optatum
1792 3093 2027 3161 portum
2057 3088 2399 3165 exitumque
2426 3087 2715 3164 perducat.
2757 3088 2915 3148 Vale.

1276 3451 1982 3568 CAJETANI
2082 3451 2881 3569 PR/DFATIO.

2057 3686 2199 3695 *ς

407 3825 489 3884 Ea
537 3831 623 3886 est
651 3824 979 3883 mortalium
1010 3822 1275 3882 omnium
1326 3826 1549 3881 natura
1587 3822 1676 3879 vis
1707 3825 1878 3895 atque
1906 3819 2286 3883 con-Anullo
2312 3820 2541 3893 negotio
2572 3825 2890 3894 superetur.
2921 3821 3012 3878 An
3048 3835 3166 3878 non
3189 3820 3320 3895 jure
3356 3818 3573 3894 optimo
3601 3825 3837 3879 utrum-

333 3918 492 3988 ditio,
536 3923 601 3976 ut
644 3917 702 3975 in
748 3915 983 3975 virtutis
1022 3913 1383 3988 capessenda
1433 3913 1643 3983 studio,
1685 3919 1834 3971 recte
1884 3911 2044 3969 insti-

337 4008 567 4067 tuenda
600 4006 735 4063 vita
776 4008 1054 4078 praeepta
1102 4003 1328 4062 facilius
1365 4001 1649 4076 exemplis
1685 4002 2040 4070 conﬁrmata,

335 4111 516 4170 quam
543 4093 828 4168 simplicia
859 4099 913 4149 et
946 4091 1106 4150 nuda
1136 4092 1469 4166 percipiant.
1510 4091 1655 4149 Nam
1687 4106 1822 4149 cum
1863 4090 2043 4147 veteri

337 4185 590 4259 quodam
636 4190 691 4241 et
721 4183 852 4242 trito
890 4182 1050 4257 vulgi
1089 4198 1279 4241 errore
1316 4182 1487 4242 ducta
1534 4198 1677 4257 gens
1729 4183 2041 4240 hominum

337 4279 500 4349 putet
529 4289 564 4330 a
607 4271 902 4331 communi
948 4271 1574 4344 congressuoffensam
1618 4271 1893 4329 virtutem
1948 4271 2042 4329 fu-

334 4363 488 4439 gisse
528 4362 591 4422 in
630 4361 939 4421 altissimos
979 4367 1221 4431 montes,
1249 4360 1449 4435 ibique
1487 4359 1737 4419 tenebris
1787 4360 2042 4419 occulta-

337 4463 476 4528 tam,
504 4454 772 4513 laborum
818 4450 1085 4510 satellitio
1126 4452 1414 4525 stipatam,
1441 4452 1646 4527 degere
1679 4452 1737 4509 in
1773 4452 1863 4510 sui
1904 4467 2041 4510 con-

337 4541 707 4620 templatione
738 4540 986 4611 felicem,
1003 4540 1152 4613 jacet
1180 4540 1279 4598 illa
1317 4541 1506 4615 potius
1529 4540 1743 4615 passim
1767 4541 2043 4614 neglecta,

336 4651 442 4693 nec
490 4649 557 4693 eo
625 4630 903 4691 extollere
963 4646 1087 4689 sese
1148 4630 1340 4698 audet,
1392 4630 1485 4688 vel
1549 4631 1832 4690 scelerum
1886 4647 2047 4690 ener-

339 4729 466 4782 vata
530 4722 794 4795 contagio
853 4735 967 4779 non
1022 4724 1224 4794 potest,
1274 4718 1657 4803 ubi-summa
1710 4720 2044 4779 mortalium

334 4811 627 4872 beatitudo
662 4810 950 4869 consistat.
1003 4808 1156 4875 Hinc
1187 4807 1398 4867 factum
1432 4808 1679 4867 arbitror
1715 4815 1782 4867 ut
1820 4824 2043 4883 prapo-

334 4911 461 4963 tens
515 4916 710 4959 rerum
760 4900 1023 4959 omnium
1073 4898 1412 4971 moderator,
1462 4901 1628 4973 cujus
1684 4897 2046 4974 providentia

335 5010 427 5053 res
462 4990 773 5052 hominum
810 4990 1230 5063 gubernantur,
1263 4993 1539 5064 quosdam
1579 5005 1681 5064 pro
1712 4989 1871 5047 varia
1899 4995 2046 5045 tem-

335 5096 537 5156 porum
589 5077 923 5137 necessitate
968 5076 1222 5135 illustres
1266 5078 1505 5150 piosque
1562 5077 1715 5133 viros
1772 5074 2045 5133 Ecclesia

2126 3926 2240 3984 que
2294 3907 2660 3984 Gregorium,
2717 3908 2990 3983 Magnum
3044 3924 3268 3983 papam,
3323 3914 3380 3966 et
3432 3908 3834 3968 Turonensem

2124 4000 2641 4074 archiepiscopum,
2697 3998 3005 4067 Isidorum,
3061 3998 3414 4069 Leandrum,
3467 3996 3835 4070 Hildephon-

2125 4106 2278 4161 sum,
2299 4089 2583 4149 Joannem
2613 4086 3309 4159 Damascenum,Bedam,
3337 4087 3586 4146 Paulum
3626 4087 3832 4146 Diaco-

2124 4196 2290 4250 num,
2317 4177 2655 4249 Alcuinum,
2687 4177 3013 4249 Rabanum,
3045 4176 3432 4251 Haymonem,
3464 4174 3828 4247 Anselmum,

2125 4267 2462 4326 Brunonem
2507 4266 2838 4338 Signinum,
2892 4265 3271 4335 Bernardum,
3317 4263 3639 4337 Rupertum
3681 4264 3830 4323 Tui-

2125 4357 2370 4415 tiensem
2453 4358 2628 4427 (taceo
2709 4356 3050 4414 innumeros
3103 4354 3447 4413 Christiana
3498 4354 3832 4427 reipublica

2128 4447 2323 4506 Patres
2347 4463 2411 4505 ac
2447 4447 2703 4505 doctores
2742 4446 3173 4518 sanctissimos),
3204 4445 3506 4520 plerosque
3532 4444 3677 4503 alios
3717 4445 3830 4503 Re-

2129 4538 2363 4611 ligionis
2394 4536 2784 4596 Benedictina
2812 4535 3039 4594 lumina
3064 4540 3121 4591 et
3165 4535 3547 4602 ﬁrmamenta,
3578 4542 3644 4592 ut
3673 4541 3830 4606 sunt,

2126 4627 2531 4704 appellamus?
2558 4626 2668 4697 Qui
2710 4642 2920 4700 nempe
2959 4625 3133 4684 urbes
3173 4641 3240 4684 ac
3277 4625 3600 4699 provincias
3642 4624 3830 4683 virtu-

2128 4724 2251 4777 tum
2289 4716 2651 4776 institutione
2704 4717 2965 4774 excultas
3020 4722 3168 4773 recte
3218 4717 3500 4774 factorum
3551 4714 3831 4789 dignitate

2126 4806 2563 4864 confirmarunt.
2599 4803 2856 4862 Profecto
2891 4803 2959 4861 de
3004 4802 3213 4877 populo
3251 4801 3577 4860 Christiano
3615 4800 3831 4874 optime

2128 4895 2257 4953 illos
2303 4893 2511 4952 mereri
2561 4893 2828 4961 arbitror,
2881 4893 2979 4966 qui
3035 4908 3151 4950 non
3211 4893 3417 4950 minori
3469 4908 3609 4949 cura
3660 4898 3831 4965 atque

2127 4983 2327 5042 ardore
2396 4982 2705 5056 invigilant
2771 4980 3018 5055 propria
3084 4981 3278 5052 saluti,
3348 4995 3525 5054 quam
3581 4980 3833 5038 alienam

2128 5073 2287 5131 verbi
2319 5071 2505 5130 divini
2550 5069 2935 5144 explicatione
2979 5085 3324 5145 morumque
3370 5069 3673 5127 sanctitate
3707 5084 3836 5141 pro-

335 5186 458 5229 sua
497 5166 843 5245 provideret,
885 5165 985 5239 qui
1015 5164 1212 5224 divino
1241 5164 1469 5223 lumine
1508 5164 1713 5223 insitas
1752 5162 2106 5241 mentibus];
2128 5168 2351 5221 curent.
2406 5159 2688 5235 Equidem
2732 5160 2980 5218 alterum
3026 5174 3156 5217 cum
3208 5158 3353 5216 mihi
3404 5174 3521 5216 non
3556 5157 3833 5229 tribuam,

334 5258 598 5317 tenebras
648 5256 965 5331 pellerent,
1024 5259 1200 5328 atque
1248 5253 1357 5311 iter
1409 5254 1479 5312 ad
1526 5268 1721 5310 veram
1773 5249 2038 5325 gloriam,

333 5350 470 5407 vita
509 5348 811 5423 probitate,
842 5344 1010 5405 facile
1055 5362 1179 5403 esse
1224 5344 1703 5402 demonstrarent.
1737 5341 1877 5411 Qua
1905 5341 2039 5412 duo,

333 5435 641 5508 disciplina
681 5435 957 5494 nimirum
1009 5442 1063 5493 et
1098 5431 1386 5506 exempla,
1422 5437 1643 5489 tantum
1682 5429 1833 5503 apud
1871 5445 2044 5488 omne

334 5538 521 5597 genus
557 5524 859 5583 hominum
892 5523 1107 5597 valent,
1139 5528 1205 5582 ut
1232 5520 1378 5578 nihil
1421 5527 1537 5577 tam
1576 5519 1826 5577 arduum
1866 5518 1958 5588 sit,
1989 5525 2045 5575 et

330 5627 365 5671 a
389 5612 683 5671 communi
708 5619 857 5672 coetu
890 5612 1169 5683 alienum,
1199 5609 1350 5686 quod
1371 5609 1445 5669 iis
1468 5624 1585 5669 non
1605 5608 1957 5683 acquiratur,
1978 5624 2043 5667 ac

2127 5249 2372 5307 alterum
2403 5256 2676 5324 prastare
2706 5264 2824 5307 non
2865 5249 3047 5318 liceat,
3077 5263 3200 5305 eam
3234 5254 3466 5305 secutus
3490 5262 3618 5304 sum
3653 5246 3831 5313 viam,

2128 5348 2190 5398 ut
2218 5340 2365 5397 bene
2414 5339 2485 5397 sit
2528 5340 2672 5397 meis
2700 5340 2865 5408 votis,
2897 5345 2952 5397 et
2978 5337 3228 5397 aliorum
3259 5335 3663 5396 emolumentis
3693 5350 3831 5393 con-

2128 5428 2365 5486 sultum.
2400 5428 2631 5487 Profero
2668 5428 2884 5486 scilicet
2919 5443 2950 5484 e
2993 5425 3247 5486 tenebris
3278 5441 3392 5483 non
3423 5440 3601 5498 parvo
3640 5423 3835 5482 labore

2126 5517 2449 5594 exquisitos
2498 5520 2555 5577 in
2615 5518 2803 5578 lucem
2852 5517 2919 5575 D.
2978 5516 3129 5576 Petri
3184 5514 3472 5583 Damiani,
3531 5512 3592 5572 S.
3652 5511 3722 5570 Β.
3762 5512 3827 5570 Ε.

2126 5607 2454 5680 cardinalis,
2487 5607 2735 5684 episcopi
2781 5607 3077 5678 Ostiensis,
3124 5602 3442 5665 doctissimi
3486 5617 3553 5661 ac
3599 5600 3833 5661 sanctis-
