4170 6438
240 311 351 372 505

1836 307 2083 368 SERMO
2120 307 2167 368 Ι.

3644 313 3748 373 506

238 436 400 507 simi,
440 450 755 507 sermones,
795 434 897 509 qui
936 437 1161 491 tantum
1194 431 1313 490 vim
1348 432 1561 490 habent
1598 431 2019 495 informandiA
2038 433 2115 490 tia
2162 432 2390 506 plenius
2443 433 2736 506 explicare
2793 434 2936 507 quid
2991 434 3257 502 sentiam,
3308 451 3442 494 cum
3484 436 3742 509 ejusdem

234 528 469 587 animos
514 528 586 586 ad
638 539 871 585 omnem
929 521 1222 590 virtutem,
1275 528 1552 594 quantam
1604 537 1672 579 ex
1727 536 1956 580 summa

237 615 571 692 eloquentia
609 630 743 673 cum
782 611 907 687 pari
944 609 1241 667 sanctitate
1278 609 1585 683 conjuncta
1623 609 1762 668 oriri
1794 626 1956 683 posse

238 706 601 767 censendum
628 709 731 762 est.
762 699 1194 760 Animadvertit
1225 698 1504 757 nimirum
1541 699 1704 773 gravi
1737 700 1956 773 judicio

243 796 335 854 vir
385 796 444 855 in
502 794 912 854 exercitatione
962 791 1250 847 virtutum
1302 788 1627 862 persimiles
1676 805 1782 848 nos
1832 805 1957 848 esse

236 885 580 953 artiﬁcibus,
634 880 737 955 qui
797 878 943 937 nihil
1000 876 1127 936 sine
1185 878 1466 951 perceptis
1523 878 1956 952 exemplaribus

240 977 415 1036 laude
462 975 708 1047 dignum
747 968 1007 1028 eﬂiciunt
1033 985 1047 1039 ;
1072 983 1267 1052 .quare
1304 976 1635 1027 sanctorum
1674 969 1818 1027 bene
1852 984 1953 1042 ge-

239 1073 329 1122 sta
366 1063 558 1136 palam
595 1056 908 1125 constituit,
952 1062 1015 1113 ut
1052 1070 1119 1113 ea
1162 1055 1405 1113 studiosi
1454 1055 1687 1114 virtutis
1723 1055 1954 1114 assidue

239 1167 364 1226 prae
391 1149 580 1209 oculis
613 1146 907 1215 baberent,
939 1151 994 1201 et
1019 1143 1406 1201 imitarentur.
1439 1142 1581 1212 Quae
1623 1150 1775 1202 tanto
1814 1148 1953 1203 sunt

236 1234 598 1312 perlectoria,
630 1239 846 1309 quanto
872 1245 989 1301 eos,
1030 1246 1064 1288 a
1103 1230 1320 1305 quibus
1358 1231 1768 1301 desumuntur,
1801 1247 1952 1305 prte-

237 1324 511 1385 celluisse
562 1320 980 1396 cognoscimus.
1025 1318 1175 1378 Sunt
1226 1319 1288 1390 ii,
1333 1319 1597 1378 Christus
1647 1319 1951 1392 Dominus,

239 1416 488 1489 Deipara
530 1412 722 1486 Virgo,
761 1410 1022 1484 apostoli,
1064 1416 1366 1484 martyres,
1403 1408 1703 1483 sanctique
1729 1409 1954 1468 confes-

238 1520 419 1576 sores,
459 1519 525 1561 ac
577 1501 851 1575 virgines,
896 1514 1148 1573 quorum
1194 1500 1470 1573 pmclara
1509 1499 1760 1558 facinora
1797 1507 1955 1559 tanta

237 1592 574 1667 eloquentia
626 1588 884 1663 locuples
937 1596 1135 1647 auctor
1189 1588 1617 1661 complectitur,
1701 1595 1764 1647 ut
1818 1604 1953 1648 cum

236 1678 489 1739 summis
516 1676 634 1735 illis
668 1676 811 1734 viris
836 1676 1125 1733 doctorem
1158 1683 1424 1735 nostrum
1454 1691 1807 1750 comparare,
1834 1692 1953 1736 non

235 1764 681 1827 contemnendae
738 1764 1017 1822 doctrinae
1066 1764 1350 1835 homines,
1405 1780 1471 1823 ac
1526 1764 2019 1857 HieronymumB

232 1854 536 1929 juniorem
563 1850 849 1926 appellare
873 1868 992 1911 non
1021 1851 1308 1911 dubitent.
1341 1852 1553 1913 Omitto
1590 1852 1654 1912 in
1696 1869 1949 1927 praesen-

2036 521 2340 591 ingenium
2396 528 2570 594 atque
2614 521 2844 580 dicendi
2900 522 3063 595 copia
3120 523 3351 582 facilius
3402 524 3746 598 inspiciatur

2037 611 2280 670 lectione
2317 628 2493 685 quam
2531 612 2789 670 oratione
2828 608 3198 671 describatur.
3246 612 3449 672 Solum
3492 613 3744 672 dixerim

2040 700 2249 757 habere
2277 714 2478 759 omnes
2510 716 2585 758 ex
2624 702 2732 758 hoc
2768 700 3061 773 magistro,
3092 715 3227 774 quae
3266 708 3555 775 tantopere
3593 717 3747 759 com-

2041 789 2468 859 mendavimus,
2520 790 2788 847 omnium
2837 788 2989 861 leges
3035 795 3208 861 atque
3246 789 3513 863 exempla
3561 790 3742 848 virtu-

2037 884 2184 950 tum,
2230 879 2549 952 praasertim
2586 894 2721 936 vero
2758 878 2936 936 sacris
2971 879 3488 948 concionatoribus,
3527 879 3744 954 quibus

2012 968 2293 1026 .maxime
2332 969 2437 1025 hos
2476 981 2631 1024 meos
2668 965 2891 1025 labores
2927 967 3141 1025 dicatos
3183 966 3378 1039 velim,
3423 970 3562 1025 novi
3605 985 3742 1042 ape-

2037 1055 2268 1115 riuntur
2303 1074 2393 1116 res
2431 1074 2565 1116 suas
2601 1057 2992 1132 ampliﬁcandi
3041 1057 3404 1130 ornandique
3464 1060 3742 1127 thesauri,
3792 1124 3795 1129 _

2034 1142 2358 1217 singulares
2398 1161 2693 1204 sacrarum
2739 1146 3059 1203 litterarum
3106 1147 3603 1218 Interpretationes
3656 1156 3743 1206 at-

2035 1246 2149 1304 que
2191 1231 2447 1292 illustres
2497 1233 2809 1292 sententias
2852 1232 3256 1303 continentes:
3296 1249 3397 1292 nec
3441 1250 3554 1292 non
3603 1251 3746 1309 prae-

2037 1316 2188 1376 clara
2226 1319 2565 1393 proponitur
2602 1321 2766 1392 ratio,
2807 1335 2940 1396 quae
2980 1321 3054 1378 sit
3097 1321 3157 1379 in
3196 1329 3525 1381 sanctorum
3568 1337 3741 1379 exor-

2037 1408 2269 1467 natione
2304 1409 2651 1467 adhibenda.
2693 1409 2865 1467 Faxit
2900 1409 3054 1469 Deus
3090 1419 3205 1484 cpt.
3251 1426 3407 1468 max.
3448 1418 3513 1469 ut
3554 1420 3744 1469 uoster

2036 1500 2131 1557 hic
2162 1498 2321 1558 labor
2348 1500 2788 1574 qualiscumque
2818 1500 2877 1558 in
2910 1500 3170 1558 divinam
3200 1500 3444 1575 gloriam
3474 1516 3740 1559 commu-

2038 1601 2289 1661 nemque
2322 1587 2629 1646 utilitatem
2663 1588 2967 1646 redundet.
3003 1589 3219 1660 Valete,
3256 1596 3311 1647 et
3343 1590 3451 1648 hoc
3478 1598 3743 1649 nostrum

2034 1676 2107 1733 de
2132 1691 2193 1732 re
2219 1674 2545 1735 Christiana
2569 1677 2713 1737 bene
2737 1677 2996 1737 merendi
3021 1677 3285 1737 studium
3308 1678 3463 1751 aequi
3488 1678 3743 1753 bonique

2034 1764 2339 1823 consulite.

930 2305 1113 2450 B.
1263 2306 1963 2451 PETRI-

2086 2308 3056 2457 DAMIANI

304 2603 626 2665 SANGTIE
666 2603 1004 2665 ROMANAE
1042 2574 1425 2665 ECCLESIE
1465 2604 1942 2682 CABDINALIS,
1982 2606 2315 2669 Episcopi
2355 2609 2763 2684 OSTIENSIS,
2804 2611 3107 2673 ORDINIS
3149 2613 3207 2673 s.
3250 2614 3673 2688 BENEDICTI,

1243 2830 2749 3005 SEBMONES

1348 3127 1641 3191 ORDINE
1687 3129 2051 3193 MENSIUM
2095 3130 2451 3195 SERVATO
2494 3132 2661 3214 (109)

794 3502 921 3561 1-2
960 3503 1408 3567 JANUARIUS.

240 3602 348 3663 VI.
387 3598 614 3664 Sermo
642 3599 716 3661 in
744 3597 1119 3680 Epiphania
1152 3599 1434 3661 Domini.

238 3691 396 3752 XIV.
440 3687 672 3751 Sermo
708 3687 787 3770 de
824 3686 1256 3770 translatione
1284 3686 1357 3751 S.
1391 3684 1636 3750 Hilarii
1677 3689 1955 3770 episcopi

322 3768 756 3832 Pictaviensis
783 3774 842 3829 et
870 3767 1273 3847 confessoris.

239 3859 428 3921 XXII.
494 3857 725 3919 Sermo
794 3856 874 3918 de
954 3855 1023 3917 S.
1092 3856 1432 3919 Anastasio
1501 3856 1821 3919 monacho
1896 3865 1955 3919 et

324 3945 615 4018 martyre
627 3988 640 4002 .

808 4032 1059 4093 SERMO
1091 4030 1390 4091 PRIMUS.

619 4142 680 4189 IN
713 4142 1027 4189 EPIPHANIA
1055 4141 1262 4189 DOMINI
1292 4133 1375 4201 (Vl
1404 4131 1581 4197 JAN.).

318 4258 345 4291 α
381 4235 524 4296 Cum
568 4241 740 4295 natus
793 4240 942 4295 esset
986 4235 1155 4294 Jesus
1196 4233 1259 4292 in
1305 4232 1645 4291 Bethlehem
1682 4230 1849 4289 Judze
1894 4232 1957 4289 in

240 4325 449 4384 diebus
480 4323 725 4383 Herodis
758 4324 927 4398 regis,
956 4338 1085 4381 ecce
1118 4320 1270 4395 magi
1308 4320 1381 4378 ab
1420 4320 1642 4379 oriente
1670 4328 1961 4379 venerunt

244 4416 731 4489 Hierosolymam,
759 4414 1015 4472 dicentes
1049 4437 1062 4471 :
1107 4411 1219 4471 Ubi
1257 4418 1341 4469 est
1380 4410 1481 4485 qui
1520 4417 1691 4469 natus
1730 4417 1816 4469 est
1855 4428 1961 4470 rex

241 4504 581 4563 Iudaeorum
608 4503 637 4563 *Ρ
674 4502 945 4562 Vidimus
987 4501 1145 4560 enim
1184 4499 1407 4559 stellam
1446 4499 1571 4573 ejus
1608 4498 1671 4555 in
1716 4497 1958 4571 oriente,

242 4602 299 4653 et
331 4594 601 4653 venimus
633 4610 752 4650 cum
784 4593 1099 4649 muneribus
1127 4589 1363 4648 adorare
1392 4604 1528 4647 eum
1566 4590 1783 4660 (Matth.
1814 4589 1891 4660 II).
1930 4608 1958 4641 ››

245 4705 275 4737 ‹‹
317 4683 572 4741 Laudate
622 4681 962 4752 Dominum,
1013 4695 1216 4738 omnes
1266 4684 1484 4753 gentes,
1535 4684 1590 4735 et
1641 4675 1961 4734 collaudata

242 4787 375 4831 eum
416 4786 621 4831 omnes
666 4769 865 4844 populi
904 4772 1076 4842 (Psal.
1119 4771 1306 4839 CXVI).
1341 4788 1371 4822 »
1406 4766 1551 4826 Nam
1590 4781 1725 4824 cum
1770 4765 1961 4823 omni-

1965 3519 2010 3581 ο
2034 3456 2463 3577 unusquisque,
2496 3522 2524 3556 α
2552 3502 2702 3563 alius
2736 3505 2810 3563 ad
2848 3503 3071 3576 villam,
3104 3504 3254 3564 alius
3288 3505 3359 3563 ad
3408 3505 3747 3579 negotiatio-

2039 3607 2175 3649 nem
2216 3608 2383 3651 suam
2425 3594 2642 3667 (Matth.
2701 3596 2891 3669 XXII);
2946 3601 3001 3654 et
3052 3595 3424 3655 obscuratum
3474 3600 3560 3654 est
3604 3596 3751 3656 insi-

2037 3681 2203 3755 piens
2252 3697 2349 3740 cor
2394 3697 2596 3741 eorum
2651 3687 2826 3752 (Rom.
2883 3689 2944 3754 I),
3002 3704 3031 3738 »
3082 3684 3221 3758 quia
3270 3683 3613 3743 incurvatus
3666 3690 3751 3744 est

2037 3770 2443 3845 unusquisque
2471 3771 2545 3829 ad
2571 3786 2714 3845 opus
2743 3787 3025 3831 manuum
3055 3788 3315 3830 suarum.
3349 3771 3545 3830 Patres
3572 3772 3748 3830 etiam

2037 3861 2123 3919 illi
2179 3861 2406 3935 antiqui
2447 3877 2650 3921 omnes
2692 3863 2802 3920 sub
2846 3862 2999 3920 nube
3053 3863 3287 3920 luerunt
3332 3865 3387 3932 (Ι
3411 3864 3530 3921 Cor.
3558 3866 3647 3932 X),
3682 3876 3749 3920 eo

2036 3948 2189 4021 quod
2227 3949 2579 4022 aspiciebant
2615 3948 2677 4006 in
2718 3949 2852 4007 visu
2890 3949 3092 4019 noctis,
3124 3964 3231 4006 nec
3264 3948 3583 4008 claritatem
3611 3948 3750 4007 vul-

2039 4046 2129 4098 tus
2154 4037 2337 4113 Moysi
2363 4043 2625 4113 poterant
2651 4038 2867 4097 intueri
2892 4039 3095 4108 (Exod.
3125 4050 3364 4108 XXXIV;
3395 4042 3452 4097 Π
3474 4041 3594 4098 Cor.
3625 4042 3745 4111 III);

2037 4128 2175 4202 quia
2207 4128 2469 4187 velamen
2510 4134 2629 4186 erat
2664 4118 2917 4201 positum
2956 4144 3130 4202 super
3159 4143 3257 4186 cor
3285 4143 3506 4199 eorum,
3539 4135 3594 4188 et
3631 4134 3751 4187 erat

2041 4233 2193 4293 aqua
2242 4218 2542 4277 tenebrosa
2584 4217 2643 4275 in
2696 4218 2953 4278 nubibus
3004 4218 3155 4276 aeris
3202 4219 3365 4292 (Psal.
3412 4218 3576 4289 XVII),
3616 4232 3748 4277 cum

2042 4306 2307 4365 videlicet
2345 4304 2454 4364 ﬁlii
2497 4305 2636 4365 Sion
2676 4305 2877 4381 inclyti
2914 4305 3177 4374 conversi
3215 4312 3352 4365 sunt
3379 4306 3439 4364 in
3471 4321 3608 4363 vasa
3635 4311 3749 4362 tes-

2043 4404 2166 4464 tea,
2225 4412 2369 4470 olm..-
2430 4410 2709 4454 manuum
2765 4396 2971 4469 ﬁguli;
3031 4394 3277 4470 dispersi
3332 4399 3471 4454 sunt
3533 4392 3749 4467 lapides

2042 4484 2354 4544 sanctuarii
2408 4483 2470 4541 in
2525 4484 2706 4557 capite
2742 4484 3010 4542 omnium
3049 4484 3404 4557 platearum;
3444 4486 3750 4553 argentum

2042 4575 2243 4632 eorum
2284 4587 2518 4630 versum
2571 4576 2657 4629 est
2713 4571 2772 4628 in
2830 4570 3097 4641 scoriam,
3143 4585 3209 4627 eo
3261 4567 3414 4643 quod
3463 4581 3752 4639 caupones

2043 4676 2245 4720 eorum
2288 4660 2604 4719 miscebant
2639 4675 2849 4735 aquam
2890 4660 3063 4731 vino;
3106 4659 3341 4733 quando
3377 4656 3748 4715 obscuratum

2044 4757 2128 4808 est
2165 4766 2398 4820 aurum,
2442 4756 2700 4809 mutatus
2739 4757 2825 4808 est
2869 4750 3026 4807 color
3064 4747 3320 4821 optimus
3369 4748 3586 4816 (Thren.
3630 4748 3748 4815 Iv);

243 4865 446 4933 potens
490 4834 685 4916 sermo
718 4834 979 4918 nondum
1027 4872 1059 4913 a
1110 4834 1400 4929 regalibus
1445 4852 1677 4911 sedibus
1723 4852 2153 4938 descen-Dnec
2198 4847 2319 4938 erat
2366 4839 2437 4897 de
2488 4838 2576 4938 θξξ
2612 4839 2716 4938 (illi
2767 4839 2969 4938 fac-9'19}
3014 4837 3253 4905 bonum.
3296 4850 3405 4938 P90
3434 4834 3616 4938 fma“:
3652 4849 3755 4938 ἱξε-

243 4923 422 5005 disset
462 4966 489 4998 α
529 4951 586 5004 et
638 4960 756 5004 nox
805 4944 867 5002 in
914 4960 1018 5002 suo
1069 4923 1245 5003 cursu
1297 4943 1559 5002 medium
1615 4942 1723 5001 iter
1772 4948 1957 5016 ageret

2046 4945 2158 5002 que
2192 4930 2260 4985 ad
2296 4945 2485 4988 unum
2519 4932 2685 5001 (Psal.
2728 4930 2876 5000 XIII).
2920 4926 3089 4985 Tunc
3123 4941 3258 4998 ergo
3298 4923 3552 4984 tenebrat
3589 4924 3753 5016 facta:

245 5040 405 5109 (Sep.
439 5038 635 5107 XVIII),
669 5056 698 5088 »
738 5033 986 5110 populus
1023 5034 1285 5107 gentium
1325 5031 1664 5091 ambulabat
1700 5029 1763 5088 in
1804 5036 1963 5089 tene-

245 5126 363 5184 bris
415 5126 567 5197 (Isai.
626 5124 731 5195 IX),
786 5123 924 5198 quia
981 5143 1008 5175 «
1063 5122 1399 5180 dilexerunt
1457 5120 1640 5194 magis
1696 5120 1963 5179 tenebras

245 5230 425 5288 quam
467 5214 653 5272 lucem
693 5216 871 5283 (Joan.
914 5214 1022 5283 III),
1063 5231 1091 5263 »
1133 5211 1440 5285 variosque
1488 5211 1667 5268 secuti
1720 5224 1961 5277 errores,

248 5324 274 5354 α
334 5302 392 5359 in
448 5302 696 5361 circuitu
742 5300 908 5376 impii
955 5299 1330 5359 ambulabant
1370 5300 1540 5370 (Psal.
1581 5300 1646 5371 I),
1686 5319 1715 5351 ››
1757 5305 1964 5358 euntes

307 5446 443 5511 (109)
476 5445 620 5497 Inter
663 5456 946 5497 sermones
995 5455 1133 5507 quos
1179 5444 1234 5494 in
1285 5454 1385 5494 sua
1439 5440 1689 5511 Cajetsni
1714 5440 1968 5493 editionis

246 5510 538 5569 recasiuue
580 5515 901 5580 complexus
943 5521 1026 5568 est
1078 5514 1407 5566 novissimus
1459 5514 1632 5564 editor
1674 5510 1965 5570 Bassauus,

246 5586 563 5646 nonnullos,
628 5599 822 5650 nempe
874 5599 1037 5637 St‘l‘ln.
1090 5586 1137 5648 9,
1206 5586 1282 5648 it,
1330 5583 1409 5644 23,
1466 5583 1549 5643 26,
1611 5582 1694 5643 ‘27,
1751 5583 1830 5643 ‘28,
1889 5582 1966 5642 4ο,

247 5653 321 5721 43,
372 5659 452 5718 44,
494 5658 573 5721 47,
614 5657 694 5721 52,
752 5657 831 5718 53,
883 5658 962 5721 56,
1024 5657 1104 5721 5'7,
1156 5656 1235 5723 59,
1279 5656 1359 5720 60,
1418 5654 1497 5719 6|,
1549 5652 1630 5716 63,
1682 5653 1763 5716 70,
1808 5652 1970 5707 beato

2045 5027 2179 5078 sunt
2230 5034 2406 5093 super
2452 5020 2787 5077 universam
2834 5024 3048 5075 terram
3079 5017 3301 5084 (Matth.
3345 5019 3564 5085 XXVII),
3616 5012 3755 5087 quia

2043 5108 2284 5167 Judzeus
2339 5115 2396 5167 et
2453 5108 2687 5182 gentilis
2734 5108 2794 5164 in
2856 5104 3106 5163 tenebris
3159 5109 3490 5162 straverunt
3543 5102 3753 5159 lectum

2046 5212 2242 5267 suum,
2304 5197 2624 5255 habitantes
2682 5194 2738 5252 in
2800 5193 3117 5252 tenebrosis
3180 5198 3236 5251 et
3292 5193 3499 5250 umbra
3556 5188 3759 5246 mortis

2048 5289 2194 5349 lLuc.
2236 5290 2294 5354 I).
2336 5285 2482 5355 Quia
2532 5284 2712 5358 igitur
2766 5291 2904 5343 tunc
2945 5299 3064 5342 nox
3112 5281 3428 5358 praecessit,
3467 5294 3597 5337 ecce
3636 5277 3759 5335 dies

2051 5431 2197 5481 Petro
2279 5429 2529 5481 Damiano
2606 5427 2994 5490 abjudlCaltdOS
3075 5431 3129 5478 et
3204 5424 3417 5477 Nicolao
3494 5420 3760 5473 monacho

2049 5503 2467 5564 Claraevallensi,
2519 5500 2627 5551 divi
2699 5498 2950 5550 Beruarui
3012 5496 3077 5548 ab
3144 5494 3408 5562 epistulis,
3469 5493 3757 5545 restituen-

2052 5577 2148 5627 dos
2189 5581 2390 5634 monet,
2442 5580 2671 5637 quorum
2724 5570 3014 5634 unicuique
3075 5569 3197 5621 ideo
3255 5567 3569 5619 asteriSI-um
3617 5576 3758 5637 pite-

2050 5648 2329 5716 ﬂgendum
2393 5645 2617 5698 curavit.
2672 5642 2823 5696 Hunc
2882 5643 3177 5711 sequimur.
3245 5639 3394 5693 Eorr.
3456 5639 3742 5691 ΡΑτιιοιοα
