4170 6462
277 339 387 402 509

1864 340 2118 402 SERMO
2153 342 2197 401 Ι.

3679 346 3786 407 510

272 464 543 523 ardentes
572 463 635 521 in
669 463 943 523 manibus
975 464 1178 523 vestris
1208 469 1353 530 (Luc.
1387 468 1513 533 XII).
1546 484 1574 519 »
1609 462 1744 536 (ttO)
1768 463 1983 522 Lucer-
2004 465 2345 527 Aillustrati
2372 485 2473 542 per
2504 469 2748 538 stellam,
2780 485 2912 544 quae
2939 468 3141 528 lumen
3178 482 3352 525 suum
3382 467 3553 526 habet
3575 484 3609 527 a
3634 469 3780 542 sole,

277 569 383 611 nas
441 552 656 627 quippe
705 552 969 611 ardentes
1025 553 1087 610 in
1142 552 1411 611 manibus
1464 558 1803 627 portamus,
1862 569 1995 611 cum

273 640 562 717 proximis
610 641 820 699 nostris
858 658 963 716 per
992 643 1259 716 exempla
1305 642 1473 700 bona
1520 643 1868 716 operationis
1899 643 1996 702 lu-

271 747 494 801 cemus,
538 736 601 789 ut
647 731 865 788 cortina
917 731 1198 788 cortinam
1238 731 1463 802 trahat;
1515 754 1536 784 α
1580 738 1634 789 et
1668 730 1774 807 qui
1808 730 1988 800 audit,

274 822 428 879 dicat
457 845 469 878 :
505 820 651 878 Veni
684 822 873 893 (Apoc.
898 822 1091 894 XXII);
1126 846 1151 871 »
1193 827 1248 879 et
1282 845 1309 872 α
1340 821 1423 880 sic
1451 821 1641 880 luceat
1671 821 1774 880 lux
1807 829 1995 881 vestra

272 928 470 971 coram
528 912 884 983 hominibus,
940 917 1006 970 ut
1061 912 1323 971 videntes
1376 928 1547 986 opera
1605 918 1791 971 vestra
1844 914 1995 972 bona

272 1003 600 1077 gloriﬁcent
640 1002 888 1073 Patrem,
930 1001 1031 1075 qui
1074 1001 1135 1059 in
1179 1002 1341 1059 caelis
1386 1008 1470 1059 est
1516 1006 1730 1075 (Matth.
1766 1006 1845 1073 v),
1877 1026 1903 1053 ι)
1937 1009 1993 1061 et

272 1097 514 1148 currant
562 1089 732 1148 multi
782 1090 841 1148 in
891 1090 1124 1148 odorem
1168 1094 1600 1161 unguentorum
1663 1096 1992 1150 nostrorum

270 1182 457 1249 (Cant.
492 1181 552 1251 Ι).

347 1265 528 1327 Stella
569 1267 718 1326 lucet
747 1267 921 1324 etiam
964 1268 1027 1326 in
1072 1271 1256 1338 nocte,
1288 1271 1345 1323 et
1376 1281 1500 1336 nos,
1535 1267 1762 1336 fratres,
1790 1266 1850 1323 in
1880 1281 1989 1324 no-

268 1363 358 1415 cte
415 1346 617 1429 hujus'
652 1353 852 1413 saeculi
904 1355 1223 1426 luceamus,
1264 1355 1588 1414 secundum
1642 1355 1797 1428 quod
1847 1354 1987 1412 scri-

270 1453 434 1520 ptum
468 1452 553 1504 est
586 1468 597 1503 :
634 1467 658 1495 ‹‹
689 1444 845 1502 Inter
883 1461 1027 1519 quos
1070 1444 1293 1514 lucetis,
1327 1444 1492 1519 quasi
1525 1444 1841 1503 luminaria
1867 1444 1987 1501 fixa

266 1535 329 1592 in
405 1533 771 1592 firmamento
832 1537 997 1607 (Phil.
1052 1538 1135 1604 II).
1189 1555 1217 1587 »
1291 1534 1500 1593 Contra
1580 1533 1984 1591 haereticorum

264 1621 534 1680 tenebras
575 1622 874 1697 sapientiae
923 1621 1151 1679 lumine
1197 1620 1631 1695 splendeamus,
1675 1620 1814 1694 quia
1856 1620 1991 1678 scri-

261 1716 430 1785 ptum
456 1716 539 1768 est
574 1729 586 1767 :
627 1734 648 1761 ι
683 1710 876 1784 Capite
901 1710 1069 1768 nobis
1100 1710 1459 1783 vulpeculae,
1485 1725 1618 1784 quae
1645 1708 1984 1767 demoliun-

2082 564 2363 614 venerunt
2401 557 2475 615 ad
2509 557 2869 617 adorandum
2904 556 3137 627 Solem;
3170 571 3419 630 quorum
3457 562 3614 630 gesta
3650 557 3786 617 dili-

2076 652 2277 717 genter
2303 647 2534 719 singula
2563 649 2947 706 attendamus.
2984 646 3284 706 Venerunt
3310 662 3445 720 ergo
3466 647 3538 705 ab
3567 649 3787 709 oriente

2073 733 2559 810 Hierosolymam,
2615 745 2672 796 et
2724 753 2857 797 cum
2911 736 3225 806 venissent,
3289 738 3780 813 inquisiverunt:

2079 844 2100 873 ι
2138 824 2248 882 Ubi
2286 832 2370 883 est
2413 826 2517 900 qui
2554 833 2727 886 natus
2757 834 2842 886 est
2868 843 2972 886 rex
2998 827 3337 886 Judaeorum
3362 831 3579 900 (Matth.
3613 834 3672 901 II)
3699 832 3726 887 ε)
3756 855 3779 884 ι

2074 911 2218 970 Cum
2257 916 2655 987 pervenissent
2692 917 2761 974 ad
2797 916 3008 988 locum,
3040 916 3443 989 prociderunt;
3478 934 3612 978 cum
3645 936 3782 994 pro-

2071 1000 2379 1073 cidissent,
2437 1004 2863 1075 adoraverunt;
2927 1021 3060 1065 cum
3116 1006 3485 1079 adorassent,
3539 1024 3782 1070 munera

2072 1088 2428 1149 obtulerunt.
2465 1091 2763 1151 Venerunt
2791 1109 2925 1164 ergo
2952 1093 3300 1168 infatigabili
3327 1094 3541 1167 labore,
3575 1097 3778 1173 inqui-

2072 1178 2330 1239 siverunt
2355 1182 2592 1255 provida
2614 1183 3026 1255 sollicitudine,
3055 1185 3427 1259 prociderunt
3451 1187 3641 1246 debita
3674 1189 3780 1248 hu-

2073 1266 2413 1340 miliatione,
2451 1271 2835 1330 adoraverunt
2894 1272 3103 1332 mentis
3160 1273 3492 1345 devotione,
3534 1292 3780 1336 munera

2071 1357 2409 1418 obtulerunt
2443 1360 2667 1435 integra
2692 1361 2827 1419 ﬁdei
2858 1362 3175 1437 religione;
3225 1386 3250 1412 α
3287 1371 3344 1421 et
3369 1365 3705 1425 obtulerunt
3728 1368 3781 1425 ei

2070 1461 2301 1517 aurum,
2349 1450 2483 1507 thus
2539 1457 2594 1507 et
2645 1451 2945 1523 myrrham
2993 1453 3194 1522 (Ibid).
3238 1472 3259 1502 ι)
3315 1451 3460 1511 Ecce
3509 1456 3783 1527 primitiae

2069 1536 2332 1607 gentium
2391 1538 2581 1610 primo
2627 1554 2832 1611 puram
2862 1544 2917 1597 et
2943 1539 3228 1611 integram
3275 1540 3451 1599 tidem
3506 1542 3777 1602 offerunt.

2070 1623 2416 1683 Obtulerunt
2444 1626 2601 1685 enim
2630 1628 2769 1686 thus
2796 1628 2935 1699 Deo,
2966 1629 3267 1703 myrrham
3299 1630 3549 1702 mortali,
3571 1646 3785 1690 aurum

2069 1716 2209 1788 regi.
2244 1715 2408 1775 Thus
2454 1733 2557 1790 per
2606 1717 2779 1776 ﬁdem
2839 1719 3180 1788 divinitatis,
3223 1720 3521 1793 myrrham
3575 1736 3677 1795 per
3711 1722 3780 1779 ﬁ-

260 1807 359 1859 tur
387 1800 622 1857 Vineam
660 1797 893 1855 Domini
926 1799 1104 1866 (σίιηι-
1135 1801 1218 1866 ll).
1264 1820 1291 1860 η
1325 1797 1560 1871 Propter
1593 1797 1743 1871 quod
1787 1796 2207 1884 Domi-Bdem
2286 1805 2690 1878 humanitatis,
2749 1807 2872 1867 sive
2948 1807 3336 1878 mortalitatis,
3387 1823 3603 1866 aurum
3682 1825 3781 1882 per

260 1905 376 1948 nus
427 1888 619 1961 inquit
670 1906 683 1945 :
738 1908 759 1939 α
805 1886 996 1944 Estote
1031 1885 1342 1959 prudentes
1394 1887 1542 1943 sicut
1591 1892 1901 1959 serpentes,
1932 1891 1985 1943 et
2073 1895 2249 1951 ﬁdem
2301 1895 2477 1967 τεςίῶ
2522 1896 2839 1968 dignitatis,
2870 1896 3005 1955 Fuit
3055 1898 3217 1956 enim
3264 1897 3418 1956 Deus
3472 1904 3527 1955 et
3578 1898 3776 1969 homo,

261 1974 557 2049 simplices
593 1974 740 2032 sicut
777 1974 1067 2032 columbae
1106 1975 1322 2043 (Matth.
1368 1976 1448 2043 X).
1487 1997 1507 2024 ι
1556 1972 1650 2032 Sic
1679 1987 1833 2046 ergo,
1870 1972 1985 2028 fra-

262 2073 399 2136 tres,
430 2065 502 2123 ad
540 2080 745 2123 verum
788 2062 969 2122 solem
1004 2064 1320 2137 poterimus
1365 2065 1685 2138 pervenire,
1713 2064 1761 2122 si
1793 2063 1986 2137 Virgi-

264 2157 361 2215 nis
387 2161 443 2214 et
472 2154 654 2214 stellae
688 2161 902 2213 nostra;
937 2155 1175 2227 vestigia
1206 2154 1498 2214 fuerimus
1524 2155 1756 2213 imitati.

337 2245 409 2303 In
449 2245 569 2303 sole
606 2249 793 2302 autem
846 2243 1109 2317 quinque
1150 2243 1548 2318 principaliter
1576 2243 1983 2303 attenduntur.

267 2335 367 2395 Sol
419 2335 913 2393 incommutabilis
970 2341 1055 2393 est
1103 2334 1166 2392 in
1225 2351 1306 2405 se,
1348 2351 1483 2394 cum
1540 2335 1681 2394 luna
1739 2335 1988 2408 singulis

266 2427 572 2486 mensibus
600 2432 1005 2484 commutetur.
1030 2426 1096 2483 In
1122 2426 1241 2484 sole
1274 2434 1358 2484 est
1384 2427 1548 2484 nulla
1581 2426 1826 2499 macula,
1853 2443 1999 2505 cum

264 2535 496 2593 semper
548 2518 770 2576 macula
806 2518 879 2576 sit
914 2520 975 2576 in
1012 2519 1169 2576 luna.
1206 2517 1303 2577 Sol
1346 2518 1515 2576 habet
1559 2518 1986 2593 plenitudinem

266 2606 535 2677 luminis,
576 2622 611 2663 a
656 2622 771 2680 quo
820 2613 877 2664 et
925 2605 1039 2663 alia
1086 2606 1398 2664 luminaria
1439 2606 1636 2663 lumen
1675 2607 1980 2679 accipiunt.

272 2696 375 2756 Sol
422 2695 555 2752 licet
607 2694 682 2752 sit
740 2694 1145 2766 immutabilis,
1187 2694 1480 2752 interdum
1539 2700 1731 2752 tamen
1775 2693 1989 2766 patitur

269 2784 571 2859 eclypsim.
608 2784 703 2843 Sol
749 2800 976 2857 semper
1004 2783 1050 2838 5
1079 2783 1232 2843 lucet
1268 2784 1331 2842 in
1370 2784 1483 2842 die.
1529 2782 1637 2842 Sed
1679 2784 1877 2841 eadem
1923 2783 1985 2841 in

273 2889 410 2932 vero
441 2873 563 2931 sole
591 2880 786 2930 nostro
824 2871 1067 2931 sollicite
1104 2872 1539 2947 investigemus.
1579 2872 1675 2931 Sol
1705 2873 1766 2930 in
1802 2887 1865 2930 se
1892 2871 1988 2929 in-

2072 1982 2438 2055 Emmanuel,
2471 1987 2746 2041 nobiscum
2776 1990 2938 2052 Deus,
2967 2002 3100 2044 cum
3142 1985 3327 2044 factus
3369 1992 3454 2045 est
3501 1987 3679 2045 simul
3716 1986 3779 2045 in

2071 2087 2255 2131 unum
2291 2071 2454 2130 dives
2483 2077 2538 2129 et
2566 2088 2804 2146 pauper,
2834 2073 3059 2148 fuitque
3088 2090 3164 2132 ex
3193 2074 3349 2148 regia
3374 2073 3547 2145 tribu,
3580 2090 3785 2133 secun-

2072 2162 2214 2220 dum
2266 2161 2421 2236 quod
2468 2161 2528 2219 in
2577 2163 2702 2235 ejus
2743 2162 3077 2235 genealogia
3115 2162 3504 2222 describitur:
3544 2163 3783 2222 c'L'iber

2070 2249 2458 2323 generationis
2505 2249 2643 2308 Jesu
2683 2249 2896 2308 Christi
2950 2250 3059 2308 ﬁlii
3100 2250 3308 2323 David,
3344 2250 3455 2308 ﬁlii
3485 2250 3780 2309 Abraham

2072 2339 2288 2412 (Matth.
2319 2342 2379 2410 Ι),
2414 2361 2442 2390 ››
2484 2344 2589 2396 etc.
2720 2404 2725 2407 Α

2145 2427 2249 2485 Vel
2275 2428 2609 2487 obtulerunt
2629 2427 2755 2485 haec
2776 2427 2884 2485 tria
2912 2426 3270 2485 humanitati
3293 2427 3529 2500 Christi,
3559 2444 3774 2489 aurum

2072 2517 2214 2589 regi,
2248 2516 2527 2576 sacerdoti
2554 2517 2708 2583 thus,
2740 2516 3038 2589 myrrham
3066 2514 3318 2576 mortali.
3354 2516 3489 2576 Fuit
3516 2518 3672 2576 enim
3702 2533 3779 2576 ex

2070 2606 2226 2677 regia
2276 2610 2331 2663 et
2378 2605 2713 2663 sacerdotali
2760 2605 2932 2662 tribu.
2975 2605 3111 2663 Fuit
3144 2621 3269 2673 rex,
3305 2605 3444 2676 quia
3483 2604 3686 2665 habuit
3717 2605 3778 2663 in

2072 2695 2432 2765 vestimento,
2464 2701 2518 2752 et
2563 2695 2624 2752 in
2687 2694 2902 2751 femore
2952 2710 3060 2752 suo
3110 2693 3435 2767 scriptum:
3470 2720 3497 2743 «
3528 2693 3655 2753 Rex
3693 2710 3780 2752 re-

2068 2799 2228 2859 gum,
2261 2790 2316 2842 et
2352 2782 2636 2842 Dominus
2686 2783 3114 2842 dominantium
3161 2784 3351 2855 (Apoc.
3395 2785 3541 2856 XIX).
3581 2806 3604 2835 ι
3645 2782 3781 2841 Fuit

2069 2882 2124 2933 et
2160 2875 2423 2933 sacerdos
2472 2874 2794 2933 secundum
2840 2873 3101 2932 ordinem
3150 2873 3570 2932 Melchisedech
3608 2875 3778 2945 (Psal.

270 2961 1293 3036 commutabilisestetipseChristus
1321 2962 1645 3022 secundum
1663 2962 1988 3022 divinitatis
2067 2972 2212 3034 CIX),
2269 2964 2419 3037 regis
2481 2962 2694 3035 Salem,
2753 2963 2859 3039 qui
2911 2963 3172 3022 sacerdos
3228 2963 3341 3021 fuit
3400 2963 3506 3021 Dei
3558 2961 3780 3021 summi

273 3054 590 3134 potentiam
635 3068 860 3128 semper
907 3053 1403 3113 incommutabilis
1442 3062 1789 3127 perseverat.
1820 3054 1987 3113 Unde
2071 3054 2276 3124 (Genes.
2308 3063 2452 3123 XIV;
2484 3054 2646 3110 Hebr.
2682 3052 2802 3125 VII),
2835 3050 2973 3125 quia
3002 3067 3122 3110 non
3150 3066 3251 3125 per
3276 3052 3626 3125 sanguinem
3656 3049 3784 3108 hir-

272 3148 399 3222 ipse
423 3144 504 3203 ait
536 3162 550 3200 :
595 3166 615 3193 σι
648 3142 768 3215 Ego
806 3157 937 3200 sum
972 3142 1148 3214 Deus,
1190 3148 1245 3200 et
1276 3159 1393 3201 non
1434 3149 1627 3202 mutor
1656 3147 1817 3213 (Mal.
1850 3148 1935 3212 III)
1966 3162 1978 3201 :
2007 3157 2291 3241 C.lcorum,
2327 3148 2427 3200 aut
2454 3141 2794 3214 vitulorum,
2836 3141 2934 3199 sed
2970 3157 3072 3216 per
3094 3142 3397 3216 proprium
3424 3140 3776 3240 sanguinem

152 3224 158 3228 ’
271 3234 427 3309 apud
465 3247 641 3306 quem
678 3247 797 3289 non
832 3239 915 3289 est
944 3232 1368 3304 transmutatio,
1410 3248 1519 3290 nec
1563 3232 1985 3292 vicissitudinis

270 3320 641 3382 obumbratio
685 3322 816 3389 (Jac.
851 3324 906 3393 I).
940 3345 968 3369 ››
1020 3320 1091 3378 In
1142 3320 1261 3379 sole
1294 3320 1459 3380 nulla
1494 3328 1579 3379 est
1621 3321 1853 3379 macula
1881 3340 1896 3391 ;
1931 3328 1987 3377 et

273 3413 397 3486 ipse
422 3415 526 3480 est,
556 3407 659 3483 qui
684 3407 1054 3482 singulariter
1092 3408 1392 3482 ingressus
1421 3416 1505 3467 est
1532 3410 1820 3467 mundum
1860 3408 1987 3466 sine

275 3499 504 3560 macula
543 3520 564 3550 ι
600 3498 703 3573 qui
752 3504 1047 3571 peccatum
1100 3514 1220 3556 non
1264 3499 1417 3568 fecit,
1452 3513 1561 3556 nec
1596 3499 1872 3556 inventus
1904 3504 1989 3556 est

271 3591 444 3650 dolus
488 3588 549 3647 in
594 3603 693 3646 ore
720 3587 845 3661 ejus
896 3590 1053 3655 (Isai.
1084 3591 1230 3656 LIII).
1273 3609 1295 3638 ι
1342 3586 1438 3645 Sol
1471 3587 1643 3645 habet
1671 3587 1984 3661 plenitudi-

274 3698 410 3740 nem
439 3678 714 3749 luminis;
739 3683 795 3735 et
832 3677 894 3734 in
928 3692 995 3735 eo
1037 3676 1637 3751 habitavitplenitudo
1661 3678 1988 3737 divinitatis

272 3770 644 3845 corporaliter
666 3768 798 3838 (Col.
829 3768 910 3838 II),
950 3767 1045 3825 cui
1100 3781 1218 3824 non
1265 3772 1350 3825 est
1400 3766 1570 3826 datus
1612 3765 1869 3841 Spiritus
1915 3766 1987 3824 ad

277 3873 614 3918 mensuram
666 3860 843 3925 (Joan.
878 3860 981 3926 III),
1012 3856 1131 3913 imo
1168 3855 1239 3912 de
1269 3854 1635 3929 plenitudine
1672 3856 1795 3929 ejus
1826 3872 1986 3914 acce-

274 3950 472 4023 pimus
497 3963 701 4007 omnes
728 3947 970 4020 gratiam
998 3960 1100 4019 pro
1129 3947 1310 4018 gratia
1335 3949 1506 4017 (Joan.
1534 3946 1593 4019 I),
1616 3947 1846 4020 quando
1874 3963 1983 4005 un-

206 4082 211 4085 λ
273 4042 559 4112 guentum
614 4052 649 4094 a
691 4035 875 4107 capite
911 4033 1208 4092 descendit
1241 4049 1427 4107 usque
1463 4034 1535 4092 ad
1578 4033 1832 4105 barbam,
1863 4038 1920 4091 et
1956 4050 1990 4092 a

275 4127 453 4187 barba
483 4126 725 4185 stillavit
753 4125 815 4182 in
844 4140 1006 4184 oram
1035 4125 1362 4183 vestimenti
1397 4128 1565 4195 (Psal.
1601 4131 1863 4193 CXXXII).
1891 4124 1990 4185 Sol

274 4218 572 4277 interdum
596 4216 812 4290 patitur
839 4215 919 4273 ecl
932 4215 1117 4290 ypsim
1140 4234 1155 4287 ;
1183 4222 1239 4273 et
1266 4216 1389 4288 ipse
1417 4216 1679 4275 Christus
1707 4215 1989 4289 eclypsim

278 4309 476 4367 mortis
510 4324 712 4382 passus
743 4313 825 4365 est
853 4307 915 4364 in
946 4307 1230 4379 passione,
1259 4305 1494 4381 quando
1534 4308 1769 4365 recessit
1793 4305 1991 4364 Pastor

275 4396 497 4467 ovium,
546 4410 766 4468 ponens
809 4393 1067 4453 animam
1114 4409 1218 4466 pro
1257 4393 1469 4452 ovibus
1512 4394 1635 4452 suis
1665 4398 1844 4463 (Joan.
1897 4398 1986 4464 X),

2067 3232 2330 3291 introivit
2383 3232 2563 3291 semel
2616 3232 2677 3290 in
2714 3238 2930 3303 sancta,
2972 3238 3190 3290 aeterna
3247 3231 3640 3305 redemptione
3686 3229 3779 3288 in-
3878 3233 3880 3236 ’

2068 3330 2238 3382 venta
2286 3326 2470 3396 (Hebr.
2502 3324 2611 3395 IX).
2655 3348 2679 3374 «
2716 3323 2993 3382 Conversi
3041 3324 3200 3382 enim
3251 3340 3457 3383 sumus
3483 3323 3555 3382 ad
3587 3327 3777 3396 pasto;

2067 3428 2187 3470 rem
2219 3416 2276 3470 et
2301 3412 2629 3484 episcopum
2659 3412 2990 3471 animarum
3022 3419 3347 3471 nostrarum
3380 3418 3430 3477 (Ι
3453 3417 3599 3470 Petr.
3631 3413 3715 3484 II).
3752 3436 3779 3463 ιο

2068 3501 2204 3560 Fuit
2233 3502 2407 3560 etiam
2442 3499 2501 3563 6_
2516 3502 2800 3573 mortalis,
2835 3503 2973 3576 quia
3007 3528 3033 3553 α
3059 3518 3192 3561 vere
3224 3502 3534 3574 languores
3557 3508 3784 3561 nostros

2068 3590 2192 3663 ipse
2218 3589 2370 3660 tulit,
2404 3599 2459 3648 et
2483 3590 2707 3649 dolores
2738 3598 2964 3650 nostros
2990 3591 3125 3665 ipse
3162 3591 3412 3665 portavit
3444 3593 3572 3663 (Isa.
3602 3591 3717 3661 LIII)
3746 3612 3775 3640 ν

2068 3682 2131 3739 in
2161 3696 2394 3755 corpore
2422 3696 2528 3740 suo
2557 3696 2730 3754 super
2751 3681 2996 3754 lignum.

2139 3770 2282 3828 Haec
2335 3770 2536 3828 eadem
2575 3770 2700 3844 ipsa
2735 3770 2930 3845 Virgo,
2970 3769 3135 3828 stella
3172 3768 3368 3840 maris,
3406 3767 3617 3827 obtulit
3658 3766 3779 3826 Soli

2070 3864 2205 3917 nato
2229 3875 2337 3918 suo
2375 3859 2438 3917 in
2476 3875 2719 3933 persona
2752 3875 2876 3917 sua.
2909 3859 3128 3919 Obtulit
3165 3860 3322 3918 enim
3361 3874 3571 3918 aurum
3609 3859 3785 3931 regite

2071 3946 2389 4019 dignitatis,
2423 3950 2561 4021 quia
2596 3946 2706 4006 fuit
2755 3947 2877 4019 ipsa
2929 3948 3000 4006 de
3041 3947 3197 4023 regia
3240 3947 3419 4020 tribu,
3460 3947 3783 4007 secundum

2072 4035 2226 4108 quod
2280 4036 2343 4093 in
2394 4036 2546 4094 dicta
2588 4035 2924 4110 genealogia
2977 4036 3188 4110 legitur
3229 4060 3243 4094 :
3298 4059 3322 4089 ι
3354 4036 3533 4097 Jacob
3580 4037 3785 4111 genuit

2069 4127 2279 4201 Joseph
2305 4126 2498 4186 virum
2526 4125 2745 4196 Mariae,
2778 4125 2851 4184 de
2881 4142 2997 4200 qua
3018 4132 3192 4185 natus
3215 4132 3301 4185 est
3327 4126 3520 4200 Jesus,
3549 4127 3654 4202 qui
3685 4142 3785 4185 vo-

2073 4226 2233 4277 catur
2287 4217 2550 4277 Christus
2596 4219 2812 4288 (Matth.
2862 4218 2918 4290 I).
2962 4236 2990 4271 »
3033 4215 3254 4275 Obtulit
3304 4215 3480 4276 etiam
3536 4217 3674 4275 thus
3729 4222 3786 4274 et

2074 4309 2367 4382 myrrham
2402 4325 2415 4371 ;
2449 4304 2605 4366 unde
2644 4306 2706 4364 in
2737 4304 2971 4365 Cantico
2996 4305 3210 4365 amoris
3239 4305 3364 4364 haec
3399 4305 3516 4363 duo
3555 4304 3617 4363 in
3660 4305 3782 4377 ipsa
3876 4367 3882 4375 ,

2068 4399 2417 4472 junguntur,
2451 4397 2551 4455 ubi
2583 4396 2832 4455 dicitur:
2872 4418 2894 4446 α
2932 4397 3077 4466 Quas
3098 4404 3182 4455 est
3207 4396 3335 4467 ista,
3366 4412 3502 4470 quae
3529 4393 3786 4453 ascendit

279 4507 306 4537 ‹‹
335 4492 392 4543 et
450 4485 727 4543 inclinato
774 4484 957 4558 capite
1000 4484 1195 4542 emisit
1244 4483 1513 4557 spiritum
1551 4488 1731 4552 (Joan.
1764 4489 1919 4553 XIX).
1958 4508 1983 4534 »
2007 4506 2173 4563 1\per
2204 4489 2496 4547 desertum
2526 4487 2675 4546 sicut
2702 4487 2932 4561 virgula
2958 4486 3107 4545 fumi
3135 4503 3212 4545 ex
3235 4486 3587 4545 aromatibus
3625 4500 3782 4558 myr-

278 4575 373 4635 Sol
402 4590 631 4648 semper
658 4574 809 4633 lucet
845 4574 907 4632 in
945 4574 1076 4646 die;
1110 4580 1164 4631 et
1195 4574 1318 4646 ipse
1345 4571 1649 4643 Dominus,
1682 4539 2218 4647 postquamnrhze,
2279 4584 2333 4635 et
2388 4577 2594 4646 thuris,
2652 4539 2912 4635 universi
2966 4576 3225 4651 pulveris
3283 4574 3652 4651 pigmentarii
3678 4576 3705 4631 ?
3753 4598 3780 4623 η

274 4664 628 4739 resurgendo
671 4664 1029 4736 consumpsit
1064 4663 1328 4721 tenebras
1359 4668 1569 4721 nostrae
1602 4662 1983 4731 mortalitatis,

276 4774 304 4809 α
341 4770 649 4827 resurgens
679 4769 754 4811 ex
800 4752 1044 4812 mortuis
1070 4752 1190 4826 jam
1230 4768 1349 4811 non
1387 4750 1676 4819 morritur,
1710 4767 1866 4810 mors
1896 4752 1988 4810 illi

273 4848 425 4905 ultra
449 4862 567 4905 non
590 4845 986 4904 dominabitur
1018 4850 1191 4914 (Rom.
1222 4851 1331 4913 VI).
1368 4866 1395 4898 »
1443 4844 1553 4905 Sed
1589 4843 1779 4901 lucem
1817 4842 1986 4900 habi-

279 4942 354 4994 tat
404 4932 863 4992 inaccessibil’em
893 4935 936 4999 (Ι
972 4937 1112 4991 Tim.
1144 4937 1249 5004 VI),
1282 4933 1428 4991 etin
1462 4949 1529 4991 eo
1568 4933 1822 4990 tenebrae
1869 4948 1988 4990 non

275 5034 417 5086 sunt
444 5025 586 5084 ullae
618 5029 672 5095 (Ι
695 5029 852 5083 Joan.
887 5030 950 5095 I).
994 5025 1167 5083 Hunc
1207 5025 1365 5083 solus
1393 5024 1591 5098 aquila
1629 5024 1882 5083 Joannes
1908 5023 1990 5081 ir-

282 5115 661 5174 reverberatis
722 5114 1049 5173 luminibus
1101 5114 1348 5173 intuitus
1408 5119 1494 5171 est
1544 5114 1605 5171 in
1662 5119 1782 5172 rota
1836 5129 1940 5171 sua
1974 5157 1989 5185 ,

273 5203 504 5278 quando
532 5202 675 5260 adeo
707 5202 820 5260 alte
849 5202 1083 5274 volavit,
1110 5203 1262 5277 quod
1303 5201 1351 5260 si
1398 5200 1569 5281 paulo
1627 5202 1802 5260 altius
1838 5202 1989 5260 into-

274 5294 516 5363 nuisset,
557 5297 707 5350 totus
759 5292 1017 5350 mundus
1065 5307 1199 5350 eum
1254 5306 1455 5365 capere
1516 5308 1631 5352 non
1692 5292 1989 5366 potuisset,

274 5381 592 5456 inquiens:
644 5406 668 5431 α
708 5381 775 5438 In
832 5380 1117 5455 principio
1166 5388 1287 5438 erat
1341 5380 1615 5449 Verbum,
1645 5389 1699 5440 et
1734 5381 1990 5440 Verbum

273 5476 394 5530 erat
442 5469 599 5544 apud
647 5471 852 5543 Deum,
885 5475 940 5528 et
989 5470 1144 5529 Deus
1200 5476 1320 5529 erat
1370 5470 1625 5529 Verbum
1657 5473 1831 5541 (Joan.
1868 5471 1922 5543 1).
1960 5494 1986 5521 ιο

346 5561 499 5635 Magi
532 5577 668 5636 ergo
701 5560 1017 5621 illuminati
1046 5577 1081 5620 a
1109 5562 1229 5620 sole
1262 5561 1507 5620 veniunt
1534 5561 1604 5620 ad
1639 5560 1851 5634 Solem,
1886 5561 1990 5637 qui

344 5662 478 5727 (110)
512 5661 688 5728 Greg.,
721 5662 906 5716 homtl.
937 5665 994 5715 t3
1030 5665 1086 5716 in
1134 5666 1333 5729 Evang.

2078 4669 2249 4737 (Cant.
2272 4668 2373 4740 III.)
2404 4665 2639 4739 Myrrha
2662 4672 2813 4723 arcet
2850 4680 3078 4723 vermes
3104 4680 3138 4722 a
3163 4663 3497 4738 corporibus
3527 4668 3780 4721 mortuo-

2075 4775 2224 4823 rum,
2252 4764 2307 4816 et
2361 4758 2483 4832 ipsa
2529 4771 2765 4830 corpora
2817 4760 3114 4814 conservat
3152 4769 3186 4811 a
3222 4752 3612 4827 corruptione,
3645 4767 3778 4827 pro-

2078 4855 2198 4922 pter
2248 4846 2402 4921 quod
2458 4844 2803 4903 Nicodamus
2848 4843 3038 4902 attulit
3092 4841 3395 4899 misturam
3430 4843 3688 4915 myrrhae
3724 4848 3779 4897 et

2075 4936 2228 4994 aloes
2275 4936 2447 5009 (Joan.
2479 4935 2624 5007 XIX),
2668 4941 2731 4993 ut
2763 4931 3025 4991 condiret
3049 4945 3259 5003 corpus
3296 4929 3454 4989 Jesu.
3486 4930 3595 4989 Per
3623 4945 3784 5004 myr-

2076 5023 2241 5081 rham
2290 5038 2424 5095 ergo
2472 5020 2665 5081 carnis
2706 5018 3007 5091 integritas
3058 5017 3428 5091 designatur,
3476 5019 3612 5077 thus
3650 5032 3785 5075 vero

2076 5111 2288 5171 mentis
2337 5112 2612 5186 exprimit
2667 5109 3050 5175 devotionem.
3108 5106 3264 5166 Bene
3319 5123 3454 5182 ergo
3498 5108 3591 5166 hae
3651 5107 3785 5165 dum

2076 5203 2291 5276 species
2325 5203 2383 5260 in
2425 5201 2607 5271 stella,
2644 5206 2699 5257 et
2736 5198 2895 5272 virga
2944 5205 3136 5257 nostra
3167 5198 3523 5273 junguntur,
3554 5195 3691 5271 quia
3721 5196 3782 5254 in

2075 5294 2301 5367 virgine
2351 5290 2531 5349 Maria
2587 5287 2778 5348 carnis
2825 5287 3146 5361 integritas,
3195 5294 3250 5346 et
3298 5286 3508 5345 mentis
3558 5284 3785 5343 devotio

2076 5397 2301 5455 semper
2378 5378 2631 5437 indivisa
2686 5382 3044 5435 manserunt.
3103 5377 3173 5434 Et
3219 5375 3426 5434 merito
3479 5373 3711 5433 additur
3771 5393 3782 5432 :

2082 5494 2107 5521 α
2141 5470 2401 5530 universi
2426 5467 2684 5542 pulveris
2704 5466 3113 5541 pigmentarii;
3147 5489 3172 5516 ιι
3202 5464 3342 5539 quia
3363 5461 3485 5537 ipsa
3509 5463 3652 5522 adeo
3679 5462 3788 5521 fuit

2076 5560 2245 5620 donis
2295 5558 2546 5636 Spiritus
2588 5558 2773 5617 sancti
2816 5557 3042 5628 referta,
3093 5559 3158 5615 ut
3207 5553 3412 5619 audire
3460 5553 3780 5617 meruerit:
