4170 6460
325 311 428 375 511

948 318 1007 379 S.
1047 320 1270 380 PETRI
1309 319 1630 380 DAMIANI
1668 318 1828 379 OPP.
1874 317 2066 377 PARS
2108 316 2249 376 SEU
2286 316 2536 376 TOMUS
2578 316 2652 374 ΙΙ.
2696 347 2761 358 -
2801 313 3218 387 SEBMONES.

3726 320 3833 378 5|?

327 464 351 494 ι
385 442 529 511 Ave,
562 443 744 516 gratia
804 442 992 515 plena,
1026 443 1310 502 Dominus
1362 451 1573 513 tecum,
1615 442 1915 502 benedicta
1978 445 2363 503 tuAtuerunt
2395 443 2571 514 (Prov.
2606 444 2800 509 XXIV).
2845 464 2865 488 ι
2914 438 3128 497 Statuit
3164 453 3414 510 namque
3453 437 3681 513 Moyses
3725 448 3844 499 ter-

324 530 389 588 in
451 530 800 588 mulieribus
834 576 849 600 ,
904 536 958 587 et
1005 530 1345 591 benedictus
1399 532 1620 590 fructus
1673 530 1897 587 ventris
1955 529 2041 587 tui

320 616 479 701 (Lyc.
514 624 576 687 ι).
614 642 634 668 υ
671 617 767 676 Sic
792 634 951 691 ergo,
992 619 1214 689 fratres,
1245 620 1579 678 obtulerunt
1612 617 1785 691 magi,
1830 616 2043 676 obtulit

326 712 381 765 et
419 706 583 779 virgo
609 705 787 763 Maria
825 705 991 764 stella
1026 715 1234 766 nostra.
1271 707 1341 765 Et
1390 707 1529 783 quia
1567 706 1833 780 exempla
1864 705 2042 763 dede-

326 802 462 855 runt
500 795 686 865 nobis,
714 810 848 869 ergo
875 803 930 853 et
958 812 1063 855 nos
1090 797 1167 855 ita
1196 798 1494 856 faciamus.

398 884 693 943 Venerunt
747 886 918 958 magi,
954 887 1258 945 veniamus
1314 893 1369 945 et
1413 903 1538 959 nos,
1576 887 1716 962 quia
1766 884 2043 959 scriptum

322 982 406 1033 est
442 994 453 1032 :
492 996 521 1027 ‹‹
555 973 762 1033 Venite
799 975 869 1032 ad
906 990 1015 1046 me,
1054 990 1255 1034 omnes
1294 976 1393 1050 qui
1426 975 1698 1033 laboratis
1734 982 1788 1033 et
1825 977 2043 1034 onerati

324 1064 478 1132 estis,
520 1070 575 1121 et
629 1079 734 1135 ego
791 1063 1045 1122 reficiam
1103 1080 1206 1123 vos
1260 1067 1475 1137 (Matth.
1518 1067 1616 1136 XI).
1671 1088 1692 1115 υ
1740 1065 1809 1122 Ει
1852 1065 2039 1124 alibi:

328 1172 355 1205 α
395 1150 597 1208 Venite
627 1151 696 1208 ad
738 1167 848 1221 me,
876 1153 979 1225 qui
1013 1153 1418 1227 concupiscitis
1446 1168 1539 1211 me
1568 1154 1758 1225 (Eccli.
1792 1156 1986 1224 XXIV).
2015 1177 2041 1203 η

326 1240 726 1313 Inquisicrunt
755 1241 927 1315 magi,
954 1242 1327 1316 inquiramus
1356 1249 1410 1300 et
1440 1257 1568 1314 nos,
1600 1243 1735 1316 quia
1766 1243 2041 1316 scriptum

326 1338 410 1387 est
455 1349 466 1386 :
511 1349 538 1382 «
570 1328 822 1399 Quarite
873 1331 1225 1403 Dominum,
1279 1332 1417 1390 dum
1474 1333 1727 1391 inveniri
1775 1338 1976 1407 potest.
2015 1354 2041 1385 »

329 1419 709 1478 Prociderunt
741 1421 914 1495 magi,
943 1422 1311 1496 procidamus
1350 1430 1405 1480 et
1443 1438 1569 1493 nos,
1599 1423 1739 1497 quia
1767 1424 2040 1497 scriptum

329 1518 453 1567 est:
493 1532 519 1563 «
554 1511 779 1584 Venite,
815 1513 1143 1583 adoremus,
1176 1523 1229 1571 et
1272 1514 1640 1589 procidamus
1689 1521 1821 1573 ante
1862 1515 2041 1572 Deum

327 1602 498 1670 (Psal.
534 1605 719 1670 XCIV).
753 1626 780 1650 ao
816 1602 1222 1661 Adoraverunt
1275 1604 1450 1677 magi,
1487 1605 1795 1662 adoremus
1823 1611 1879 1663 et
1920 1622 2040 1675 nos,

332 1688 470 1762 quia
522 1689 800 1763 scriptum
860 1697 945 1748 est
993 1710 1004 1749 :
1064 1715 1090 1742 α
1125 1692 1372 1751 Adorate
1420 1692 1735 1751 Dominum
1798 1694 1860 1751 in
1912 1694 2042 1751 aula

2135 533 2321 591 minos
2350 538 2546 590 contra
2574 537 2827 591 montem
2859 528 3043 599 Sinai,
3070 543 3185 602 quo
3217 529 3540 602 transgredi
3568 546 3685 589 non
3715 531 3851 591 lice-

2130 621 2228 680 bat
2283 623 2484 689 (Eacod.
2539 624 2691 691 XIX).
2753 620 2822 676 Et
2878 618 3105 676 utinam
3161 615 3298 673 istos
3348 617 3628 676 terminos
3689 620 3847 678 nulli

2132 710 2629 781 transgrediantur
2654 756 2669 780 ,
2711 707 2968 781 alioquin
3009 705 3303 780 lapidibus
3331 712 3503 764 erunt
3534 708 3720 780 digni.
3752 710 3842 767 Ex

2132 800 2239 858 hac
2270 799 2523 873 pendent
2560 797 2744 873 clypei
2787 796 2947 855 mille
2975 842 2991 867 ,
3031 792 3302 868 perfectio
3344 794 3610 854 videlicet
3645 804 3845 856 aucto-

2133 891 2386 958 ritatum,
2419 904 2552 964 qua
2580 895 2664 946 est
2691 889 2762 946 ad
2794 886 3227 944 munimentum
3256 882 3460 956 ipsius.
3498 885 3633 944 Hac
3664 887 3844 944 turris

2132 977 2366 1051 ponitur
2430 985 2625 1035 contra
2684 975 3027 1033 Damascum
3067 1017 3081 1044 ,
3134 971 3350 1030 scilicet
3414 979 3611 1031 contra
3644 975 3845 1056 robur

2132 1068 2559 1125 haereticorum.
2593 1064 2769 1123 Aliud
2797 1063 3237 1121 fundamentum
3268 1062 3418 1121 alius
3447 1078 3620 1120 nemo
3661 1068 3842 1135 potest

2130 1172 2363 1230 ponere,
2395 1160 2601 1228 prater
2643 1153 2699 1211 id
2740 1152 2892 1227 quod
2923 1152 3171 1226 positum
3207 1158 3310 1221 est,
3341 1150 3499 1226 quod
3529 1158 3614 1208 est
3642 1152 3845 1209 Chris-

2132 1253 2225 1303 tus
2257 1245 2424 1303 Jesus
2458 1248 2508 1313 (Ι
2531 1247 2651 1302 Cor.
2691 1247 2794 1311 III),
2828 1241 2887 1299 id
2916 1249 2998 1298 est
3032 1240 3373 1314 mysterium
3404 1239 3636 1319 Christi.

2203 1339 2507 1398 Immobile
2544 1338 2794 1412 profecto
2826 1344 2878 1395 et
2908 1336 3273 1394 immutabile
3308 1342 3391 1394 est
3432 1336 3644 1395 Christi
3680 1352 3844 1411 mys—

2132 1429 2362 1497 terium,
2404 1428 2541 1501 quia
2574 1426 2884 1500 multiplex
2924 1425 3129 1482 habuit
3170 1425 3582 1485 testimonium.
3627 1425 3846 1484 Habuit

2129 1518 2285 1574 enim
2312 1516 2708 1574 testimonium
2734 1514 3062 1583 hominum,
3081 1513 3477 1572 testimonium
3498 1514 3842 1584 mulierum,

2132 1606 2528 1663 testimonium
2560 1603 2841 1672 virorum,
2875 1601 3273 1660 testimonium
3313 1618 3543 1671 senum,
3587 1603 3844 1661 testimo-

2128 1695 2295 1751 nium
2360 1700 2738 1761 terrenorum,
2790 1691 3186 1749 testimonium
3238 1690 3539 1761 calorum,
3586 1692 3846 1749 testiino-

326 1785 523 1838 sancta
580 1781 707 1854 ejus
767 1782 937 1852 (Psal.
974 1787 1212 1849 XXVIII).
1248 1808 1274 1831 υ
1304 1780 1655 1841 Obtulerunt
1693 1785 1869 1859 magi,
1898 1786 2041 1843 ot‘fe-
2064 1802 2111 1861 B
2130 1782 2296 1840 nium
2314 1778 3043 1855 gentilium,testimonium
3067 1778 3428 1849 Judaorum,
3447 1777 3846 1837 testimonium

329 1881 531 1926 ramus
581 1876 635 1927 et
684 1884 806 1939 nos,
837 1868 973 1944 quia
1033 1870 1307 1944 scriptum
1365 1878 1494 1929 est:
1535 1894 1556 1923 ι
1612 1871 1856 1931 Obsecro
1918 1888 2038 1943 vos,

327 1954 553 2028 fratres,
586 1963 650 2015 ut
699 1957 1025 2015 exhibeatis
1067 1974 1301 2033 corpora
1341 1967 1530 2018 vestra
1562 1961 1806 2019 hostiam
1838 1961 2043 2019 viven-

329 2050 467 2115 tem,
499 2053 776 2118 sanctam,
806 2046 922 2105 Deo
962 2047 1298 2121 placentem,
1332 2051 1671 2109 rationabile
1700 2052 2043 2127 obsequium

332 2142 592 2194 vestrum
649 2140 819 2209 (Rom.
855 2140 1039 2210 XII).»
1099 2139 1420 2199 Otferamus
1482 2149 1538 2199 et
1596 2157 1701 2199 nos
1754 2143 1856 2200 illa
1912 2144 2041 2213 tria,

336 2238 471 2297 qua
513 2223 851 2283 obtulerunt
901 2227 1073 2299 magi,
1109 2227 1276 2286 aliter
1314 2236 1501 2288 tamen
1541 2246 1714 2304 quam
1746 2231 1854 2288 illi.
1893 2231 2045 2289 Offe-

337 2325 540 2370 ramus
596 2314 892 2385 myrrham
944 2316 1449 2389 mortificationis,
1507 2326 1572 2377 ut
1638 2320 2048 2377 mortiticantes

338 2414 576 2474 corpora
623 2407 836 2473 nostra,
899 2419 1034 2476 qua
1090 2412 1226 2462 sunt
1282 2421 1452 2480 super
1504 2414 1708 2465 terram
1767 2410 1902 2477 (Col.
1938 2413 2047 2478 III),

338 2486 530 2546 carnis
583 2504 779 2548 curam
833 2506 949 2549 non
1014 2492 1291 2551 faciamus
1348 2494 1408 2552 in
1457 2494 1777 2567 desideriis,
1820 2497 2050 2554 cruciti-

338 2583 539 2649 gentes
583 2593 818 2650 corpora
849 2584 1045 2639 nostra
1084 2597 1218 2639 cum
1272 2583 1451 2655 vitiis,
1481 2590 1536 2642 et
1570 2584 2051 2659 concupiscentiis

340 2665 485 2737 (Gal.
524 2669 625 2736 V);
656 2673 711 2724 et
748 2667 809 2725 in
850 2669 943 2728 his
974 2675 1163 2729 tamen
1195 2670 1469 2730 omnibus
1499 2674 1837 2733 rationabile
1866 2675 1959 2742 sit,
1990 2680 2055 2732 ut

339 2752 562 2811 dictum
611 2760 715 2827 est,
765 2756 1111 2831 obsequium
1156 2767 1420 2819 nostrum
1462 2764 1631 2834 (Rom.
1670 2766 1793 2838 XII).
1833 2763 2051 2823 Otfcra-

341 2857 474 2900 mus
528 2844 666 2904 thus
719 2844 943 2905 devota
995 2850 1294 2923 orationis,
1326 2852 1649 2912 secundum
1705 2855 1855 2927 quod
1898 2855 2053 2927 Apo-

340 2930 522 2989 stolus
548 2932 629 2991 ait
663 2952 677 2991 :
716 2955 737 2985 ι
770 2932 954 2994 Orabo
983 2937 1213 3009 spiritu,
1248 2940 1423 2999 orabo
1451 2947 1506 2998 et
1543 2949 1736 2999 mente
1763 2964 1776 3012 ;
1815 2943 2050 3016 psallam

342 3018 568 3093 spiritu,
626 3020 866 3093 psallam
921 3029 977 3081 et
1041 3033 1229 3083 mente
1282 3030 1331 3095 (I
1376 3031 1495 3085 Cor.
1534 3033 1681 3100 XIV),
1717 3053 1740 3079 ι
1787 3039 1869 3101 ιιι,
1907 3057 1932 3080 α
1965 3032 2056 3089 di-

344 3107 567 3178 rigatur
591 3109 774 3167 oratio
812 3125 940 3168 mea
976 3109 1127 3170 sicut
1156 3112 1456 3174 incensum
1508 3117 1569 3174 in
1604 3126 1909 3192 conspectu
1942 3121 2056 3180 Do-

343 3193 493 3252 mini
525 3195 692 3267 (Psal.
728 3197 884 3267 CXL).
916 3224 941 3247 »
974 3198 1294 3261 Oﬂ'eramus
1322 3211 1379 3262 et
1414 3220 1648 3279 aurum,
1694 3206 2056 3281 splendorem

343 3282 682 3356 sapientia;
743 3301 954 3346 aurum
1036 3304 1288 3365 namque
1358 3295 1699 3367 sapientiam
1776 3296 2055 3370 designat,

338 3372 512 3447 juxta
543 3372 692 3432 illud
724 3397 738 3432 :
783 3395 805 3427 α
849 3375 1181 3437 Thesaurus
1219 3381 1617 3442 desiderabilis
1654 3386 1959 3459 requiescit
1996 3388 2059 3445 in

344 3475 445 3519 ore
500 3462 774 3536 sapientis
823 3468 997 3533 (Prov.
1057 3469 1204 3538 XXI),
1252 3493 1279 3521 ι»
1320 3477 1384 3528 ut
1439 3471 1624 3531 simus
1672 3474 1855 3548 parati
1899 3475 2059 3534 omni

343 3551 601 3623 poscenti
643 3552 713 3609 de
759 3568 847 3625 ea,
878 3570 1012 3627 qua
1060 3555 1121 3613 in
1170 3557 1341 3616 nobis
1389 3566 1493 3630 est,
1524 3559 1657 3633 ﬁde,
1694 3571 1748 3619 et
1790 3578 1890 3636 spe
1931 3564 2059 3622 red-

344 3638 478 3698 dere
545 3642 852 3714 rationem,
883 3651 938 3702 et
994 3645 1298 3717 splendore
1352 3649 1653 3722 sapientia
1708 3652 2056 3726 fulgeamus,

344 3737 399 3788 et
423 3736 622 3790 contra
652 3732 1054 3793 haereticorum
1088 3737 1353 3796 tenebras
1384 3739 1657 3815 intrepidi
1687 3742 2057 3813 dimicemus,

346 3824 520 3892 atque
565 3819 755 3878 dicere
799 3822 1130 3893 possimus:
1169 3848 1195 3876 α
1228 3825 1453 3886 Bonum
1492 3829 1636 3887 mihi
1693 3831 1789 3888 lex
1826 3832 1944 3889 oris
1976 3832 2060 3889 tui

349 3928 523 3987 super
569 3914 753 3972 millia
801 3917 927 3975 auri
968 3925 1024 3976 et
1059 3922 1279 3991 argenti
1313 3924 1476 3994 (Psal.
1505 3927 1730 3997 CXVIII).
1767 3951 1793 3974 »
1831 3926 1899 3983 Et
1945 3928 2061 3985 uti-

350 4021 486 4064 nam
538 4023 657 4067 non
708 4012 946 4082 possetis
1002 4013 1191 4071 dicere
1246 4016 1479 4089 potius:
1517 4016 1743 4075 Bonum
1790 4019 1932 4076 mihi
1964 4018 2061 4077 lex

350 4095 467 4154 oris
494 4096 806 4157 Iustiniani
834 4116 1009 4175 super
1035 4104 1221 4163 millia
1244 4106 1372 4164 auri
1403 4103 1447 4159 7
1467 4112 1521 4163 et
1540 4107 1780 4180 argenti,
1801 4129 1826 4159 «
1850 4107 2062 4165 Narra-

352 4186 723 4243 veruntmibi
742 4188 932 4264 iniqui
958 4191 1360 4264 fabulationes,
1378 4194 1475 4253 sed
1494 4212 1609 4253 non
1630 4196 1705 4253 ita
1725 4200 1790 4254 ut
1820 4196 1914 4252 lex
1941 4202 2059 4269 tua,

2131 1872 2552 1944 antiquorum,
2611 1866 3010 1925 testimonium
3074 1866 3528 1938 modernorum,
3588 1867 3847 1926 testimo-

2135 1963 2302 2021 nium
2356 1962 2521 2032 lucis,
2572 1957 2965 2018 testimonium
3018 1957 3406 2027 tenebrarum,
3448 1958 3843 2017 testimonium

2134 2053 2299 2126 legis,
2366 2049 2763 2109 testimonium
2812 2047 3245 2121 prophetarum,
3304 2047 3695 2106 testimonium
3753 2064 3847 2105 rc-

2137 2156 2295 2213 gum,
2342 2139 2732 2196 testimonium
2765 2136 3087 2205 turbarum,
3120 2136 3516 2194 testimonium
3548 2137 3843 2206 vivorum,

2138 2227 2535 2287 testimonium
2589 2233 2989 2293 mortuorum,
3043 2223 3439 2282 testimonium
3503 2224 3845 2294 brutorum,

2141 2315 2534 2374 testimonium
2590 2313 2747 2383 solis,
2792 2312 3186 2371 testimonium
3245 2313 3689 2371 elementorum.
3728 2313 3847 2371 Ha-

2140 2407 2266 2465 buit
2310 2405 2703 2464 testimonium
2747 2404 3073 2475 hominum,
3116 2403 3255 2478 quia
3295 2409 3547 2477 pastores
3580 2411 3742 2463 erant
3784 2406 3845 2462 in

2140 2495 2374 2568 regione
2429 2494 2550 2564 illa,
2598 2494 2699 2567 qui
2752 2492 3051 2550 venientes
3110 2492 3466 2550 invenerunt
3519 2493 3591 2551 de
3639 2492 3847 2562 verbo,

2142 2583 2290 2641 sicut
2326 2582 2546 2640 dictum
2575 2585 2696 2639 erat
2733 2579 2801 2636 ad
2831 2595 2927 2637 eos
2965 2580 3034 2637 de
3064 2595 3240 2653 puero
3270 2581 3412 2651 (Luc.
3447 2583 3528 2648 II).
3562 2580 3853 2638 Testimo-

2141 2672 2308 2730 nium
2365 2670 2726 2743 angelorum,
2775 2669 2878 2744 qui
2914 2668 3155 2742 angelus
3206 2669 3435 2727 Domini
3484 2670 3638 2727 stetit
3681 2671 3851 2743 juxta

2144 2762 2292 2832 illos,
2327 2767 2380 2819 et
2407 2760 2557 2818 dixit
2594 2760 2677 2817 eis
2710 2783 2721 2817 :
2762 2782 2783 2811 α
2827 2759 2971 2817 Ecce
3005 2757 3336 2832 evangelizo
3371 2759 3535 2818 vobis
3568 2759 3848 2833 gaudium

2145 2865 2457 2923 magnum,
2491 2849 2626 2921 quia
2653 2855 2825 2905 natus
2864 2854 2948 2904 est
2986 2846 3156 2906 hodie
3190 2847 3449 2905 Salvator
3480 2848 3710 2917 mundi,
3750 2848 3849 2924 qui

2144 2946 2229 2998 est
2279 2938 2542 3009 Christus
2600 2936 2882 2995 Dominus
2941 2936 3001 2993 in
3059 2936 3287 2994 civitate
3346 2936 3523 2994 David
3583 2939 3850 3009 (Ibid)...

2146 3029 2217 3086 Et
2268 3028 2415 3085 facta
2468 3032 2552 3084 est
2610 3040 2740 3084 cum
2804 3024 3007 3097 angelo
3046 3025 3361 3084 multitudo
3395 3025 3644 3084 caelestis
3681 3042 3849 3085 exer-

2147 3119 2314 3188 citus,
2351 3113 2721 3173 laudantium
2758 3112 2963 3183 Deum,
3006 3119 3062 3170 et
3098 3112 3417 3170 dicentium
3453 3137 3465 3171 :
3499 3135 3527 3167 «
3555 3114 3750 3173 Gloria
3787 3116 3846 3172 in

2146 3203 2389 3263 excelsis
2417 3202 2555 3272 Deo,
2596 3205 2651 3259 et
2700 3200 2759 3258 in
2802 3205 2951 3258 terra
2994 3215 3105 3274 pax
3158 3200 3499 3259 hominibus
3545 3202 3707 3260 bona
3754 3218 3853 3261 vo-

2145 3294 2385 3354 luntatis
2445 3293 2641 3365 (Ibid).
2696 3315 2723 3340 ιο
2784 3289 3001 3348 Habuit
3059 3290 3451 3349 testimonium
3514 3292 3854 3365 mulierum,

2146 3384 2283 3459 quia
2332 3385 2505 3441 Anna
2561 3381 2916 3455 prophetissa
2976 3379 3096 3439 filia
3156 3381 3417 3439 Phanuel
3473 3382 3855 3441 conﬁtebatur

2148 3471 2415 3539 Domino,
2445 3476 2500 3529 et
2542 3469 2882 3543 loquebatur
2922 3470 2993 3528 de
3039 3468 3143 3528 illo
3179 3470 3453 3529 omnibus
3500 3470 3601 3544 qui
3650 3486 3855 3545 exspe-

2147 3563 2375 3621 ctabant
2426 3560 2876 3634 redemptionem
2936 3560 3109 3619 Israel
3170 3562 3373 3634 (Ibid).
3426 3560 3646 3621 Habuit
3697 3562 3856 3620 testi-

2149 3652 2417 3710 monium
2472 3650 2755 3719 virorum,
2790 3648 2927 3723 quia
2982 3665 3096 3707 uno
3142 3650 3235 3707 die
3293 3650 3555 3708 conversi
3588 3657 3725 3710 sunt
3750 3651 3859 3709 tria

2149 3739 2355 3808 millia,
2395 3746 2447 3796 et
2473 3738 2590 3796 alio
2625 3739 2892 3813 quinque
2922 3737 3107 3795 millia
3138 3739 3278 3811 (Act.
3306 3752 3384 3810 II;
3420 3741 3518 3813 Iv),
3550 3741 3649 3815 qui
3695 3740 3858 3797 testi-

2151 3826 2419 3885 monium
2466 3825 2843 3899 perbibebant
2885 3826 2955 3884 de
3008 3827 3167 3885 Jcsu.
3200 3826 3420 3884 Habuit
3460 3827 3852 3886 testimonium

2151 3931 2378 3983 senum,
2410 3916 2547 3988 quia
2579 3914 2857 3989 antiquus
2897 3915 2994 3971 ille
3025 3915 3251 3973 dierum
3288 3916 3541 3985 Simeou,
3570 3916 3738 3989 cujus
3760 3930 3855 3972 ca-

2154 4003 2277 4076 pilli
2307 4010 2469 4061 crant
2497 4005 2642 4062 sicut
2676 4003 2804 4061 lana
2833 4002 2982 4073 alba,
3010 4003 3110 4077 qui
3139 4009 3430 4076 acceperat
3458 4019 3798 4077 responsum
3824 4020 3856 4059 a

2156 4093 2373 4168 Spiritu
2415 4102 2609 4152 sancto
2642 4108 2754 4151 non
2794 4092 3061 4151 visurum
3113 4109 3173 4151 se
3217 4100 3460 4150 mortem
3491 4092 3603 4150 nisi
3635 4092 3857 4152 videret

2152 4184 2445 4243 Christum
2475 4182 2727 4253 Domini,
2744 4181 3031 4254 accipiens
3054 4198 3187 4240 eum
3216 4182 3277 4240 in
3300 4183 3469 4241 ulnas
3494 4199 3648 4251 suas,
3673 4183 3851 4240 dixit:

352 4271 597 4331 Domine
649 4275 829 4349 (Ibid)
858 4296 875 4349 ;
920 4303 946 4327 ι»
984 4304 1010 4327 κ
1046 4280 1479 4356 dereliquerunt
1529 4300 1738 4341 venam
1776 4299 2052 4357 aquarum

2156 4295 2182 4325 «
2216 4274 2385 4331 Nunc
2435 4271 2676 4329 dimittis
2724 4286 2957 4329 servum
3011 4279 3193 4339 tuum,
3229 4271 3492 4338 Domine,
3531 4272 3858 4332 secundum

353 4362 675 4422 viventium
704 4365 1018 4428 Dominum
1063 4375 1193 4441 (Ier.
1230 4377 1399 4445 XVII),
1436 4394 1463 4426 »
1492 4380 1556 4431 ut
1584 4373 1786 4431 merito
1816 4374 1939 4446 ipsa
1970 4389 2060 4430 sa-
2155 4364 2395 4421 verbum
2416 4369 2606 4427 tuum,
2630 4362 2688 4418 in
2708 4361 3009 4434 pace,quia
3023 4360 3299 4418 viderunt
3323 4358 3367 4415 8
3392 4361 3539 4418 oculi
3568 4360 3681 4418 mei
3708 4361 3859 4418 salu-

354 4454 573 4529 pienlia
620 4467 1030 4533 conqueratur,
1086 4463 1324 4523 dicens;
1390 4488 1410 4516 ι(
1475 4464 1919 4538 Dereliquerunt
1970 4479 2061 4522 me
2091 4463 2272 4538 “iure
2290 4463 2453 4512 tuum
2484 4455 2777 4521 (Lu0.'Il).n
2806 4451 3430 4509 Habuittestimonium
3456 4450 3853 4525 parvulorum,

354 4516 573 4605 i‘ontem
611 4516 780 4621 aqua
834 4550 987 4609 viva
1019 4516 1166 4621 ’(Ιθν.
1192 4555 1272 4625 II).
1311 4576 1331 4605 ιι
1368 4554 1511 4613 Nam
1543 4554 1607 4611 hi
1645 4516 1747 4628 qjui
1776 4553 1837 4611 in
1879 4552 2063 4625 legem
2091 4516 2287 4619 unia
2319 4545 2656 4602 Innocentes
2680 4540 2791 4611 illi,
2816 4557 2949 4599 eum
2975 4540 3244 4614 quamvis
3266 4556 3379 4598 non
3413 4540 3859 4614 quuendo,mo-

354 4634 587 4696 Domini
625 4637 838 4697 debent
869 4641 1137 4699 meditari
1189 4642 1282 4700 die
1321 4659 1385 4701 ac
1423 4651 1588 4701 nocte
1626 4660 1659 4700 ει
1711 4644 1946 4700 veritate
1992 4644 2062 4700 ad
2150 4634 2347 4692 riendo
2387 4641 2575 4690 tamen
2617 4630 2857 4688 confessi
2900 4637 3035 4687 sunt
3075 4633 3292 4687 (Matth.
3335 4634 3412 4699 II).
3455 4654 3473 4681 ι)
3522 4629 3735 4688 Habuit
3775 4636 3855 4685 tc-

354 4724 579 4783 fabulas
634 4734 979 4788 convertunt
1039 4731 1324 4789 auditum.
1386 4729 1660 4789 Custodes
1706 4747 1838 4803 ergo
1893 4748 2065 4805 super
2150 4725 2487 4784 stimonium
2531 4730 2912 4793 terrenorum,
2956 4721 3093 4794 quia
3133 4737 3241 4793 pax
3289 4721 3427 4777 facta
3468 4727 3551 4776 est
3599 4720 3659 4776 in
3714 4725 3859 4775 terra

359 4828 557 4872 muros
596 4814 854 4874 ecclesia
888 4818 1185 4877 constituti
1225 4817 1530 4893 vigilantes
1569 4818 1705 4887 sint,
1750 4835 1822 4876 ne
1861 4819 2066 4893 vulpes

360 4900 657 4961 Samsonis
700 4904 1011 4964 incendant
1060 4912 1275 4979 segetes
1323 4913 1545 4965 nostras
1593 4909 1794 4974 (Judz‘c.
1833 4910 1977 4981 XV);
2012 4916 2066 4965 et

356 4998 602 5065 ponatur
634 4992 806 5050 turris
843 4993 1025 5052 David
1057 5010 1191 5053 cum
1232 4995 1680 5069 propugnaculis
1717 5003 1915 5053 contra
1954 4998 2063 5054 Da-

355 5095 641 5145 mascum.
664 5096 737 5139 ex
766 5098 882 5155 qua
906 5083 1264 5157 dependeant
1288 5083 1474 5157 clypei
1502 5084 1663 5143 mille
1689 5087 1916 5155 (Cantia.
1944 5088 2024 5157 IV)
2050 5106 2062 5155 ;

355 5170 535 5228 turris
581 5187 835 5248 namque
887 5173 1197 5231 fortissima
1247 5190 1460 5232 nomen
1508 5173 1736 5232 Domini
1772 5194 1784 5244 ;
1819 5176 1890 5233 ad
1939 5191 2065 5233 eam

2150 4814 2485 4873 hominibus
2546 4814 2712 4872 bona
2768 4810 3118 4881 voluntatis;
3179 4817 3361 4879 tanta,
3401 4817 3465 4868 ut
3504 4810 3578 4868 ab
3619 4825 3739 4867 uno
3771 4810 3868 4866 ho-

2150 4906 2308 4962 mine
2371 4903 2594 4962 Casare
2666 4903 2927 4973 Augusto
2995 4905 3148 4957 totus
3219 4897 3375 4957 orbis
3441 4896 3861 4955 describeretur

2153 4998 2304 5064 (Luc.
2336 5000 2453 5063 II);
2510 4993 2580 5050 de
2633 4991 2798 5065 cujus
2854 4988 3273 5062 tranquillitate
3352 4986 3527 5043 Isaias
3609 4986 3856 5059 inquit:

2158 5107 2179 5135 ι
2215 5083 2555 5141 Conﬂabunt
2610 5081 2829 5153 gladios
2881 5095 3016 5137 suos
3066 5079 3128 5134 in
3188 5092 3467 5143 vomeres,
3523 5084 3579 5133 et
3638 5075 3862 5133 lanceas

2153 5190 2287 5232 suas
2331 5174 2391 5230 in
2439 5172 2610 5230 falces
2640 5174 2785 5240 (Isai.
2820 5171 2897 5241 II).
2937 5192 2962 5219 ι»
3005 5167 3223 5225 Habuit
3258 5165 3654 5224 testimonium
3683 5164 3852 5221 calo-

354 5259 647 5334 confugiet
679 5264 873 5336 justus
902 5268 957 5322 et
986 5263 1337 5323 exaltabitur
1371 5269 1545 5337 (Prov.
1589 5267 1776 5339 XVIII).
1812 5266 1950 5323 Hac
1984 5273 2070 5324 est
2153 5278 2307 5332 rum,
2340 5263 2477 5335 quia
2514 5260 2644 5317 cali
2692 5258 2977 5315 miserunt
3018 5269 3227 5313 novam
3266 5248 3509 5322 stellam,
3543 5253 3862 5339 secundum

362 5354 663 5427 scriptura,
692 5357 791 5416 ubi
830 5373 1043 5417 nomen
1072 5357 1304 5415 Domini
1338 5357 1659 5433 invocatur,
1691 5361 1747 5417 in
1789 5376 1906 5434 qua
1935 5374 2066 5432 pro-

360 5442 690 5514 pugnacula
726 5453 863 5504 sunt
900 5445 1121 5520 praelati
1158 5454 1329 5520 atque
1356 5447 1636 5517 doctores,
1670 5449 1771 5523 qui
1803 5449 1927 5522 ejus
1953 5455 2064 5505 ter-

361 5530 553 5588 minos
580 5533 789 5592 debent
824 5536 1128 5603 custodire,
1171 5536 1241 5595 de
1277 5539 1494 5612 quibus
1531 5538 1801 5598 scribitur
1833 5556 1845 5594 :
1888 5537 2067 5595 «Non

367 5619 797 5689 transgredieris
831 5623 1125 5696 terminos,
1162 5641 1308 5701 quos
1351 5625 1449 5686 tibi
1492 5631 1683 5702 patres
1721 5625 1809 5685 tui
1850 5625 2069 5685 consti-

2155 5352 2307 5428 quod
2366 5350 2681 5409 habuimus
2735 5348 2793 5405 in
2852 5345 3164 5417 Evangelio
3213 5366 3225 5401 :
3282 5367 3305 5392 α
3368 5342 3437 5399 Et
3495 5357 3621 5399 ecce
3674 5338 3860 5409 stella,

2154 5457 2327 5517 quam
2377 5440 2638 5496 viderant
2702 5436 2851 5507 magi
2906 5436 2967 5492 in
3023 5434 3281 5501 oriente,
3344 5429 3727 5517 antecedebat
3765 5443 3864 5485 eos

2155 5516 2342 5607 usque
2397 5530 2537 5586 dum
2586 5526 2829 5586 veniens
2880 5529 3053 5583 staret
3103 5538 3275 5594 supra
3308 5565 3340 5598 ,ε
3376 5520 3478 5578 ubi
3532 5525 3652 5577 erat
3712 5516 3865 5575 Puer

2157 5623 2376 5689 (Matth.
2414 5622 2496 5689 II).
2544 5643 2570 5667 »
2615 5616 2833 5675 Habuit
2887 5612 3281 5673 testimonium
3336 5608 3673 5683 gentilium,
3718 5608 3854 5683 quia
