4170 6490
288 344 394 402 513

1867 332 2115 397 SERMO
2153 335 2226 394 II.

3687 352 3792 411 514

282 467 438 542 magi
478 467 779 525 venientes
824 465 1287 540 Hierosolymam
1328 467 1643 527 dixerunt:
1678 488 1706 516 α
1736 464 1846 523 Ubi
1891 470 2256 537 est,Aaqua,
2299 465 2531 536 quando
2565 464 2729 523 siccis
2757 465 3003 538 pedibus
3030 468 3352 530 ambulavit
3396 487 3572 547 super
3610 491 3794 552 aquas

283 555 386 630 qui
418 560 588 613 natus
619 560 702 612 est
732 569 842 612 rex
863 552 1197 613 Judzeorum
1226 557 1447 622 (Matth.
1482 558 1566 623 ll).
1606 579 1628 603 »
1668 552 1887 611 Habuit
1916 561 1999 610 te-

284 643 627 702 stimonium
664 643 1025 713 Judaeorum,
1058 644 1198 717 quia
1227 643 1480 702 Herodes
1502 642 1788 715 principes
1812 658 1999 699 sacer-

284 733 492 792 dotum
546 741 601 789 et
655 733 872 791 scribas
922 732 1124 806 populi
1181 732 1555 801 conveniens,
1608 731 2003 790 sciscitabatur

286 821 360 880 ab
401 823 487 878 eis
539 820 640 879 ubi
682 819 949 878 Christus
1001 828 1367 890 nasceretur;
1430 827 1484 877 et
1534 820 1622 877 illi
1681 820 1999 877 dixerunt:

293 933 323 963 (ι
351 909 418 967 In
460 909 802 967 Bethlehem
835 908 1004 966 Juda:
1047 911 1252 979 (Ibid.).
1288 934 1311 955 ι»
1342 907 1559 967 Habuit
1606 909 2005 966 testimonium

288 999 691 1072 antiquorum,
730 998 869 1071 quia
908 997 969 1055 in
1015 997 1287 1055 manibus
1323 999 1729 1071 prophetarum
1773 998 2004 1056 assimi-

289 1090 444 1149 latus
473 1097 559 1147 est
600 1093 740 1163 (Ose.
792 1094 938 1160 XII);
986 1090 1106 1162 ipse
1144 1089 1301 1146 enim
1333 1096 1417 1147 est
1450 1090 1653 1161 Agnus
1686 1090 1904 1147 occisus
1935 1087 2007 1145 ab

289 1178 516 1251 origine
583 1178 788 1236 mundi
854 1180 1043 1249 (Apoc.
1115 1181 1263 1249 XIII).
1336 1177 1556 1235 Habuit
1614 1177 2008 1235 testimonium

292 1264 729 1335 modernorum,
761 1264 915 1321 unde
947 1270 1000 1321 et
1030 1264 1152 1337 ipse
1181 1263 1482 1338 discipulis
1510 1264 1700 1337 inquit
1726 1287 1737 1321 :
1775 1290 1791 1313 α
1834 1262 2010 1321 Erilis

292 1352 443 1411 mihi
473 1359 640 1411 testes
669 1353 732 1410 in
760 1352 1147 1422 Hierusalem,
1192 1359 1247 1412 et
1288 1355 1347 1412 in
1381 1354 1543 1411 omni
1569 1355 1794 1421 Judaaa,
1822 1361 1878 1410 et
1907 1350 2012 1410 Sa-

294 1443 481 1501 maria
512 1451 567 1499 et
597 1458 785 1517 usque
826 1442 897 1499 ad
937 1442 1217 1500 ultimum
1254 1448 1422 1501 terra:
1453 1445 1591 1517 (Act.
1631 1444 1687 1514 1).
1727 1466 1754 1489 ››
1796 1440 2015 1498 Habuit

298 1530 698 1590 testimonium
767 1530 937 1602 lucis,
997 1531 1135 1605 quia
1188 1530 1418 1589 claritas
1474 1532 1578 1589 Dei
1628 1530 2014 1589 circumiulsit

295 1628 552 1696 pastores
590 1625 741 1690 (Luc.
785 1624 868 1692 II),
919 1625 975 1680 et
1023 1620 1249 1679 claritas
1296 1622 1478 1680 stellas
1530 1622 1842 1679 illustravit
1891 1637 2014 1678 ma-

294 1728 400 1786 gos
446 1714 665 1783 (Matth.
720 1714 800 1781 II).
853 1710 1278 1769 Testimonium
1334 1712 1701 1770 tenebrarum
1758 1712 1895 1785 quia
1952 1711 2016 1768 in

296 1806 485 1859 morte
534 1799 660 1873 ejus
707 1798 960 1857 tenebrae
1015 1800 1179 1857 factae
1249 1806 1386 1858 sunt
1450 1815 1623 1872 super
1678 1800 2012 1858 universam

302 1894 511 1946 terram
545 1888 769 1959 (Matth.
804 1898 1017 1955 XXVII;
1047 1891 1223 1945 Marc.
1257 1899 1375 1959 XV;
1403 1890 1534 1944 Luc.
1568 1891 1765 1957 XXIII).
1795 1886 2014 1944 Habuit

2087 555 2265 620 (Joan.
2300 556 2401 621 VI).
2432 552 2854 612 Testimonium
2881 554 3177 627 perhibuit
3201 573 3319 630 aer,
3351 562 3582 631 quando
3611 565 3797 625 nubes

2088 641 2340 714 suscepit
2369 658 2505 699 eum
2534 642 2608 700 ab
2637 642 2822 701 oculis
2850 659 3070 715 eorum,
3108 646 3330 706 scilicet
3373 649 3796 723 discipulorum

2066 729 2232 800 (Act.
2262 731 2315 801 1).
2356 729 2785 788 Testimonium
2816 732 3111 803 perhibuit
3138 734 3313 808 ignis,
3349 739 3583 811 quando
3618 757 3799 816 ange—

2089 817 2180 875 lus
2214 817 2443 875 Domini
2474 818 2769 877 descendit
2815 819 2886 877 de
2925 821 3089 893 coelo,
3131 830 3186 881 et
3224 824 3584 898 resplenduit
3624 832 3799 890 facies

2089 906 2214 979 ejus
2258 906 2406 965 sicut
2432 907 2630 981 fulgur
2659 912 2878 977 (Matth.
2909 918 3166 984 XXVIII);
3195 913 3392 988 fulgur
3423 917 3582 975 enim
3613 919 3798 993 igneae

2091 1001 2315 1052 naturae
2337 1002 2439 1053 est.

2162 1086 2307 1157 Quia
2336 1105 2490 1163 ergo,
2529 1091 2748 1162 fratres,
2793 1092 3129 1167 mysterium
3175 1096 3362 1154 crucis
3400 1098 3601 1157 habuit
3638 1101 3796 1159 testi-

2092 1178 2360 1235 monium
2413 1178 2679 1236 omnium
2729 1181 3158 1254 praedictorum,
3213 1184 3511 1245 erubescat
3558 1184 3802 1248 Judzeus

2093 1266 2329 1337 infelix,
2354 1267 2456 1339 qui
2483 1274 2653 1340 negat
2681 1267 2973 1326 Christum
3001 1270 3070 1328 de
3105 1270 3340 1344 Virgine
3368 1282 3572 1334 natum
3599 1293 3614 1348 ;
3659 1277 3800 1350 quia

2093 1363 2349 1429 pastores
2393 1357 2583 1417 Judaei
2633 1357 2985 1417 invenerunt
3039 1361 3189 1419 sicut
3241 1363 3459 1422 dictum
3514 1374 3635 1425 erat
3682 1367 3802 1426 illis

2097 1448 2240 1518 (Luc.
2291 1448 2348 1518 1).
2401 1445 2806 1505 Confundatur
2880 1449 3134 1522 gentilis,
3204 1452 3308 1525 qui
3390 1454 3527 1512 dicit
3600 1455 3797 1530 ligno:

2101 1560 2126 1583 «ι
2158 1533 2312 1592 Deus
2371 1550 2536 1593 meus
2589 1550 2685 1603 es;
2740 1542 2797 1592 et
2840 1534 3057 1608 lapidi:
3092 1536 3182 1595 Tu
3230 1554 3322 1596 me
3365 1542 3618 1613 genuisti
3673 1546 3798 1616 (Jer.

2098 1631 2159 1694 II)
2187 1641 2201 1694 ;
2232 1648 2257 1671 υ
2304 1622 2439 1696 quia
2475 1626 2623 1695 magi
2653 1624 2894 1695 gentiles
2924 1627 3114 1698 ipsum
3142 1627 3546 1688 adoraverunt.
3580 1616 3804 1691 Obmu-

2101 1718 2273 1769 tescat
2311 1711 2635 1781 haereticus,
2670 1713 2771 1785 qui
2803 1706 3078 1785 mysterio
3104 1716 3460 1776 contradicit.
3507 1718 3578 1776 Et
3613 1721 3807 1780 omnis

2036 1800 2301 1885 Blingua
2334 1799 2675 1859 conﬁteatur
2710 1802 2847 1875 quia
2886 1801 3170 1862 Dominus
3206 1813 3403 1864 noster
3430 1807 3600 1867 Jesus
3637 1809 3806 1868 Chri-

2098 1896 2221 1947 stus
2277 1888 2338 1946 in
2385 1889 2566 1961 gloria
2615 1896 2698 1946 est
2736 1888 2842 1947 Dei
2890 1889 3073 1948 Patris
3110 1894 3333 1966 (Philip.
3375 1896 3450 1967 II).
3494 1897 3584 1955 Ad
3629 1913 3806 1972 quam

298 1977 701 2035 testimonium
728 1976 891 2048 legis,
930 1977 1070 2051 quia
1102 1976 1327 2050 Moyses
1354 1977 1591 2035 dixitin
1629 1976 1792 2051 lege:
1828 1999 1853 2029 «
1882 1977 2017 2035 Pro-
2096 1976 2353 2049 gloriam.
2389 1992 2497 2035 nos
2541 1976 2816 2051 perducat
2858 1977 2978 2050 ipse
3032 1978 3317 2040 Dominus
3369 1990 3561 2042 noster
3614 1986 3806 2057 Jesus,

298 2069 534 2141 phetam
582 2066 879 2126 suscitabit
922 2066 1085 2125 vobis
1129 2067 1284 2125 Deus
1322 2067 1391 2125 de
1442 2067 1716 2125 fratribus
1768 2066 2010 2137 vestris;

297 2158 496 2233 ipsum
526 2164 797 2232 tanquam
823 2174 913 2215 me
945 2158 1191 2216 audietis
1211 2161 1393 2224 (Deut.
1418 2164 1614 2227 XVIII).
1656 2180 1683 2209 1)
1714 2158 1785 2215 Et
1832 2157 1970 2215 alibi
1998 2175 2012 2214 :

306 2270 328 2300 α
369 2248 441 2305 Et
482 2248 589 2306 erit
622 2248 739 2306 vita
770 2254 867 2307 tua
904 2247 1162 2322 pendens
1192 2248 1254 2305 in
1285 2248 1478 2321 ligno;
1525 2246 1769 2318 videbis,
1812 2252 1867 2304 et
1898 2262 2016 2305 non

299 2354 612 2411 cognosces
654 2342 832 2409 (Deut.
885 2346 1125 2415 XXVIII).
1165 2365 1190 2389 ››
1248 2339 1671 2397 Testimonium
1712 2339 2018 2413 propheta-

303 2442 458 2496 rum,
506 2426 645 2500 quia
684 2427 863 2486 Isaias
901 2428 980 2485 ait
1014 2448 1025 2487 :
1064 2449 1092 2482 «
1126 2429 1471 2501 Egredietur
1511 2431 1669 2503 Virga
1715 2430 1784 2485 de
1833 2429 2021 2487 radice

302 2514 483 2587 Jesse,
532 2523 589 2573 et
625 2516 729 2575 ﬂos
770 2519 840 2577 de
888 2518 1079 2576 radice
1117 2518 1243 2592 ejus
1280 2517 1567 2588 ascendet,
1609 2525 1664 2575 et
1702 2518 2022 2592 requiescet

304 2617 481 2676 super
505 2618 638 2660 eum
660 2594 897 2676 spiritus
926 2606 1160 2663 Domini
1190 2610 1341 2673 (Isai.
1366 2609 1430 2675 1).
1467 2627 1487 2655 ››
1521 2605 1589 2663 Et
1618 2604 1794 2663 alibi:
1820 2625 1847 2657 «
1879 2602 2022 2661 Ecce

307 2694 472 2768 virgo
503 2697 804 2770 concipiet,
838 2703 893 2755 et
921 2699 1102 2772 pariet
1138 2699 1351 2769 ﬁlium,
1392 2707 1446 2755 et
1477 2697 1778 2755 vocabitur
1808 2711 2021 2753 nomen

303 2784 431 2856 ejus
455 2783 803 2844 Emmanuel
833 2788 981 2857 (Isai.
1016 2789 1138 2859 VII).
1166 2808 1192 2840 »
1217 2786 1443 2844 Baruch
1473 2791 1661 2843 autem
1685 2808 1697 2842 :
1723 2784 1855 2842 Post
1876 2785 2019 2855 haec,

304 2870 521 2945 inquit,
551 2874 613 2931 in
645 2875 809 2933 terris
840 2875 1000 2935 visus
1038 2883 1123 2934 est
1158 2883 1212 2934 et
1239 2892 1371 2933 cum
1404 2873 1745 2933 hominibus
1782 2890 2023 2932 conver-

310 2967 471 3020 satus
525 2968 610 3020 est
653 2964 908 3035 (Baruch.
958 2966 1055 3038 III).
1109 2964 1375 3022 Ezechiel
1414 2964 1477 3021 in
1523 2963 1650 3036 ejus
1695 2962 2023 3021 testimonio

308 3052 470 3111 ﬁlius
509 3055 831 3127 appellatus
883 3063 967 3116 est
1016 3060 1234 3127 (Ezech.
1279 3063 1362 3125 II).
1406 3054 1611 3113 Daniel
1651 3054 1775 3112 ait:
1812 3077 1833 3105 α
1877 3054 2023 3112 Cum

310 3144 535 3202 venerit
593 3143 839 3204 Sanctus
887 3152 1240 3215 sanctorum,
1299 3144 1543 3203 cessabit
1581 3145 1780 3202 unctio
1835 3150 2023 3213 vestra

307 3236 470 3303 (Dan.
514 3240 620 3305 IX).
656 3256 684 3289 »
716 3235 887 3294 Oseas
920 3235 981 3294 in
1012 3237 1137 3309 ejus
1168 3236 1495 3294 testimonio
1532 3234 1747 3307 accepit
1776 3249 2021 3291 uxorem

307 3322 680 3381 fornicariam
722 3326 864 3394 (Ose.
915 3330 976 3396 I).
1021 3326 1292 3385 Habacuc
1337 3324 1475 3383 dicit
1505 3344 1517 3382 :
1548 3346 1576 3377 (ι
1608 3324 1838 3381 Cornua
1887 3327 2028 3380 sunt

304 3412 367 3469 in
406 3413 677 3471 manibus
718 3414 844 3486 ejus
879 3418 1110 3483 (Habac.
1148 3420 1254 3483 111).
1289 3436 1315 3468 ››
1344 3414 1520 3473 Jonas
1562 3413 1625 3470 in
1670 3418 1870 3470 ventre
1918 3410 2028 3468 ceti

308 3501 434 3575 ejus
477 3502 874 3560 testimonium
926 3511 1163 3561 testatus
1218 3509 1301 3561 est
1343 3506 1480 3576 (Ion.
1520 3502 1600 3574 II).
1637 3501 1704 3558 Et
1736 3500 1876 3575 quid
1908 3500 2029 3558 dis-

310 3604 542 3647 curram
597 3606 699 3663 per
739 3588 1009 3661 singula?
1056 3591 1271 3668 Nullus
1327 3591 1737 3665 prophetarum
1788 3588 2026 3655 exstitit,

315 3680 420 3753 qui
472 3680 527 3738 ei
594 3680 996 3740 testimonium
1041 3699 1158 3740 non
1205 3682 1548 3755 perhiberet.
1602 3680 2030 3739 Testimonium

321 3786 557 3843 regum;
609 3771 763 3827 unde
801 3772 986 3829 David
1018 3788 1117 3830 rex
1154 3793 1165 3829 :
1204 3796 1226 3821 τι
1264 3771 1440 3830 Terra
1478 3781 1671 3830 nostra
1710 3772 1870 3829 dabit
1902 3771 2030 3828 fru-

320 3865 477 3916 ctum
526 3874 703 3917 suum
744 3861 913 3930 (Psal.
963 3864 1242 3927 LXXXIV).
1290 3884 1315 3910 υ
1349 3860 1421 3916 Et
1464 3860 2034 3934 :IlibiziiAperiatur

324 3951 491 4017 terra,
521 3955 575 4005 et
603 3952 886 4021 germinet
920 3950 1270 4008 Salvatorem
1303 3953 1452 4007 Psal.
1486 3955 1673 4020 (XLV).
1710 3972 1736 4003 »
1768 3952 1840 4008 Et
1870 3950 2033 4009 Salo-

325 4053 498 4096 mon:
530 4058 557 4091 «
585 4038 890 4097 Osculetur
928 4056 1018 4097 me
1063 4042 1262 4099 osculo
1300 4041 1417 4099 oris
1456 4042 1568 4109 sui,
1614 4042 1752 4115 quia
1795 4040 2036 4099 meliora

321 4134 457 4187 sunt
491 4128 671 4187 ubera
703 4137 797 4188 tua
833 4130 990 4198 vino,
1039 4132 1346 4203 fragrantia
1382 4126 1697 4205 unguentis
1725 4132 1976 4204 optimis,
2006 4156 2031 4183 11

319 4224 404 4276 et:
438 4237 467 4271 «
506 4217 657 4276 Dum
701 4225 847 4277 esset
891 4235 994 4277 rex
1040 4219 1102 4276 in
1148 4219 1419 4277 accubitu
1465 4234 1590 4290 suo,
1636 4218 1854 4277 nardus
1908 4235 2037 4278 mea

319 4304 477 4363 dedit
518 4308 751 4364 odorem
782 4323 959 4366 suum
993 4309 1172 4375 (Cant.
1213 4312 1278 4375 1).
1314 4331 1339 4357 »
1379 4306 1811 4364 Testimonium
1832 4307 2037 4367 turba-

322 4411 475 4465 rum,
510 4396 667 4453 unde
698 4395 978 4455 dixerunt
1006 4396 1066 4454 in
1114 4396 1430 4469 Evangelio
1456 4414 1470 4452 :
1493 4418 1517 4447 ‹‹
1556 4395 1824 4455 Vidimus
1857 4398 2038 4454 mira-

322 4483 461 4542 bilia
498 4485 669 4543 hodie
699 4490 852 4554 (Luc.
887 4493 972 4556 V).
1010 4511 1034 4537 ››
1068 4486 1172 4543 Et:
1201 4507 1227 4539 «
1260 4485 1382 4542 Nisi
1408 4492 1555 4543 esset
1582 4485 1679 4542 hic
1700 4501 1733 4542 a
1756 4484 1890 4554 Deo,
1922 4500 2039 4543 non

326 4582 514 4646 posset
568 4576 751 4633 facere
799 4576 955 4649 quod
1005 4575 1141 4633 facit
1180 4578 1352 4648 (Joan.
1397 4574 1515 4645 IX):
1556 4595 1575 4623 ι
1608 4580 1836 4646 propter
1887 4573 2042 4646 quod

328 4663 647 4721 voluerunt
665 4665 838 4722 etiam
862 4680 996 4722 eum
1017 4680 1233 4737 rapere,
1257 4671 1312 4722 et
1333 4679 1523 4737 regem
1548 4663 1733 4720 facere
1749 4664 1922 4734 (Joan.
1943 4662 2043 4734 VI).

330 4750 751 4811 Testimonium
808 4754 1100 4824 vivorum,
1145 4755 1281 4828 quia
1319 4752 1409 4810 illi
1447 4753 1582 4823 duo,
1627 4752 1728 4829 qui
1777 4751 1939 4810 ibant
1982 4751 2046 4809 in

342 4838 640 4912 Emmaus,
676 4849 958 4899 venerunt
981 4849 1036 4899 et
1062 4849 1443 4900 narraverunt
1468 4841 1663 4899 omnia
1695 4856 1828 4913 quae
1850 4840 1933 4898 eis
1961 4855 2052 4898 ac-

340 4930 597 4988 ciderant
627 4932 775 5002 (Luc.
808 4934 1000 5002 XXIV).
1037 4932 1464 4991 Testimonium
1492 4939 1876 5000 mortuorum,
1910 4931 2051 5005 quia

345 5046 371 5069 σι
403 5020 588 5078 multa
643 5036 879 5094 corpora
930 5028 1280 5091 sanctorum,
1343 5022 1444 5095 qui
1492 5020 1868 5089 dormierunt,
1919 5036 2049 5078 sur-

342 5115 621 5166 rexerunt
671 5116 728 5165 et
783 5114 1177 5181 apparuerunt
1227 5108 1429 5165 multis
1481 5110 1704 5176 (Matth.
1763 5109 1982 5181 XXVII).
2022 5130 2048 5158 η

343 5196 762 5254 Testimonium
791 5196 1115 5267 brutornm,
1141 5195 1277 5267 quia
1304 5217 1329 5243 «ι
1358 5195 1628 5267 cognovit
1652 5195 1752 5253 bos
1773 5211 2054 5268 possesso-

345 5301 467 5344 rem
509 5300 701 5354 suum,
738 5293 790 5341 et
823 5284 1024 5342 asinus
1063 5298 1316 5357 praesepe
1355 5283 1588 5340 Domini
1628 5282 1720 5341 sui
1761 5287 1886 5353 (Isa.
1928 5286 1985 5350 1).
2021 5305 2049 5337 »

345 5374 768 5433 Testimonium
826 5371 872 5428 9
918 5372 1074 5441 solis,
1128 5372 1358 5445 quando
1413 5373 1533 5446 ipse
1586 5372 1926 5433 obscuratus
1971 5366 2075 5432 est"

348 5464 495 5535 (Luc.
529 5465 722 5534 XXIII).
766 5461 1188 5522 Testimonium
1237 5461 1677 5529 elementorum,
1717 5461 1855 5534 quia
1898 5462 2053 5520 testi-

348 5550 615 5609 monium
647 5548 943 5622 perhibuit
974 5560 1140 5621 terra,
1163 5551 1393 5623 quando
1427 5556 1785 5608 terraemotus
1812 5564 2056 5624 magnus

349 5639 539 5698 factus
583 5644 669 5697 est
715 5640 938 5709 (Matth.
999 5644 1214 5705 XXVII).
1276 5636 1696 5696 Testimonium
1765 5638 2059 5711 perhibuit

2099 2065 2201 2139 qui
2255 2080 2388 2122 cum
2438 2066 2512 2123 sit
2554 2065 2823 2139 splendor
2868 2067 3188 2142 luminum,
3236 2071 3342 2130 ﬂos
3397 2073 3629 2147 ﬂorum,
3688 2074 3808 2136 vita

2101 2173 2351 2229 morum,
2383 2157 2577 2215 schola
2606 2158 2905 2229 virtutum,
2938 2166 2993 2218 et
3015 2175 3226 2219 corona
3253 2170 3601 2237 sanctorum,
3634 2182 3809 2241 super

2102 2249 2306 2307 choros
2359 2247 2700 2321 angelorum
2753 2256 2954 2321 regnat
3028 2249 3089 2307 in
3148 2253 3361 2311 saecula
3437 2255 3812 2317 saeculorum.

2103 2338 2312 2397 Amen.

2784 2428 3032 2491 SERMO
3058 2432 3136 2491 ΙΙ.

2106 2529 2177 2575 DE
2205 2530 2649 2578 TRANSLATIONE
2681 2533 2728 2577 S.
2764 2533 2986 2580 HILARII
3016 2532 3267 2582 EPISCOPI
3304 2535 3699 2586 PICTAVIENSIS
3735 2539 3809 2587 ET

2478 2642 2482 2647 .
2569 2602 2951 2650 CONFESSOBIS
2999 2598 3130 2662 (XIV
3170 2600 3345 2663 JAN.).

2178 2692 2570 2766 Gaudeamus,
2610 2703 2667 2753 et
2701 2696 3082 2767 exsultemus,
3131 2696 3511 2773 dilectissimi,
3549 2701 3692 2763 dum
3736 2703 3811 2763 ad

2108 2781 2407 2840 recolenda
2459 2782 2611 2841 beati
2649 2784 2859 2842 Hilarii
2902 2784 3176 2844 sublimia
3221 2788 3426 2846 merita
3476 2791 3815 2852 solemniter

2107 2871 2507 2931 convenimus.
2557 2871 2687 2946 Ipsa
2722 2874 2936 2948 quippe
2982 2890 3084 2934 nos
3134 2875 3379 2951 insignis
3416 2880 3679 2939 vocabuli
3723 2881 3814 2940 di-

2109 2961 2298 3033 gnitas
2351 2968 2638 3033 provocat,
2703 2964 2767 3020 ut
2813 2977 2980 3020 mens
3025 2969 3221 3022 nostra
3275 2965 3565 3038 spirituali
3616 2967 3818 3031 laetitia

2110 3050 2307 3107 affecta
2359 3050 2742 3124 plausibiliter
2788 3052 3108 3112 bilarescat.
3158 3053 3553 3116 Nihilominus
3598 3064 3655 3116 et
3707 3059 3817 3117 hoc

2045 3137 2357 3245 Gdignum
2396 3146 2483 3198 est
2534 3147 2617 3213 ut,
2663 3142 2803 3200 dum
2844 3143 2992 3201 beati
3042 3143 3154 3201 viri
3199 3144 3634 3230 translationem
3677 3148 3820 3207 coli-

2111 3244 2262 3301 mus,
2302 3230 2411 3303 ipsi
2451 3246 2682 3305 quoque
2729 3239 2947 3290 mentes
2982 3240 3208 3291 nostras
3247 3250 3281 3291 a
3312 3223 3555 3294 terrenis
3593 3236 3820 3297 deside-

2112 3318 2215 3377 riis
2246 3319 2318 3377 ad
2363 3319 2617 3378 caelestia
2664 3321 3096 3393 transferamus,
3133 3328 3213 3392 ut,
3246 3322 3388 3382 dum
3424 3325 3652 3397 glebam
3687 3344 3819 3387 cor-

2112 3407 2265 3480 poris
2320 3408 2445 3481 ejus
2495 3416 2852 3482 tenuemque
2903 3408 3299 3482 pulvisculum
3354 3417 3511 3471 tanto
3564 3415 3824 3488 praeferri

2112 3496 2267 3569 apud
2302 3496 2569 3555 homines
2613 3499 2831 3556 honore
2860 3496 3270 3571 conspicimus,
3303 3506 3588 3572 quantum
3621 3504 3822 3576 glorias

2113 3583 2340 3655 pondus
2366 3585 2424 3642 in
2459 3587 2788 3644 coelestibus
2820 3584 3121 3660 possideat,
3154 3585 3257 3645 ubi
3286 3603 3477 3658 verus,
3508 3594 3565 3645 et
3598 3589 3822 3648 incom-

2114 3674 2385 3748 parabilis
2412 3676 2598 3734 honor
2628 3682 2736 3747 est,
2770 3691 2934 3733 mens
2964 3682 3155 3733 nostra
3184 3675 3513 3748 perpendat.
3549 3676 3663 3736 Sed
3685 3677 3828 3737 libet

2109 3764 2229 3838 jam
2263 3764 2656 3823 translationis
2693 3765 2869 3838 hujus
2895 3763 3194 3821 historiam
3222 3763 3508 3823 succincte
3542 3771 3820 3826 transcur-

2119 3868 2263 3923 rere,
2308 3862 2371 3911 ut
2402 3853 2548 3912 nulli
2579 3854 2846 3927 deinceps
2879 3851 2949 3909 de
2978 3852 3271 3926 praeclarae
3300 3852 3682 3914 solemnitatis
3708 3856 3825 3916 hu-

2111 3943 2208 4017 jus
2233 3942 2455 4015 origine
2485 3957 2720 4015 prorsus
2746 3940 3013 4013 expediat
3039 3939 3322 3999 dubitare.

2172 4030 2364 4091 .Porro
2417 4038 2611 4088 autem
2672 4030 2811 4088 dum
2870 4028 3163 4087 confessor
3211 4029 3422 4089 Christi
3476 4032 3831 4096 Fredelinus

2119 4121 2270 4178 beati
2306 4118 2515 4176 Hilarii
2544 4119 2978 4184 monasterium,
3015 4117 3168 4192 quod
3210 4118 3275 4176 in
3312 4119 3658 4181 Pictaviensi
3687 4124 3827 4183 sub-

2120 4207 2288 4267 urbio
2333 4208 2510 4266 situm
2561 4215 2664 4279 cst,
2712 4205 3075 4265 laudabiliter
3109 4213 3331 4281 regeret
3364 4208 3570 4285 ibique
3617 4220 3833 4273 sanctas

2121 4295 2578 4355 conversationis
2650 4295 2985 4368 insignibus
3056 4295 3380 4370 disciplinis
3443 4305 3500 4357 et
3556 4301 3832 4373 praeclara

2124 4402 2353 4445 morum
2401 4386 2699 4445 honestate
2750 4383 3011 4458 polleret,
3059 4384 3262 4444 beatus
3294 4386 3555 4447 Hilarius
3602 4391 3689 4449 illi
3731 4408 3836 4466 per

2128 4476 2414 4534 visionem
2448 4476 2791 4534 manifestus
2816 4474 3101 4549 apparuit,
3135 4472 3201 4533 ef
3222 4475 3370 4534 inter
3398 4477 3511 4536 alia
3550 4483 3833 4542 nonnulla

2130 4566 2236 4623 hoc
2274 4565 2365 4624 illi
2404 4566 2656 4639 quadam
2695 4565 2912 4623 vivacis
2946 4565 3178 4638 imperii
3221 4568 3551 4627 auctoritate
3591 4571 3835 4629 manda-

2130 4655 2233 4725 vit,
2266 4661 2333 4713 ut
2363 4655 2630 4715 videlicet
2666 4656 2788 4731 ipse
2825 4656 3003 4714 simul
3041 4663 3098 4715 et
3136 4657 3507 4717 Pictaviensis
3532 4661 3838 4736 episcopus

2130 4747 2197 4803 ad
2233 4761 2427 4817 regem
2472 4746 2849 4818 Francorum,
2886 4747 2987 4820 qui
3030 4751 3171 4804 tunc
3205 4762 3399 4805 rerum
3431 4748 3838 4813 moderabatur

2132 4835 2408 4904 habenas,
2461 4835 2865 4894 incunctanter
2899 4835 3249 4903 accederent,
3304 4842 3359 4893 et
3406 4844 3673 4912 sumptus
3715 4841 3833 4897 im-

2132 4925 2330 4999 pendi,
2367 4924 2582 4998 quibus
2628 4925 2895 4999 ampliari
2939 4931 2995 4982 et
3029 4922 3334 4994 augustius
3371 4924 3496 4983 fieri
3547 4933 3839 4987 monaste-

2136 5014 2296 5073 rium
2337 5022 2545 5088 posset,
2588 5012 2936 5073 ﬁducialiter
2967 5012 3338 5084 postularent.
3390 5015 3614 5085 Quibus
3650 5016 3842 5077 verbis

2136 5102 2376 5176 insuper
2418 5101 2640 5159 addidit
2692 5106 2776 5168 ut,
2832 5100 3148 5157 instaurato
3196 5101 3420 5159 noviter
3470 5106 3838 5177 monasterio,

2139 5189 2331 5249 locum
2378 5190 2490 5249 sibi
2540 5194 2772 5248 sanctus
2814 5188 2991 5246 abbas
3029 5203 3349 5259 congruum
3395 5190 3736 5264 provideret,
3778 5194 3843 5252 in

2138 5298 2253 5357 quo
2310 5296 2515 5353 corpus
2587 5281 2730 5353 ejus,
2805 5278 2951 5337 facta
3005 5280 3395 5351 translatione,
3448 5282 3841 5344 reconderent.

2141 5369 2294 5439 Quos
2346 5368 2626 5426 nimirum
2674 5366 2859 5425 felicis
2909 5368 3125 5426 oraculi
3183 5368 3465 5438 legatione
3514 5373 3885 5444 perfunctos-

2141 5476 2246 5519 rex
2313 5459 2628 5517 clementer
2698 5474 2765 5517 ac
2843 5458 3092 5533 benigne
3159 5460 3410 5534 suscepit
3481 5461 3681 5538 eisque
3751 5462 3844 5519 10

2143 5548 2451 5622 magniﬁca
2479 5548 2657 5622 regiae
2682 5546 3044 5606 liberalitatis
3074 5563 3314 5607 munera
3352 5551 3616 5611 contulit.

2212 5637 2260 5694 A
2294 5635 2689 5695 fundamentis
2731 5653 2864 5711 ergo
2899 5637 3312 5697 monasterium
3348 5655 3451 5713 per
3493 5639 3754 5717 latemus,
3784 5659 3852 5702 ac
