4170 6444
344 308 450 368 515

967 304 1024 362 S.
1069 301 1288 363 PETRI
1327 299 1650 360 DAMIANI
1689 300 1844 359 OPP.
1891 297 2081 358 PARS
2124 291 2262 358 SEU
2304 295 2555 357 TOMUS
2594 294 2670 353 II.
2709 326 2778 336 —
2819 270 3235 353 SEBMONES.

3738 284 3852 345 5l6

345 429 749 490 ccementarios
781 428 973 488 denuo
1008 433 1426 498 construentes,
1466 432 1523 485 et
1558 424 2117 499 impollucibiliterA
2142 425 2296 498 quod
2334 423 2486 481 idem
2538 422 2806 496 egregius
2862 420 3121 495 pontifex
3174 433 3427 493 puerum
3486 416 3611 474 sine
3666 414 3851 488 gratia

342 522 734 579 instaurantes
763 516 1015 575 ministri
1041 515 1279 574 Domini
1314 516 1515 576 tandiu
1549 515 1748 588 ereptis
1779 513 2052 572 indefessi

342 608 638 667 laboribus
702 607 1061 678 institerunt,
1115 605 1297 664 donec
1352 621 1465 663 non
1530 605 1700 662 modo
1764 603 2053 677 surgentis

343 704 645 758 structurae
718 696 1050 755 machinam
1107 694 1179 754 ad
1233 694 1791 753 consummationem
1870 707 2053 765 usque

347 787 743 861 perducerent,
797 785 895 843 sed
947 784 1123 843 etiam
1159 782 1435 855 utrinque
1478 782 1740 855 parietes,
1794 781 1901 837 hoc
1946 786 2049 848 est,

346 876 504 934 intus
543 881 600 933 et
636 874 1018 949 extrinsecus,
1061 872 1337 931 radiantis
1378 871 1593 930 musivi
1633 874 1836 930 decore
1876 870 2053 928 vesti-

344 968 495 1021 rent.
549 964 614 1020 In
675 978 789 1038 quo
847 962 1115 1020 videlicet
1165 977 1353 1035 opere,
1414 960 1517 1018 ubi
1588 959 1729 1031 regii
1794 958 2053 1017 muneris

346 1068 576 1112 summa
613 1053 838 1124 defecit,
888 1051 1188 1126 episcopus
1236 1067 1311 1109 ex
1362 1048 1758 1107 ecclesiasticis
1811 1048 2054 1106 faculta-

347 1143 507 1203 tibus
549 1143 819 1216 supplere
864 1142 1018 1215 quod
1056 1142 1248 1199 deerat
1302 1155 1421 1198 non
1475 1139 1736 1196 cessavit.
1794 1138 2053 1197 Tandem

344 1234 541 1308 itaque
578 1234 923 1293 monasterio
962 1249 1076 1292 non
1128 1234 1299 1291 modo
1344 1237 1763 1289 consummatae
1822 1231 2055 1288 fabricae

350 1314 643 1382 structura
681 1323 949 1397 perfecto,
990 1337 1196 1380 verum
1242 1321 1415 1378 etiam
1476 1320 1838 1401 sacerdotalis
1883 1318 2055 1377 oﬂicii

345 1412 848 1472 benedictionibus
890 1411 1165 1481 dedicato,
1211 1425 1347 1467 mox
1384 1408 1641 1467 demoliti
1680 1416 1816 1466 sunt
1855 1413 2056 1466 tumu-

352 1500 475 1559 lum
520 1501 583 1559 in
622 1515 740 1574 quo
776 1506 1041 1558 sanctum
1071 1501 1264 1557 fuerat
1302 1512 1510 1571 corpus
1538 1498 1869 1555 humatum.
1904 1497 2057 1553 Gon-

353 1591 550 1649 stituto
590 1592 773 1663 igitur
813 1590 926 1661 die,
974 1590 1035 1648 in
1079 1605 1194 1663 quo
1231 1597 1425 1648 sancta
1477 1589 1735 1646 membra
1790 1587 2054 1645 transfer-

344 1686 493 1752 rent,
557 1679 917 1753 prmcedente
973 1685 1159 1751 nocte,
1219 1678 1362 1736 dum
1411 1679 1711 1752 episcopus
1768 1676 1944 1734 simul
2002 1681 2057 1733 et

2138 511 2587 583 regenerationis
2632 509 3012 578 exstinctum,
3045 524 3157 566 non
3195 506 3366 564 modo
3395 504 3565 563 matri
3596 501 3849 561 resusci-

2140 607 2321 658 tatum
2385 607 2440 658 et
2494 600 2847 658 incolumem
2916 597 3185 664 reddidit,
3243 596 3341 653 sed
3396 601 3451 652 et
3504 609 3656 650 verae
3713 590 3849 649 ﬁdei

2140 688 2488 746 rudimentis
2528 688 2885 747 instructum
2925 692 3137 743 sanctae
3178 684 3448 743 Ecclesiae
3478 683 3615 740 liliis
3643 696 3847 755 aggre-

2135 777 2311 849 gavit.

2211 870 2350 927 Haec
2396 870 2593 942 igitur,
2632 875 2685 925 et
2719 868 2832 926 alia
2869 867 3049 925 multa
3098 866 3381 924 virtutum
3422 865 3548 937 ejus
3593 862 3848 937 insignia

2138 959 2306 1018 nobis
2348 978 2419 1018 ex
2470 963 2768 1020 occasione
2819 960 3167 1019 veneranda:
3222 959 3398 1033 hujus
3450 956 3847 1016 translationis

2136 1062 2470 1125 occurrunt,
2523 1071 2655 1128 quae
2698 1070 2800 1112 nos
2842 1055 2915 1112 ad
2953 1069 3210 1112 amorem
3248 1052 3349 1109 Dei
3389 1057 3443 1109 et
3480 1048 3847 1108 devotionem

2139 1144 2398 1217 thBClttl‘i
2456 1146 2631 1219 hujus
2688 1144 2996 1203 sacerdotis
3043 1144 3384 1203 accendunt.
3460 1143 3639 1201 Plane
3712 1158 3847 1201 cum

2140 1232 2458 1290 multorum
2502 1234 2905 1292 translationes
2947 1234 3241 1307 justorum
3294 1238 3492 1291 sancta
3539 1239 3851 1290 veneretur

2141 1319 2412 1392 Ecclesia,
2459 1337 2593 1395 qua}.
2631 1322 2933 1394 diligentia
2979 1327 3303 1395 procurata:
3346 1326 3481 1379 sunt
3516 1319 3848 1390 hominum,

2139 1415 2356 1482 quanto
2405 1409 2729 1467 devotionis
2782 1409 2974 1467 studio
3017 1409 3143 1465 haec
3182 1416 3265 1465 est
3315 1407 3646 1465 solemniter
3692 1421 3852 1463 reco-

2141 1496 2326 1567 lenda,
2362 1514 2494 1572 quze
2526 1499 2673 1555 facta
2704 1506 2788 1555 est
2827 1497 3104 1555 manibus
3136 1494 3523 1571 angelorum?
3564 1495 3675 1556 Sed
3710 1493 3851 1568 quid

2141 1592 2224 1643 est
2252 1586 2405 1658 quod
2442 1585 2627 1659 Moysi
2656 1603 2866 1660 corpus
2896 1587 3018 1660 ipse
3057 1602 3160 1660 per
3191 1602 3251 1644 se
3280 1585 3565 1644 Dominus
3590 1582 3856 1658 sepelivit

2139 1675 2311 1748 (Deut.
2371 1677 2611 1748 xxxw),
2643 1684 2698 1734 et
2747 1685 2935 1735 tamen
2975 1677 3307 1750 sepulcrum
3355 1677 3480 1749 ejus
3517 1673 3856 1734 hominibus

347 1770 522 1828 abbas
556 1769 620 1826 in
663 1767 877 1841 vigiliis
904 1774 960 1826 et
987 1767 1347 1827 orationibus
1385 1767 1601 1842 jugiter
1637 1757 2497 1841 peruoctarent,Binnotescere
2542 1763 2748 1823 noluit.
2796 1765 2955 1824 Beati
3013 1780 3150 1823 vero
3206 1764 3413 1822 Hilarii
3468 1779 3677 1836 corpus
3734 1776 3849 1819 non

347 1862 581 1932 repente
627 1857 1011 1931 conspiciunt,
1064 1858 1218 1931 quod
1257 1856 1407 1914 beati
1446 1855 1632 1929 angeli
1678 1857 1749 1914 de
1802 1854 2052 1927 tumulo,

346 1946 448 2021 qui
482 1947 602 2020 jam
641 1947 962 2004 terebratus
1007 1946 1216 2017 fuerat,
1248 1950 1513 2004 sanctum
1543 1960 1752 2019 corpus
1779 1945 2055 2016 educunt,

347 2041 403 2094 et
441 2035 501 2092 in
538 2034 750 2104 locum,
787 2034 886 2108 qui
929 2034 1041 2092 sibi
1082 2039 1438 2109 praeparatus
1475 2040 1611 2103 erat,
1656 2034 1903 2106 propriis
1934 2048 2057 2089 ma-

351 2124 526 2185 nibus
566 2125 848 2184 inferunt.
886 2123 991 2181 His
1037 2124 1231 2198 itaque
1266 2124 1528 2197 peractis,
1566 2124 1767 2181 beatus
1801 2122 2060 2181 Hilarius

351 2219 615 2272 sanctum
685 2211 1059 2270 Fredelinum
1114 2227 1216 2285 per
1268 2210 1549 2268 visionem
1606 2210 1927 2278 admonuit,
1998 2214 2062 2266 ut

353 2304 716 2377 Scotigenam
755 2302 1065 2376 quemdam
1116 2301 1228 2359 sibi
1277 2302 1618 2374 cognatione
1669 2302 2060 2375 propinquum

352 2394 410 2451 in
458 2392 708 2451 etenobii
738 2392 1027 2465 regimine
1059 2390 1461 2460 substitueret;
1503 2392 1626 2464 ipse
1668 2406 1801 2449 vero
1825 2391 1893 2448 ad
1923 2389 2061 2447 Gal—

354 2482 622 2542 linariam
665 2482 918 2540 insulam
947 2480 1011 2538 in
1059 2481 1336 2538 honorem
1374 2480 1630 2554 ejusdem
1671 2479 1820 2538 beati
1851 2479 2061 2537 Hilarii

354 2573 747 2632 aediﬁcaturus
800 2570 1103 2628 ecclesiam
1139 2576 1482 2642 prOperaret.
1533 2568 1642 2639 Qui
1680 2569 1825 2627 beati
1873 2585 2061 2627 sacer-

351 2664 499 2723 dotis
546 2662 790 2736 lmperio
832 2676 972 2717 mox
1013 2659 1314 2717 humiliter
1365 2659 1572 2732 paruit,
1612 2665 1667 2717 et
1710 2675 1823 2717 non
1871 2659 2060 2717 solum

351 2753 500 2812 illud
543 2750 697 2825 quod
733 2750 961 2823 jussum
1006 2749 1206 2818 fuerat,
1254 2750 1352 2807 sed
1400 2754 1455 2807 et
1500 2748 1616 2806 alia
1653 2757 1899 2823 quatuor
1944 2765 2062 2807 mo-

354 2840 604 2902 nasteria
670 2839 735 2896 in
786 2837 912 2911 ejus
972 2838 1247 2895 honorem
1299 2838 1644 2896 construxit.
1718 2838 2062 2911 Quanquam

353 2931 506 2991 beati
551 2927 844 2987 Fredelini
884 2928 1021 2999 vita,
1056 2928 1117 2985 in
1161 2945 1277 3002 qua
1326 2928 1451 2985 haec
1490 2928 1689 2985 referri
1729 2927 2064 3001 perhibetur

356 3020 617 3088 historia,
667 3017 731 3075 in
784 3031 994 3075 manus
1050 3021 1272 3076 nostras
1328 3031 1695 3090 nequaquam
1748 3015 2061 3087 devenerit,

355 3112 458 3171 sed
485 3100 639 3186 quod
672 3109 769 3168 hic
797 3109 1074 3183 scriptum
1103 3115 1207 3180 est,
1232 3109 1446 3167 indicio
1476 3107 1643 3167 nobis
1673 3107 1940 3166 fraternae
1972 3124 2063 3166 re-

354 3201 586 3260 lationis
603 3200 881 3258 innotuit.

424 3290 565 3347 Hzec
612 3289 790 3363 igitur
838 3289 1016 3364 hujus
1065 3303 1240 3348 sacrae
1293 3287 1674 3347 solemnitatis
1728 3292 1813 3345 est
1868 3303 2058 3358 causa,

354 3382 480 3439 haec
522 3380 853 3438 veneranda
893 3379 1241 3439 celebritatis
1284 3378 1581 3438 hodierna:
1616 3378 1874 3448 materia,
1908 3382 1974 3436 ut
2001 3378 2063 3434 in

356 3468 726 3526 translatione
798 3468 943 3527 sacri
1027 3468 1283 3541 corporis
1347 3468 1550 3527 merito
1603 3467 1848 3540 gaudeat
1900 3463 2063 3538 plebs

353 3558 555 3617 devota
602 3557 886 3628 ﬁdelium,
939 3558 1033 3616 cui
1083 3556 1354 3632 dependit
1412 3555 1722 3629 exsequias
1771 3555 2063 3612 exercitus

351 3648 710 3719 angelorum.
772 3646 946 3705 Porro
997 3651 1191 3706 autem
1242 3661 1316 3704 ex
1365 3646 1662 3704 occasione
1716 3644 2063 3703 venerandae

355 3734 747 3795 translationis
791 3736 990 3809 hujus,
1033 3741 1087 3794 et
1116 3742 1321 3794 caetera
1360 3734 1513 3793 beati
1551 3734 1664 3793 viri
1707 3740 1861 3807 gesta
1895 3734 2063 3793 nobis

349 3823 414 3882 in
463 3824 802 3882 memoriam
834 3825 1097 3895 redeunt,
1128 3830 1195 3882 ut
1221 3839 1354 3898 quae
1388 3822 1575 3895 longis
1612 3828 1745 3879 ante
1792 3822 2060 3898 tempori-

352 3912 461 3969 bus
489 3917 627 3968 sunt
656 3916 902 3984 peracta,
950 3910 1164 3969 nostris
1204 3925 1362 3968 nunc
1401 3910 1635 3968 reducta
1662 3908 2063 3982 conspectibus

352 4000 781 4075 quodammodo
814 4002 1064 4060 recentia
1106 4001 1415 4060 videantur
1443 4005 1498 4057 et
1538 4015 1708 4058 nova.
1740 3998 1877 4057 Mox
1902 4000 2061 4057 enim

352 4096 420 4148 ut
466 4090 762 4162 disputare
809 4089 878 4146 de
930 4089 1280 4147 venerabilis
1333 4087 1445 4146 viri
1496 4088 1669 4161 gestis
1726 4087 2060 4160 incipimus,

356 4177 622 4250 protinus
648 4177 902 4235 occurrit
935 4176 1233 4235 memoriae
1262 4193 1437 4252 quam
1469 4177 1922 4251 impenetrabilis
1952 4176 2058 4234 Ec-

349 4266 541 4326 clesiae
594 4282 796 4325 murus
856 4267 1261 4327 haereticorum
1334 4267 1458 4326 telis
1516 4267 1819 4336 obstiterit,
1882 4281 2060 4339 quam

312 4432 313 4435 η
350 4356 762 4429 insuperabilis
794 4357 1083 4430 prteliator
1108 4374 1441 4433 perversum
1469 4359 1820 4416 Arianorum
1853 4355 2060 4428 dogma

2145 1852 2313 1910 modo
2354 1868 2545 1910 coram
2595 1854 2932 1913 hominibus
2978 1869 3081 1928 per
3125 1855 3362 1928 angelos
3400 1854 3706 1924 transtulit,
3750 1852 3848 1911 sed

2143 1950 2198 2000 et
2240 1943 2302 2001 in
2345 1942 2483 2000 tanti
2513 1943 2747 2001 honoris
2785 1944 3026 2017 gloriam
3064 1950 3118 2001 et
3166 1946 3341 2004 totius
3382 1943 3653 2003 Ecclesite
3691 1958 3852 2001 reve-

2142 2034 2389 2092 rentiam
2425 2034 2781 2092 sublimavit.
2823 2036 2904 2092 De
2952 2036 3145 2110 Moyse
3180 2037 3395 2109 quippe
3427 2034 3700 2109 scriptum
3729 2039 3848 2091 est:

2147 2148 2167 2173 α
2230 2123 2493 2181 Mortuus
2535 2131 2620 2181 est
2661 2124 2740 2182 ibi
2788 2124 3018 2198 Moyses
3073 2142 3279 2183 servus
3318 2123 3553 2183 Domini
3589 2122 3648 2180 in
3704 2130 3855 2179 terra

2142 2212 2327 2282 Moab,
2366 2212 2605 2285 jubente
2645 2212 2930 2284 Domino;
2984 2218 3039 2270 et
3063 2214 3364 2286 ‘sepelivit
3397 2229 3532 2272 cum
3583 2212 3646 2270 in
3702 2210 3856 2269 valle

2145 2308 2310 2358 terrm
2351 2300 2518 2358 Moab
2567 2307 2765 2358 contra
2813 2300 3081 2375 Pliogor,
3113 2310 3169 2360 et
3208 2318 3323 2361 non
3370 2302 3638 2376 cognovit
3682 2301 3857 2358 homo

2142 2393 2474 2465 sepulcrum
2507 2391 2632 2464 ejus
2662 2407 2846 2465 usque
2888 2391 2950 2448 in
2983 2400 3338 2464 praesentem
3376 2392 3529 2450 diem
3575 2392 3772 2464 (Ibid).
3823 2414 3851 2439 »ι

2142 2484 2289 2552 Quid
2335 2490 2604 2557 estergo,
2637 2483 2799 2559 quod
2833 2483 2931 2541 ille
2974 2485 3246 2557 nescitur,
3288 2485 3394 2543 iste
3427 2500 3561 2543 vero
3600 2479 3858 2556 quotidie

2147 2589 2281 2631 cum
2341 2580 2495 2631 tanta
2540 2573 2721 2647 gloria
2781 2575 3113 2632 christiana)
3169 2574 3491 2633 devotionis
3542 2570 3858 2630 invisitur‘?

2144 2662 2295 2732 Quid
2325 2668 2431 2735 est,
2464 2663 2730 2737 inquam,
2763 2663 2919 2736 quod
2948 2664 3172 2738 Moyses
3208 2666 3281 2722 ab
3319 2664 3623 2721 hominum
3654 2659 3861 2719 notitia

2145 2760 2497 2822 removetur,
2543 2752 2655 2810 nisi
2686 2760 2750 2811 ut
2784 2752 3016 2811 tollatur
3053 2753 3295 2823 occasio,
3331 2769 3405 2811 ne
3435 2752 3537 2827 qui
3580 2757 3694 2809 tam
3740 2750 3860 2806 Deo

2145 2842 2355 2899 Charus
2403 2847 2458 2898 et
2503 2841 2807 2900 familiaris
2850 2843 3138 2900 exstitisse
3187 2842 3570 2915 cognoscitur,
3623 2837 3861 2897 divinus

2145 2931 2331 2989 honor
2380 2931 2469 2988 illi
2512 2931 2585 2989 ab
2634 2931 2969 2991 Israelitica;
3006 2932 3192 3006 plebis
3221 2931 3462 3006 perﬁdia
3492 2929 3860 3003 praebeatur?

2147 3020 2540 3094 Reliquorum
2580 3038 2717 3080 vero
2769 3030 3098 3081 sanctorum
3139 3037 3375 3094 corpora
3413 3037 3527 3079 non
3575 3020 3858 3090 celantur,

2085 3137 2129 3198 ο
2148 3116 2211 3168 ut
2242 3110 2383 3168 dum
2413 3110 2747 3169 christiana:
2776 3112 3103 3172 devotionis
3135 3114 3575 3188 frequentantur
3604 3124 3857 3180 accessu,

2148 3205 2203 3257 et
2238 3216 2340 3274 per
2376 3200 2507 3259 illos
2546 3202 2687 3259 liant
2731 3203 3029 3260 rutilantia
3069 3202 3231 3277 signa
3280 3201 3583 3274 virtutum,
3630 3206 3686 3257 et
3735 3197 3861 3257 istis

2148 3299 2427 3348 accrescat
2455 3292 2719 3350 felicium
2755 3292 3028 3350 cumulus
3058 3294 3417 3351 meritorum.

2221 3380 2502 3441 Praeterea
2544 3382 2812 3439 nonnulli
2854 3381 3049 3439 ﬁdeles
3088 3382 3298 3439 idcirco
3327 3386 3453 3454 post
3484 3384 3725 3437 mortem
3765 3383 3856 3436 tuo

2147 3469 2325 3526 mulis
2355 3469 2696 3527 editioribus
2738 3469 3140 3540 includuntur,
3176 3477 3240 3529 ut
3276 3468 3367 3527 sui
3398 3468 3738 3526 memoriam
3764 3466 3853 3524 vi-

2148 3560 2417 3618 ventibus
2465 3560 2729 3633 ingerant
2780 3568 3067 3634 quatenus
3112 3560 3197 3618 eis
3244 3559 3582 3632 impendere
3630 3554 3856 3630 pietatis

2145 3665 2316 3723 opera
2346 3664 2459 3706 non
2496 3648 2782 3707 omittant.
2814 3650 2965 3708 Hinc
2994 3656 3077 3708 est
3103 3650 3257 3723 quod
3285 3649 3579 3724 sepultura
3618 3652 3857 3706 vocatur

2147 3754 2221 3795 ex
2260 3753 2416 3795 more
2452 3738 2750 3809 memoria,
2795 3739 3011 3798 scilicet
3057 3746 3119 3798 ut
3155 3755 3254 3813 per
3297 3753 3425 3796 eam
3464 3740 3857 3795 memorentur

2147 3825 2266 3883 vivi
2294 3832 2351 3883 et
2374 3825 2692 3900 percipiant
2716 3828 3083 3901 refrigerium
3116 3826 3346 3887 mortui.
3646 3898 3653 3901 _

2218 3914 2329 3973 Sed
2359 3914 2498 3988 quid
2534 3921 2638 3985 est,
2680 3916 2831 3986 quod
2875 3916 3147 3974 nonnulli
3186 3922 3516 3974 sanctorum
3564 3919 3856 3985 tantopere

2146 4003 2527 4065 studuerunt.
2567 4002 2688 4059 suis
2772 4005 3074 4077 providere
3148 4006 3407 4077 sepulcra
3482 3998 3855 4076 corporibus?

2144 4092 2435 4150 Abraham
2487 4106 2694 4165 nempe
2735 4093 3179 4167 quadringentis
3208 4093 3429 4166 argenti
3456 4093 3614 4150 siclis
3645 4108 3678 4149 a
3718 4090 3855 4148 ﬁliis

2144 4180 2295 4237 Heth
2348 4178 2685 4252 speluncam
2744 4180 3035 4254 duplicem
3106 4188 3395 4254 comparat
3441 4181 3595 4249 (Gen.
3651 4186 3852 4244 XXIII),

2144 4267 2317 4325 Jacob
2355 4273 2408 4325 et
2446 4268 2655 4341 Joseph
2704 4270 2775 4327 ad
2813 4272 3074 4329 eamdem
3119 4272 3455 4346 speluncam
3504 4277 3683 4328 totum
3732 4269 3855 4342 jam

2142 4358 2326 4416 animi
2376 4358 2727 4418 desiderium
2776 4362 3040 4432 tendunt,
3088 4369 3143 4420 et
3179 4378 3412 4436 corpora
3450 4378 3552 4420 sua
3593 4367 3717 4435 post
3750 4359 3853 4418 ob-

349 4446 532 4543 gotia
563 4447 863 4543 catholica
894 4449 1150 4543 veritatis
1178 4449 1497 4543 obtriverit.
1538 4449 1653 4543 Hec
1690 4449 1838 4507 illud
1876 4455 2056 4520 vacat,
2083 4447 2295 4543 Diluti}
2332 4446 2437 4504 illo
2486 4448 2825 4543 perferenda
2877 4448 3194 4523 deposcunt
3247 4453 3400 4518 (Gen.
3460 4462 3608 4507 XLlX
3666 4454 3719 4506 et
3775 4453 3851 4516 L).

349 4534 502 4611 quod
527 4552 662 4595 cum
688 4537 968 4596 adversus
994 4537 1401 4598 haereticorum
1428 4538 1731 4613 perﬁdiam
1760 4545 2053 4610 pugnatu-

351 4639 471 4698 rus,
524 4624 843 4683 Seleuciam
903 4624 1141 4685 Isaurize
1198 4626 1475 4700 oppidum
1535 4625 1810 4694 tenderet,
1862 4625 2057 4697 puella

351 4713 585 4789 gentilis
614 4714 903 4773 divinitus
931 4714 1146 4789 edocta,
1181 4717 1322 4774 tanti
1350 4714 1659 4773 sacerdotis
1689 4713 2057 4771 denuntiavit

350 4802 689 4873 adventum,
737 4810 911 4877 atque
950 4803 1078 4862 ideo
1109 4819 1242 4862 cum
1278 4809 1435 4877 patre
1474 4802 1783 4866 Florentio,
1825 4807 2057 4874 totaque

353 4891 574 4951 familia
629 4890 819 4950 divini
868 4893 1230 4967 baptismatis
1278 4891 1492 4951 meruit
1539 4889 1828 4963 suscipere
1874 4906 2058 4948 sacra-

351 4988 634 5040 mentum.
1452 5016 1457 5022 -

423 5070 541 5129 Nec
570 5070 716 5128 illud
745 5071 963 5129 excidit
1000 5072 1227 5145 insigne
1257 5069 1601 5129 miraculum
1635 5067 1788 5139 quod
1821 5068 1883 5125 in
1919 5068 2056 5128 Gal-

352 5159 561 5217 linaria
588 5160 783 5218 insula
806 5160 1157 5220 immanium
1182 5160 1537 5233 serpentium
1561 5164 1841 5217 venenata
1870 5159 2056 5218 rabies

352 5247 623 5307 virtutem
677 5257 789 5307 tam
843 5251 1105 5323 praeclari
1160 5249 1447 5323 pontiﬁcis
1485 5250 1634 5308 ferre
1680 5264 1795 5307 non
1847 5249 2051 5322 potuit,

353 5339 450 5396 sed
483 5344 754 5411 tanquam
787 5342 1069 5399 fulmineo
1108 5341 1330 5412 fragore
1368 5342 1684 5414 perterrita,
1718 5339 1850 5397 vilis
1881 5341 2054 5397 etiam

350 5427 541 5484 baculi
589 5433 821 5499 metam,
866 5445 1043 5503 quam
1093 5429 1214 5504 ipse
1250 5430 1601 5504 praeﬁxerat,
1660 5430 2055 5488 transcendere

352 5529 466 5573 non
508 5520 893 5592 praesumpsit.

422 5603 541 5663 Sed
577 5611 639 5663 et
679 5605 825 5666 illud
873 5609 1170 5669 memorias
1209 5614 1623 5683 consequenter
1665 5608 1913 5667 occurrit
1963 5607 2049 5662 11

2145 4536 2296 4605 Quid
2328 4552 2461 4609 ergo
2502 4543 2585 4595 est
2627 4538 2781 4609 quod
2810 4539 2992 4596 sancti
3023 4538 3380 4612 patriarcha),
3412 4539 3513 4613 qui
3549 4554 3610 4596 se
3648 4538 3856 4611 pulve-

2144 4645 2265 4687 rem
2300 4636 2355 4687 et
2400 4629 2649 4689 cinerem
2690 4646 2814 4688 esse
2854 4631 3159 4705 perspicue
3193 4631 3518 4704 perhibent,
3562 4629 3665 4703 qui
3704 4632 3856 4686 certe

2144 4712 2465 4791 corporeet
2503 4719 2822 4793 corporalia
2850 4736 3097 4794 quaeque
3134 4720 3456 4778 cmlestium
3502 4715 3854 4790 contempla-

2144 4806 2299 4863 tione
2326 4804 2668 4879 despiciunt,
2710 4808 2768 4864 in
2810 4807 3269 4866 Chananteorum
3306 4815 3452 4866 terra
3485 4820 3721 4879 corpora
3751 4819 3854 4861 sua

2143 4895 2437 4970 quiescere
2471 4902 2628 4953 tanto
2671 4896 2955 4955 desiderio
3005 4898 3464 4971 concupiscunt?
3511 4895 3628 4953 Cur
3684 4893 3853 4951 illum

2141 4999 2261 5057 [πω
2306 4984 2525 5043 czeteris
2563 4986 2769 5043 mundi
2808 4987 3070 5059 partibus
3110 4986 3295 5060 quieti
3354 5002 3475 5045 suae
3532 4984 3856 5059 praevident

2141 5072 2353 5144 locum,
2411 5072 2527 5131 nisi
2566 5074 2723 5147 quod
2776 5073 3051 5134 humanze
3106 5076 3305 5135 salutis
3358 5076 3667 5134 Auctorem
3733 5073 3855 5131 illic

2143 5171 2423 5221 noverant
2459 5164 2530 5220 de
2562 5180 2667 5223 suo
2696 5165 2917 5224 semine
2955 5165 3365 5225 nasciturum?
3395 5166 3547 5223 Hinc
3578 5169 3661 5222 est
3695 5163 3852 5237 quod

2140 5253 2317 5312 Jacob
2369 5253 2560 5311 ﬁlium
2612 5268 2789 5312 suum
2838 5255 3047 5329 Joseph
3102 5256 3380 5327 obsecrat,
3436 5255 3675 5313 dicens:
3707 5279 3733 5303 ‹‹
3789 5252 3851 5312 Si

2142 5341 2344 5399 inveni
2381 5341 2619 5414 gratiam
2650 5343 2710 5399 in
2748 5351 3052 5417 conspectu
3083 5352 3200 5413 tuo,
3233 5360 3384 5417 pone
3419 5359 3659 5402 manum
3693 5348 3850 5400 tuam

2142 5431 2250 5489 sub
2301 5432 2516 5490 femore
2577 5448 2725 5501 meo,
2780 5442 2834 5492 et
2882 5436 3055 5492 facies
3104 5435 3247 5493 mihi
3296 5434 3749 5494 misericordiam
3796 5439 3853 5491 et

2142 5520 2460 5589 veritatem,
2504 5527 2568 5579 ut
2606 5538 2723 5580 non
2759 5524 3001 5597 sepelias
3034 5539 3125 5583 me
3158 5524 3221 5582 in
3251 5523 3529 5600 Aigypto;
3567 5524 3666 5581 sed
3713 5522 3850 5581 dor-

2141 5608 2317 5666 miam
2358 5624 2493 5668 cum
2546 5611 2809 5683 patribus
2855 5612 3016 5683 meis,
3060 5619 3117 5670 et
3147 5613 3374 5672 auferas
3421 5628 3513 5672 me
3566 5614 3639 5672 de
3702 5619 3850 5671 terra
