4170 6480
227 353 332 414 517

1782 358 2030 420 SERMO
2067 357 2172 418 IIl.

3628 367 3734 426 518

230 482 357 563 hac,
392 480 725 556 condasque
762 485 824 541 in
865 483 1127 557 sepulcro
1164 484 1451 559 majorum
1492 501 1755 545 meorum
1788 487 2007 557 (Gen.A
2030 484 2207 544 tionis
2235 486 2424 545 erexit
2447 489 2666 560 (Matth.
2701 490 2778 561 Χ),
2810 494 2875 547 ut
2902 488 3156 563 idipsum
3188 490 3554 563 postmodum
3592 506 3737 550 con~

229 560 436 640 XLVII).
469 590 497 623 »
529 571 641 629 Cur
678 576 874 630 autem
911 572 979 629 ad
1021 573 1433 632 conﬁrmanda
1473 574 1802 647 sponsionis
1846 576 1942 633 in-

227 658 469 727 dicium,
508 658 683 717 Jacob
732 676 972 719 manum
1014 660 1119 719 lilii
1167 662 1413 735 supponi
1451 663 1575 721 suis
1626 664 1944 723 femoribus

229 748 413 823 petiit,
456 748 570 807 nisi
609 749 747 823 quia
784 750 976 822 illum,
1017 752 1119 825 qui
1162 768 1392 811 summa
1435 750 1526 807 12
1565 755 1778 812 veritas
1833 759 1939 825 est,

227 837 297 894 de
325 837 557 911 proprio
590 838 810 896 semine
839 841 1272 914 propagandum
1313 858 1434 901 esse
1464 844 1775 915 cognovit?
1819 843 1943 901 Illis

228 925 405 999 igitur
434 933 602 984 terra
632 927 849 987 ﬁnibus
885 928 1040 986 beati
1078 928 1189 987 viri
1215 931 1336 1004 jam
1378 931 1719 990 medullitus
1757 931 1941 1004 aggli—

228 1014 484 1086 scebant,
533 1031 707 1088 quam
737 1032 840 1088 per
868 1017 1138 1091 spiritum
1165 1019 1288 1092 jam
1327 1021 1639 1079 cernebant
1680 1020 1939 1079 Salvato-

230 1104 309 1162 ris
348 1104 606 1175 vestigiis
644 1105 833 1178 atteri,
874 1122 1049 1179 quam
1090 1106 1149 1165 in
1190 1108 1564 1167 interioribus
1602 1109 1787 1168 oculis
1820 1110 1939 1184 jam

230 1195 507 1253 videbant
547 1196 793 1269 pretioso
847 1198 1136 1258 Dominici
1176 1203 1429 1275 corporis
1472 1204 1757 1277 sanguine
1801 1220 1941 1277 pur-

230 1284 452 1356 purari,
504 1292 570 1343 ut
618 1285 739 1343 illic
786 1303 989 1346 eorum
1045 1305 1286 1363 corpora
1336 1307 1501 1349 suam
1548 1298 1944 1367 exspectarent

230 1373 732 1446 resurrectionem,
794 1376 895 1434 ubi
947 1386 1406 1438 resurrecturum
1460 1397 1584 1440 esse
1636 1398 1942 1456 cognosce-

231 1461 370 1518 bant
397 1461 594 1536 ipsum
623 1461 807 1520 beata
833 1465 1272 1524 resurrectionis
1303 1474 1615 1528 auctorem.

302 1550 391 1608 Ad
432 1550 594 1610 hunc
631 1558 686 1609 et
730 1568 854 1624 nos,
904 1554 1286 1623 dilectissimi,
1326 1558 1687 1630 perspicuam
1732 1565 1943 1616 nostra

234 1642 446 1700 mentis
472 1642 654 1701 aciem
684 1643 1023 1717 dirigamus.
1058 1645 1147 1703 Ad
1180 1647 1357 1716 hunc,
1397 1647 1536 1705 dum
1576 1647 1789 1719 pedum
1819 1664 1945 1720 pro-

231 1730 528 1804 gressione
572 1747 685 1790 non
743 1748 1075 1805 possumus,
1124 1734 1425 1791 aestuantis
1467 1735 1739 1793 desiderii
1783 1735 1943 1793 festi-

2022 580 2238 635 stanter
2260 584 2585 636 astruerent
2622 580 2777 653 quod
2826 579 3220 639 anxiabantur
3270 586 3439 638 antea
3481 579 3731 639 crudeli-

2023 671 2108 722 ter
2137 665 2501 739 impugnare.
2535 667 2697 737 Quod
2734 667 2959 742 Moyses
3001 676 3135 727 tunc
3166 669 3407 741 mystice
3436 668 3730 743 ﬁguravit,

2020 770 2153 812 cum
2186 755 2470 829 arripiens
2505 756 2761 815 vitulum
2793 772 3063 827 aureum,
3109 758 3246 830 igne
3288 757 3622 830 combussit,
3659 758 3730 816 ad

2024 844 2328 916 pulverem
2370 861 2557 919 usque
2587 846 2862 905 contrivit
2900 846 3288 921 ﬂuctibusque
3325 862 3734 921 conspergeus,

2022 933 2410 993 Israeliticum
2438 950 2511 993 ex
2533 951 2600 993 eo
2631 937 2912 1010 populum
2937 934 3264 1010 propinavit
3287 936 3483 1008 (Emod.
3517 938 3732 1009 XXXII).

2030 1022 2122 1079 13
2160 1024 2311 1093 Quid
2351 1029 2435 1083 est
2491 1025 2653 1083 enim
2687 1042 2788 1100 per
2823 1026 3069 1099 ﬁguram
3115 1025 3337 1085 vitulus
3374 1025 3474 1085 ille
3518 1026 3735 1086 conﬂa-

2026 1113 2157 1182 tilis,
2206 1113 2320 1171 nisi
2347 1129 2556 1188 corpus
2590 1114 2830 1186 diaboli,
2883 1115 3146 1174 homines
3184 1114 3397 1173 scilicet
3427 1115 3490 1172 in
3540 1113 3734 1172 omni-

2022 1202 2132 1261 bus
2178 1203 2454 1275 gentibus
2505 1204 2785 1278 perﬁdia,
2840 1205 3018 1265 simul
3060 1213 3117 1264 et
3162 1205 3503 1265 idololatria
3546 1219 3739 1263 errore

2023 1290 2244 1362 decepti
2300 1307 2365 1348 ac
2419 1291 2529 1350 sub
2575 1292 2700 1366 ipso
2756 1309 2862 1352 suo
2916 1294 3183 1366 pestifero
3230 1294 3411 1368 capite
3462 1298 3738 1367 tanquam

2026 1378 2260 1437 diversa
2310 1379 2570 1438 membra
2614 1381 2889 1454 sacrilega
2935 1381 3359 1455 conspiratione
3399 1380 3739 1454 conjuncti?

2028 1464 2214 1540 Super
2268 1481 2415 1541 quos
2463 1466 2746 1527 nimirum
2801 1469 2897 1527 ille
2946 1468 3225 1543 nequitia
3273 1468 3530 1542 spiritus,
3582 1469 3740 1528 velut

2024 1560 2222 1613 auctor
2284 1556 2621 1629 praesidens,
2672 1557 2987 1618 insolenter
3042 1558 3304 1633 erigitur,
3350 1565 3406 1616 et
3463 1562 3738 1631 tanquam

2024 1650 2194 1717 caput
2230 1661 2331 1718 per
2372 1646 2739 1719 tyrannidem
2790 1663 2895 1705 suo
2953 1648 3175 1722 corpori
3223 1647 3571 1707 dominatur.
3612 1648 3737 1706 Au-

2024 1749 2159 1792 reus
2209 1741 2405 1793 autem
2444 1735 2666 1794 vitulus
2705 1736 2883 1795 fuisse
2920 1737 3283 1807 describitur,
3335 1737 3473 1811 quia
3511 1735 3742 1796 videtur

234 1822 469 1880 natione
511 1821 839 1893 tendamus,
894 1830 948 1882 et
989 1825 1132 1882 dum
1184 1832 1514 1884 sanctorum
1552 1825 2003 1903 quorumlibet];
2031 1821 2371 1883 idololatria
2419 1824 2568 1882 ritus
2611 1824 2767 1883 velut
2794 1841 2827 1883 a
2858 1825 3211 1899 sapientibus
3234 1825 3552 1885 institutus.
3580 1827 3743 1885 Auro

237 1910 502 1985 reliquiis
549 1912 742 1986 digna
778 1912 1101 1972 devotionis
1148 1914 1529 1973 reverentiam
1573 1916 1941 1988 exhibemus,

233 2000 305 2059 ad
351 2000 526 2060 illum
569 2018 754 2061 unum
806 2009 859 2060 et
903 2002 1196 2076 singulare
1241 2019 1449 2077 corpus
1486 2013 1698 2064 nostra
1736 2008 1947 2065 mentis

236 2091 559 2164 dirigamus
616 2093 905 2165 obtutum,
969 2095 1123 2168 quod
1193 2095 1252 2153 in
1321 2101 1577 2168 paterna
1631 2098 1948 2173 majestatis

234 2181 417 2254 gloria
436 2181 728 2242 credimus
754 2183 1129 2242 ineﬂ‘abiliter
1153 2184 1551 2246 sublimatum.

304 2269 411 2328 Illa
460 2269 742 2329 nimirum
792 2277 876 2329 est
912 2278 1061 2330 terra
1106 2273 1202 2331 cui
1258 2277 1379 2332 tum
1424 2274 1573 2332 beati
1607 2274 1947 2348 patriarcha

234 2364 411 2431 atque
457 2359 745 2433 prOpheta
796 2360 1182 2435 suspirabant,
1232 2361 1374 2420 lacte
1420 2362 1638 2420 scilicet
1681 2371 1737 2422 et
1779 2366 1950 2425 melle

236 2446 521 2505 mananti.
564 2448 678 2507 Lac
716 2448 1007 2521 siquidem
1045 2450 1115 2508 de
1151 2452 1338 2510 carnis
1377 2452 1657 2512 uberibus
1694 2456 1945 2527 proﬂuit,

239 2536 351 2594 mel
384 2552 516 2595 vero
560 2538 631 2597 de
679 2540 1070 2613 superioribus
1111 2541 1289 2599 venit.
1343 2542 1414 2599 Et
1442 2542 1580 2616 quia
1628 2542 1950 2603 substantia

234 2625 530 2684 Dominici
582 2627 836 2700 corporis
886 2643 963 2686 ex
1028 2628 1289 2701 Virginis
1344 2629 1666 2689 visceribus
1714 2631 1948 2704 prodiit,

237 2714 519 2774 divinitas
579 2724 773 2776 autem
849 2734 923 2776 ex
994 2725 1228 2792 paterna
1285 2722 1579 2792 majestate
1636 2720 1947 2794 descendit,

244 2811 393 2864 recte
442 2822 650 2879 corpus
705 2807 1020 2867 Salvatoris
1072 2814 1220 2867 terra
1277 2810 1493 2868 dicitur
1550 2812 1947 2884 repromissio-

239 2899 349 2958 nis.
383 2899 528 2970 Quae
562 2900 845 2959 nimirum
874 2906 1024 2958 terra
1067 2901 1227 2973 lacte,
1261 2901 1440 2961 simul
1477 2918 1541 2960 ac
1573 2903 1743 2961 melle
1773 2903 1953 2963 ﬂuere

238 2989 475 3063 dicitur,
517 2990 656 3065 quia
686 2991 747 3049 in
790 2992 1186 3065 Redemptoris
1215 2993 1397 3050 nostri
1428 3007 1681 3065 corpore,
1724 3000 1779 3051 et
1807 2994 1950 3053 sub-

237 3080 445 3137 stantia
480 3095 611 3138 vere
639 3071 696 3138 et
739 3080 984 3140 dulcedo
1029 3086 1119 3138 est
1148 3080 1463 3139 ineﬂ‘abilis
1511 3082 1756 3140 deitatis.
1806 3104 1834 3136 «
1881 3083 1953 3141 In

2028 1913 2241 1987 quippe
2291 1913 2571 1987 sapientia
2609 1912 2967 1987 designatur,
3025 1916 3174 1974 sicut
3212 1930 3314 1989 per
3370 1914 3742 1975 Salomonem

2028 2004 2279 2062 dicitur:
2332 2026 2359 2059 ‹‹
2412 2005 2744 2063 Thesaurus
2784 2004 3178 2064 desiderabilis
3216 2006 3280 2064 in
3322 2021 3422 2064 ore
3465 2005 3739 2079 sapientis

2029 2095 2210 2165 (Prov.
2245 2094 2391 2165 XXI).
2422 2114 2449 2147 »
2487 2096 2719 2153 Aureus
2744 2094 2935 2168 itaque
2960 2094 3073 2153 fuit
3098 2093 3346 2167 vitulus,
3367 2096 3505 2168 quia
3533 2093 3741 2153 mundi

2030 2182 2318 2256 sapientes
2365 2190 2499 2241 ante
2542 2199 2715 2241 nova
2754 2184 2995 2258 gratiam
3032 2182 3165 2241 ﬁdei
3205 2183 3580 2242 daemoniaca
3610 2182 3742 2242 cul-

2030 2279 2182 2331 tura
2212 2273 2389 2331 fuisse
2433 2272 2750 2346 probantur
2786 2280 3067 2344 auctores,
3104 2271 3174 2330 de
3211 2272 3425 2345 quibus
3462 2272 3743 2332 nimirum

2029 2361 2168 2420 dicit
2227 2362 2582 2436 Apostolus:
2632 2384 2658 2416 «
2702 2363 2848 2432 Quia
2893 2378 3027 2421 cum
3080 2362 3486 2435 cognovissent
3532 2363 3741 2434 Deum,

2028 2465 2147 2507 non
2198 2451 2349 2510 sicut
2428 2450 2613 2510 Deum
2668 2450 3155 2523 gloriﬁcaverunt,
3202 2456 3301 2507 aut
3346 2450 3558 2523 gratias
3612 2465 3745 2525 ege-

2030 2545 2208 2609 runt;
2264 2538 2364 2596 sed
2435 2547 2807 2598 evanuerunt
2867 2539 2927 2596 in
2996 2537 3439 2611 cogitationibus
3491 2538 3634 2608 suis,
3690 2544 3747 2596 et

2030 2626 2415 2685 obscuratum
2452 2633 2535 2685 est
2572 2625 2857 2700 insipiens
2892 2641 2990 2684 cor
3030 2640 3252 2697 eorum,
3292 2625 3546 2683 dicentes
3582 2624 3743 2683 enim

2031 2734 2091 2776 se
2143 2733 2265 2775 esse
2316 2718 2624 2791 sapientes,
2672 2716 2833 2775 stulti
2878 2717 3013 2774 facti
3052 2720 3238 2786 sunt;
3269 2720 3326 2773 et
3367 2718 3742 2772 mutaverunt

2030 2807 2277 2881 gloriam
2316 2806 2776 2880 incorruptibilis
2804 2806 2908 2864 Dei
2946 2806 3007 2863 in
3050 2800 3496 2862 similitudinem
3532 2802 3742 2876 imagi-

2032 2902 2126 2957 nis
2159 2898 2558 2972 corruptibilis
2591 2897 2866 2968 hominis,
2909 2902 2964 2954 et
2996 2895 3323 2965 volucrum,
3373 2898 3431 2953 et
3481 2892 3742 2969 quadru-

2032 2990 2250 3062 pedum
2287 2994 2343 3046 et
2383 2987 2737 3061 serpentium
2778 2992 2953 3056 (Rom.
3000 2989 3063 3057 I).
3120 3007 3147 3040 »
3200 2985 3309 3044 Per
3354 2984 3504 3042 hanc
3545 2983 3743 3057 itaque

2034 3095 2266 3138 vesana
2295 3078 2601 3152 sapientia
2624 3078 2939 3136 vanitatem
2959 3085 3159 3151 poeta,
3189 3073 3538 3150 philosophi,
3568 3070 3744 3145 magi,

239 3167 364 3241 ipso
391 3168 572 3241 enim,
607 3171 759 3229 sicut
785 3172 1096 3245 Apestolus
1131 3170 1231 3243 ait,
1272 3170 1492 3229 habitat
1526 3171 1720 3230 omnis
1759 3172 2021 3266 pleni-6
2042 3170 2300 3229 siderum
2335 3170 2638 3229 rimatores
2661 3169 3046 3241 omniumque
3072 3165 3511 3240 disciplinarum
3542 3164 3748 3223 libera-

245 3258 385 3317 tudo
430 3259 753 3319 divinitatis
803 3260 1170 3335 corporaliter
1217 3263 1350 3331 (Col.
1402 3266 1466 3330 II)
1534 3280 1546 3320 :
1600 3282 1628 3315 »
1682 3269 1738 3320 et
1782 3262 1950 3334 alibi,

240 3368 266 3400 ‹‹
314 3348 472 3407 Deus
519 3357 641 3408 erat
684 3352 748 3409 in
795 3350 1021 3409 Christo
1067 3351 1360 3410 mundum
1406 3350 1788 3410 reconcilians
1838 3351 1951 3410 sibi

238 3438 311 3510 (Π
339 3442 458 3497 Cor.
487 3443 568 3509 vl.
604 3462 632 3494 »
674 3441 764 3499 Ad
796 3442 947 3500 hanc
984 3442 1313 3501 viventium
1352 3445 1559 3499 terram
1599 3441 1698 3500 ille
1714 3458 1832 3516 .nos
1858 3441 1951 3500 di-

237 3534 449 3599 gnetur
478 3528 772 3599 inducere,
802 3531 903 3605 qui
944 3535 1110 3587 terra
1146 3536 1360 3589 nostra
1399 3529 1663 3588 mortalia
1694 3547 1809 3590 non
1847 3532 1951 3590 de-

240 3618 514 3693 dignatus
541 3626 627 3679 est
670 3621 927 3690 tolerare,
969 3628 1254 3694 quatenus
1284 3621 1365 3679 sic
1404 3620 1486 3678 ibi
1522 3620 1662 3679 lacte
1693 3628 1749 3680 et
1777 3624 1952 3683 melle

242 3723 550 3767 vescamur
594 3716 659 3769 ut
707 3710 1020 3771 Salvatoris
1070 3710 1246 3767 nostri
1298 3708 1604 3782 praesentia
1651 3716 1706 3766 et
1756 3711 1950 3771 melli-

242 3798 358 3858 ﬂua
410 3799 734 3859 divinitatis
783 3800 909 3874 ejus
949 3800 1253 3859 dulcedine
1301 3799 1597 3859 satiemur.
1651 3799 1762 3870 Qui
1812 3818 1951 3862 cum

159 3958 171 3971 ‘
243 3888 360 3948 Deo
419 3890 605 3961 Patre,
664 3897 719 3948 et
772 3890 993 3964 Spiritu
1045 3897 1240 3948 sancto
1290 3889 1455 3962 vivit,
1503 3895 1560 3947 et
1603 3897 1805 3962 regnat
1851 3908 1952 3966 per

244 3980 441 4039 omnia
466 3980 681 4040 saecula
710 3980 1077 4041 saculorum.
1113 3982 1322 4038 Amen.

898 4078 1147 4139 SEBMO
1178 4079 1280 4136 III.
1297 4119 1315 4137 .

383 4177 460 4224 DE
490 4176 714 4224 SANCTO
739 4178 1059 4308 ANASE‘ASIO
1104 4176 1389 4305 MONA)CHO
1421 4176 1491 4222 ET
1530 4176 1810 4223 MARTYBE

917 4251 1028 4296 XXI
1067 4250 1247 4296 MART.
1284 4280 1297 4292 .

917 4251 1028 4296 XXI
1067 4250 1297 4296 MARE).

313 4326 403 4384 Ad
440 4325 776 4400 pulchrum,
811 4325 1011 4385 fratres
1048 4324 1395 4395 charissimi,
1438 4324 1819 4383 convenimus
1846 4325 1952 4384 ho-

242 4415 447 4475 dierna
473 4415 781 4475 festivitate
804 4416 1214 4490 spectaculum,
1244 4430 1379 4474 cum
1410 4412 1727 4473 viderimus
1749 4431 1954 4474 verum

242 4506 434 4565 David
476 4512 735 4564 nostrum
775 4507 1029 4579 pradam
1068 4507 1139 4564 de
1186 4504 1410 4563 cruenti
1460 4505 1644 4563 leonis
1684 4505 1954 4565 faucibus

240 4595 564 4668 rapientem
621 4598 667 4668 (Ι
713 4567 847 4665 Reg.
902 4595 1066 4665 XVII),
1113 4594 1232 4652 imo
1276 4608 1410 4651 cum
1450 4593 1600 4652 lasso
1654 4609 1834 4668 puero
1883 4567 2019 4652 deD

245 4683 704 4742 Amalecitarum
763 4683 963 4743 cuneis
1044 4683 1427 4742 invictissime
1500 4682 1954 4756 triumphantem

247 4774 293 4844 (Ι
317 4777 451 4842 Reg.
496 4774 618 4845 xv).
648 4772 850 4831 Beatus
890 4772 1047 4830 enim
1093 4772 1454 4841 Anastasius,
1502 4777 1566 4830 ut
1612 4772 1737 4845 ejus
1784 4778 1956 4830 testa-

247 4866 345 4919 tur
380 4860 642 4930 historia,
679 4861 835 4933 magi
878 4860 1099 4918 exstitit
1138 4859 1318 4930 ﬁlius,
1346 4866 1401 4918 et
1436 4860 1690 4934 paternis
1720 4860 1959 4933 insuper

250 4946 439 5005 fuerat
476 4947 794 5021 sacrilegiis
829 4947 1149 5006 institutus.
1203 4948 1415 5006 Leonis
1474 4948 1653 5020 igitur
1688 4947 1962 5005 faucibus

251 5037 575 5107 tenebatur,
604 5052 739 5095 cum
777 5036 1071 5110 sacrilega
1117 5036 1257 5094 artis
1306 5035 1610 5110 praestigiis
1658 5041 1955 5107 uteretur;

249 5124 350 5182 sed
398 5126 603 5185 fortior
656 5127 1070 5201 superveniens
1109 5128 1247 5184 vicit
1288 5126 1614 5197 inimicum,
1663 5130 1717 5182 et
1764 5123 1963 5183 omnia

250 5229 433 5286 arma,
455 5215 517 5274 in
540 5215 756 5290 quibus
776 5216 1115 5287 conﬁdebat,
1150 5215 1387 5275 abstulit
1417 5220 1567 5285 (Luc.
1603 5220 1728 5284 XI):
1766 5213 1962 5287 sicque

252 5321 422 5366 ovem
469 5314 755 5367 errantem
793 5310 865 5369 ad
892 5311 1047 5369 ovile
1090 5308 1393 5383 proprium
1442 5306 1752 5382 reportavit
1781 5308 1960 5380 (Joan.

256 5402 337 5468 xl.
370 5400 562 5460 Stulta
591 5401 829 5477 quidem
862 5402 1067 5461 mundi
1095 5400 1267 5474 elegit
1291 5400 1463 5471 Deus,
1494 5405 1559 5459 ut
1586 5399 1964 5458 confunderet

257 5490 544 5563 sapientes
584 5495 636 5563 (I
679 5494 797 5549 Cor.
850 5496 890 5561 1)
921 5511 933 5550 :
973 5492 1071 5551 sed
1116 5497 1171 5549 et
1214 5490 1264 5548 si
1313 5505 1458 5564 quos
1491 5489 1701 5563 reperit
1742 5489 1964 5563 sapien-

261 5588 360 5652 tes,
404 5581 567 5656 prius
592 5598 689 5642 eos
710 5598 745 5641 a
777 5598 926 5643 vano
962 5581 1227 5656 superba
1255 5580 1554 5656 sapientia
1589 5596 1712 5639 sua
1741 5585 1966 5641 tumore

261 5673 491 5749 dejecit,
521 5690 589 5735 ac
622 5673 895 5749 deinceps
919 5675 984 5735 in
1021 5673 1417 5735 auctoritatem
1454 5672 1652 5733 libera
1685 5672 1965 5747 pradica-

2038 3276 2171 3318 rum
2218 3258 2487 3319 instructi
2541 3259 2767 3333 peritia,
2820 3257 3146 3333 prodigiosa
3194 3257 3456 3316 solebant
3508 3255 3747 3314 adorare

2036 3350 2317 3426 ﬁgmenta
2345 3351 2795 3411 daemoniorum.
2832 3351 2901 3408 In
2934 3349 3114 3410 vitulo
3144 3349 3323 3424 igitur
3357 3347 3746 3423 signiﬁcatum

2037 3446 2123 3497 est
2171 3445 2355 3499 totum
2399 3456 2627 3514 corpus,
2678 3440 2737 3497 id
2787 3445 2872 3497 est
2915 3439 3107 3497 omnis
3158 3439 3396 3496 societas
3436 3435 3746 3510 gentilium

2035 3530 2377 3592 idololatria
2415 3529 2759 3589 deditorum.
2802 3527 3030 3603 Moyses
3072 3528 3268 3601 itaque
3308 3525 3559 3585 vitulum
3612 3523 3747 3597 igne

2038 3621 2383 3680 combussit:
2432 3621 2570 3693 quia
2614 3619 2962 3691 Redemptor
3002 3621 3216 3687 noster,
3273 3629 3451 3688 quem
3512 3611 3611 3670 ille
3664 3610 3747 3668 si-

2036 3716 2330 3784 gnaverat,
2370 3708 2521 3767 male
2573 3707 2897 3781 conspirata
2943 3705 3112 3764 corda
3153 3702 3462 3778 gentilium
3512 3701 3748 3760 ﬂamma

2040 3816 2163 3860 sua
2210 3799 2506 3859 charitatis
2550 3797 2826 3856 accendit.
2879 3796 3045 3855 Unde
3085 3799 3141 3853 et
3163 3794 3286 3868 ipse
3310 3793 3428 3852 ait:
3465 3814 3487 3841 ι
3542 3791 3747 3865 Ignem

2037 3889 2175 3947 veni
2204 3889 2432 3947 mittere
2461 3888 2523 3945 in
2566 3894 2799 3957 terram,
2846 3893 2900 3943 et
2930 3882 3069 3959 quid
3099 3883 3249 3950 volo,
3290 3880 3429 3940 nisit
3448 3886 3513 3940 ut
3540 3894 3744 3938 accen-

2038 3976 2260 4037 datur?
2287 3980 2434 4047 (Luc.
2476 3980 2605 4045 xu.)
2633 3997 2660 4025 η
2696 3974 2767 4031 Et
2807 3973 3124 4047 Propheta:
3169 3992 3196 4021 α
3239 3970 3367 4028 Non
3395 3973 3498 4040 est,
3528 3966 3744 4042 inquit,

2039 4067 2142 4141 qui
2185 4082 2245 4124 se
2299 4064 2610 4124 abscondat
2660 4081 2694 4122 a
2742 4062 2930 4122 calore
2975 4061 3101 4135 ejus
3149 4063 3316 4135 (Psal.
3362 4061 3555 4130 XVIII).
3598 4078 3627 4111 »
3678 4056 3748 4115 In

2040 4162 2234 4213 mente
2279 4170 2415 4228 ergo
2453 4153 2760 4228 gentilium
2802 4156 3036 4225 repente
3081 4150 3320 4210 divinus
3354 4148 3513 4221 ignis
3553 4160 3755 4206 accen-

2040 4245 2217 4315 ditur,
2271 4251 2337 4303 ut
2394 4244 2457 4302 in
2509 4242 2592 4301 eis
2645 4240 3055 4301 irrationabilis
3104 4238 3447 4298 idololatria
3496 4234 3753 4295 bestialis

2040 4333 2227 4391 forma
2255 4332 2531 4390 solvatur.
2565 4331 2776 4389 Totum
2802 4327 3010 4387 deinde
3045 4342 3254 4401 corpus
3278 4324 3449 4384 vituli
3481 4322 3660 4397 hujus
3686 4320 3752 4379 in

2041 4422 2349 4497 pulverem
2413 4420 2853 4489 comminuitur,
2909 4417 3050 4492 quia
3094 4416 3329 4490 gentilis
3370 4414 3474 4472 illa
3512 4412 3757 4471 societas

2046 4511 2347 4569 diabolica
2399 4507 2840 4582 conspirationis
2876 4506 2939 4565 in
2992 4520 3179 4565 unum
3216 4509 3336 4562 arte
3382 4502 3644 4570 conﬂata,
3678 4497 3777 4558 ad‘

2041 4598 2361 4656 adventum
2420 4595 2629 4653 Christi
2686 4594 2935 4668 quodam
2984 4591 3145 4651 velut
3193 4588 3397 4648 malleo
3435 4586 3752 4645 salutifera

2044 4684 2421 4758 correptionis
2467 4688 2673 4741 extusa
2711 4689 2886 4756 atque
2927 4695 2963 4738 a
3003 4676 3210 4753 rigoris
3257 4675 3351 4733 sui
3395 4673 3608 4732 duritia
3666 4672 3751 4730 di-

2045 4773 2171 4832 vini
2199 4770 2360 4831 verbi
2395 4776 2480 4829 est
2507 4771 2723 4828 virtute
2754 4767 3015 4828 contrita.
3052 4766 3141 4823 Ad
3183 4763 3425 4821 verbum
3461 4758 3753 4833 siquidem

2044 4860 2303 4920 veritatis
2343 4858 2651 4918 salubriter
2688 4854 3126 4925 comminuitur,
3167 4866 3299 4925 qua
3339 4848 3491 4908 male
3530 4847 3756 4921 integra

2044 4952 2108 5009 in
2165 4950 2457 5025 superbia
2510 4948 2695 5007 forma
2752 4943 3167 5004 insensibiliter
3222 4946 3369 4999 stare
3427 4938 3751 4997 videbatur.

2046 5040 2265 5099 Deinde
2325 5039 2387 5097 in
2435 5052 2649 5112 aquam
2694 5034 2999 5110 spargitur,
3049 5039 3113 5090 ut
3159 5027 3509 5089 Israeliticus
3560 5042 3635 5086 ex
3686 5039 3754 5083 eo

2046 5129 2298 5205 pOpulus
2319 5128 2497 5188 bibat.
2523 5126 2930 5186 Comminutus
2951 5120 3203 5192 denique
3219 5119 3439 5178 vitulus
3460 5116 3519 5175 in
3541 5128 3758 5188 aquam

2046 5219 2312 5289 mittitur,
2363 5217 2501 5292 quia
2534 5214 2875 5274 humiliatus
2919 5209 3153 5283 gentilis
3211 5206 3484 5283 populus,
3529 5205 3758 5263 lavacro

2047 5307 2335 5368 salutiferi
2388 5305 2563 5365 fontis
2609 5317 2842 5363 necesse
2890 5306 2975 5359 est
3017 5296 3307 5356 abluatur.
3352 5297 3535 5366 Quem
3582 5292 3757 5365 proti-

2046 5414 2159 5457 nus
2192 5395 2470 5455 Israelita
2504 5394 2731 5463 bibunt,
2761 5391 2901 5465 quia
2926 5387 3108 5447 sancti
3137 5384 3537 5460 pradicatores
3566 5381 3761 5440 Evan-

2046 5487 2209 5563 gelii,
2235 5485 2339 5561 qui
2379 5483 2503 5544 veri
2548 5481 2829 5543 Israelita
2876 5485 3030 5549 sunt,
3082 5491 3227 5549 quos
3274 5474 3353 5563 ad
3386 5471 3759 5532 Dominicum

2047 5562 2276 5652 corpus,
2316 5575 2472 5650 quod
2508 5577 2594 5633 est
2630 5569 2904 5640 Ecclesia,
2948 5565 3300 5625 transferunt
3341 5562 3408 5623 iu
3434 5576 3541 5652 sua
3567 5575 3756 5620 mem-

2046 5650 2165 5728 bra
2188 5663 2553 5741 suscipiendo
2592 5660 2761 5738 quasi
2795 5656 3047 5718 bibendo
3086 5657 3452 5715 convertunt.
3491 5650 3757 5721 Quorum
