4170 6462
400 328 508 387 519

1018 327 1077 388 S.
1118 322 1341 389 PETRI
1382 328 1703 388 DAMIANI
1741 318 1898 388 OPP.
1943 326 2133 387 PARS
2174 316 2315 387 SEU
2353 324 2605 388 TOMUS
2642 326 2720 386 II.
2758 358 2828 371 -—
2871 320 3286 386 SERMONES.

3797 319 3911 386 520

402 455 668 514 videlicet
704 452 1097 513 Israelitarum
1136 456 1321 528 primo
1359 454 1574 513 dictum
1608 460 1731 512 est:
1774 479 1801 502 ‹‹
1843 453 2023 511 Macta
2052 454 2166 512 etA
2190 451 2446 510 surrexit
2473 468 2627 510 vera
2656 451 2787 509 fidei
2819 448 3203 520 Christianus,
3247 456 3519 524 tantoque
3546 451 3729 508 sancti
3769 449 3908 524 Spi-

406 543 690 601 manduca
724 544 869 611 (Act.
907 550 992 605 X).
1038 565 1064 593 ι»
1106 541 1267 612 Quod
1309 541 1667 601 tantumdem
1704 549 1789 599 est
1824 558 1889 600 ac
1927 543 1971 599 si
2014 541 2103 598 di-

402 640 662 690 ceretur:
697 631 841 689 Tere
871 637 926 688 et
954 631 1104 690 bibe.
1147 632 1260 704 Sic,
1291 634 1371 690 sic
1404 631 1500 690 ille
1526 632 1748 691 vitulus
1777 648 1879 705 per
1910 632 2103 705 ignem

403 721 533 791 zeli,
581 730 637 780 et
666 722 848 779 aciem
889 721 1050 780 verbi
1107 738 1435 798 aquamque
1492 723 1849 795 baptismatis
1894 723 1967 779 ab
2022 723 2105 779 eis

403 810 593 883 potius
633 810 937 884 absorptus
986 818 1070 869 est
1118 826 1264 884 quos
1328 817 1567 869 conatus
1610 817 1695 868 est
1757 810 2101 879 absorbere;

400 902 465 958 in
497 917 593 959 eos
640 902 760 975 ipse
792 904 1117 961 transfusus
1155 911 1239 961 est
1264 920 1409 977 quos
1453 904 1511 961 in
1555 920 1678 975 sua,
1716 905 1820 962 hoc
1864 910 1947 962 est
1978 904 2102 961 dia-

399 988 601 1055 bolica,
646 996 965 1049 tentaverat
1002 992 1256 1050 membra
1299 994 1627 1051 transferre.
1667 992 2102 1061 Verumtamen,

400 1076 539 1149 quia
586 1077 811 1150 Moyses
859 1093 973 1136 non
1022 1079 1079 1135 in
1137 1080 1246 1138 hoc
1303 1085 1514 1138 metam
1561 1080 1804 1137 ultionis
1844 1079 1991 1147 ﬁxit,
2041 1085 2104 1137 ut

397 1165 621 1224 idolum
659 1167 943 1224 duntaxat
982 1168 1338 1243 infringeret,
1382 1170 1479 1227 sed
1516 1169 1757 1243 insuper
1792 1169 2011 1226 addidit
2040 1176 2106 1226 ut

398 1261 453 1310 et
509 1254 717 1325 viginti
782 1254 886 1311 tria
941 1256 1129 1314 millia
1176 1257 1478 1317 hominum
1536 1258 1842 1317 trucidaret
1899 1260 2099 1326 (Ea-od.

398 1352 621 1415 XXXII),
650 1345 888 1419 mystice
908 1345 1105 1405 docuit
1127 1362 1497 1420 nequaquam
1526 1345 1620 1401 14
1642 1348 1924 1417 sufﬁcere,
1957 1348 2003 1405 si
2032 1348 2104 1405 ab

396 1431 739 1507 idololatria
781 1433 963 1503 cultu,
1006 1434 1094 1491 vel
1146 1436 1427 1507 pravitate
1471 1434 1607 1493 vita
1658 1435 1912 1509 quisque
1961 1452 2100 1494 con-

398 1519 675 1591 vertitur,
723 1520 831 1579 nisi
873 1529 928 1580 et
973 1524 1201 1596 propria
1242 1523 1383 1581 vitia
1423 1522 1613 1596 gladio
1667 1524 1903 1596 spiritus
1946 1540 2102 1582 mor-

401 1607 618 1664 tilicare
687 1612 942 1665 conetur.
1034 1608 1193 1667 Unde
1268 1617 1325 1668 et
1391 1610 1730 1682 pradicator
1791 1611 2098 1685 egregius:

400 1718 428 1750 «
470 1696 825 1765 Mortiﬁcate,
856 1696 1072 1769 inquit,
1105 1699 1364 1757 membra
1405 1706 1611 1765 vestra.
1663 1716 1795 1772 qua
1833 1709 1966 1759 sunt
2004 1717 2102 1760 su-

2187 542 2333 600 ritus
2356 542 2489 611 igne
2519 556 2833 600 succensus
2860 546 2965 609 est,
2999 547 3062 598 ut
3089 539 3148 597 in
3179 539 3302 611 ipso
3337 554 3476 596 mox
3507 555 3629 597 sua
3657 555 3910 599 conver-

2186 631 2365 707 sionis
2407 632 2647 689 exordio
2686 629 2947 704 protinus
3001 629 3342 701 martyrium
3400 628 3618 686 anxius
3675 645 3910 704 quare-

2187 730 2290 790 ret,
2330 722 2402 780 ad
2439 722 2701 796 martyrii
2741 728 3027 780 certamen
3067 721 3200 779 totis
3236 720 3559 779 visceribus
3598 727 3906 779 astuaret.

2187 816 2331 886 Quid
2373 816 2584 888 plura?
2610 816 2864 874 Tandem
2898 814 2969 871 ad
2994 813 3245 886 judicem
3276 819 3511 879 tractus,
3545 812 3714 869 modo
3744 812 3912 869 blan-

2186 906 2346 963 ditiis
2398 911 2732 974 attentatur,
2784 904 2954 961 modo
3002 903 3298 960 minarum
3350 899 3755 974 asperitatibus
3803 899 3908 957 de-

2188 999 2472 1061 terretur;
2508 991 2606 1049 sed
2652 992 2817 1049 miles
2863 988 3097 1059 Christi,
3143 989 3242 1063 qui
3292 1004 3471 1059 supra
3516 988 3745 1044 ﬁrmam
3800 1002 3908 1060 pe-

2191 1088 2332 1138 tram
2369 1080 2502 1139 ﬁdei
2542 1095 2665 1137 sua
2706 1078 3082 1137 fundamenta
3118 1083 3403 1149 posuerat,
3445 1075 3600 1133 inter
3640 1075 3910 1133 minaces

2188 1171 2399 1228 ﬂuctus
2453 1176 2508 1227 et
2558 1167 2942 1243 procellarum
2993 1164 3595 1223 circumfrementium
3637 1162 3910 1220 turbines

2188 1257 2509 1315 immobilis
2545 1256 2901 1330 persistebat,
2937 1253 3254 1327 eodemque
3293 1251 3490 1309 animo
3528 1256 3583 1309 et
3616 1249 3908 1323 despicie~

2187 1348 2283 1406 bat
2308 1363 2577 1422 prospera
2603 1354 2658 1405 et
2686 1346 2937 1405 calcabat
2964 1344 3240 1413 adversa;
3290 1357 3475 1415 eoque
3514 1341 3684 1400 modo
3715 1340 3904 1398 bella-

2188 1444 2277 1496 tor
2323 1444 2595 1495 strenuus
2634 1434 2880 1509 pellebat
2923 1450 2957 1491 a
3007 1431 3351 1506 pavidorum
3392 1436 3582 1488 mente
3632 1428 3908 1488 formidi-

2188 1542 2344 1593 nem,
2386 1532 2443 1584 et
2486 1526 2658 1584 rudes
2712 1532 2983 1598 tyrouum
3028 1519 3255 1578 animos
3297 1518 3367 1577 ad
3422 1534 3666 1591 agonem
3714 1517 3907 1576 divini

2186 1616 2519 1675 certaminis
2563 1612 2924 1672 accendebat.
2963 1611 3126 1681 Quod
3174 1611 3345 1669 etiam
3383 1625 3484 1683 per
3532 1607 3623 1663 15
3662 1607 3905 1681 Moysen

2189 1704 2247 1762 in
2288 1704 2412 1777 lege
2454 1709 2805 1777 praceptum
2852 1707 2937 1759 est
2974 1723 2987 1758 :
3035 1722 3060 1750 α
3110 1698 3641 1772 Appropinquante,
3684 1696 3905 1771 inquit,

399 1802 502 1861 per
538 1793 766 1856 terram,
796 1786 1254 1858 fornicationem,
1286 1788 1745 1861 immunditiam,
1782 1790 2099 1860 luxuriam,
2130 1800 2176 1859 Β
2186 1794 2307 1867 jam
2340 1792 2541 1866 pralio
2575 1791 2749 1849 stabit
2778 1788 3041 1848 sacerdos
3074 1793 3206 1846 ante
3243 1788 3449 1855 aciem,
3489 1793 3544 1845 et
3581 1786 3664 1845 sic
3702 1787 3908 1859 loque-

396 1874 918 1949 concupiscentiam
952 1876 1164 1934 malam
1194 1885 1250 1935 et
1276 1877 1602 1947 avaritiam,
1638 1893 1773 1951 qua
1811 1886 1897 1936 est
1922 1879 2104 1937 idolo-

403 1980 532 2025 rum
562 1964 814 2024 servitus
844 1966 976 2033 (Col.
1019 1970 1125 2034 Ill).
1164 1985 1192 2018 ι)

469 2056 541 2114 Et
577 2056 895 2115 notandum
934 2057 1072 2130 quia
1109 2058 1257 2116 sicut
1298 2059 1390 2117 hic
1428 2060 1570 2117 vitia
1611 2060 1873 2117 membra
1913 2066 2107 2117 nostra

396 2162 525 2205 esse
560 2147 853 2216 dicuntur,
885 2146 962 2205 ita
1001 2153 1056 2205 et
1089 2147 1210 2205 illic
1249 2149 1531 2222 perempti
1569 2158 1724 2219 sunt,
1764 2166 1895 2207 cum
1938 2150 2108 2206 inter-

403 2235 718 2293 fectoribus
765 2234 887 2292 suis
924 2235 1369 2309 propinquitatis
1424 2236 1851 2295 necessitudine
1896 2236 2107 2309 junge-

404 2322 636 2380 bantur.
676 2322 838 2380 Sicut
881 2338 980 2395 per
1028 2322 1263 2395 Moysen
1296 2324 1507 2383 dictum
1560 2332 1647 2382 est
1683 2349 1695 2382 :
1746 2351 1770 2373 α
1804 2324 1943 2382 Hac
1970 2325 2110 2382 dicit

403 2409 687 2469 Dominus
735 2408 888 2467 Deus
943 2410 1165 2469 Israel:
1231 2412 1411 2470 Ponat
1466 2414 1557 2471 vir
1616 2412 1873 2485 gladium
1935 2428 2109 2483 super

402 2498 599 2555 femur
622 2512 792 2555 suum
822 2515 837 2567 ;
868 2497 963 2565 ite,
997 2505 1051 2556 et
1083 2498 1264 2557 redite
1291 2499 1361 2558 de
1391 2509 1551 2574 porta
1579 2516 1766 2575 usque
1794 2502 1853 2558 in
1884 2508 2108 2574 portam

399 2600 500 2659 per
529 2586 788 2644 medium
822 2593 1163 2657 castrorum,
1201 2595 1258 2646 et
1289 2588 1508 2647 occidat
1542 2590 1951 2664 unusquisque
1992 2591 2106 2647 fra-

401 2684 565 2748 trem,
592 2684 651 2737 et
669 2677 920 2736 amicum
944 2686 999 2735 et
1024 2680 1357 2752 proximum
1392 2696 1567 2739 suum
1595 2683 1790 2751 (Exod.
1822 2685 2042 2749 XXXII).
2076 2702 2105 2733 »

401 2766 463 2827 Si
509 2783 682 2843 quem
727 2783 863 2842 ergo
898 2770 1140 2827 delectat
1188 2772 1247 2828 in
1310 2787 1469 2829 arma
1529 2787 1895 2845 consurgere,
1945 2773 2109 2847 quis-

403 2856 538 2931 quis
589 2856 823 2913 anhelat
878 2856 1157 2916 adversus
1224 2858 1482 2917 hostium
1541 2876 1757 2919 cuneos
1812 2861 2106 2930 dimicare,

406 2950 589 3007 vertat
624 2959 836 3001 manus
862 2944 925 3001 in
956 2959 1036 3015 se,
1070 2952 1125 3003 et
1160 2946 1280 3005 illic
1319 2948 1514 3019 plures
1543 2948 1800 3007 inveniet
1837 2950 2109 3007 adversa-

400 3034 518 3094 rios
574 3033 1020 3104 obtruncandos,
1080 3035 1238 3093 unde
1308 3037 1574 3095 videlicet
1629 3045 1754 3111 post
1808 3039 2109 3097 victoriam

2193 1888 2286 1939 tur
2309 1883 2378 1939 ad
2411 1881 2689 1955 populum
2723 1904 2735 1937 :
2767 1878 2940 1947 Audi,
2972 1876 3167 1937 Israel.
3200 1876 3313 1934 Vos
3341 1876 3513 1935 hodie
3553 1883 3754 1933 contra
3787 1874 3906 1932 ini-

2193 1970 2370 2028 micos
2400 1976 2619 2028 vestros
2661 1982 2920 2043 pugnam
2963 1966 3339 2032 committitis,
3385 1980 3502 2024 non
3541 1964 3909 2038 pertimescat

2192 2074 2289 2117 cor
2344 2065 2623 2127 vestrum,
2674 2057 2850 2115 nolite
2922 2063 3200 2124 metuere,
3255 2054 3434 2113 nolite
3511 2051 3731 2123 cedere,
3798 2066 3908 2109 nec

2195 2147 2515 2205 formidetis
2560 2162 2675 2215 eos,
2710 2146 2848 2219 quia
2887 2143 3172 2203 Dominus
3205 2143 3358 2202 Deus
3396 2150 3584 2201 vester
3621 2141 3681 2199 in
3715 2140 3907 2198 medio

2191 2237 2367 2295 vestri
2410 2242 2496 2294 est
2526 2243 2581 2295 et
2627 2251 2728 2309 pro
2760 2235 2921 2294 vobis
2950 2242 3147 2292 contra
3173 2232 3532 2291 adversarios
3579 2229 3904 2301 dimicabit,

2192 2335 2257 2389 ut
2280 2334 2446 2387 eruat
2471 2342 2574 2386 vos
2613 2327 2684 2384 de
2714 2326 2972 2400 periculo
2999 2328 3169 2399 (Deut.
3204 2327 3329 2399 XX).
3373 2346 3401 2378 η

2267 2420 2335 2476 Et
2380 2420 2699 2478 notandum
2731 2415 2885 2492 quod
2916 2417 3198 2487 sacerdos,
3250 2416 3354 2489 qui
3403 2415 3751 2474 imminente
3780 2414 3906 2485 jam

2190 2507 2346 2566 bello
2385 2507 2776 2575 concionatur,
2829 2520 2948 2564 non
2990 2503 3149 2573 alibi,
3204 2504 3303 2562 sed
3348 2511 3481 2562 ante
3526 2503 3710 2561 aciem
3751 2498 3903 2560 stare

2192 2598 2546 2672 pracipitur,
2575 2601 2638 2655 ut
2664 2594 2930 2653 videlicet
2957 2610 3053 2653 eos
3099 2594 3169 2651 ad
3202 2608 3477 2667 pugnam,
3508 2607 3657 2666 quos
3682 2590 3901 2649 adhor-

2194 2686 2509 2746 tationibus
2536 2691 2825 2759 provocat,
2866 2685 2990 2758 ipse
3029 2698 3259 2757 quoque
3289 2682 3547 2756 pravius
3581 2680 3903 2752 antecedat,

2194 2793 2265 2834 ne
2301 2777 2441 2836 dum
2480 2776 2625 2834 alios
2658 2777 2730 2833 ad
2761 2773 2983 2834 bellum
3022 2773 3321 2846 impellere
3364 2772 3594 2847 nititur,
3636 2771 3759 2844 ipse
3798 2769 3904 2828 de-

2191 2864 2391 2937 generi
2445 2864 2690 2938 torporis
2750 2863 2866 2921 otio
2914 2876 3016 2936 per
3074 2860 3488 2935 negligentiam
3559 2856 3901 2917 resolvatur.

2195 2949 2359 3010 Sicut
2396 2951 2467 3010 de
2510 2951 2857 3025 quibusdam
2907 2965 3115 3022 magna
3144 2948 3381 3023 quidem
3426 2946 3899 3021 praedicantibus,

2192 3041 2289 3098 sed
2333 3040 2615 3099 desidiose
2669 3038 3023 3110 viventibus,
3077 3053 3179 3112 per
3232 3036 3573 3109 Prophetam
3628 3035 3843 3094 dicitur
3886 3054 3901 3094 :

406 3138 521 3220 I101.l
558 3120 1115 3223 Ποωξείάεῐῆἶίὲἀιιῐῐι
1146 3138 1357 3183 nomen
1384 3125 1658 3196 incurrat,
1697 3126 1795 3185 89d
1823 3125 2163 3223 gloriosusc
2197 3160 2224 3184 «
2254 3135 2389 3193 Filii
2426 3134 2677 3208 Ephrem
2722 3134 3086 3192 intendentes
3130 3148 3333 3191 arcum
3372 3139 3427 3190 et
3467 3130 3759 3189 mittentes
3811 3144 3907 3187 sa-

398 3210 589 3285 Ροῐίυε
645 3210 1033 3283 triumphator
1076 3221 1359 3286 appareat,
1411 3215 1565 3273 unde
1612 3220 1763 3273 certe
1801 3230 1918 3273 11011
1972 3210 2163 3273 8311-“
2192 3228 2363 3300 gittas
2379 3243 2510 3285 suas
2535 3225 2793 3286 conversi
2818 3231 2953 3283 sunt
2979 3224 3039 3281 in
3064 3223 3157 3281 die
3177 3222 3312 3281 belli
3338 3223 3561 3295 (Psalm.
3584 3222 3841 3287 LXXVII).
3876 3243 3898 3269 ι

401 3300 609 3358 ctuarii
647 3308 934 3358 mereatur
982 3301 1216 3360 excludi
1254 3302 1578 3374 liminibus,
1619 3304 1718 3362 sed
1769 3319 2109 3362 consecrans
2193 3314 2302 3385 Qui
2354 3316 2509 3373 enim
2549 3315 2826 3372 adversus
2871 3312 3147 3370 vitiorum
3194 3310 3539 3369 tentationes
3581 3308 3655 3366 ad
3693 3306 3904 3365 conﬂi-

400 3390 775 3463 semetipsum
806 3389 1069 3461 Domino,
1112 3392 1330 3450 divina
1366 3392 1566 3467 gratia
1611 3392 2111 3451 benedictionibus
2192 3410 2347 3462 ctum
2380 3403 2523 3461 alios
2551 3408 2880 3475 provocant,
2922 3399 3020 3459 sed
3044 3400 3352 3471 conﬂigere
3381 3398 3494 3472 ipsi
3523 3396 3636 3455 sub
3658 3395 3906 3470 ignobili

397 3486 707 3551 augeatur;
762 3479 909 3537 sicut
946 3486 1002 3537 et
1051 3478 1172 3539 illis
1219 3480 1439 3539 dictum
1478 3490 1593 3539 est:
1641 3505 1666 3532 α
1701 3481 2107 3553 Gonsecrastis,
2192 3490 2432 3548 desidiae
2486 3490 2764 3563 languore
2833 3488 3166 3555 detrectant,
3225 3486 3267 3543 ii
3328 3486 3614 3543 nimirum
3667 3483 3906 3558 sagittas

399 3565 611 3639 inquit,
667 3581 877 3625 manus
926 3574 1143 3626 vestras
1184 3569 1357 3626 hodie
1398 3568 1665 3640 Domino,
1707 3572 2111 3646 unusquisque
2192 3578 2429 3653 quidem
2466 3576 2743 3651 dirigunt,
2797 3575 2894 3633 sed
2936 3580 3059 3648 post
3107 3580 3261 3647 terga
3296 3573 3581 3643 conversi,
3622 3586 3904 3631 consum-

394 3655 455 3711 iu
519 3653 641 3713 lilio
696 3662 752 3713 et
812 3656 985 3714 fratre
1043 3671 1185 3726 suo;
1239 3661 1302 3715 ut
1350 3656 1520 3716 detur
1575 3659 1738 3717 vobis
1788 3659 2110 3718 benedictio
2192 3674 2364 3725 mata
2400 3666 2655 3724 victoria
2685 3664 2879 3723 titulos
2908 3679 3020 3721 non
3055 3667 3387 3732 merentur;
3421 3676 3526 3719 nec
3556 3661 3640 3719 eis
3669 3659 3907 3734 prodest

396 3744 605 3811 (HW-)-
651 3767 678 3790 ἰ
742 3743 907 3813 Quod
947 3752 1144 3808 autem
1182 3744 1225 3803 ii
1265 3746 1366 3819 qui
1409 3747 1543 3804 εωεί
1590 3752 1726 3805 sum
1764 3747 1969 3821 Viginti
2005 3748 2111 3805 tria
2193 3758 2349 3832 quod
2382 3757 2527 3814 bene
2565 3760 2873 3827 caperant,
2915 3753 3056 3826 quia
3092 3767 3207 3809 non
3243 3766 3429 3826 usque
3453 3749 3524 3807 ad
3557 3750 3737 3807 ﬁnem
3776 3764 3903 3807 ma-

395 3832 577 3890 millia
624 3832 805 3892 fuisse
851 3835 1248 3907 perhibentur,
1301 3850 1581 3894 numerus
1631 3836 1807 3895 trium
1852 3836 2111 3895 millium
2190 3844 2542 3918 gnanimiter
2591 3848 2978 3915 perseverant.
3039 3839 3196 3898 Unde
3244 3846 3300 3896 et
3347 3838 3419 3896 de
3467 3836 3586 3894 illis
3638 3838 3904 3910 protinus

397 3924 822 4007 peremptorum
866 3922 1146 3995 triplicem
1185 3924 1433 3981 formam
1472 3924 1689 3984 indicat
1725 3933 2106 3998 peccatorum.
2191 3934 2492 4007 sequitur:
2542 3954 2568 3977 ‹‹
2616 3928 2738 3987 Non
2785 3927 3185 3987 custodierunt
3236 3933 3645 3987 testamentum
3696 3926 3796 3984 Dei
3845 3932 3904 3984 et

398 4006 584 4067 Omne
629 4009 845 4083 quippe
890 4020 1188 4084 peccatum
1234 4020 1337 4070 aut
1384 4012 1553 4083 facto,
1605 4021 1705 4073 aut
1760 4015 1958 4087 verbo,
2015 4021 2114 4075 aut
2190 4024 2253 4081 in
2276 4006 2410 4095 lege
2445 4021 2571 4094 ejus
2605 4018 2917 4077 noluerunt
2946 4016 3247 4076 ambulare
3277 4018 3485 4086 (Ibid).
3526 4037 3553 4069 »
3595 4018 3681 4074 Ac
3722 4018 3773 4075 si
3809 4015 3903 4073 di-

400 4097 741 4168 cogitatione
789 4098 1226 4158 committimus.
1271 4098 1381 4158 Sed
1427 4101 1705 4174 quoniam
1746 4102 1869 4161 illic
1912 4111 1967 4161 et
2009 4106 2111 4162 de-
2191 4118 2362 4178 ceret,
2423 4113 2802 4181 susceperunt
2849 4106 3085 4179 quidem
3139 4111 3568 4174 testamentum,
3630 4106 3727 4164 sed
3785 4121 3902 4164 non

404 4188 604 4247 uarius
633 4204 913 4248 numerus
938 4192 1283 4263 geminatur,
1312 4192 1480 4251 datur
1501 4193 1755 4265 intelligi
1783 4194 1941 4267 quia,
1964 4196 2112 4255 sicut
2192 4199 2585 4258 custodierunt
2615 4216 2628 4267 ;
2660 4201 2980 4271 posuerunt
3009 4196 3070 4253 in
3104 4195 3225 4268 lege
3259 4195 3459 4268 pedem
3501 4210 3601 4268 per
3638 4195 3898 4265 initium,

404 4279 753 4353 Decalogum
793 4289 1206 4355 praceptorum
1244 4283 1414 4357 culpa
1450 4285 1640 4343 carnis
1675 4285 1849 4343 simul
1888 4293 1943 4343 et
1978 4285 2111 4344 ani-
2193 4289 2291 4348 sed
2320 4303 2438 4347 non
2474 4294 2786 4345 tenuerunt
2821 4285 3263 4360 perseverantia
3291 4300 3575 4358 gressum.

402 4384 518 4435 ma
544 4384 776 4427 servare
806 4372 1278 4443 contempsimus,
1307 4371 1391 4428 sic
1420 4372 1594 4431 etiam
1628 4373 1933 4447 utriusque
1971 4373 2111 4431 vitia
2263 4376 2541 4450 Quisquis
2569 4391 2704 4449 ergo
2731 4375 2803 4433 ad
2846 4373 3145 4448 spirituale
3188 4381 3473 4431 certamen
3505 4373 3649 4432 alios
3692 4388 3901 4446 provo-

402 4467 686 4527 virtutum
713 4460 893 4522 armis
920 4466 1161 4520 atterere
1198 4467 1254 4519 et
1283 4464 1629 4521 mortiﬁcare
1660 4464 1958 4522 debemus.
2130 4473 2302 4540 hcat,
2332 4464 2597 4540 quisquis
2627 4464 2699 4522 ad
2728 4464 2949 4522 fortiter
2974 4462 3264 4536 agendum
3298 4462 3700 4536 proximorum
3731 4477 3898 4520 men-

467 4556 677 4615 Beatus
726 4552 906 4627 igitur
959 4550 1299 4609 Anastasius
1358 4557 1496 4609 tunc
1547 4567 1771 4625 magus,
1829 4557 2103 4624 tanquam
2132 4550 2275 4613 "tes
2300 4553 2552 4628 instigat,
2583 4553 2751 4611 debet
2779 4552 2980 4626 utique
3018 4552 3195 4611 vitam
3220 4551 3564 4610 concordare
3597 4560 3735 4610 cum
3785 4552 3901 4609 lin-

394 4660 608 4705 aureus
635 4642 861 4702 vitulus
901 4639 1179 4699 contritus
1210 4646 1294 4698 est
1331 4640 1540 4699 malleo
1593 4638 2018 4713 pradicationis
2052 4646 2107 4697 et
2192 4659 2327 4716 gua,
2360 4658 2453 4713 ne,
2494 4642 2635 4700 dum
2674 4641 2805 4700 aliis
2841 4640 3109 4716 proponit
3147 4640 3394 4709 excelsa,
3438 4640 3560 4714 ipse
3596 4647 3904 4698 contentus

399 4736 731 4792 transfusus
768 4736 857 4790 est
891 4729 950 4787 in
984 4729 1246 4789 membra
1272 4729 1525 4803 corporis
1565 4726 1796 4796 Christi,
1833 4742 1967 4784 mox
1999 4743 2105 4785 au-
2193 4730 2327 4787 imis
2374 4735 2672 4803 prematur
2702 4728 2926 4786 inertia.
2983 4728 3135 4786 Hinc
3175 4734 3259 4785 est
3306 4728 3461 4799 quod
3493 4728 3555 4785 in
3600 4728 3722 4801 lege
3748 4742 3902 4800 pra-

398 4829 513 4881 tem
548 4828 613 4880 ut
640 4822 825 4879 divini
866 4819 1224 4894 baptismatis
1254 4819 1494 4890 adeptus
1535 4825 1619 4874 est
1658 4822 2102 4886 sacramentum,
2192 4819 2442 4893 cipitur:
2498 4842 2524 4869 «
2576 4818 2699 4877 Non
2748 4818 2989 4889 habetis,
3040 4817 3249 4892 inquit,
3302 4816 3364 4874 in
3395 4817 3620 4876 sacculo
3676 4816 3903 4874 diversa

399 4911 696 4980 continuo,
739 4909 911 4983 juxta
946 4908 1309 4981 Apostolum,
1351 4922 1471 4964 non
1512 4904 1805 4981 acquievit
1847 4905 2007 4962 carni
2051 4912 2107 4962 et
2193 4909 2464 4982 pondera,
2510 4908 2719 4980 majus,
2773 4913 2829 4965 et
2878 4907 3118 4976 minus;
3168 4922 3277 4964 nec
3319 4905 3426 4964 erit
3480 4907 3542 4964 in
3588 4906 3760 4964 domo
3808 4910 3905 4962 tua

404 4997 683 5074 sanguini
717 5000 925 5064 (Galat.
968 5003 1029 5067 1),
1075 4998 1172 5055 sed
1227 4997 1457 5056 fervens
1506 4996 1566 5053 in
1619 4994 1839 5067 Spiritu
1889 5002 2104 5065 sancto,
2198 4998 2425 5055 modius
2481 4999 2682 5068 major,
2713 5002 2769 5053 et
2796 4996 3026 5065 minor;
3067 4996 3294 5069 pondus
3328 4995 3550 5053 habetis
3582 4995 3809 5067 justum
3850 5001 3908 5050 et

403 5104 540 5147 vere
582 5088 641 5145 in
687 5102 749 5144 se
795 5084 1232 5143 resurrectionis
1264 5083 1519 5157 insignia
1568 5085 1801 5141 mutatis
1847 5082 2108 5140 moribus
2195 5098 2422 5152 verum,
2472 5089 2528 5140 et
2571 5081 2802 5139 modius
2845 5082 3089 5155 aqualis
3130 5088 3184 5139 et
3226 5096 3398 5139 verus
3440 5081 3550 5139 erit
3593 5081 3696 5138 tibi
3730 5081 3904 5153 (Deut.

400 5176 753 5234 ostendebat.
789 5174 905 5231 Nec
946 5172 1180 5231 mirum.
1219 5172 1380 5230 Sicut
1408 5170 1568 5228 enim
1609 5170 1766 5240 Seth,
1801 5170 1904 5244 qui
1944 5171 2106 5228 vide-
2198 5174 2372 5243 XXV).
2409 5196 2435 5220 ιο
2492 5170 2804 5229 Enimvero
2844 5177 2982 5229 tunc
3012 5171 3073 5227 in
3114 5169 3342 5228 sacculo
3373 5170 3602 5229 diversa
3656 5169 3911 5244 pondera

406 5264 535 5321 licet
572 5263 743 5337 primi
786 5263 974 5321 fuerat
1013 5261 1269 5319 hominis
1309 5260 1469 5319 ﬁlius
1506 5263 1659 5331 (Gen.
1707 5266 1790 5329 V),
1832 5261 2111 5319 Hebraice
2195 5279 2313 5321 non
2360 5262 2659 5331 habemus,
2692 5263 2743 5320 si
2783 5263 2935 5319 intra
2973 5268 3253 5320 secretum
3292 5263 3659 5321 conscientia
3694 5266 3910 5321 nostra

406 5344 725 5409 mamma
769 5350 1023 5420 dicitur;
1066 5349 1145 5406 ita
1183 5354 1240 5405 et
1276 5350 1617 5407 Anastasius
1663 5350 1735 5408 de
1789 5348 1988 5407 Graca
2049 5348 2111 5405 in
2201 5364 2316 5408 non
2361 5349 2528 5407 aliter
2554 5349 2625 5407 de
2664 5349 2833 5408 nobis
2870 5358 3042 5425 atque
3081 5348 3248 5407 aliter
3295 5348 3368 5407 de
3403 5349 3535 5408 aliis
3556 5348 3906 5424 judicantes,

407 5447 658 5498 nostram
698 5441 981 5512 linguam,
1020 5440 1431 5495 resurrectionis
1486 5442 1637 5509 ﬁlius
1684 5439 2109 5518 interpretatur.
2201 5440 2431 5499 easdem
2486 5439 2756 5513 legalium
2816 5447 3231 5513 praceptorum
3286 5455 3588 5499 mensuras
3628 5439 3911 5514 appendi-

417 5527 838 5589 Convenienter
892 5532 1087 5603 itaque
1140 5528 1297 5588 ﬁlius
1366 5529 1802 5588 resurrectionis
1880 5528 2109 5599 dicitur,
2202 5545 2355 5589 mus.
2388 5529 2702 5600 Nimirum,
2739 5535 2947 5588 utnon
2974 5528 3106 5587 aliis
3140 5530 3399 5603 regulam
3435 5528 3710 5588 districta
3740 5544 3905 5587 seve-

412 5615 550 5691 quia
576 5627 842 5679 mortuus
875 5626 961 5678 est
988 5618 1051 5677 in
1088 5634 1156 5679 eo
1189 5632 1393 5691 magus
1416 5624 1589 5691 atque
1616 5618 1949 5691 sacrilegus,
1980 5633 2112 5691 pro-
2209 5619 2396 5677 ritatis
2430 5618 2704 5690 indicere,
2749 5617 3128 5691 nosmetipsos
3160 5634 3293 5676 vero
3329 5617 3668 5677 studeamus
3700 5616 3911 5677 remis-
