4170 6442
409 350 508 406 521

1802 322 2032 385 SERMO
2069 315 2154 378 ιν.

3557 298 3665 353 5ξῖ

401 462 567 519 sioris
610 458 957 530 indulgentia:
992 456 1107 528 lege
1155 463 1412 510 tractare.
1464 451 1540 506 De
1584 463 1688 522 qua
1733 445 1988 500 videlicet
2013 447 2062 508 Α
2089 445 2176 491 cto
2205 439 2456 530 peccator
2493 432 2654 530 homo
2674 427 2988 530 pertingere
3017 415 3262 530 είίβοξέίξ
3291 421 3358 474 ad
3389 419 3666 530 Ρ¹π¹ιιίυξ¹ξ

401 553 592 608 fraude
623 561 678 605 et
707 549 962 604 Salomon
995 548 1126 600 dicit
1157 563 1168 598 :
1205 565 1223 596 ι
1258 541 1600 599 Abominatio
1640 547 1722 593 est
1753 537 1978 591 Domino

400 643 612 714 pondus
653 641 846 711 duplex
879 647 935 694 et
973 647 1174 692 statera
1222 636 1406 691 dolosa
1453 631 1636 702 (Prov.
1680 631 1793 700 xu).
1824 649 1840 680 ι
1879 628 1980 682 Ne-

403 746 558 785 cesse
604 739 687 784 est
735 729 863 798 erg‘o
905 727 1087 797 fruges
1135 725 1308 790 verbi,
1351 737 1685 792 nequaquam
1727 719 1978 780 diversis,

402 823 499 876 sed
531 821 735 875 eisdem
770 819 949 873 metiri
978 815 1332 887 ponderibus.
1375 822 1435 866 ut
1470 828 1589 881 qua:
1628 809 1749 868 aliis
1777 807 1979 876 agenda

404 910 786 980 pra-cipimus,
845 908 944 976 ipsi
990 907 1154 960 etiam
1199 905 1336 959 vivis
1384 902 1640 972 Operibus
1691 897 1983 954 efﬁcaciter

405 1003 749 1073 impleamus.
775 1001 926 1066 Quod
951 999 1195 1070 profecto
1225 999 1415 1052 beatus
1440 1004 1642 1064 martyr
1666 989 1984 1046 Anastasius

403 1093 747 1148 laudabiliter
802 1092 950 1158 fecit,
1009 1093 1134 1166 quia
1191 1091 1316 1144 dum
1362 1089 1497 1142 alios
1541 1088 1858 1141 adhortatur
1917 1083 1983 1137 ad

404 1199 664 1254 pugnam,
695 1183 810 1252 ipse
840 1183 988 1252 prior
1031 1195 1182 1234 arma
1226 1178 1507 1246 corripuit,
1538 1184 1594 1231 et
1632 1176 1684 1230 in
1724 1174 1896 1244 ipsam
1926 1186 1987 1227 se

403 1277 718 1347 constipata:
739 1275 964 1347 legionis
983 1274 1154 1328 aciem
1176 1273 1340 1326 lorica
1361 1271 1481 1328 fidei
1504 1269 1741 1323 nmnitus
1761 1267 1984 1320 immer-

404 1369 508 1431 sit;
533 1366 768 1434 dumque
790 1365 909 1419 aliis
928 1363 1310 1431 congrediendi
1338 1361 1542 1431 prcebet
1560 1356 1882 1426 exeniplum,
1899 1353 1987 1408 ille

403 1458 629 1512 sortitur
675 1472 738 1511 ex
795 1457 1005 1510 devicto
1053 1455 1204 1509 hoste
1261 1452 1618 1521 triumphum;
1673 1459 1873 1517 atque,
1927 1452 1989 1498 ut

405 1549 482 1603 ita
513 1548 723 1616 loquar,
747 1547 872 1600 dum
903 1544 1252 1614 sequentibus
1278 1543 1470 1595 sternit
1501 1541 1602 1593 iter
1628 1538 1694 1591 ad
1729 1549 1985 1606 pugnam,

405 1638 521 1708 ipse
572 1653 694 1690 mox
741 1646 959 1706 peracta
995 1635 1217 1690 victoria
1253 1633 1565 1703 perducitur
1602 1629 1668 1682 ad
1707 1641 1983 1682 coronam.

479 1729 628 1783 Hunc
663 1729 864 1797 itaque,
898 1725 1251 1787 dilectissimi,
1298 1735 1589 1792 sequamur
1628 1717 1984 1772 fortissimum

2086 534 2299 596 sperat,
2348 521 2448 576 nisi
2489 519 2640 589 prius
2673 518 2818 572 hunc
2867 513 3143 582 patientiae
3191 510 3341 564 labor
3382 511 3719 597 exerceant

2084 613 2274 670 Omnis
2304 611 2468 682 igitur
2491 609 2692 670 enin-ia,
2723 619 2844 675 qua:
2867 603 2952 659 his
2976 602 3205 665 duabus,
3235 599 3501 655 charitate
3521 596 3671 653 scill~

2083 713 2170 759 cet
2199 713 2254 758 et
2295 699 2585 771 patientia,
2618 697 2766 752 velut
2798 693 3118 763 quibusdam
3146 688 3528 746 sustentaculis
3557 702 3669 742 non

2085 793 2353 855 innititur,
2387 790 2628 844 funditus
2669 785 2897 849 labituri.
2937 781 3149 842 etiamsi
3192 780 3404 836 caeteris
3460 776 3671 848 virtuti~

2085 884 2186 938 bus
2209 881 2383 937 fulciri
2437 879 2706 935 videatur.
2752 874 2959 942 Quibus
3016 873 3274 931 nimirum
3331 870 3672 953 virtutibus,

2085 977 2159 1031 ita
2208 975 2295 1029 hic
2339 972 2727 1030 invictissimus
2781 976 2990 1038 martyr
3035 965 3259 1028 enituit,
3305 971 3360 1020 et
3414 971 3671 1033 tanquam

2085 1066 2315 1136 geminis
2359 1065 2590 1119 libratus
2638 1061 2763 1124 alis,
2807 1072 2929 1114 sese
2973 1057 3040 1111 ad
3069 1053 3323 1109 coelestia
3371 1051 3671 1120 appetenda

2084 1155 2386 1226 suSpcndit,
2443 1164 2496 1209 ut
2539 1169 2646 1223 per
2690 1150 3011 1206 charitatem
3058 1147 3151 1201 Dei
3192 1143 3422 1199 visibilia
3474 1150 3669 1197 cuncta

2086 1245 2410 1313 despiceret,
2455 1257 2551 1312 per
2594 1239 2912 1309 patientiam
2952 1251 3079 1290 vero
3123 1248 3260 1290 nova
3303 1241 3357 1286 et
3400 1231 3672 1300 exquisita

2091 1343 2486 1388 tormentorum
2533 1347 2728 1402 genera
2778 1345 2884 1385 non
2929 1329 3162 1384 timeret.
3196 1326 3299 1380 Per
3344 1324 3670 1380 charitatem

2087 1425 2248 1496 plane
2292 1425 2643 1494 semetipsum
2695 1423 2804 1476 Deo
2852 1419 3134 1474 suavitatis
3181 1417 3409 1471 hostiam
3445 1413 3671 1475 obtulit;

2091 1531 2186 1587 per
2224 1516 2538 1585 patientiam
2567 1522 2748 1568 autem
2791 1509 3051 1581 quidquid
3098 1509 3388 1570 minarum,
3415 1502 3675 1575 quidquid

2089 1623 2395 1677 poenarum,
2438 1605 2700 1675 quidquid
2759 1603 3084 1665 exitiorum,
3131 1597 3391 1668 quidquid
3443 1595 3676 1663 denique

2092 1698 2348 1752 Ingnium
2375 1696 2478 1752 sibi
2514 1703 2739 1754 cruenta
2764 1689 3204 1762 persequentium
3233 1687 3412 1743 rabies
3444 1684 3625 1740 intulit
3654 1721 3671 1747 ,

664 1773 864 1797 .--Ἰ-ν,
900 1773 1251 1787 ,..-----------,

404 1819 651 1874 videlicet
673 1819 908 1871 caelestis
933 1816 1135 1870 militia:
1156 1814 1494 1875 bellatorem,
1520 1820 1578 1864 ut
1597 1810 1850 1863 vitiorum
1871 1822 1990 1862 cer-

2097 1788 2185 1842 bic
2221 1786 2486 1842 indefessa
2527 1783 2848 1841 constantiae
2892 1778 3338 1850 magnanimitate
3378 1773 3670 1846 percurrit.

406 1919 582 1965 temus
621 1923 834 1978 semper
871 1909 1128 1962 edomare
1171 1903 1506 1975 tyrannides,
1541 1902 1646 1972 16
1677 1909 1731 1953 ut
1757 1897 1986 1953 rebelles

405 2001 783 2056 illecebrarum
816 1998 1115 2053 carnalium
1159 1997 1432 2050 enitamur
1461 2007 1808 2062 compescere
1835 1992 1986 2044 volu-

405 2101 606 2160 ptates,
639 2101 697 2144 ut
733 2089 929 2143 nobilis
961 2088 1175 2142 animus
1220 2084 1448 2140 summis
1479 2097 1695 2151 semper
1720 2080 1982 2144 intentus,

405 2183 648 2237 coelestia
696 2181 932 2234 fervidus
975 2186 1222 2249 appetat,
1275 2185 1487 2232 terrena
1535 2184 1875 2237 contemnat,
1931 2183 1990 2227 ut

405 2275 632 2328 adversa
673 2272 876 2340 perpeti
920 2286 1017 2340 pro
1045 2269 1276 2324 veritate
1326 2283 1431 2322 non
1477 2270 1683 2330 timeat,
1717 2274 1775 2319 ut
1817 2265 1987 2319 solam

405 2360 684 2416 Creatoris
717 2363 799 2415 sui
834 2362 1064 2432 gratiam
1103 2359 1401 2430 promereri
1442 2357 1747 2412 medullitus
1783 2371 1989 2411 concu-

405 2456 600 2526 piscat.
632 2455 767 2509 llinc
802 2455 946 2508 enim
978 2454 1060 2507 vir
1088 2453 1300 2507 Domini
1332 2453 1521 2506 beatus
1550 2450 1892 2513 Anastasius,
1932 2462 1991 2502 ut

407 2545 475 2599 de
503 2544 744 2613 pluribus
786 2558 958 2613 pauca
995 2543 1378 2611 perstringam,
1424 2555 1670 2614 carceres
1704 2538 1989 2592 horrificos

405 2634 652 2705 pertulit,
700 2633 879 2696 famis,
913 2634 1051 2698 sitis,
1091 2631 1310 2703 frigoris
1357 2633 1708 2700 omniumque
1753 2631 1989 2684 necessi-

411 2734 580 2778 tatum
629 2727 864 2793 inopiam
914 2726 1188 2792 toleravit,
1239 2725 1460 2779 verbera
1491 2724 1838 2792 contempsit,
1872 2732 1992 2776 tan-‘-

321 2890 324 2893 _
411 2815 642 2882 demque
683 2822 802 2881 post
847 2814 1099 2866 immania
1149 2827 1454 2882 pmnarum,
1493 2811 1990 2881 SUppliciorumque

413 2912 704 2968 tormenta,
740 2906 790 2957 in
836 2903 1054 2958 ﬂundne
1105 2913 1327 2957 necatus
1365 2902 1640 2965 occubuit,
1691 2905 1990 2969 eodemque

411 2998 679 3052 elemento
726 2997 888 3049 vitam
941 2995 1125 3049 carnis
1165 2995 1348 3048 amisit
1385 3010 1491 3063 quo
1534 2993 1785 3047 videlicet
1830 3001 1989 3046 antea

411 3089 536 3141 vitze
583 3096 798 3140 (eterna:
839 3093 1180 3140 sacramenta
1222 3092 1565 3154 perceperat.
1619 3083 1764 3138 Bene
1807 3083 1990 3151 itaque

414 3196 622 3249 magus,
655 3179 779 3248 quia
824 3178 877 3231 in
911 3179 1079 3248 magis
1119 3179 1303 3232 mundi
1346 3178 1673 3247 Redemptor
1697 3177 1990 3232 adveniens
2019 3179 2064 3241 C

414 3271 534 3324 ﬁdei
567 3286 676 3323 suae
715 3269 984 3338 primitias
1005 3268 1293 3323 dedicavit.

483 3359 786 3413 Notandum
815 3370 1016 3423 autem,
1059 3359 1418 3422 dilectissimi,
1448 3359 1573 3426 quia
1625 3365 1766 3411 mter
1795 3367 1989 3412 eastern

392 3452 770 3520 'spiritualium
801 3451 940 3504 dona
972 3451 1226 3504 virtutum
1276 3450 1640 3518 quarrcntibus
1681 3449 1846 3502 Deum
1877 3450 1993 3502 dum

412 3542 728 3612 propensius
758 3541 1077 3595 necessaria:
1105 3540 1403 3608 probantur
1429 3555 1550 3593 esse
1581 3541 1832 3604 virtutes,
1857 3540 1989 3593 cha-

414 3635 548 3687 ritas
590 3634 839 3686 videlicet
865 3647 929 3686 ac
955 3633 1235 3702 patientia,
1272 3640 1331 3685 ut
1381 3647 1474 3700 per
1505 3647 1625 3700 quae
1657 3632 1992 3687 reconciliati

413 3740 602 3781 sumus
631 3725 864 3795 gratuito
894 3725 1091 3778 divina:
1120 3723 1510 3778 misericordia:
1538 3737 1779 3784 munere,
1809 3739 1904 3793 per
1929 3738 1991 3778 ea

413 3815 754 3884 potissimum
783 3829 1225 3868 consummemur
1253 3828 1316 3866 ex
1356 3813 1563 3882 proprii
1602 3828 1816 3882 quoque
1847 3813 1992 3867 arbi-

417 3909 504 3962 trii
534 3908 803 3961 libertate.
838 3909 942 3960 Per
994 3907 1315 3961 charitatem
1358 3906 1556 3976 quippe
1599 3907 1692 3961 Dei
1729 3905 1896 3961 Filius
1924 3907 1992 3960 ad

415 4007 600 4054 nostra
655 3999 960 4063 descendit;
1008 4011 1105 4068 per
1153 3998 1468 4067 patientiam
1503 4013 1633 4053 vero
1682 4009 1990 4070 susceptam

415 4098 614 4143 nostra:
643 4089 956 4144 substantiae
986 4078 1268 4143 veritatem
1314 4089 1520 4143 calcato
1548 4090 1736 4144 mortis
1766 4091 1993 4160 imperio

415 4183 482 4236 ad
507 4190 790 4257 paternam
817 4181 1043 4251 gloriam
1079 4180 1412 4256 sublimavit.
1442 4181 1505 4235 Et
1530 4182 1656 4250 quia
1687 4197 1782 4252 per
1811 4183 1993 4251 chari-

416 4282 581 4329 tatem
628 4275 695 4328 ad
727 4288 828 4327 nos
863 4273 1343 4328 consubstantialis
1389 4271 1565 4327 Patris
1603 4272 1771 4327 Filius
1805 4275 1992 4329 venire

416 4365 668 4436 dignatus
698 4375 797 4424 est.
831 4362 1025 4420 sullicit
1061 4379 1224 4417 unum
1254 4363 1477 4418 Joannis
1525 4365 1852 4434 exemplum,
1884 4379 1992 4434 quo

415 4456 533 4509 ait:
565 4475 582 4506 ι
612 4454 668 4508 ln
717 4455 819 4509 hoc
866 4453 1115 4524 apparuit
1157 4454 1397 4508 charitas
1446 4453 1540 4507 Dei
1583 4455 1636 4508 in
1663 4455 1820 4508 nobis
1859 4469 1992 4524 quo-

409 4549 563 4602 niam
600 4546 795 4602 Filium
843 4563 999 4600 suum
1044 4546 1190 4600 misit
1236 4546 1290 4599 in
1344 4545 1622 4609 mundum,
1661 4556 1720 4598 ut
1749 4547 1991 4599 vivamus

415 4653 516 4710 per
539 4653 660 4693 eum
689 4637 741 4709 (Ι
772 4637 934 4691 Joan.
965 4637 1060 4708 ιν).
1092 4657 1111 4689 ›
1144 4637 1296 4704 Quod
1321 4648 1500 4690 autem
1533 4637 1693 4690 homo
1724 4635 1897 4689 factus
1929 4636 1994 4689 ad

419 4731 634 4786 Patrem
671 4744 767 4799 per
802 4730 1118 4800 patientiam
1166 4729 1345 4794 rediit,
1379 4736 1489 4783 tota
1533 4726 1862 4796 dispensatio
1892 4727 1993 4779 bus

420 4823 701 4877 manitatis
746 4829 1041 4890 assumpta;
1079 4820 1282 4890 liquido
1320 4820 1629 4875 confitetur.
1659 4819 1797 4886 Quid
1825 4819 1992 4884 enim,

418 4923 536 4968 uta
558 4913 827 4984 principio
849 4922 1116 4982 repetam,
1148 4912 1294 4966 aliud
1332 4909 1432 4966 fuit
1481 4912 1534 4965 in
1568 4909 1811 4979 virginali
1844 4918 1997 4962 utero

420 5004 654 5072 concipi,
685 5010 870 5057 natum
907 5002 960 5055 in
991 5001 1252 5070 przesepio
1283 5000 1554 5064 reclinari,
1585 4999 1778 5053 vilibus
1805 4997 1999 5067 pannis

421 5095 641 5160 involvi,
682 5094 996 5164 parentibus
1025 5091 1301 5146 humiliter
1330 5090 1506 5154 subdi,
1544 5089 1884 5144 contumeliis
1919 5085 1998 5141 δίδ-

424 5190 530 5254 fici,
565 5197 841 5259 postremo
884 5185 1127 5256 crucifigi
1155 5193 1208 5237 et
1254 5184 1426 5238 mori?
1453 5183 1610 5249 Quid,
1662 5182 1902 5252 inquam,
1942 5181 1995 5234 in

425 5280 510 5334 his
534 5279 809 5343 omnibus,
858 5278 960 5331 nisi
1011 5276 1269 5346 majestas
1316 5276 1527 5329 invicta:
1577 5275 1853 5344 patientia:
1888 5273 1997 5328 eia-

429 5371 557 5433 ruit,
598 5385 692 5438 per
735 5385 896 5438 quam
944 5367 1146 5422 Auctor
1185 5369 1309 5421 vita:
1359 5368 1594 5421 moriens
1627 5367 1819 5421 mortis
1850 5353 1997 5436 prin-

427 5463 599 5530 cipem
653 5462 1043 5532 triumphavit?
1103 5461 1160 5516 Si
1221 5476 1352 5530 ergo
1404 5461 1496 5514 Del
1566 5458 1838 5524 Verbum,
1900 5474 1999 5528 per

429 5554 570 5622 quod
604 5551 743 5605 facta
778 5565 902 5608 sunt
944 5553 1123 5609 omnia
1149 5552 1328 5624 (Joan.
1361 5554 1425 5621 l),
1457 5553 1663 5606 unitmn
1693 5551 1794 5607 sibi
1828 5551 2002 5606 homi-

431 5659 576 5707 nem,
601 5652 886 5711 antequam
927 5656 1096 5698 totum
1137 5643 1410 5712 patientiae
1452 5642 1684 5698 stadium
1721 5655 2000 5712 percurre-

433 5745 535 5806 rct,
567 5737 766 5793 intrare
789 5738 841 5792 in
873 5753 1022 5792 suam
1049 5739 1274 5810 gloriam
1307 5757 1447 5804 nnn._
1462 5737 1729 5811 permisit,
1761 5752 1868 5808 quo
1904 5751 1999 5807 pa-

832 5852 1102 5911 Pnnoc.
1146 5846 1418 5918 CXLIV,

2157 1879 2462 1947 Seqnamur
2487 1879 2687 1945 itaque,
2717 1869 3086 1932 dilectissimi,
3131 1869 3272 1926 hunc
3297 1861 3669 1922 admirabilem

2087 1970 2312 2034 virum,
2359 1969 2586 2040 ejusque
2635 1967 2884 2034 vestigia,
2941 1963 2994 2020 in
3036 1969 3295 2030 quantum
3348 1970 3669 2028 possumus,

2088 2060 2383 2124 imitemur,
2423 2068 2716 2130 quatenus,
2744 2057 2870 2112 dum
2919 2055 3064 2113 hunc
3093 2050 3248 2104 nobis
3274 2049 3433 2104 modo
3469 2060 3669 2115 propo-

2089 2151 2270 2206 nimus
2311 2151 2380 2206 ad
2421 2149 2750 2218 exemplum,
2811 2145 2926 2218 ejus
2971 2142 3312 2215 postmodum
3363 2138 3464 2208 ι’]
3504 2135 3673 2208 partia-

2089 2242 2287 2311 eipinm
2341 2241 2600 2311 appellari
2657 2253 2962 2300 mereamur
3005 2235 3071 2296 ad
3122 2233 3423 2306 praemium,
3477 2241 3536 2290 ut
3579 2230 3672 2299 qui

2090 2333 2292 2388 sanctis
2349 2332 2684 2401 martyribus
2736 2328 2970 2387 reddidit
3006 2325 3219 2397 iustitia
3280 2323 3520 2378 dictante
3571 2336 3669 2376 co—

2091 2438 2322 2486 ronam,
2373 2422 2531 2478 nobis
2577 2420 2953 2491 peccatoribus
3007 2418 3195 2478 saltem
3244 2414 3360 2473 $010
3406 2429 3516 2471 sua:
3573 2411 3677 2466 mi—

2091 2512 2403 2566 sericordiac
2455 2525 2680 2568 munere
2743 2510 3067 2580 propitiatus
3125 2505 3400 2574 indulgeat
3461 2501 3674 2555 veniam

2090 2599 2248 2656 Iesus
2289 2599 2540 2654 Christus
2568 2599 2829 2653 Dominus
2880 2606 3082 2662 noster,
3133 2596 3224 2663 qui
3261 2607 3381 2648 cum
3415 2591 3579 2649 Patre
3617 2597 3676 2642 et

2093 2686 2300 2756 Spiritu
2326 2697 2516 2746 sancto
2541 2688 2675 2742 vivit
2696 2697 2753 2742 et
2780 2695 2970 2758 regnat
2992 2687 3132 2748 Deus
3153 2697 3252 2756 per
3270 2681 3453 2741 omnia.
3473 2678 3673 2738 saecula
3753 2733 3761 2744 ,

2082 2779 2435 2838 stimulorum.
2461 2781 2655 2838 Amen.
2697 2803 2700 2806 ι

2854 2897 2918 2912 -η-

2624 2978 3144 3042 FEBRUARIUS.

2097 3083 2146 3142 Ι.
2191 3083 2400 3142 Sermo
2434 3081 2504 3142 de
2530 3083 2595 3143 S.
2648 3083 2868 3141 Severo
2904 3080 3192 3159 episcopo
3247 3078 3591 3137 Ravennate
3620 3077 3678 3133 et

2178 3185 2546 3263 confessore.

2174 3283 2384 3344 Sermo
2415 3281 2720 3347 secundus
2745 3280 2816 3340 de
2845 3279 3072 3341 eodem.

2094 3383 2268 3442 XIV.
2314 3383 2524 3446 Sermo
2581 3382 2652 3441 de
2680 3382 2742 3442 S.
2789 3380 3172 3441 Eleuchadt'o
3225 3379 3516 3458 episcopo
3557 3379 3670 3437 Ra-

2175 3488 2427 3542 vennate
2457 3489 2511 3542 et
2545 3481 2912 3559 confessam.
3639 3505 3648 3510 -

2699 3579 2931 3642 SERMO
2966 3579 3052 3634 1V.

2096 3689 2133 3726 ι.
2181 3688 2247 3726 ne
2274 3689 2320 3726 s.
2355 3688 2558 3728 διεγειιο
2589 3687 2834 3808 ειιιεεῖρο
2875 3687 3187 3812 “genus
3216 3687 3284 3726 ετ
3322 3663 3677 3726 conrassnnc.

2769 3759 2782 3798 ι
2813 3759 2965 3795 rasa.
3525 3785 3530 3794 .

2769 3759 2782 3798 t
2813 3752 2992 3798 FEBR.)
3525 3785 3530 3794 .
3757 3752 3760 3753 ⁷

2165 3831 2426 3897 Gloriam,
2463 3842 2517 3888 et
2547 3833 2803 3888 honorem
2837 3833 2944 3886 Deo
2975 3841 3182 3896 nostro,
3206 3831 3498 3886 secundum
3528 3831 3677 3886 Psal-

2095 3923 2312 3981 misram
2340 3962 2354 3988 ,
2400 3923 2537 3982 laetis
2589 3923 2858 3978 mentibus
2905 3920 3195 3976 a'ﬂ‘cr..mus
3239 3919 3408 3991 (Paul.
3458 3922 3674 3991 xxviii),

2095 4015 2296 4072 fratres
2337 4015 2678 4080 charissimi,~
2701 4015 2825 4084 quia
2866 4013 2992 4068 dum
3043 4013 3332 4067 oblationis
3383 4013 3677 4068 Dominicm

2093 4107 2498 4163 celeberrimam
2520 4118 2893 4177 exspectamus
2915 4105 3331 4169 solemnitatem,
3349 4106 3401 4160 in
3426 4100 3676 4176 praesenti

2094 4196 2259 4250 etiam
2293 4197 2350 4252 Β.
2392 4196 2580 4251 Severi
2627 4198 2825 4267 egregii
2859 4197 3156 4251 sacerdotis
3186 4197 3549 4252 venerabilem
3587 4213 3678 4253 co-

2093 4289 2252 4351 limus
2300 4291 2743 4361 assumptionem.
2802 4290 3039 4345 Delectet
3094 4291 3257 4349 corda
3318 4288 3667 4349 festivitatem

2093 4380 2368 4436 celebrare
2393 4389 2744 4450 prmsentem,
2771 4389 3089 4450 exSpectare
3129 4381 3292 4440 etiam
3321 4380 3575 4436 alacriter
3611 4381 3675 4434 lia

2095 4472 2219 4529 beat
2249 4470 2634 4525 imminentem.
2664 4471 2756 4530 llla
2787 4486 2884 4526 nos
2923 4469 3189 4525 festivitas
3212 4469 3554 4540 Redemptori
3580 4485 3680 4523 no-
3725 4521 3733 4529 ,

2096 4571 2211 4616 stro
2238 4561 2444 4618 referre
2466 4562 2666 4632 gratias
2691 4563 2912 4626 doceat;
2942 4563 3042 4618 ista
3066 4576 3195 4615 vero
3224 4560 3292 4614 ad
3315 4574 3553 4615 amorem
3579 4573 3676 4612 nos

2097 4651 2290 4720 patriae
2328 4650 2564 4706 ctelestis
2586 4650 2868 4705 accendat.
2925 4650 2978 4704 In
3011 4651 3103 4705 illa
3157 4650 3428 4706 discamus
3476 4658 3678 4716 quanta

2099 4744 2240 4798 Deus
2271 4759 2369 4812 pro
2410 4743 2630 4798 homine
2683 4743 2932 4816 pertulit;
2987 4743 3039 4796 in
3096 4743 3195 4797 ista
3251 4740 3675 4811 perpendamus,

2101 4833 2263 4887 homo
2296 4847 2391 4904 per
2439 4833 2607 4894 Deum
2655 4833 2721 4887 ad
2768 4841 3028 4906 quantum
3082 4830 3414 4896 celsitudinis
3464 4829 3676 4885 culmen

2105 4924 2366 4986 ascendit.
2420 4923 2479 4979 In
2510 4924 2598 4979 illa
2649 4923 2846 4997 quippe
2882 4922 3176 4977 festivitate
3225 4918 3531 4989 unigenitiis
3580 4921 3673 4976 Dei

2103 5015 2274 5072 Filius
2299 5016 2352 5070 in
2381 5016 2579 5088 templo
2609 5027 2691 5074 est
2738 5014 3010 5073 humiliter
3053 5021 3440 5090 praesentatus;
3470 5004 3547 5066 in
3574 5011 3678 5065 ista

2103 5107 2446 5163 bealissimus
2473 5105 2588 5174 eius
2619 5105 2847 5164 famulus
2875 5105 2942 5157 ad
2983 5105 3104 5159 caeli
3142 5103 3398 5174 palatium
3429 5110 3511 5156 est
3551 5116 3674 5155 cum

2105 5197 2271 5269 gloria
2325 5197 2659 5251 sublimatus.
2719 5194 2774 5248 In
2816 5195 2905 5248 illa
2965 5185 3378 5264 Bedenipzorem
3432 5192 3712 5246 nostrum'

2103 5299 2355 5358 parentes
2384 5287 2500 5354 ejus
2526 5287 2577 5343 in
2608 5285 2965 5351 Hierusalem,
2996 5295 3053 5338 ut
3099 5286 3352 5339 sisterent
3393 5297 3518 5337 eum
3571 5283 3677 5336 Do-

2105 5377 2272 5441 mino,
2305 5375 2612 5434 detulerunt
2638 5373 2788 5445 (Luc.
2821 5373 2914 5445 u);
2965 5375 3017 5431 in
3046 5375 3147 5429 ista
3197 5371 3493 5429 beatissimi
3541 5386 3676 5425 con-

2105 5466 2326 5520 fessoris
2375 5465 2630 5527 animam,
2680 5475 2736 5517 ut
2780 5479 2900 5517 eam
2936 5463 3129 5516 divinae
3171 5458 3464 5528 majestatis
3508 5459 3694 5513 vultui

2104 5563 2516 5628 pra'sentarent,
2547 5555 2612 5607 ad
2640 5554 2914 5608 cmlestem
2940 5551 3277 5606 Hierusalem
3301 5550 3473 5605 sancti
3503 5550 3680 5620 angeli

2104 5657 2475 5719 portaverunt.
2508 5646 2564 5701 ln
2598 5647 2685 5701 illa
2713 5647 3055 5703 solemnitate
3086 5644 3347 5698 Mediator
3378 5644 3470 5698 Dei
3503 5644 3654 5698 etho

2105 5738 2702 5810 minumt'abjectoiam
2752 5739 2932 5796 carnis
2971 5738 3254 5808 praeputio,
3303 5735 3558 5808 parvulus
3595 5736 3680 5790 est

3095 5850 3166 5906 17
