4184 6470
481 295 590 350 5‘25

1135 295 1192 350 S.
1236 292 1440 348 PETRI
1481 293 1767 350 DAMIAN!
1790 293 1939 350 OPP.
1972 294 2150 348 PARS
2188 293 2316 350 SEU
2351 293 2586 352 TOMUS
2623 295 2684 350 ll.
2719 325 2788 335 —
2821 294 3211 354 SERMONES.

3647 303 3750 359 δὴ

480 415 696 470 oblatus
751 428 806 466 ιιι
863 411 1154 481 templum;
1207 411 1260 464 in
1314 411 1415 464 ista
1479 411 1760 465 confessor
1814 409 2412 480 egregiusAinopem,
2443 410 2704 464 virtutum
2735 410 2941 465 divitiis
2985 410 3328 482 locupletem.
3374 415 3613 472 Audistis
3659 419 3752 473 ho-

481 504 726 574 deposito
760 504 960 558 terreni
1007 501 1252 570 corporis
1282 500 1520 570 pondere
1560 499 1698 554 liber
1723 501 1967 554 ascendit
2009 500 2062 553 in

416 626 432 666 ρί
482 595 703 649 caelum.
737 593 798 646 in
825 593 921 647 illa
955 592 1002 646 is
1036 591 1126 661 qui
1157 590 1257 660 legi
1285 591 1415 644 nihil
1440 591 1672 645 debebat
1705 590 1838 660 legis
1864 589 2062 644 tributa

478 682 764 751 persolvit;
792 683 845 735 in
875 682 976 736 ista
1006 681 1167 735 morti
1195 679 1460 734 obnoxius
1488 679 1613 749 jura
1643 678 1838 734 mortis
1864 679 2060 733 evasit.

477 773 571 828 Ille
602 775 666 828 de
693 783 868 828 matre
893 773 1168 828 nascendo
1193 772 1447 842 dignatus
1475 781 1559 826 est
1599 785 1722 826 esse
1777 771 2057 837 mortalis;

477 863 580 918 iste
613 878 776 924 carne
809 863 1092 917 moriendo
1142 861 1262 915 ﬁeri
1312 861 1512 914 meruit
1561 859 1904 914 immortalis.
1958 858 2060 914 Ve-

477 957 676 1010 nicndo
703 955 846 1010 Dens
875 955 928 1008 in
974 954 1233 1008 mundum
1266 951 1518 1006 servilem
1567 950 1740 1004 induit
1788 949 2055 1019 speciem;

479 1045 786 1100 recedendo
822 1043 1058 1099 Severus
1086 1043 1172 1097 'de
1215 1041 1414 1096 mundo
1456 1040 1524 1094 ad
1576 1040 1879 1110 angelicam
1935 1055 2060 1110 pro-

467 1144 662 1192 vectus
691 1145 779 1190 est
831 1135 1172 1206 dignitatem.
1225 1132 1332 1187 Sed
1376 1133 1482 1186 nisi
1535 1131 1626 1185 ille
1669 1131 2054 1194 descendisset,

469 1230 575 1282 iste
632 1227 938 1282 nullatenus
992 1226 1345 1281 ascendisset.
1398 1222 1514 1278 Nisi
1566 1223 1713 1278 Deus
1763 1223 2056 1278 humanam

469 1321 776 1389 susciperet
804 1319 1072 1383 formam,
1123 1331 1400 1385 nunquam
1450 1315 1613 1368 homo
1662 1314 1729 1367 ad
1774 1313 2056 1368 caelestem

471 1411 805 1481 pertingerct
835 1408 1082 1480 gloriam.
1134 1406 1248 1460 Nisi
1296 1406 1434 1459 Deus
1483 1403 1864 1458 humiliaretur
1911 1402 2056 1458 infra

473 1518 560 1568 se,
593 1517 934 1572 nequaquam
962 1501 1125 1555 homo
1155 1498 1487 1554 exaltaretur
1513 1511 1674 1564 super
1721 1511 1800 1550 se.
1829 1495 1896 1550 Et
1926 1495 2056 1565 quid

474 1582 704 1664 amplius
733 1593 943 1647 dicam?
986 1589 1099 1644 Nisi
1127 1589 1286 1660 paulo
1328 1588 1508 1643 minus
1539 1587 1608 1642 ab
1637 1585 1846 1657 angelis
1877 1585 2055 1640 mino-

471 1694 624 1739 ratus
652 1693 797 1738 esset
829 1683 970 1738 Deus
994 1681 1155 1734 homo
1183 1676 1356 1749 (Psal.
1379 1685 1524 1744 vm),
1554 1693 1833 1746 nunquam
1871 1690 2055 1746 equa-

2167 503 2366 556 mincm
2390 502 2530 572 apud
2559 493 2806 558 homines
2837 502 2889 556 in
2926 503 3110 557 humili
3143 505 3261 560 loco
3301 505 3561 576 positum,
3607 514 3750 580 apud

2167 595 2337 649 Deum
2368 609 2498 648 vero
2538 594 2592 648 in
2629 594 2814 648 ardua:
2860 593 3212 650 sublimitatis
3262 613 3387 652 arce
3437 601 3746 654 subnixum.

2161 683 2407 738 Audistis
2438 683 2611 736 virum
2657 685 2915 752 pannosis
2969 686 3188 755 quidem
3237 689 3480 744 vestibus
3520 689 3744 751 ftedum,

2161 776 2254 830 sed
2305 775 2564 842 praeclara
2607 790 2818 830 morum
2866 776 3153 833 honestate
3201 781 3573 848 conspicuum.
3647 782 3744 836 Ubi

2160 873 2287 919 sunt
2319 865 2393 918 illi
2424 865 2515 935 qui
2549 863 2734 920 dicunt
2761 884 2774 919 :
2805 865 2913 922 Nos
2945 867 3039 922 Dei
3067 879 3336 939 praecepta
3379 886 3601 925 servare
3639 889 3744 935 non

2157 966 2464 1021 possumus,
2496 953 2623 1022 quia
2660 962 2930 1010 terrenam
2958 957 3316 1012 substantiam
3366 960 3431 1013 ad
3477 975 3607 1014 usus
3647 977 3743 1015 ne-

2159 1044 2428 1099 cessarios
2458 1061 2565 1099 non
2594 1045 2890 1100 habemus?
2923 1046 3024 1103 Ubi
3051 1057 3199 1114 sunt,
3232 1049 3472 1119 inquam,
3500 1051 3591 1120 qui
3617 1053 3744 1107 dum

2159 1129 2470 1186 hominibus
2501 1146 2562 1186 se
2592 1147 2858 1188 excusare
2903 1134 3169 1202 nituntur,
3217 1137 3325 1192 Deo
3356 1154 3413 1193 se
3443 1140 3612 1194 multo
3646 1141 3745 1194 de-

2159 1223 2330 1278 terius
2381 1224 2778 1281 inexcusabiles
2821 1227 3090 1282 reddunt?
3135 1228 3416 1285 Accedant
3459 1240 3514 1286 et
3559 1248 3626 1286 ex
3679 1232 3741 1286 Β.

2159 1313 2349 1372 Severi
2385 1319 2702 1388 magisterio
2741 1321 2885 1374 veris
2934 1323 3216 1378 abundare
3263 1324 3468 1382 divitiis
3509 1325 3738 1390 discant,

2159 1421 2246 1472 ne,
2271 1408 2396 1462 dum
2433 1409 2594 1463 rebus
2617 1422 2744 1465 sunt
2771 1412 2946 1477 vacui,
2973 1414 3082 1468 sint
3121 1415 3267 1469 vitiis
3317 1415 3460 1485 pleni
3514 1427 3568 1472 et
3611 1436 3743 1488 putt-

2157 1500 2386 1568 pertatis
2419 1501 2665 1557 caminus
2693 1502 2737 1556 si
2762 1518 2868 1557 non
2895 1505 3150 1560 vitiorum
3177 1506 3479 1578 rubiginem
3528 1521 3739 1581 purgat,

2157 1587 2411 1642 vitiosum
2442 1591 2717 1644 metallum
2743 1591 2810 1644 ad
2847 1592 3023 1648 inanis
3063 1597 3251 1649 scoria:
3281 1595 3560 1667 fuliginem
3615 1617 3740 1653 vcr-

2157 1683 2254 1729 tat.
2286 1676 2427 1732 Ecce
2454 1679 2597 1732 enim
2627 1681 2977 1737 beatissimus
3016 1683 3118 1738 iste
3164 1684 3244 1738 vir
3272 1686 3374 1740 sub
3403 1690 3742 1756 paupertazis

469 1777 538 1831 lis
583 1776 788 1846 angelis
831 1776 983 1829 fieret
1017 1787 1183 1843 purus
1232 1772 1415 1826 homo.
1464 1771 1636 1838 Quam
1683 1769 2052 1840 aequalitatem
2086 1751 2130 1810 Β
2161 1781 2273 1820 suae
2306 1782 2472 1823 onere
2497 1769 2704 1838 positus
2753 1781 2809 1826 et
2848 1773 3042 1828 divinae
3091 1774 3224 1845 legis
3271 1751 3541 1847 praecepta
3585 1783 3738 1834 sul‘li-

469 1882 565 1937 per
593 1866 938 1935 semetipsam
965 1865 1015 1919 in
1046 1864 1338 1934 Evangelio
1381 1863 1649 1934 promittit
1690 1863 1924 1929 Veritas,
1976 1863 2057 1916 di-

467 1975 599 2015 cens
634 1977 648 2014 :
693 1977 710 2010 ι
746 1958 812 2012 ἰιι
844 1959 1248 2026 resurrectione
1279 1966 1462 2012 autem
1506 1971 1683 2026 neque
1731 1955 1933 2010 nubent
1962 1970 2056 2010 ne-

467 2067 576 2122 que
604 2053 898 2114 nubentur,
929 2052 1024 2106 sed
1072 2050 1178 2121 ιθ
1213 2061 1378 2105 erunt
1423 2049 1565 2104 sicut
1617 2047 1793 2119 angeli
1847 2048 1939 2102 Dei
2000 2047 2052 2100 in

465 2138 1051 2213 cmlo(Mauh.xxu).t
1103 2142 1186 2196 Ad
1235 2141 1396 2212 hujus
1423 2138 1750 2194 felicissimae
1777 2138 2056 2208 dignitatis

465 2233 702 2298 culmen,
742 2248 776 2287 ο
809 2233 992 2297 homo,
1022 2231 1068 2285 si
1096 2239 1156 2285 te
1182 2230 1461 2285 desideras
1485 2229 1733 2299 provehi,
1767 2228 1894 2282 totis
1920 2227 2054 2280 nisi-

465 2326 567 2380 bus
589 2331 774 2393 satage
802 2336 944 2376 vera:
971 2319 1294 2374 humilitatis
1323 2318 1633 2388 dejectione
1673 2315 1978 2386 prosterni;
2009 2313 2054 2367 si

465 2415 693 2472 exaltari
716 2413 869 2483 cupis
895 2414 946 2467 in
969 2411 1206 2474 Christo,
1233 2409 1467 2480 dejicere
1489 2411 1640 2480 prius
1668 2409 1721 2464 in
1745 2408 2050 2477 temetipso,

467 2506 714 2577 deprime
751 2502 1061 2572 superbiam
1121 2501 1307 2556 carnis
1333 2541 1349 2566 ,
1400 2509 1458 2555 et
1493 2501 1561 2554 ad
1601 2498 1944 2553 altitudinem
1971 2507 2054 2550 ‘te

464 2598 686 2655 subleva
726 2594 1026 2658 Creatoris,
1068 2593 1262 2647 cohibe
1289 2591 1554 2663 quidquid
1582 2589 1848 2644 tumidum
1881 2587 2054 2659 surgit

451 2692 519 2746 ‘in
556 2698 628 2754 te,
656 2696 712 2745 et
743 2701 867 2742 mox
923 2684 1155 2755 erigeris
1208 2683 1361 2738 valde
1414 2682 1628 2739 eminus
1676 2681 1814 2735 ultra
1855 2689 1926 2736 te.
1986 2679 2053 2734 Et

463 2790 614 2836 certe
643 2779 786 2834 altus
811 2785 895 2833 est
923 2777 1086 2841 Deus,
1121 2775 1231 2831 into
1277 2774 1594 2830 altissimus.
1641 2773 1748 2829 Sed
1792 2774 1837 2828 si
1893 2781 1944 2827 te
1995 2771 2051 2824 in

464 2879 677 2923 tantum
703 2867 1000 2922 tetenderis
1020 2873 1078 2918 ιιι
1103 2865 1269 2919 etiam
1301 2869 1540 2933 rumpas,
1581 2863 1686 2918 hoc
1717 2873 1895 2918 tamen
1943 2877 2040 2931 pa-

461 2968 554 3016 cto
583 2959 650 3012 ad
687 2957 808 3026 ejus
841 2955 1218 3012 celsitudinem
1261 2969 1368 3008 nou
1415 2955 1658 3024 aspiras;
1706 2955 1814 3008 imo
1847 2967 1954 3022 quo
1999 2960 2051 3005 te

465 3051 686 3123 propius
724 3047 1024 3104 accendere
1064 3047 1326 3110 aestimas,
1359 3060 1424 3101 eo
1454 3047 1521 3099 ad
1546 3043 1803 3099 inferiora
1832 3041 2049 3113 propul-

2157 1856 2365 1912 cienter
2387 1858 2658 1928 implevit;
2689 1871 2764 1926 et,
2792 1864 2917 1932 quia
2947 1864 3091 1921 aliud
3119 1883 3225 1921 non
3264 1869 3517 1932 habebat,
3567 1888 3742 1926 sentt--

2157 1949 2355 2018 tipsum
2402 1951 2456 2005 in
2496 1967 2589 2006 ara
2633 1967 2836 2009 sancta:
2866 1956 3247 2026 simplicitatis,
3294 1963 3442 2016 velut
3490 1978 3738 2034 magnam

2155 2042 2390 2112 aliquam
2423 2045 2750 2114 columbam,
2771 2049 3238 2118 opulentissimum
3272 2053 3383 2107 Deo
3411 2056 3736 2111 sacrificium

2155 2132 2378 2198 obtulit;
2407 2145 2481 2199 et,
2513 2137 2637 2205 quia
2666 2137 2716 2191 in
2747 2140 2990 2195 moribus
3029 2141 3276 2196 columba
3305 2143 3424 2208 fuit,
3477 2145 3738 2201 columba:

2156 2237 2354 2276 mimus
2380 2224 2630 2294 accipere
2661 2229 2881 2282 meruit.
2921 2230 3193 2301 Egestatis
3232 2235 3432 2303 quippe
3477 2250 3736 2306 angusta-

2158 2321 2243 2366 tus
2271 2313 2474 2382 inopia,
2501 2332 2607 2370 non
2643 2318 2710 2372 ad
2740 2319 3145 2389 obsequendum
3188 2326 3474 2395 cujuslibet
3519 2329 3738 2382 douuun

2153 2403 2391 2471 potentis
2417 2403 2657 2469 intravit,
2699 2423 2804 2462 non
2831 2409 3038 2465 adulari
3073 2413 3347 2480 divitibus,
3382 2416 3486 2486 19
3525 2427 3582 2471 ut
3623 2434 3740 2472 tuos

2153 2501 2238 2547 est
2281 2500 2863 2566 pauperum,studuit,
2893 2518 2998 2557 non
3041 2505 3326 2560 ambitiosa
3374 2509 3738 2578 negotiatione

2154 2596 2352 2652 augere
2379 2586 2636 2652 pecunias
2677 2589 2972 2656 anhelavit,
3014 2607 3122 2647 non
3169 2594 3484 2663 periculosa:
3533 2598 3739 2651 militia:

2153 2687 2272 2742 qua:
2314 2674 2432 2730 sine
2484 2687 2709 2745 peccato
2758 2679 2986 2752 bajulari
3042 2699 3148 2738 non
3202 2695 3377 2754 potest
3412 2688 3735 2756 stipendium

2153 2764 2498 2834 concupivit,
2532 2768 2627 2821 sed
2662 2770 2912 2824 muliebri
2957 2782 3243 2828 contentus
3278 2775 3460 2830 officio
3482 2817 3497 2843 ,
3527 2777 3737 2847 simpli-

2152 2865 2270 2905 cem
2302 2853 2502 2906 vietum
2539 2869 2702 2910 manu
2746 2865 2801 2910 et
2843 2867 2962 2913 arte
3009 2863 3309 2930 querebat,
3333 2872 3407 2929 et,
3435 2868 3734 2922 secundum
3821 2880 3837 2894 '

2151 2941 2452 2998 Psalmistae
2474 2959 2681 3014 vocem,
2713 2947 2926 3004 labores
2949 2966 3202 3006 manuum
3227 2968 3448 3008 suarum
3477 2957 3735 3013 innocens

2155 3037 2710 3109 manducabat(Psal.
2755 3045 2982 3110 cxxvn).
3036 3043 3136 3111 Qui
3183 3045 3385 3102 idcirco
3425 3048 3732 3119 hujusmudi

464 3107 616 3198 satus
638 3139 886 3210 elongas.
940 3135 1079 3190 Audi
1109 3136 1236 3205 quid
1259 3107 1547 3189 Psalmista
1573 3134 1718 3188 dicat
1748 3153 1762 3188 :
1802 3107 2050 3192 (Ex-cel-
2078 3107 2121 3168 (ἶ
2154 3135 2329 3180 artem
2353 3127 2580 3198 elegisse
2615 3145 2728 3201 pra:
2753 3132 2966 3187 caneris
3009 3148 3116 3188 non
3150 3134 3420 3190 immerito
3469 3138 3730 3203 creditur,

461 3247 558 3287 sus
592 3229 855 3284 Dominus
911 3225 1132 3282 humilia
1163 3224 1403 3295 respicit,
1433 3231 1489 3279 et
1511 3223 1620 3278 alta
1662 3239 1692 3278 a
1741 3223 1902 3296 longe
1958 3241 2048 3281 co-

465 3320 680 3392 gnoscit
726 3316 901 3390 (Psal.
953 3315 1219 3388 cxxxvn).
1258 3335 1276 3368 ι
1311 3315 1542 3371 Attende
1589 3315 1755 3371 etiam
1811 3316 2049 3385 qualiter

464 3412 593 3467 huic
644 3409 930 3466 sententiae
966 3407 1180 3463 Veritas
1216 3407 1330 3478 ipsa
1381 3407 1674 3463 concordat
1707 3425 1723 3462 :
1763 3427 1782 3459 ι
1838 3408 2046 3475 Omnis,

461 3501 663 3571 inquit,
693 3499 872 3572 quise
901 3497 1125 3563 exaltat,
1149 3497 1554 3564 humiliabitur;
1588 3506 1642 3552 et
1673 3497 1765 3568 qui
1796 3513 1855 3553 se
1872 3498 2051 3553 humi-

460 3591 578 3656 liat,
612 3588 944 3644 exaltabitur
968 3587 1120 3657 (Luc.
1157 3587 1342 3658 xvut).
1390 3607 1408 3640 ι

531 3682 668 3737 Hinc
697 3679 976 3751 est,-quod
1006 3679 1199 3733 beatus
1245 3681 1347 3735 iste
1391 3687 1448 3734 et
1487 3679 1737 3750 egregius
1781 3679 2045 3750 pontifex,

459 3771 615 3842 cujus
660 3772 824 3827 hodie
866 3769 1099 3842 gloriosa
1145 3770 1406 3824 solemnia
1458 3769 1807 3840 frequentare
1849 3773 2051 3842 gaude-

458 3879 600 3928 mus,
629 3871 684 3917 et
715 3863 767 3917 in
810 3863 911 3916 hac
943 3862 1050 3914 vita
1097 3860 1278 3916 sedem
1329 3860 1532 3915 meruit
1557 3860 1922 3930 episcopalem
1951 3877 2045 3917 su~

462 3955 700 4025 sciperc,
737 3963 791 4008 et
821 3962 943 4022 post
969 3951 1180 4008 felicem
1212 3953 1420 4006 obitum
1443 3953 1598 4024 regni
1627 3953 1872 4010 caelestis
1903 3953 2045 4010 atria

459 4053 767 4114 penetrare.
807 4042 936 4107 Sed,
969 4052 1030 4097 ut
1064 4043 1238 4097 virtus
1287 4043 1618 4099 humilitatis
1668 4042 1788 4113 ejus
1843 4043 2048 4100 clarius

462 4136 785 4198 innotescat,
818 4133 1026 4202 aliquid
1073 4148 1140 4187 ex
1173 4133 1288 4203 ipsa
1329 4143 1605 4203 gestorum
1637 4134 1781 4190 illius
1814 4135 2045 4190 historia

461 4226 620 4282 nobis
648 4225 930 4294 praalibare
977 4240 1085 4278 non
1117 4226 1314 4294 pigeat.
1337 4224 1562 4296 Legitur
1589 4227 1732 4280 enim
1764 4227 1889 4297 quia
1909 4242 2046 4297 qua-

462 4314 588 4369 dam
617 4313 726 4378 die,
760 4313 885 4368 dum
928 4312 1194 4367 lanisterii
1223 4321 1368 4368 esset
1392 4323 1688 4382 occupatus
1729 4313 1905 4370 oﬂicio
1926 4356 1941 4381 ,
1971 4317 2048 4371 ait

467 4406 537 4461 ad
584 4403 868 4475 coniugem
901 4421 914 4458 :
950 4403 1178 4468 Vadam,
1209 4411 1265 4457 et
1293 4404 1488 4459 videbo
1512 4405 1777 4460 visionem
1821 4407 2040 4462 mirabi-

2156 3224 2214 3270 ut
2243 3217 2384 3272 inter
2423 3235 2646 3274 uxorem
2701 3230 2757 3276 et
2788 3223 2963 3277 virum
2993 3226 3166 3296 major
3194 3237 3394 3282 mutua:
3449 3229 3733 3286 charitatis

2151 3307 2366 3362 occasio
2403 3309 2758 3378 praeberetur,
2786 3328 2874 3378 ne,
2913 3314 2957 3367 si
2981 3317 3288 3370 essetinter
3319 3331 3413 3372 eos
3455 3319 3734 3390 inaequali-

2157 3405 2240 3453 tas
2291 3398 2618 3466 officiorum,
2669 3403 2977 3474 subriperet
3028 3408 3390 3481 (subreperet)
3443 3413 3732 3483 aliquando

2152 3491 2315 3545 etiam
2347 3493 2630 3550 diversitas
2661 3496 2988 3566 animorum,
3030 3513 3084 3556 et
3123 3516 3188 3557 ex
3234 3506 3368 3560 artis
3418 3509 3734 3562 exercendae

2158 3581 2415 3636 distantia
2447 3585 2685 3641 oriretur
2715 3587 2942 3644 forsitan
2982 3592 3035 3646 in
3065 3593 3360 3650 domestica
3383 3611 3514 3667 pace
3535 3601 3733 3654 scissu-

2150 3687 2232 3737 ra,
2265 3673 2360 3728 sed
2399 3676 2524 3729 dum
2553 3677 2643 3732 uni
2689 3680 2838 3748 operi
2867 3681 3149 3753 utriusque
3195 3687 3544 3742 exhiberetur
3573 3689 3723 3746 indu-

2150 3764 2309 3831 stria,
2340 3780 2468 3820 vere
2495 3777 2639 3824 esset
2663 3770 2716 3824 in
2763 3779 3011 3841 utroque,
3041 3775 3184 3830 sicut
3219 3778 3285 3832 de
3315 3780 3586 3847 primitiva
3625 3782 3731 3838 Ec~

2149 3855 2312 3912 clesia
2341 3856 2537 3929 legitur
2567 3879 2578 3914 :
2615 3881 2633 3912 ι
2661 3859 2766 3918 Cor
2794 3879 2980 3932 unum,
3012 3875 3067 3922 et
3094 3871 3274 3925 anima
3297 3887 3400 3926 una
3429 3874 3566 3944 (Act.
3587 3887 3682 3947 ιν).
3705 3895 3724 3928 ι

2148 3944 2286 4002 Hinc
2328 3957 2415 4002 est
2437 3950 2624 4016 etiam,
2667 3954 2809 4022 quod
2839 3955 2966 4010 dum
2998 3951 3087 4012 illa
3135 3960 3510 4018 beatissimum
3551 3944 3727 4022 virum

2147 4037 2478 4111 obiurgaret,
2514 4041 2787 4110 irrideret,
2814 4046 2994 4102 verbis
3023 4050 3370 4108 mordacibus
3397 4055 3728 4126 increparet,

2149 4125 2240 4181 ille
2269 4128 2415 4186 mitis
2447 4146 2510 4186 ac
2530 4131 2773 4202 placidus
2794 4150 2899 4189 non
2923 4136 2977 4191 in
3003 4137 3138 4192 iram
3169 4143 3434 4213 prorupit,
3461 4125 3566 4200 non
3593 4125 3727 4201 con?

2147 4221 2428 4277 tumeliosa
2460 4225 2624 4279 verba
2647 4227 3068 4297 respondit,non
3099 4232 3166 4285 ad
3190 4233 3554 4290 ulciscendum
3584 4254 3642 4292 se
3674 4242 3724 4294 in

2148 4315 2477 4385 uxoremjus
2498 4317 2694 4374 debita:
2732 4323 3016 4389 potestatis
3042 4327 3306 4380 exercuit.
3336 4327 3572 4385 Servans
3601 4332 3730 4387 illud

2147 4403 2390 4473 Apostoli
2423 4425 2437 4460 :
2476 4425 2494 4458 ι
2533 4406 2684 4476 Viri,
2712 4409 2918 4482 diligite
2962 4429 3160 4471 uxores
3201 4425 3427 4484 vestras,
3459 4428 3515 4473 et
3566 4421 3730 4478 nolite

458 4493 588 4559 lem,
613 4466 872 4548 videlicet
913 4466 1180 4562 quomodo
1212 4491 1458 4548 columba
1487 4494 1552 4548 de
1595 4495 1732 4552 caelo
1760 4495 1959 4561 veniat,
1987 4505 2043 4552 et
2075 4466 2122 4526 θ
2148 4466 2320 4549 amari
2351 4511 2470 4552 esse
2494 4498 2563 4552 ad
2597 4466 2715 4556 illas
2757 4466 2894 4572 (ὧι.
2939 4501 3060 4574 ιιι);
3100 4524 3119 4557 ›
3155 4516 3208 4560 et
3238 4509 3364 4577 quia
3407 4466 3546 4564 idem
3599 4511 3731 4566 dicit

461 4599 626 4654 super
679 4582 838 4638 electi
882 4591 1048 4653 caput
1076 4581 1237 4637 solito
1286 4597 1437 4638 more
1475 4585 1774 4641 consideat.
1825 4585 2039 4656 Conjux

457 4691 586 4737 vero
614 4674 729 4745 ejus
775 4676 941 4746 coepit
973 4690 1098 4729 eum
1129 4674 1466 4731 subsannare
1508 4684 1563 4730 et
1595 4676 1899 4748 increpare,
1959 4679 2042 4732 di-

459 4784 629 4824 cens:
664 4767 769 4823 Sed
809 4768 896 4822 hic
923 4768 1131 4834 labora,
1162 4767 1270 4823 noli
1299 4769 1506 4825 otiosus
1533 4778 1700 4826 stare.
1731 4770 1858 4827 Sive
1896 4773 2041 4830 enim

459 4859 610 4926 ieris,
641 4859 755 4914 sive
778 4874 884 4914 non
910 4859 1058 4924 ieris,
1085 4867 1138 4914 te
1181 4859 1493 4930 pontificem
1523 4860 1753 4932 populus
1800 4878 1908 4917 non
1955 4878 2044 4918 or-

458 4949 687 5006 dinabit.
721 4949 787 5004 Et
816 4950 905 5006 ille
941 4968 954 5004 :
989 4949 1118 5006 Sine
1153 4966 1262 5016 me,
1304 4951 1500 5022 inquit,
1529 4961 1588 5005 ut
1622 4951 1837 5007 vadam.
1891 4953 2045 5009 Tunc

458 5041 549 5096 illa
593 5041 810 5096 mentiri
845 5057 902 5097 se
931 5052 1152 5112 putans,
1183 5041 1276 5097 sed
1322 5042 1637 5114 ignoranter
1665 5059 1793 5098 vera
1839 5044 2042 5099 denun-

459 5135 626 5198 tians,
652 5134 763 5188 ait:
800 5134 962 5199 Vade,
989 5135 1114 5203 quia
1144 5148 1250 5203 qua
1287 5135 1419 5188 hora
1455 5134 1607 5199 ieris,
1649 5135 1832 5190 statim
1861 5137 2043 5206 ponti-

459 5226 552 5280 fex
576 5225 938 5281 ordinaberis.
971 5226 1036 5278 Et
1079 5225 1238 5294 paulo
1265 5234 1386 5296 post
1427 5225 1676 5281 subditur
1707 5244 1721 5280 :
1770 5227 1896 5297 quia
1946 5243 2043 5298 pro

466 5317 811 5372 deformitate
848 5318 1077 5386 squalidi
1108 5318 1439 5384 vestimenti,
1485 5335 1591 5388 quo
1635 5327 1753 5374 erat
1801 5319 2040 5386 indutus,

461 5408 744 5462 abscondit
779 5423 837 5463 se
867 5419 989 5479 post
1021 5407 1242 5478 januam
1267 5407 1437 5478 ipsius
1459 5408 1585 5473 loci,
1611 5409 1701 5464 ubi
1728 5405 1884 5465 erant
1927 5425 2044 5465 om-

461 5513 559 5553 nes
571 5509 790 5556 orantes
807 5509 889 5567 ;et
903 5499 1110 5570 expleta
1126 5499 1393 5566 oratione,
1417 5500 1601 5554 statim
1627 5502 1773 5556 venit
1791 5503 2042 5559 columba

462 5598 520 5645 et
542 5590 803 5656 requievit
831 5606 996 5660 super
1021 5601 1183 5660 caput
1211 5591 1327 5661 ejus
1352 5599 1474 5660 post
1497 5589 1722 5660 januam
1753 5592 2038 5649 latitantis.

531 5679 794 5749 Audistis,
827 5681 1021 5739 fratres
1050 5682 1385 5749 charissimi,
1414 5683 1583 5739 vitam
1614 5682 1852 5741 hominis
1875 5685 2039 5742 rebus

2144 4586 2434 4658 Apostolus
2475 4609 2487 4644 :
2542 4610 2560 4642 α
2603 4590 2698 4646 Vir
2748 4609 2855 4650 non
2901 4596 3065 4652 habet
3107 4610 3431 4667 potestatem
3486 4608 3730 4673 corporis

2145 4680 2249 4744 sui,
2275 4681 2370 4735 sed
2397 4682 2590 4738 mulier
2611 4683 2662 4756 (1
2698 4685 2822 4741 Cor.
2849 4688 2978 4762 vn);
3015 4709 3035 4744 ι
3069 4691 3238 4749 donec
3260 4695 3329 4751 ab
3359 4711 3420 4750 ea
3453 4696 3725 4752 licentiam

2147 4772 2258 4827 suae
2285 4773 2565 4840 petitionis
2612 4779 2870 4846 extorsit,
2901 4781 2980 4837 ire
3006 4797 3072 4838 ex
3104 4785 3323 4857 pr0pria
3357 4787 3635 4843 voluntate
3662 4789 3729 4843 ad

2149 4862 2468 4930 miraculum
2510 4879 2617 4921 non
2639 4871 2999 4941 praesumpsit.

2218 4953 2468 5030 Pensate,
2497 4956 2692 5014 fratres
2738 4961 2864 5028 mei,
2919 4963 3137 5032 quando
3166 4973 3268 5020 iste
3320 4966 3373 5021 in
3428 4967 3728 5037 quemlibet

2149 5043 2325 5098 virum
2355 5059 2477 5100 esse
2517 5057 2806 5104 contumax
2849 5053 3044 5120 potuit,
3074 5054 3167 5123 qui
3217 5063 3272 5110 et
3309 5057 3564 5128 subjectae
3611 5075 3728 5114 mu-

2147 5137 2267 5193 lieri
2309 5148 2418 5195 tam
2447 5141 2730 5200 humiliter
2757 5145 3030 5203 obedivit?
3059 5150 3273 5218 quando
3318 5151 3725 5209 adversantibus

2149 5228 2384 5286 inimicis
2414 5233 2614 5290 malum
2638 5251 2736 5305 pro
2772 5237 2912 5292 malo
2936 5239 3187 5307 reddidit,
3221 5243 3312 5310 qui
3348 5253 3402 5298 et
3443 5259 3554 5299 sua:
3601 5260 3726 5298 uxo-

2150 5321 2224 5375 ris
2248 5319 2473 5389 injurias
2509 5334 2614 5378 tam
2648 5328 3024 5396 aequanimiter
3047 5329 3335 5386 toleravit?
3359 5332 3467 5387 Aut
3509 5333 3723 5403 quando

2145 5412 2230 5466 vir
2281 5414 2382 5468 iste
2410 5417 2764 5473 contumelias
2815 5420 3063 5489 proximo
3097 5425 3442 5492 przesumpsit
3496 5422 3718 5486 inferre,

2143 5502 2234 5571 qui
2261 5514 2315 5558 et
2341 5503 2542 5559 illatam
2571 5508 2694 5573 sibi,
2728 5523 2849 5564 cum
2879 5511 3069 5580 utique
3102 5514 3378 5581 potuisset,
3412 5512 3578 5567 noluit
3598 5512 3718 5589 vin-

2144 5593 2360 5649 dicare?
2388 5615 2406 5648 ‹
2436 5595 2632 5653 Beatus
2663 5597 2927 5669 siquidem
2951 5602 3054 5667 vir,
3087 5603 3176 5672 qui
3199 5604 3374 5672 potuit
3396 5602 3716 5673 transgredi,

2143 5691 2195 5738 et
2215 5699 2322 5742 non
2333 5693 2419 5742 est
2438 5695 2830 5760 transgressus,
2855 5690 3034 5748 facere
3055 5692 3215 5757 mala,
3233 5701 3287 5746 et
3301 5707 3405 5748 non
3418 5692 3573 5758 fecit;
3599 5692 3718 5748 ideo
