4184 6446
363 389 470 444 525

1853 379 2086 438 SERMO
2124 378 2210 434 ιν.

3546 383 3648 438 5'16

361 499 596 556 stabilita
621 509 750 555 sunt
795 500 934 556 bona
959 501 1102 558 illius
1133 502 1186 557 in
1224 503 1453 558 Domino
1477 501 1666 568 (Eccli.
1709 501 1886 572 xxxi).
1927 516 1946 548 ι
1982 506 2028 567 Α
2061 491 2212 548 Unde
2240 506 2648 564 wexastterare
2666 493 2904 550 aestimat
2926 494 3166 552 dolorem
3190 495 3496 563 vulnerum,
3525 500 3652 558 imle

430 590 538 646 Sed
550 591 679 663 quid
697 591 918 658 esthoc,
937 593 1136 650 fratres
1149 593 1277 659 mei,
1293 594 1433 661 quod
1445 594 1792 664 omnipotens
1815 593 1958 648 Deus

360 686 565 740 electos
591 699 739 750 suos,
771 699 908 754 quos
937 692 1049 740 tam
1089 686 1284 740 charos
1314 685 1417 740 sibi
1449 686 1502 740 in
1535 693 1795 740 aeternum
1822 700 1953 740 con-

359 774 540 844 spicit,
571 783 683 829 tam
718 775 1071 830 vehementer
1095 776 1252 845 quasi
1286 775 1590 844 despiciens
1615 775 1839 846 affligit?
1891 776 1959 830 Et

359 863 600 942 undique
671 864 726 918 in
780 865 884 920 hoc
935 865 1134 920 saeculo
1182 867 1572 921 adversitatum
1636 865 1955 920 verberibus

359 953 551 1023 cingit,
587 969 724 1023 quos
753 963 882 1010 ante
926 955 1121 1029 sa:cula
1161 957 1227 1010 ad
1260 954 1532 1012 ineffabile
1577 956 1831 1026 gaudium
1864 971 1955 1010 su-

357 1057 541 1112 perna:
567 1044 839 1100 felicitatis
859 1045 1055 1117 elegit?
1077 1044 1191 1101 Nisi
1221 1047 1324 1102 hoc
1344 1047 1487 1116 quod
1508 1046 1695 1116 pietati
1719 1045 1956 1102 fidelium

268 1138 286 1158 ’
359 1143 527 1204 patet,
554 1137 808 1204 quoniam
835 1137 1037 1191 idcirco
1063 1137 1145 1192 sic
1164 1153 1259 1192 eos
1282 1139 1481 1208 premit
1507 1138 1560 1191 in
1585 1136 1808 1203 infimis,
1827 1138 1979 1218 quia

358 1226 509 1280 videt
535 1228 805 1296 quomodo
835 1238 1143 1284 remuneret
1168 1229 1222 1284 in
1244 1230 1511 1285 summis?
1536 1230 1602 1284 Et
1622 1229 1756 1285 foris
1781 1244 1956 1300 usque

359 1321 430 1374 ad
459 1319 716 1390 deSpecta
746 1319 931 1389 dejicit
950 1361 964 1386 ,
995 1322 1122 1391 quia
1150 1322 1294 1377 intus
1321 1335 1494 1393 usque
1543 1325 1612 1379 ad
1645 1323 1955 1392 incompre-

358 1409 647 1466 hensibilia
659 1412 926 1481 perducit.
944 1411 1082 1469 Hinc
1103 1429 1256 1484 ergo,
1277 1415 1404 1470 hinc
1426 1415 1792 1485 unusquisque
1807 1414 1958 1469 colli-

357 1509 448 1571 gat
500 1502 628 1571 quid
688 1502 764 1558 illi
812 1512 938 1559 sunt
999 1507 1213 1574 passuri
1261 1521 1398 1578 quos
1453 1508 1725 1578 reprobat,
1782 1507 1827 1562 si
1871 1508 1960 1563 hic

359 1600 508 1645 tanta
536 1593 828 1648 severitate
851 1595 1057 1648 cruciat
1077 1609 1215 1664 quos
1237 1605 1402 1651 amat.
1428 1595 1568 1652 Ecce
1601 1597 1746 1652 enim
1769 1597 1959 1652 beatus

355 1676 593 1736 Severus
634 1683 798 1738 rebus
821 1686 1142 1741 necessariis
1162 1687 1496 1752 destituitur,
1522 1686 1780 1743 deformis
1804 1688 1959 1744 indu-

357 1771 794 1841 mentisqualore
813 1773 1066 1839 foedatur,
1090 1776 1213 1832 vilis
1237 1776 1500 1834 lanisterii
1523 1763 1710 1833 labore
1737 1778 1959 1834 confici-

2058 583 2140 638 eis
2188 595 2376 638 contra
2404 585 2756 656 semetipsum
2802 587 3044 658 suggerit
3072 603 3225 643 arma
3255 590 3534 647 virtutum.
3569 593 3650 648 Ex

2057 673 2239 728 verbis
2267 683 2446 728 autem
2477 674 2618 730 male
2660 676 3004 746 corripientis
3039 680 3224 734 uxoris
3248 719 3264 745 ,
3311 681 3650 738 dilectissimi

2058 765 2280 832 fratres,
2330 767 2561 822 solerter
2605 767 2866 824 debemus
2923 770 3192 840 inspicere
3218 774 3362 842 quod
3394 776 3651 844 antiquus

2058 856 2403 912 adversarius
2431 872 2536 912 non
2559 858 2732 912 solum
2765 874 2863 928 per
2890 861 3261 931 semetipsum,
3303 865 3397 920 sed
3419 881 3520 935 per
3554 882 3650 922 eos

2058 949 2221 1002 etiam
2271 949 2362 1018 qui
2415 950 2571 1005 nobis
2599 952 2898 1018 adhaerent,
2949 963 3150 1010 statum
3200 958 3400 1030 satagit
3446 969 3649 1016 nostrae

2018 1041 2022 1045 ’
2059 1042 2258 1096 mentis
2307 1042 2585 1099 inclinare.
2633 1044 2766 1098 Cum
2798 1046 2947 1101 enim
2992 1061 3088 1102 cor
3111 1057 3356 1105 nostrum
3405 1051 3648 1108 lubricus

2059 1147 2285 1204 serpens
2310 1149 2408 1189 sua
2457 1136 2808 1204 persuasione
2839 1153 2945 1192 non
2993 1140 3226 1206 subruit,
3259 1143 3326 1197 ad
3357 1143 3461 1198 hoc
3491 1145 3655 1200 nimi-
3722 1183 3735 1194 .

2061 1237 2182 1278 rum
2249 1239 2346 1294 per
2391 1224 2600 1295 linguas
2647 1227 3036 1283 adhaerentium
3087 1231 3244 1301 repit.
3301 1231 3439 1290 llinc
3503 1217 3650 1292 enim

2061 1312 2324 1381 scriptum
2355 1323 2476 1368 est:
2507 1331 2526 1366 ι
2545 1315 2730 1370 Afiliis
2761 1316 3030 1384 tuiscave,
3061 1329 3115 1374 et
3144 1336 3177 1375 a
3203 1321 3518 1380 domesticis
3545 1327 3652 1382 tuis

2063 1403 2281 1458 attende
2330 1403 2522 1475 (Ecch'.
2585 1407 2759 1478 xxxu)
2789 1428 2807 1460 ι
2842 1407 2980 1464 llinc
3024 1425 3123 1479 per
3160 1413 3476 1482 prophetam
3519 1418 3653 1473 dici-

2063 1501 2184 1548 tur:
2207 1514 2224 1546 ι
2248 1493 2631 1566 Unusquisque
2660 1513 2720 1553 sc
2743 1515 2774 1552 a
2804 1501 3053 1569 proximo
3077 1519 3176 1558 suo
3200 1507 3491 1573 custodiat,
3515 1518 3571 1564 et
3599 1511 3654 1565 in

2061 1585 2208 1640 omni
2227 1587 2391 1641 fratre
2417 1603 2518 1643 suo
2541 1605 2644 1644 non
2668 1589 2868 1646 habeat
2894 1593 3148 1649 fiduciam
3170 1597 3303 1664 (Jer.
3342 1598 3440 1669 Ix).
3464 1620 3483 1653 ι
3517 1601 3654 1657 Hinc

2065 1694 2282 1734 rursum
2302 1680 2563 1751 scriptqu
2577 1691 2690 1738 est:
2720 1703 2738 1736 ι
2760 1683 2968 1740 inimici
2988 1687 3222 1743 hominis
3233 1691 3514 1748 domestici
3535 1693 3667 1764 ejus-

2065 1767 2254 1836 (Miclt.
2275 1781 2378 1835 vn;
2400 1769 2588 1826 Matth.
2605 1773 2682 1844 x).
2705 1792 2723 1826 ι
2743 1773 3025 1846 Improbus
3047 1793 3282 1850 namque
3305 1785 3655 1842 adversarius

357 1868 538 1926 tur,et
557 1863 700 1932 quod
719 1864 972 1921 omnibus
999 1874 1085 1922 est
1112 1867 1539 1934 intolerabilius,
1565 1869 1952 1926 sub'sannantis

2056 1873 2182 1914 cum
2227 1875 2260 1914 a
2299 1861 2564 1916 bonorum
2615 1865 2871 1922 cordibus
2900 1868 3082 1938 repelli
3129 1886 3188 1926 se
3215 1874 3504 1943 conspicit,
3534 1870 3650 1942 eos,

354 1952 542 2007 uxoris
557 1953 918 2010 derisionibus
937 1967 1280 2028 perurgetur.
1303 1958 1574 2029 Antiquus
1584 1962 1728 2014 enim
1753 1959 1944 2030 hostis,

353 2059 515 2113 quem
569 2059 674 2100 non
703 2047 770 2102 de
799 2049 1133 2118 paupertatis
1158 2049 1364 2121 inepia,
1401 2067 1508 2106 non
1538 2050 1606 2106 de
1635 2052 1836 2107 assidui
1863 2052 1943 2107 la-

353 2132 504 2190 boris
539 2133 850 2204 afﬂictione,
875 2139 1060 2194 nonde
1086 2140 1497 2197 inhonestarum
1512 2141 1744 2198 vestium
1765 2142 1947 2198 defor-

355 2225 546 2280 mitate
570 2241 872 2297 provocare
895 2229 962 2285 ad
1015 2230 1409 2302 impatientiam
1455 2233 1660 2302 potuit,
1713 2234 1780 2288 ad
1808 2234 1946 2290 irro-

353 2319 586 2386 gandam
619 2322 908 2376 verborum
951 2323 1335 2378 contumeliam
1363 2334 1601 2380 mentem
1641 2326 1828 2381 uxoris
1857 2342 1948 2382 ae-

353 2409 557 2474 ccudit,
583 2421 638 2465 et
671 2409 788 2479 ejus
817 2411 1057 2485 linguam
1093 2414 1159 2471 ad
1183 2413 1436 2486 injuriam
1465 2416 1738 2472 mordacis
1763 2415 1950 2486 objur-

353 2501 590 2570 gationis
619 2504 873 2570 exacuit;
920 2520 1016 2560 cor
1067 2505 1314 2562 mulieris
1362 2507 1641 2563 consuetis
1671 2523 1782 2563 sua:
1823 2523 1948 2580 sug-

353 2593 614 2661 gestionis
707 2595 911 2650 aculeis
979 2597 1190 2663 incitat,
1256 2606 1314 2653 et
1341 2581 1354 2592 ’
1399 2597 1636 2669 linguam
1702 2597 1822 2668 ejus
1890 2601 1946 2655 in

354 2682 638 2739 audaciam
719 2687 864 2744 male
930 2688 1116 2745 liberte
1186 2691 1628 2762 praesumptionis
1690 2690 1946 2760 cﬂ'renat,

354 2781 626 2841 quatenus
672 2776 842 2830 virilis
871 2778 1107 2838 animus.
1165 2780 1259 2848 qui
1315 2781 1385 2834 ad
1432 2781 1829 2852 impatientiam
1881 2799 1950 2839 ex

354 2863 543 2918 tnundi
576 2864 909 2921 adversitate
959 2884 1065 2923 non
1116 2867 1371 2931 ﬂectitur.
1403 2870 1594 2926 saltem
1649 2887 1717 2928 ex
1763 2875 1950 2930 uxoris

357 2950 554 3019 injuria
580 2955 647 3008 ad
672 2955 1008 3011 iracundiam
1046 2967 1387 3028 provocetur.
1421 2961 1532 3033 20
1557 2971 1612 3018 et
1652 2965 1952 3022 munitissi-

356 3058 504 3096 mum
562 3043 764 3101 Christi
819 3045 1017 3101 vallum
1043 3087 1059 3113 ,
1115 3054 1262 3118 quod
1322 3050 1656 3109 circumfusa
1716 3055 1950 3111 hostium

357 3134 648 3191 multitudo
691 3152 797 3192 non
840 3147 1112 3208 penetrat,
1169 3150 1363 3197 exorta
1401 3142 1730 3202 intrinsecus
1757 3147 1953 3203 seditio

2045 1949 2139 2019 qui
2161 1948 2350 2006 abillis
2362 1950 2684 2009 familiarius
2698 1955 3290 2031 diliguntur,exquirit,
3313 1973 3369 2019 et
3391 1983 3486 2023 eos
3509 1983 3653 2038 saepe

2044 2040 2114 2096 ad
2139 2039 2476 2097 inferendam
2493 2042 2744 2113 injuriam
2766 2047 3024 2113 concitat,
3043 2061 3308 2120 quatenus
3320 2057 3494 2112 sancti
3522 2058 3651 2112 viri.

2045 2132 2174 2188 dum
2203 2149 2414 2200 eorum,
2428 2151 2459 2190 a
2472 2137 2672 2207 quibus
2685 2139 2921 2196 maxime
2935 2146 3183 2198 venerari
3196 2145 3514 2211 debuerant,
3533 2165 3655 2218 per-

2045 2226 2304 2282 versitate
2333 2227 2643 2284 lacerantur
2665 2269 2681 2295 ,
2704 2245 2892 2286 eorum
2951 2250 3106 2290 mens
3133 2237 3425 2307 proclivius
3452 2239 3524 2295 ad
3547 2241 3651 2296 ira-

2044 2315 2298 2372 cundiam
2329 2329 2673 2387 provocetur.
2708 2320 2816 2377 Sed
2860 2337 2989 2380 ecce
3037 2326 3257 2398 iniquus
3299 2329 3473 2388 hostis
3531 2333 3653 2388 ubi-

2046 2420 2154 2476 que
2185 2405 2474 2480 frangitur,
2506 2411 2706 2482 ubique
2735 2425 3048 2485 superatur.
3115 2418 3475 2479 Bellatoribus
3497 2425 3645 2479 enim

2047 2497 2255 2554 Christi
2287 2513 2384 2568 per
2408 2509 2604 2556 cuncta
2641 2499 2756 2569 jam
2782 2506 3145 2562 tentationum
3177 2520 3494 2581 argumenta
3518 2529 3638 2569 suc-

2048 2587 2257 2654 cubuit,
2309 2589 2403 2659 qui
2447 2589 2580 2646 illud
2623 2608 2783 2648 suurn
2808 2595 3079 2652 familiare
3108 2599 3360 2656 solatium
3385 2603 3552 2658 etiam
3581 2605 3650 2660 de

2049 2677 2278 2734 muliere
2320 2677 2617 2738 frustratus
2657 2683 2860 2740 amisit.
2892 2684 2984 2742 Sic
3034 2689 3179 2744 enim
3216 2700 3275 2746 et
3325 2693 3522 2752 beatus
3543 2695 3648 2752 Job

2049 2779 2336 2839 postquam
2363 2783 2558 2827 cuncta
2589 2786 2710 2842 qua:
2759 2777 3078 2845 possederat
3107 2781 3447 2848 abstulisset,
3497 2798 3622 2856 post

2051 2873 2212 2928 quam
2244 2858 2418 2930 ipsum
2468 2859 2586 2928 ejus
2632 2878 2831 2934 corpus
2863 2868 3015 2937 gravi
3055 2869 3237 2926 ulcere
3289 2873 3647 2942 vulnerasset,

2050 2947 2178 3017 quia
2232 2948 2545 3008 vulneribus
2592 2954 2774 3011 carnis
2813 2958 2883 3012 ad
2917 2960 3116 3016 mentis
3147 2962 3338 3018 vulnus
3363 2968 3651 3035 pervenire

2053 3037 2160 3091 no'n
2185 3037 2374 3105 valuit,
2403 3040 2570 3096 etiam
2594 3043 2898 3114 conjuncta:
2918 3047 3164 3106 mulieris
3190 3051 3427 3124 linguam
3447 3060 3653 3126 quaesi-

2054 3127 2153 3194 vit,
2185 3136 2240 3184 et
2265 3131 2394 3201 quia
2425 3145 2616 3203 aperto
2657 3139 2958 3197 certamine
3005 3146 3248 3213 superari
3275 3161 3337 3202 se
3361 3149 3553 3220 doluit,
3583 3153 3652 3210 de

356 3226 532 3283 civilis
582 3229 835 3296 aperiat;
883 3230 1028 3300 quod
1057 3231 1357 3288 obsidentis
1399 3234 1674 3291 exercitus
1732 3236 1952 3307 impacti

2057 3235 2154 3276 ore
2203 3225 2448 3296 conjugis
2495 3224 2736 3296 jaculum
2793 3235 2949 3303 quasi
3016 3237 3083 3293 de
3131 3238 3348 3297 insidiis
3405 3245 3650 3304 intorsit.

365 3320 559 3374 arietes
615 3320 834 3376 diruere
863 3333 1162 3394 nequeunt,
1194 3325 1496 3382 domestica
1535 3327 1774 3383 scissura
1807 3343 1952 3398 prat-

364 3413 519 3468 bente
555 3412 762 3468 aditum
793 3415 1063 3486 capiatur.
1115 3413 1178 3473 ln'
1223 3417 1336 3474 alto
1381 3419 1582 3491 quippe
1618 3421 1704 3476 vir
1729 3429 1954 3477 sanctus

361 3499 559 3560 mentis
584 3506 872 3562 aedificium
905 3507 1120 3573 fixerat,
1150 3521 1207 3565 et
1249 3509 1456 3566 ideirco
1483 3511 1611 3567 illuc
1647 3511 1954 3582 irrumpere

360 3593 585 3650 hostiles
638 3595 874 3666 impetus
917 3613 1024 3652 non
1074 3599 1344 3655 valebant.
1385 3601 1658 3668 Quaeritur
1707 3616 1839 3673 ergo
1883 3602 1954 3658 ab

359 3685 695 3752 adversario,
719 3688 848 3758 quia
887 3689 1003 3745 haec
1019 3693 1236 3746 excelsa
1265 3693 1496 3749 munitio
1514 3693 1953 3766 inexpugnabilis

357 3777 624 3846 cernitur,
647 3780 844 3850 quibus
870 3781 939 3836 ad
964 3794 1085 3836 eam
1109 3784 1367 3852 gradibus
1390 3783 1734 3840 ascendatur.
1761 3784 1952 3840 Vicina

355 3880 442 3925 est
468 3885 648 3926 autem
693 3887 824 3928 vero
876 3873 1072 3930 mulier
1097 3884 1262 3946 atque
1290 3874 1598 3945 subjuncta.
1629 3875 1738 3933 Cor
1788 3877 1953 3948 igitur

361 3963 603 4018 mulieris
633 3965 826 4030 tenuit,
878 3973 936 4020 et
964 3966 1124 4034 quasi
1177 3967 1409 4032 scalam,
1467 3983 1574 4038 qua
1613 3968 1680 4023 ad
1726 3983 1822 4022 cor
1850 3968 1950 4023 viri

360 4055 656 4110 ascendere
707 4056 996 4126 potuisset,
1057 4057 1290 4113 'nvenit.
1344 4057 1647 4129 Occupavit
1708 4059 1950 4114 animum

287 4161 299 4172 ·
359 4143 605 4216 conjugis
629 4147 776 4203 scala
821 4149 1002 4203 mariti
1029 4166 1044 4216 ;
1077 4150 1172 4206 sed
1214 4151 1346 4205 nihil
1375 4151 1480 4206 hac
1505 4159 1624 4207 arte
1649 4151 1949 4221 praevaluit,

360 4235 486 4304 quia
543 4237 628 4290 vir
674 4235 832 4294 fortis
895 4240 1169 4310 patientiae
1223 4251 1438 4296 scutum
1487 4241 1778 4298 verborum
1830 4242 1951 4298 telis

357 4327 630 4397 opposuit,
669 4337 726 4383 et
753 4344 818 4385 ea
848 4345 948 4401 pro
985 4329 1154 4386 nihilo
1205 4332 1492 4404 deputans,
1539 4333 1686 4390 velut
1725 4333 1952 4391 audiens

360 4431 466 4471 non
494 4416 724 4474 audivit.
751 4419 982 4491 Dignum
1024 4434 1220 4491 nempe
1247 4431 1368 4478 erat
1417 4432 1478 4478 ut
1513 4423 1756 4479 mulieris
1785 4428 1950 4480 verba

361 4509 534 4564 virilis
592 4511 805 4566 animus
855 4527 964 4566 non
1025 4512 1356 4580 admitteret,
1415 4529 1540 4570 cum
1586 4515 1834 4586 profecto
1879 4517 1945 4573 de

365 4616 478 4671 ipso
541 4602 719 4672 primo
781 4603 934 4675 lapsu
1001 4605 1224 4660 humani
1289 4576 1506 4678 generis
1566 4576 1750 4664 nosset
1799 4611 1942 4678 quod
1974 4576 2022 4636 θ

359 4695 556 4750 docere
585 4696 782 4752 mulier
810 4706 958 4753 recta
1007 4699 1261 4754 nesciret.
1294 4699 1446 4756 Unde
1477 4699 1617 4758 bene
1653 4703 1816 4758 etiam
1849 4718 1946 4773 per

360 4784 584 4840 Paulum
639 4787 882 4842 dicitur:
944 4805 963 4840 ι
1000 4787 1207 4845 Docere
1254 4800 1436 4846 autem
1492 4791 1773 4847 mulierem
1837 4807 1944 4847 non

358 4876 615 4946 permitto
639 4875 694 4948 (Ι
729 4875 859 4930 Tim.
877 4877 958 4947 It).
991 4896 1012 4932 ι
1039 4878 1178 4946 Quia
1210 4881 1467 4936 nimirum
1498 4881 1792 4953 aliquando
1819 4899 1944 4940 cum

358 4963 618 5030 docuit,‘a
647 4967 928 5036 sapientiae
965 4968 1187 5024 tramite
1243 4970 1498 5026 deviavit.
1552 4972 1821 5042 Antiquus
1847 4973 1950 5028 ita.

357 5073 465 5127 que
541 5059 710 5114 hostis
764 5059 834 5113 ah
889 5059 1062 5115 Adam
1120 5061 1174 5115 in
1237 5060 1448 5117 ofﬁcina
1512 5061 1774 5118 lauisterii
1820 5078 1944 5135 pcr-

356 5147 495 5201 didit
544 5149 636 5220 qui
692 5150 862 5204 Adam
926 5151 980 5207 in
1037 5152 1290 5222 paradiso
1334 5155 1603 5224 superavit
1649 5151 1940 5226 (Gemtu);

356 5247 522 5305 atque
543 5238 860 5309 adjutricem
887 5256 1043 5296 suam
1071 5243 1374 5310 mulierem,
1402 5247 1530 5300 dum
1557 5247 1624 5302 ad
1664 5256 1946 5302 contume-

359 5328 487 5384 liam
514 5346 716 5388 amarc
738 5335 1098 5404 correptionis
1123 5335 1388 5401 ascendit,
1412 5337 1478 5392 ad
1507 5337 1817 5409 exemplum
1845 5354 1943 5409 po-

361 5418 470 5473 tius
543 5419 814 5478 discenda:
860 5425 1136 5494 patientia:
1184 5425 1433 5482 nesciens
1511 5427 1837 5494 destinavit;
1892 5438 1949 5486 et

359 5511 487 5565 dum
519 5511 664 5568 illam
707 5531 960 5586 perversa
1012 5533 1134 5588 qua
1181 5518 1399 5574 doceret
1424 5519 1660 5586 edocuit,
1699 5522 1766 5575 ad
1799 5523 1952 5576 scho-

362 5605 474 5659 lam
508 5605 847 5660 rectitudinis
889 5608 1069 5676 misit;
1127 5618 1183 5666 et
1233 5625 1358 5682 qua:
1408 5611 1642 5667 excitata
1682 5612 1859 5667 fuerat
1891 5622 1952 5667 ut

361 5695 854 5765 perderet,erudita
877 5708 1046 5755 estne
1066 5701 1288 5771 periret.
1311 5700 1420 5767 Sic,
1447 5702 1526 5758 sic
1552 5717 1584 5756 a
1613 5701 1810 5756 nostris
1825 5701 1955 5756 viris

361 5784 595 5843 fortibus
639 5787 809 5845 hostis
854 5792 1151 5860 percutitur
1180 5836 1194 5862 ,
1227 5804 1287 5851 ut
1325 5811 1420 5852 sua
1442 5793 1492 5850 ei
1518 5793 1623 5851 tela
1650 5794 1950 5866 rapiantur.

2055 3310 2203 3406 I_)ixit
2241 3315 2388 3370 enim
2415 3315 2546 3372 illa:
2598 3337 2618 3370 ι
2645 3321 2838 3380 Adhuc
2863 3341 3152 3394 permanes
3193 3330 3246 3386 in
3295 3333 3650 3406 simplicitate

2055 3404 2159 3474 ει
2201 3407 2331 3460 tua?
2377 3407 2612 3497 Benedic
2657 3412 2790 3480 Deo,
2839 3425 2897 3470 et
2944 3422 3320 3494 morere(Job
3369 3404 3463 3497 ni).
3496 3448 3516 3481 ι
3554 3430 3648 3487 Sic

2053 3505 2110 3550 et
2138 3497 2332 3554 beatus
2379 3496 2576 3558 Tobias
2626 3514 2913 3576 postquam
2963 3511 3032 3565 ad
3075 3513 3258 3569 nimia:
3302 3496 3643 3590 paupertatis

2052 3603 2377 3679 terumnam,
2401 3591 2514 3649 Deo
2553 3594 2898 3667 disponente,
2925 3599 3166 3671 devenit,
3199 3617 3488 3679 postquam
3510 3631 3643 3671 ccu-

2052 3677 2230 3770 lorum
2260 3680 2443 3738 lumen
2467 3684 2676 3752 amisit,
2735 3689 2861 3757 quia
2897 3689 3047 3747 illum
3091 3677 3362 3766 malignus
3406 3701 3634 3770 spiritus

2052 3769 2190 3823 vidit
2209 3785 2475 3842 corporeo
2495 3773 2700 3831 lumine
2727 3791 2834 3833 non
2863 3779 3158 3848 videntem,
3211 3785 3396 3842 divino
3438 3769 3634 3849 autem

2052 3863 2340 3932 splendore
2366 3866 2597 3924 interius
2620 3881 3022 3941 coruscantem,
3047 3874 3180 3932 foris
3211 3882 3372 3936 rebus
3384 3898 3635 3952 vacuum,

2053 3953 2382 4014 intrinsecus
2424 3960 2535 4015 Deo
2562 3959 2802 4032 plenum,
2833 3965 2900 4020 ad
2925 3966 3086 4023 solita
3115 3985 3268 4026 arma
3295 3978 3536 4032 cucurrit
3582 3990 3640 4036 et

2053 4048 2240 4104 uxoris
2268 4048 2507 4122 linguam
2544 4052 2611 4108 ad
2649 4053 2992 4113 inferendum
3025 4061 3516 4124 vehementissimae
3543 4073 3642 4129 ob-

2045 4135 2373 4209 jurgationis
2395 4143 2746 4213 opprobrium
2762 4149 3076 4206 concitavit.
3100 4151 3232 4221 Quze
3245 4155 3414 4213 dixit:
3450 4179 3468 4213 ι
3506 4160 3643 4220 Vere

2053 4241 2190 4282 vana
2217 4227 2356 4284 facta
2377 4239 2462 4286 est
2485 4246 2611 4302 spes
2631 4241 2747 4301 tua,
2776 4235 3137 4312 eleemosynze
3164 4253 3271 4300 tute
3293 4249 3454 4305 modo
3476 4267 3644 4323 appa-

2052 4321 2466 4418 rueruut(1‘ol‘r.
2499 4334 2598 4397 ll).
2634 4347 2655 4380 ι
2691 4326 2761 4382 Et
2807 4330 2951 4387 sicut
2981 4333 3083 4391 iste
3126 4352 3394 4408 perversa:
3423 4321 3638 4418 conjugi

2053 4411 2189 4506 nihil
2209 4416 2506 4506 respondit,
2540 4420 2636 4475 sed
2658 4418 2858 4490 injecto
2886 4425 2990 4481 sibi
3021 4428 3302 4488 diabolica:
3335 4411 3639 4506 suggestio-

2053 4503 2140 4558 nis
2184 4504 2310 4570 telo,
2343 4523 2469 4563 mox
2512 4509 2581 4564 ad
2611 4512 2876 4570 orationis
2923 4532 3110 4585 arma,
3161 4503 3633 4594 Scripturaiteste.

2047 4594 2479 4667 cucurrit(Tob.
2512 4597 2721 4668 ut),sic
2757 4612 2814 4658 et
2859 4605 3206 4666 beatissimus
3254 4611 3337 4666 vir
3389 4612 3632 4670 Severus

2049 4685 2378 4753 respondere
2429 4688 2498 4742 ad
2542 4692 2732 4748 uxoris
2766 4695 2930 4751 verba
2973 4703 3333 4771 contempsit;
3369 4705 3437 4757 ad
3489 4709 3635 4762 acci-

2049 4775 2303 4864 pieiidum
2329 4792 2460 4833 vero
2489 4777 2549 4834 S.
2589 4780 2828 4852 Spiritus
2842 4787 3064 4853 donum,
3096 4791 3284 4846 eodem
3313 4809 3637 4866 suggerente

2049 4866 2266 4936 spiritu,
2296 4870 2552 4928 nesciens
2573 4877 2906 4945 properavit.
2937 4877 2996 4934 Si
3026 4891 3210 4937 autem
3249 4883 3448 4942 divinae
3470 4886 3634 4957 justi-

2051 4957 2140 5050 tia:
2165 4959 2411 5018 ordinem
2435 4965 2620 5021 subtili
2672 4968 3026 5050 meditatione
3076 4975 3482 5046 perpendimus,
3526 4999 3633 5038 non

2050 5048 2170 5107 sine
2204 5066 2369 5109 causa
2399 5065 2619 5113 sanctos
2659 5048 2807 5116 viros
2853 5077 3082 5120 uxorum
3126 5067 3355 5128 afflictos
3386 5073 3635 5130 molestia

2053 5145 2378 5215 reperimus.
2409 5147 2547 5216 Quia
2566 5151 2713 5206 enim
2744 5154 2828 5208 vir
2864 5156 3021 5212 uxori
3071 5161 3214 5217 male
3242 5166 3638 5226 consentieudo

2051 5232 2330 5294 Creatoris
2353 5240 2438 5295 sui
2456 5252 2724 5314 pracepta
2745 5255 3168 5320 contempserat,
3177 5253 3528 5330 jam,dignum
3551 5271 3640 5318 est

2053 5336 2170 5383 uta
2199 5330 2314 5386 viro
2345 5332 2543 5389 mulier
2578 5335 2949 5396 dissentiendo
3001 5345 3156 5403 duris
3181 5363 3308 5404 eum
3337 5352 3630 5410 verborum

2053 5422 2395 5479 contumeliis
2443 5425 2792 5486 vehementer
2835 5433 3058 5505 afﬂigat.
3093 5437 3212 5506 Quo
3239 5442 3386 5498 enim
3420 5447 3638 5504 mulieri

2054 5511 2198 5568 male
2217 5515 2478 5573 obedieus
2531 5522 2733 5588 paruit,
2763 5537 2830 5579 eo
2867 5524 3148 5592 Conditori
3193 5547 3294 5587 suo
3321 5534 3639 5597 inobediens

2054 5601 2177 5660 fuit.
2209 5605 2482 5680 Scriptum
2505 5613 2702 5686 quippe
2733 5623 2852 5670 est:
2884 5635 2906 5670 ‹
2939 5617 3087 5675 Tulit
3131 5622 3328 5680 mulier
3360 5627 3428 5682 de
3455 5625 3638 5688 fructu

2055 5706 2111 5752 et
2129 5702 2390 5768 comedit,
2413 5704 2671 5775 deditque
2693 5706 2810 5764 viro
2831 5723 2930 5765 suo
2948 5711 3041 5781 qui
3064 5714 3336 5784 comedit;
3367 5725 3424 5773 et
3458 5725 3634 5792 aperti

2055 5803 2182 5850 sunt
2207 5793 2348 5850 oculi
2373 5797 2658 5856 amborum
2687 5797 2908 5871 (Genet.
2934 5803 3053 5878 ut).
3081 5824 3100 5860 ι
3147 5806 3226 5863 Ex
3265 5823 3329 5866 ea
3358 5811 3430 5882 igi
3455 5829 3523 5868 ur
3567 5815 3639 5879 ab
