4184 6480
491 394 593 448 5'27

1095 386 1152 442 S.
1180 382 1381 443 PETRI
1416 382 1699 443 DAMIANI
1736 385 1884 443 OPP.
1917 386 2049 442 PAR

2150 388 2265 445 SEU
2293 379 2529 446 TOMUS
2572 387 2635 443 ll.
2676 418 2745 430 -—
2778 385 3169 447 SERMONES.

3647 391 3755 455 528

413 471 420 491 ἱ
485 508 727 563 Auctore
750 502 1023 559 feriendus
1055 512 1194 567 erat,
1230 517 1392 571 quam
1433 516 1625 557 errans
1648 502 1874 557 Auctori
1927 518 2063 572 pras-
2091 515 2141 572 Α
2237 502 2396 558 Libet
2423 512 2626 567 autem,
2665 503 3027 570 dilectissimi,
3063 507 3129 561 ad
3161 505 3291 567 illud
3318 506 3608 575 pulchrum
3639 520 3759 579 spe-

488 605 764 668 posuerat,
791 603 851 649 ut
878 594 1020 649 unde
1041 595 1203 648 homo
1222 593 1438 663 culpam
1460 608 1566 649 non
1592 593 1772 647 timuit
1796 596 2063 662 superbus

489 689 793 749 admittere,
828 687 953 741 inde
1004 700 1217 755 prunam
1264 684 1621 755 corrigendos
1672 685 1959 740 inveniret.
1996 685 2069 740 Et

487 788 637 833 tanto
663 777 825 831 citius
872 776 1167 846 respiceret
1195 776 1262 830 ad
1292 776 1444 830 illum
1495 791 1657 847 quam
1705 777 2067 847 superbiendo

484 869 827 938 contempsit,
852 877 1056 937 quanto
1078 868 1459 924 amaritudinis
1485 868 1701 939 plenam
1764 882 1889 925 esse
1937 883 2069 925 con-

486 960 722 1030 spiceret
748 959 832 1013 cui
859 958 1254 1013 delectabiliter
1274 958 1543 1013 obedivit.

557 1051 945 1104 Verumtamen
974 1063 1083 1102 non
1145 1048 1350 1105 idcirco
1399 1050 1504 1104 ista
1534 1049 1788 1115 dicimus,
1819 1058 1878 1103 ut
1922 1049 2066 1104 beati

428 1178 438 1185 .
482 1142 581 1196 viri
606 1156 828 1215 uxorem
857 1141 1083 1210 periisse
1116 1155 1240 1196 eum
1270 1141 1524 1210 reprobis
1551 1140 1873 1203 mulieribus
1914 1156 2065 1196 asse-

483 1247 683 1287 ramus.
708 1229 765 1285 Si
793 1230 939 1286 enim
969 1231 1040 1286 ab
1080 1230 1373 1286 electorum
1424 1240 1573 1286 sorte
1618 1230 1898 1286 exclusam
1947 1245 2068 1287 esse

483 1331 858 1393 cognosceret,
884 1338 1229 1393 nequaquam
1264 1324 1346 1377 vir
1366 1330 1560 1379 sancto
1589 1322 1828 1393 repletus
1855 1321 2065 1392 Spiritu

481 1429 646 1467 unum
678 1429 800 1468 cum
829 1428 893 1469 ea
920 1414 1227 1484 sepulcrum
1252 1414 1459 1469 habere
1487 1414 1761 1471 voluisset.
1803 1413 2065 1470 Commu-

481 1504 566 1559 nis
592 1504 757 1574 igitur
774 1504 1051 1574 sepultura
1071 1519 1359 1573 corporum
1376 1504 1583 1559 indicat
1610 1504 1755 1574 quod
1779 1504 2063 1559 beatorum

480 1594 770 1664 coniugum
790 1596 1000 1651 animas
1026 1598 1343 1652 meritorum
1367 1596 1606 1650 varietas
1627 1611 1732 1650 non
1756 1595 2058 1660 discernat;

480 1693 536 1739 et
560 1684 688 1740 dum
709 1684 794 1740 vir
823 1685 979 1742 uxori
1006 1685 1060 1740 in
1097 1695 1276 1741 morte
1296 1700 1356 1740 se
1382 1684 1619 1741 libenter
1651 1685 1909 1752 associat,
1932 1700 2063 1741 con-

476 1784 587 1832 stat
615 1777 800 1845 utique
817 1777 944 1846 quia
975 1778 1029 1831 in
1055 1777 1142 1831 illa
1175 1778 1281 1831 vita
1305 1777 1592 1847 utriusque
1618 1777 1762 1832 inter
1782 1792 1844 1833 se
1868 1779 2059 1832 merita

2167 592 2439 663 ctaculum
2487 600 2629 647 totos
2665 592 2982 647 interiorum
3019 593 3284 663 luminum
3317 595 3499 651 radios
3523 595 3761 667 diligena-

2168 690 2251 737 ter
2298 681 2627 750 expandere,
2684 691 2741 737 et
2785 693 3128 753 onimpoteus
3157 686 3299 741 Deus
3326 700 3491 755 quam
3540 687 3759 744 diverso

2168 770 2329 825 modo
2354 771 2422 825 ab
2448 771 2759 828 hominibus
2789 772 3021 842 judicel,
3044 774 3097 829 in
3125 784 3390 845 quantum
3424 770 3555 834 mibi
3580 780 3757 847 possi-

2166 858 2274 913 bile
2296 867 2404 924 est,
2429 861 2674 915 studiose
2702 875 2953 930 pensare.
2971 862 3311 927 Conveniunt
3341 867 3581 923 universi
3607 867 3757 923 cives

2168 949 2234 1004 ad
2257 950 2582 1011 oratorium.
2615 951 2894 1006 descendit
2914 952 3149 1021 Spiritus
3178 963 3399 1011 sanctus
3422 957 3474 1011 in
3489 954 3755 1032 columbae

2167 1039 2347 1107 specie
2395 1054 2563 1110 super
2606 1041 2860 1110 populum
2890 1053 3300 1114 congregatum.
3336 1046 3503 1102 Multa
3529 1049 3755 1105 inferius

2167 1132 2368 1201 corda,
2384 1147 2525 1188 unus
2549 1133 2780 1204 desuper
2804 1135 3098 1205 inspector.
3122 1135 3512 1195 Praestolantur
3527 1140 3615 1196 isti
3640 1156 3754 1196 ma-

2167 1235 2333 1290 gnum
2365 1221 2600 1290 aliquem
2631 1237 2696 1278 ex
2721 1222 2980 1281 divitibus
2999 1224 3157 1296 eligi;
3184 1227 3495 1293 considerat
3514 1229 3604 1285 ille
3631 1231 3753 1300 quis

2164 1323 2230 1367 ex
2265 1310 2517 1366 omnibus
2542 1312 2780 1367 maxime
2795 1311 3138 1370 valeatdives
3167 1316 3458 1371 virtutibus
3494 1318 3749 1389 inveniri.

2164 1399 2257 1455 Isti
2287 1400 2431 1470 apud
2484 1415 2544 1456 se
2571 1399 2870 1471 praeferunt
2897 1402 3167 1458 eruditam
3213 1403 3480 1476 linguam,
3512 1406 3754 1464 luculen.

2167 1498 2277 1545 tum
2304 1505 2647 1558 sermonem;
2693 1491 2785 1547 ille
2830 1501 3012 1551 autem
3059 1494 3300 1550 animum
3346 1496 3646 1569 simplicem
3695 1508 3750 1554 et

2164 1579 2342 1635 cordis
2363 1580 2513 1651 eligit
2534 1580 2848 1650 puritatem.
2879 1580 3018 1637 Hinc
3048 1584 3276 1653 populus
3330 1586 3448 1642 risu
3511 1586 3751 1658 plebeios

2162 1671 2426 1742 prreterit,
2456 1671 2523 1728 ad
2545 1672 2804 1742 primates
2826 1687 2979 1739 vero,
3003 1673 3126 1746 quis
3145 1689 3332 1730 eorum
3379 1676 3614 1743 maxime
3654 1678 3722 1732 eli
3740 1706 3754 1716 -

2162 1772 2344 1832 gatur,
2377 1763 2647 1827 attendit;
2678 1763 2806 1819 inde
2835 1773 3017 1818 autem
3047 1784 3065 1821 ι
3094 1765 3343 1821 excelsus
3371 1768 3629 1825 Dominus
3653 1771 3753 1825 hu-

477 1864 584 1921 ιιοή
604 1865 838 1941 elongat.
863 1866 1021 1931 Credi
1057 1868 1255 1937 quippe
1281 1882 1385 1921 non
1413 1867 1685 1922 immerito
1707 1875 1906 1937 potest,
1929 1869 2049 1936 quia

2158 1852 2305 1907 milia
2374 1853 2620 1924 respicit,
2661 1863 2716 1908 et
2749 1852 2858 1907 alta
2921 1869 2952 1907 a
3008 1854 3169 1923 longe
3217 1858 3495 1929 cognoscit
3563 1856 3749 1927 (Psal.

474 1965 761 2027 postquam
793 1957 989 2013 mulier
1032 1957 1401 2012 beatissimum
1432 1957 1608 2010 virum
1640 1957 1899 2013 divinitus
1946 1957 2056 2013 ele-

470 2058 619 2103 ctum
646 2049 713 2103 ad
748 2048 1057 2118 pontificale
1084 2047 1359 2120 fastigium
1390 2058 1581 2103 contra
1641 2064 1798 2103 suam
1842 2049 2057 2117 opinio-

470 2152 596 2193 nem
625 2138 780 2202 vidit,
804 2154 928 2194 mox
962 2139 1229 2194 maculam
1251 2141 1336 2194 sui
1362 2148 1547 2195 reatus
1562 2139 1804 2210 agnovit,
1825 2140 2055 2196 confusa

467 2228 710 2294 erubuit,
744 2229 1121 2297 omnitentiam
1152 2229 1281 2300 egit,
1326 2238 1383 2283 et
1410 2229 1492 2287 sic
1517 2229 1584 2284 de
1619 2238 1820 2284 caetero
1847 2230 2052 2285 studio-

472 2318 587 2375 sius
604 2330 664 2372 se
686 2317 740 2373 in
765 2317 1055 2373 virtutibus
1082 2326 1287 2373 sanctae
1312 2320 1743 2374 conversationis
1783 2320 2049 2374 exercuit.

476 2406 629 2465 Unde
653 2408 817 2463 etiam
839 2409 906 2463 de
934 2408 1020 2463 illa
1052 2409 1314 2481 scrime
1341 2417 1427 2463 est
1455 2409 1582 2478 quia
1610 2418 1896 2478 postquam
1924 2409 2050 2464 bea-

467 2498 713 2557 tissimus
742 2500 829 2555 rir
851 2500 1137 2572 episcopus
1186 2499 1367 2556 factus
1381 2510 1485 2565 est,
1513 2501 1792 2556 admirans
1821 2516 2053 2572 congra-

467 2591 740 2649 tulabatur
769 2593 840 2647 ei.

528 2682 647 2740 -Vos
670 2693 874 2748 autem,
923 2682 1256 2739 dilectissimi
1307 2683 1503 2740 fratres
1539 2685 1673 2751 mei,
1704 2685 1823 2756 qui
1850 2686 1915 2740 ad
1947 2703 2049 2740 an-

468 2775 658 2833 dienda
685 2775 821 2837 tanti
849 2775 947 2829 viri
978 2776 1272 2846 praeconia,
1306 2776 1415 2833 Deo
1441 2792 1538 2839 vos
1564 2777 1886 2846 inspirante,
1930 2777 2048 2837 dili-

467 2867 983 2933 genterintenditis,
1011 2867 1331 2935 patientiam
1377 2868 1636 2933 laudatis,
1686 2868 2045 2929 humilitatem

466 2961 746 3025 extollitis,
773 2969 1048 3015 tantarum
1069 2942 1327 3014 virtut'um
1355 2961 1580 3032 insignia
1606 2962 1659 3015 in
1680 2976 1810 3016 usus
1837 2970 2049 3015 vestros

469 3052 752 3114 assumite,
777 3059 832 3104 et
858 3052 999 3120 quod
1033 3050 1179 3104 illum
1206 3049 1374 3104 fuisse
1398 3049 1631 3107 libenter
1673 3051 1897 3115 auditis,
1941 3051 2045 3120 ipsi

467 3143 633 3203 etiam
679 3142 795 3196 fieri
846 3156 945 3211 per
969 3141 1062 3195 Dei
1107 3142 1338 3212 gratiam
1368 3141 1613 3196 studiose
1646 3149 1856 3195 curate.
1879 3141 2051 3197 Eritis

2128 1944 2425 2017 cxxxvn).
2468 1965 2486 1998 ›
2516 1944 2652 2000 llinc
2696 1945 2851 2001 multi
2880 1945 3253 2021 sibimetipsis,
3303 1949 3434 2004 illud
3471 1965 3641 2017 sacrae
3667 1952 3753 2006 di-

2158 2038 2381 2107 gnitatis
2407 2037 2619 2095 culmen
2665 2048 2947 2110 exoptant,
2993 2049 3049 2096 et
3099 2041 3319 2112 garrulo
3365 2041 3581 2098 silentio
3610 2044 3751 2098 intra

2158 2130 2548 2186 conscientiam
2593 2130 2863 2187 clamant:
2897 2132 2940 2187 Ο
2991 2134 3037 2189 si
3083 2134 3332 2209 columba
3378 2136 3561 2190 veniat
3589 2153 3751 2207 super

2159 2236 2265 2287 me,
2298 2237 2332 2277 ο
2361 2222 2408 2276 si
2439 2222 2582 2277 Deus
2604 2223 2769 2301 eligat
2789 2226 2905 2279 me!
2929 2225 3099 2293 Putas
3126 2240 3224 2296 ego
3245 2240 3341 2283 ero
3360 2227 3606 2295 electus?
3639 2229 3747 2283 Pu-

2159 2320 2243 2367 tas
2276 2313 2408 2367 mihi
2432 2313 2652 2370 dabitur
2673 2315 3061 2386 episcopatus?
3084 2318 3210 2385 inde
3246 2328 3426 2376 autem
3470 2321 3559 2383 ille
3594 2338 3749 2377 scru-

2159 2402 2307 2475 tatur
2342 2419 2501 2462 renes
2529 2414 2585 2461 et
2609 2408 2772 2463 corda
2805 2407 2859 2479 (Ι
2878 2407 3009 2463 Par.
3036 2425 3238 2476 xxvnt;
3270 2408 3421 2477 Prol.
3442 2412 3555 2483 vn),
3590 2432 3609 2479 ς
3654 2414 3748 2483 qui

2156 2496 2614 2569 finxitsigillatim
2663 2500 2828 2557 corda
2861 2516 3070 2568 eorum,
3131 2505 3227 2574 qui
3274 2505 3539 2577 intelligit
3564 2508 3747 2564 omnia

2153 2603 2315 2657 opera
2345 2604 2533 2645 eorum
2566 2587 2754 2661 (Psal.
2815 2595 3026 2665 xxxii).
3067 2614 3084 2647 ι
3145 2596 3212 2651 Et
3262 2596 3480 2665 quidem
3516 2598 3747 2661 aderant

2154 2679 2225 2733 ibi
2260 2679 2435 2744 multi,
2470 2689 2657 2751 utpote
2686 2682 2740 2736 in
2767 2683 2982 2753 egregia
3009 2685 3249 2753 civitate,
3279 2686 3370 2741 alii
3394 2688 3612 2757 quidem
3638 2688 3749 2743 fre-

2152 2770 2412 2827 mentium
2468 2785 2733 2841 equorum
2788 2772 3105 2843 glomeratis
3152 2778 3430 2845 gressibus
3487 2778 3738 2839 incedere

2152 2860 2318 2927 soliti,
2351 2862 2631 2933 aliiclaris
2655 2863 2912 2919 natalium
2949 2866 3118 2931 titulis
3163 2868 3432 2940 insigniti,
3482 2871 3573 2931 alii
3621 2889 3743 2942 pre-

2154 2950 2416 3023 tiosarum
2446 2952 2674 3023 vestium
2694 2953 2874 3013 nitore
2897 2957 3200 3027 conspicui,
3228 2959 3319 3014 alii
3349 2962 3554 3023 crebris
3577 2965 3739 3023 obsc-

2150 3038 2431 3113 queutitnn
2479 3041 2710 3113 militum
2753 3044 2942 3111 cuneis
2975 3049 3286 3118 constipati,
3345 3051 3436 3113 alii
3483 3053 3734 3110 omnibus

2155 3130 2243 3187 his
2276 3132 2459 3189 mmidi
2487 3135 2803 3205 muneribus
2833 3137 3206 3208 multipliciter
3228 3141 3468 3210 praediti,
3497 3144 3586 3203 alii
3620 3146 3742 3214 qui-

464 3252 703 3306 namque
731 3236 873 3304 quod
904 3243 1011 3301 est,
1059 3235 1102 3289 si
1155 3234 1481 3296 contenditis
1527 3244 1583 3289 et
1617 3235 1720 3306 ipsi
1750 3249 1870 3293 esse
1899 3234 2043 3304 quod
2072 3228 2118 3290 Ο
2149 3222 2378 3279 ὺυεόίιω
2402 3240 2502 3296 pro
2529 3242 2625 3283 sua
2652 3228 3012 3297 possibilitate
3041 3233 3231 3294 dotali.
3256 3232 3369 3300 56d
3394 3238 3738 3306 Omnipotens

462 3326 583 3382 fuit.
618 3327 672 3381 ln
701 3326 858 3395 lutths
878 3326 1043 3395 igitur
1063 3325 1518 3395 peregrinationis
1540 3327 1736 3381 itinere
1766 3326 1911 3382 nulla
1947 3342 2044 3382 vos

459 3418 836 3489 prosperitatis
865 3416 1084 3473 suadela
1112 3418 1369 3488 decipiat,
1412 3417 1556 3472 nulla
1613 3420 1828 3472 irruens
1852 3421 2046 3477 adver-

461 3511 595 3566 sitas
616 3510 856 3580 frangat,
878 3526 985 3565 non
1014 3518 1251 3565 mentem
1282 3519 1520 3573 vestram
1552 3511 1891 3581 paupertatis
1925 3513 2047 3567 ino-

459 3602 553 3673 pia
575 3602 859 3673 deprimat,
896 3617 1001 3659 non
1028 3616 1154 3670 spes
1201 3601 1544 3664 abundantiae
1578 3601 1894 3672 temporalis
1934 3603 2045 3673 22

460 3695 705 3764 extollat,
732 3710 838 3749 non
871 3695 1018 3749 illata
1063 3709 1132 3749 ex
1173 3708 1271 3750 ore
1313 3694 1544 3763 proximi
1596 3693 1926 3750 contumelia
1974 3694 2042 3748 ad

459 3788 799 3842 iracundiam
823 3794 1102 3856 provocet,
1124 3800 1230 3841 non
1260 3785 1330 3840 ad
1356 3785 1727 3841 ulciscendum
1752 3800 1845 3841 ros
1878 3785 2045 3840 liber-

460 3891 547 3936 tas
577 3881 858 3951 permissa:
887 3881 940 3934 in
964 3878 1262 3950 quemlibet
1284 3879 1571 3949 potestatis
1592 3879 1830 3950 instiget,
1854 3886 2046 3949 quate-

459 3990 562 4029 nus
589 3974 679 4043 qui
711 3988 855 4027 nunc
877 3972 1133 4026 imitanda
1164 3971 1224 4027 Β.
1271 3971 1458 4028 Severi
1484 3971 1709 4042 vestigia
1745 3971 1936 4026 tenetis
1986 3971 2043 4025 in

462 4066 592 4131 vita,
625 4081 746 4119 cum
774 4064 866 4119 illo
889 4064 1233 4135 postmodum
1257 4064 1325 4119 de
1348 4075 1564 4120 aeternae
1585 4064 1865 4120 felicitatis
1908 4078 2043 4134 pm

466 4155 578 4209 mio
606 4155 841 4226 gaudere
884 4154 1110 4213 valeatis
1159 4154 1213 4207 in
1243 4154 1443 4223 patria,
1473 4153 1770 4211 auxiliante
1815 4154 2044 4209 Domino

460 4254 650 4301 nostro
668 4245 797 4301 .lesu
817 4245 1059 4311 Christo,
1083 4246 1319 4314 quicum
1352 4246 1512 4300 Patre
1540 4256 1597 4299 et
1618 4243 1824 4315 Spiritu
1848 4252 2040 4300 sancto

463 4338 602 4394 vivit
635 4346 691 4393 et
720 4336 990 4407 gloriatur
1044 4334 1311 4408 [regnat]
1333 4348 1432 4405 per
1460 4334 1670 4391 infinita
1707 4334 1903 4390 saecula
1942 4350 2051 4391 sa:-

459 4429 729 4486 culorum.
752 4429 945 4483 Amen.

1080 4537 1312 4594 SEBMO
1351 4540 1416 4594 Ὗ.

459 4649 518 4688 ll.
560 4648 628 4687 DE
664 4645 870 4687 SANCTD
907 4642 1108 4685 SEVERO
1143 4644 1393 4684 EPISCOPO
1430 4643 1746 4685 RAVENNA'I'E
1783 4644 1853 4685 ΒΤ
1908 4643 2035 4687 (ΣΟΠο

956 4721 967 4727 ·
1020 4715 1265 4755 reasons.
1306 4700 1343 4771 (ι
1366 4700 1539 4770 rana).

533 4793 793 4857 Audistis,
830 4791 1029 4847 fratres
1076 4791 1412 4857 charissimi,
1440 4806 1507 4847 ex
1556 4791 1620 4845 B.
1667 4792 1880 4856 Severi,
1911 4793 2037 4848 dum

460 4882 749 4952 legeretur,
782 4882 1028 4943 historia,
1060 4880 1476 4951 qualiter-illum
1517 4883 1661 4936 Deus
1707 4881 1775 4935 de
1816 4881 2035 4936 lanificii

458 4975 784 5044 crgodocbio
800 4974 1043 5037 sustulit,
1072 4989 1234 5043 quam
1280 4973 1604 5029 mirabiliter
1636 4973 1784 5027 illum
1812 4989 1916 5028 non
1946 4989 2037 5030 so-

458 5064 566 5121 lum
580 5073 778 5134 praeter
797 5064 1105 5132 opinionem
1126 5065 1368 5118 omnium
1382 5064 1604 5128 civium,
1633 5064 1904 5118 sedetiam
1931 5066 2036 5129 sui,

459 5158 526 5211 ad
555 5169 737 5215 arcem
759 5152 1105 5221 pontiﬁcatus
1131 5153 1315 5221 elegit.
1358 5152 1602 5208 Audistis
1648 5154 2035 5223 puupeuculum

461 5245 730 5307 hominem
759 5260 788 5303 a
807 5245 915 5299 Deo
936 5243 1121 5298 mundi
1149 5244 1405 5298 divitibus
1433 5244 1654 5299 auferri.
1678 5245 1919 5300 Audistis
1944 5246 2036 5301 de.

455 5334 659 5399 iectum
713 5334 1013 5408 [abiectum
1055 5333 1157 5405 ]et
1208 5334 1469 5391 humilem
1512 5350 1672 5405 supra
1722 5343 2034 5404 potentatus

463 5429 718 5491 nobilium
741 5443 866 5491 sum
904 5428 1079 5501 gloria
1126 5427 1428 5491 subliuiari.
1477 5430 1741 5484 Audistis.
1770 5429 2033 5499 Spiritum

463 5532 709 5579 salictum
726 5521 1001 5591 sapientes
1021 5521 1201 5577 szecnli
1240 5530 1695 5585 contemnentem,
1729 5521 2031 5590 siiiipliceni

462 5607 733 5673 hominem
759 5609 1064 5679 eligentem,
1093 5617 1323 5669 ornatos
1334 5610 1574 5671 vestibus
1590 5610 2038 5677 tramvpiantem,

464 5714 512 5749 lll
546 5712 845 5767 pannosum
875 5713 933 5763 et
957 5701 1285 5770 squalidum,
1309 5701 1465 5770 quasi
1522 5696 1838 5773 in'amicum
1867 5702 2031 5758 fami-

460 5789 651 5855 liarem
676 5797 733 5844 et
749 5789 878 5852 olim
906 5790 1007 5853 sibi
1030 5791 1373 5853 notissimum
1402 5792 1841 5851 «lescendentem.

2150 3312 2435 3399 Deus,lqui
2465 3318 2629 3375 corda
2660 3319 2903 3377 omnium
2925 3322 3199 3391 subtiliter
3233 3323 3562 3391 intendebat,
3594 3329 3737 3396 quod

2148 3404 2275 3471 olim
2304 3421 2400 3477 per
2423 3408 2742 3478 prophetam
2763 3410 2994 3479 dixerat,
3020 3412 3143 3486 sine
3168 3413 3348 3485 aliqua
3401 3419 3553 3477 vocis
3599 3430 3739 3474 stro-

2147 3496 2262 3565 pitu
2290 3497 2492 3573 iterum.
2535 3501 2898 3571 repetebat“
2957 3502 3131 3574 Super
3170 3521 3353 3576 quem,
3405 3509 3602 3579 inquit,
3644 3506 3737 3566 ro-

2146 3585 2388 3653 quiescet
2414 3585 2649 3661 Spiritus
2680 3606 2850 3679 incus,
2878 3592 2979 3648 nisi
3005 3610 3169 3662 super
3203 3597 3554 3665 humilem,ct
3585 3603 3741 3672 quic—
3770 3616 3776 3627 ‘

2150 3683 2283 3742 tum,
2315 3687 2371 3733 et
2395 3686 2714 3753 trementem
2734 3696 3016 3743 sermones
3041 3686 3346 3757 23mg»?
3367 3711 3384 3742 ι
3404 3690 3538 3762 (Ira.
3563 3694 3733 3763 uri.)

2149 3766 2375 3843 Videbat
2422 3772 2652 3844 populus
2697 3774 2749 3828 in
2813 3787 3001 3845 aperto
3035 3779 3152 3845 loco
3182 3782 3485 3846 cohunbam
3524 3787 3736 3847 coalitus

2146 3872 2574 3932 exspectantem.
2604 3866 2918 3937 Aspiciebat
2945 3870 3031 3924 illa
3064 3871 3323 3931 Severum
3345 3879 3730 3947 pauperculam

2146 3962 2267 4023 post
2288 3953 2511 4027 januam
2536 3956 2859 4027 latitantem.
2901 3962 3165 4037 Quiienim
3196 3982 3257 4029 se
3282 3968 3585 4027 hominibus
3605 3973 3731 4026 abs-

2147 4054 2431 4119 condebat,
2490 4056 2686 4117 divina:
2707 4058 3007 4137 maiestatis
3032 4061 3293 4129 intuitum
3318 4063 3592 4123 declinare
3624 4083 3730 4122 non

2146 4153 2378 4217 poterat.
2419 4146 2561 4213 Quid
2580 4149 2809 4215 esthoc,
2854 4150 2912 4207 S.
2942 4150 3178 4219 Severe?
3207 4163 3315 4211 tam
3363 4170 3587 4227 pauper,
3622 4169 3728 4215 tam

2148 4235 2334 4292 dives?
2368 4246 2477 4301 tam
2509 4239 2745 4305 humilis,
2798 4250 2907 4297 tam
2939 4243 3220 4301 sublimis?
3274 4255 3380 4301 tam
3433 4262 3728 4317 pertaesus,

2148 4334 2256 4391 tam
2308 4328 2613 4398 gloriosus?
2662 4333 2802 4401 apud
2843 4334 3049 4409 judicia
3095 4337 3330 4393 humana
3359 4337 3620 4407 deiectus,
3661 4358 3726 4398 ex

2147 4416 2326 4469 divina
2359 4419 2696 4486 providentia
2727 4421 3072 4480 invisibiliter
3103 4427 3475 4485 sublimatus?
3521 4431 3631 4485 Cur
3673 4444 3729 4488 te

2148 4505 2480 4567 abscondere
2507 4508 2717 4577 niteris,
2746 4512 2837 4579 qui
2863 4514 2930 4568 ad
2963 4514 3065 4573 hoc
3090 4519 3409 4585 provelieris
3438 4528 3496 4577 ut
3516 4520 3582 4577 ad
3612 4520 3724 4574 vir-

2073 4579 2121 4641 ί)
2146 4598 2276 4652 tutis
2305 4599 2608 4669 exemplum
2632 4602 2871 4659 omnium
2898 4605 3070 4660 oculis
3091 4579 3447 4676 proponaris?
3469 4610 3578 4667 Cur
3603 4612 3729 4667 ναι-τ

2151 4697 2234 4744 tus
2257 4688 2535 4745 hominum
2566 4694 2864 4760 erubescis,
2891 4697 2982 4765 qui
3028 4699 3225 4759 divinae
3275 4702 3573 4770 maiestatis
3595 4720 3730 4765 con-

2144 4778 2350 4846 spectui
2399 4795 2521 4849 pra:-
2558 4782 2809 4838 omnihus
2856 4784 3144 4855 placuisti?
3204 4791 3469 4855 Videlicet
3518 4793 3725 4850 ideirco

2144 4867 2522 4941 absconderis,
2538 4882 2595 4924 ut
2627 4872 2831 4940 videas,
2868 4888 2924 4930 et
2956 4890 3062 4941 non
3091 4880 3357 4947 videaris;
3382 4883 3568 4941 videas
3618 4885 3725 4940 sci-

2143 4956 2271 5010 licet
2290 4957 2594 5017 columbam
2617 4975 2714 5028 pro
2738 4962 3095 5031 admiratione
3110 4983 3135 5032 ;.
3156 4983 3263 5029 non
3287 4969 3520 5029 videaris
3540 4983 3720 5027 autem

2142 5062 2239 5121 pro
2262 5048 2488 5111 vestium
2519 5049 2781 5121 foeditate.
2806 5053 3049 5124 AgeJam
3085 5057 3366 5125 manifesta
3388 5069 3438 5119 te
3462 5062 3516 5114 in
3544 5062 3722 5131 publi.

2141 5154 2287 5215 cuin,
2314 5140 2549 5213 procede
2577 5143 2630 5196 iu
2662 5144 2918 5210 nicdium,
2954 5155 3010 5203 et
3029 5146 3354 5213 Christiana:
3382 5151 3601 5213 familia:
3628 5172 3670 5210 s:
3692 5182 3718 5198 -

2139 5228 2288 5297 scipe
2318 5228 2632 5287 villicanun.
2668 5229 2836 5286 Exeat
2857 5236 3154 5305 margarita
3174 5238 3251 5293 de
3274 5242 3637 5310 sterquilinio,
3664 5260 3713 5300 ιιι

2139 5320 2406 5383 insummi
2435 5323 2581 5393 regis
2601 5321 2802 5397 fulgeat
2829 5336 3172 5387 ornamento.
3221 5329 3338 5399 Non
3389 5331 3556 5397 lateat
3591 5333 3726 5388 ultr-

2143 5409 2259 5485 rips
2292 5411 2509 5481 lucerna
2536 5413 2635 5489 sub
2657 5416 2979 5481 modio,_sed
3014 5435 3178 5489 super
3208 5424 3590 5487 candelabrum
3625 5439 3723 5491 po-
3756 5486 3759 5489 _

2135 5502 2262 5565 sita,
2290 5517 2499 5579 omnes,
2525 5506 2613 5573 qni
2656 5506 2709 5560 in
2755 5507 2912 5563 domo
2960 5520 3109 5577 sunt,
3139 5513 3440 5583 splendoris
3486 5515 3565 5568 sui
3598 5514 3714 5585 luce

2134 5592 2419 5661 perfundat
2451 5595 2677 5663 (illum.
2703 5596 2782 5667 v).
2812 5597 2983 5661 Pasce
3014 5602 3177 5679 igitur
3209 5606 3547 5663 Dominicum
3591 5622 3713 5678 gre-
3800 5642 3807 5647 η

2132 5700 2283 5755 gem,
2311 5694 2365 5759 et
2393 5702 2556 5763 super
2571 5689 2709 5743 ovile
2724 5688 2926 5763 Christi
2948 5697 3340 5753 curamteuxhibe
3362 5699 3708 5769 pastoralem.

2137 5775 2255 5831 Tibi
2285 5774 2534 5835 Christus
2556 5777 2854 5835 Ecclesium
2868 5796 3020 5837 suam
3043 5783 3379 5841 committere
3396 5784 3509 5859 jam
3525 5786 3715 5843 decre-
3748 5850 3758 5855 _
