4184 6474
427 327 536 385 £29

1913 345 2146 406 SERMO
2178 350 2246 406 V.

3597 354 3703 409 $30

429 423 528 486 Vili
556 437 718 494 quam
751 424 1115 483 inmstimabili
1146 429 1229 484 sui
1281 432 1561 502 sanguinis
1590 434 1764 502 pretio
1791 431 2012 507 compa—
2047 460 2091 514 Α
2121 443 2462 499 beatissimus
2497 445 2577 499 vir
2599 446 2744 499 omni
2767 448 2988 501 carcbat
3028 448 3210 503 livoris
3236 448 3614 509 amaritudine,
3647 465 3702 504 et

426 518 588 570 tavit.
625 517 850 589 Suscipe
880 522 1111 592 egregiae
1147 525 1636 581 administrationis
1678 526 1934 592 officium,
1969 541 2025 584 ut

421 610 492 661 de
515 609 787 664 commissi
816 612 1000 666 talenti
1032 614 1243 668 faenore
1272 627 1492 671 auctum
1549 618 1754 674 referas
1789 620 2018 676 lucrum.

424 695 535 750 Nec
565 714 896 768 expavescas
925 703 1283 773 ignorantiam
1319 707 1646 772 litterarum,
1675 725 1781 764 non
1812 711 2023 767 dubites

424 787 492 841 de
518 789 1004 860 incompositorum
1037 797 1362 852 enormitate
1390 812 1726 864 sermonum,
1757 804 1884 870 quia
1931 804 2018 858 ille

423 878 514 963 qui
548 889 830 946 promovet
861 891 932 947 te,
962 885 1079 938 sine
1107 885 1315 956 legendi
1349 887 1532 944 labore
1556 891 1787 946 instruet
1810 901 1891 957 te;
1923 896 2016 963 qui

331 1031 335 1033 _
424 961 517 1020 tibi
554 970 814 1026 doctrinm
841 976 1134 1029 committit
1171 977 1426 1044 officium,
1455 980 1684 1036 docendi
1713 985 1876 1038 etiam
1890 961 2014 1056 sug-

420 1073 573 1131 geret
604 1066 1019 1124 incrementum.
1065 1070 1349 1126 Summum
1380 1075 1580 1144 quippe
1626 1086 1710 1131 est
1749 1077 2007 1143 Verbum,

421 1155 566 1221 quod
592 1155 686 1211 tibi
711 1159 1016 1214 seminandi
1050 1162 1198 1217 verbi
1228 1163 1452 1219 exhibet
1493 1167 1873 1220 ministerium.
1904 1167 2016 1222 Hoc

415 1243 643 1301 Verbum
697 1249 811 1313 tibi,
861 1251 1074 1322 tuisque
1129 1253 1227 1326 [f.,
1294 1256 1512 1328 tuique]
1573 1237 1844 1313 similibus
1910 1271 2008 1328 per

419 1340 778 1408 semetipsum
803 1342 967 1397 dicit:
1004 1365 1022 1396 ι
1058 1347 1190 1400 Cum
1209 1349 1469 1403 steteritis
1491 1359 1616 1403 ante
1648 1365 1822 1420 reges,
1849 1350 2016 1405 nolite

417 1432 661 1500 cogitare
686 1436 957 1501 quomodo
987 1440 1227 1506 autquid
1245 1440 1574 1508 loquamini;
1610 1442 1825 1496 dabitur
1866 1443 2010 1496 enim

422 1521 576 1572 vobis
605 1522 657 1573 in
683 1523 768 1575 illa
794 1525 921 1576 hora
960 1527 1090 1594 quid
1145 1528 1436 1597 loquamini
1473 1530 1700 1601 (Matth.
1762 1535 1853 1600 κ).
1893 1550 1910 1583 ι
1948 1531 2013 1584 Et

422 1613 658 1666 iterum:
695 1632 712 1663 ι
745 1615 861 1669 Non
889 1633 981 1671 vos
1010 1619 1163 1682 estis,
1190 1620 1278 1688 qui
1307 1621 1612 1689 loquimini,
1640 1623 1732 1676 sed
1775 1622 2010 1691 Spiritus

418 1701 603 1757 Patris
642 1707 826 1767 vestri,
850 1709 940 1774 qui
972 1709 1213 1776 loquitur
1246 1710 1297 1763 in
1327 1711 1480 1765 vobis
1505 1711 1738 1782 (Ibid.).
1777 1732 1794 1762 ι

2128 534 2182 587 itt
2211 519 2399 590 saneta
2430 537 2640 592 vivebat
2669 539 2927 607 simplicis
2979 541 3144 593 animi
3175 541 3427 609 puritate.
3463 542 3600 595 Ecce
3641 540 3703 594 li-

2124 628 2288 694 quido
2319 629 2699 684 manifestatur
2727 631 2868 699 quod
2895 646 2991 700 per
3018 631 3696 702 apostolorumpriucipem

2122 718 2352 772 dicitur:
2389 737 2406 770 t
2440 718 2574 785 Quia
2601 730 2706 774 neu
2731 730 2814 776 est
2839 735 3190 790 personarum
3222 731 3474 792 acceptor
3533 722 3696 784 Deus,

2120 809 2213 863 sed
2240 809 2290 862 in
2317 811 2462 864 omni
2487 819 2666 878 gente,
2706 813 2794 880 qui
2849 812 3002 867 timet
3029 813 3200 877 illum,
3249 824 3300 868 et
3329 823 3585 882 operatur
3603 813 3695 882 jno

2117 901 2344 964 stitiam,
2375 911 2630 971 acceptus
2653 909 2735 958 est
2766 904 2837 957 illi
2865 903 3012 974 (Act.
3047 905 3134 971 χ).
3161 923 3179 955 ι
3209 904 3338 958 Illud
3362 906 3525 959 etiam
3551 920 3696 958 nunc

2119 993 2174 1045 in
2225 993 2488 1048 electione
2536 995 2834 1050 beatissimi
2869 994 3040 1064 hujus
3069 995 3172 1050 viri
3203 1010 3299 1064 per
3347 996 3694 1063 semetipsam

2118 1083 2294 1138 divina
2316 1085 2650 1152 providentia
2687 1086 2980 1140 cus‘todivit
3021 1086 3163 1154 quod
3194 1085 3328 1138 olim
3368 1100 3467 1139 nos
3506 1087 3696 1138 obser-

2119 1190 2244 1229 vare
2271 1190 2364 1243 per
2384 1174 2444 1230 Β.
2479 1174 2739 1230 Jacobum
2765 1180 2989 1231 monuit.
3018 1179 3108 1231 Ait
3137 1178 3282 1231 enim
3313 1178 3451 1229 inter
3473 1183 3690 1229 caetera:

2121 1285 2138 1316 ι
2174 1266 2391 1322 Fratres
2419 1269 2544 1329 mei,
2573 1269 2738 1323 nolite
2781 1269 2832 1322 in
2859 1283 3213 1337 personarum
3250 1269 3566 1336 acceptione
3601 1266 3699 1318 ha-

2114 1357 2244 1412 bere
2266 1357 2424 1413 fidem
2463 1360 2674 1414 Domini
2705 1360 2876 1414 nostri
2904 1358 3032 1414 Jes'u
3057 1359 3260 1413 Christi
3315 1358 3498 1428 gloriae
3539 1355 3694 1424 (Jac.

2113 1448 2199 1520 ιι).
2225 1470 2244 1502 ›
2265 1450 2466 1515 Deinde
2493 1450 2798 1522 subiungit:
2821 1469 2843 1502 ι
2874 1451 3083 1505 Etenim
3108 1450 3153 1505 si
3181 1449 3450 1503 introierit
3479 1448 3532 1500 in
3562 1460 3694 1500 con-

2112 1549 2332 1594 ventum
2354 1549 2596 1596 vestrum
2627 1541 2712 1594 vir
2740 1555 2964 1594 aureum
2983 1539 3240 1594 annulum
3257 1538 3463 1592 habens
3481 1536 3533 1589 in
3549 1542 3698 1588 veste

2110 1632 2340 1686 candida
2365 1650 2378 1685 :
2403 1633 2676 1688 intraierit
2707 1642 2888 1686 autem
2915 1641 2968 1687 et
2999 1647 3204 1702 pauper
3248 1632 3302 1684 in
3353 1629 3575 1684 sordido
3603 1627 3698 1680 ha-

2109 1721 2247 1786 bittt,
2276 1731 2330 1776 et
2359 1723 2654 1777 intcndatis
2680 1723 2732 1776 in
2763 1737 2911 1785 eum,
2939 1722 3030 1791 qui
3056 1722 3531 1774 indutusestveste
3562 1729 3699 1784 prae—

491 1793 628 1859 Quitl
661 1796 846 1864 plura?
872 1798 1110 1852 Tandem
1141 1802 1574 1866 venitcolumba,
1598 1812 1652 1858 et
1686 1805 2007 1859 mirantibus
2042 1827 2086 1887 Β
2113 1812 2279 1874 clara,
2303 1822 2360 1866 et
2381 1813 2629 1866 dixeritis
2658 1814 2740 1868 ei:
2771 1812 2856 1866 Τιι·
2882 1813 3009 1867 sede
3040 1813 3130 1866 hic
3158 1813 3328 1877 bene;
3357 1809 3576 1882 pauperi
3602 1823 3698 1861 au.

417 1887 629 1940 cunctis
657 1887 908 1942 dilectum
937 1891 1038 1944 sibi
1066 1900 1227 1959 caput
1256 1894 1456 1947 invisit.
1482 1894 1550 1947 Et
1579 1893 1850 1962 certejam
1877 1896 2006 1950 olim

419 1979 472 2032 in
504 1978 618 2045 ejus
652 1989 868 2050 pectore
899 1983 1238 2039 invisibiliter
1259 1996 1402 2053 erat,
1427 1988 1480 2041 in
1504 1988 1659 2056 cuius
1701 2005 1844 2044 nunc
1884 2007 2008 2044 ver-

422 2075 581 2129 ticem
611 2077 972 2145 corporaliter
996 2080 1382 2138 descendebat.
1415 2081 1524 2136 Sed
1555 2083 1684 2149 quid
1710 2080 1823 2149 jam
1869 2083 2008 2154 fugi-

422 2165 562 2220 tiVus
597 2167 688 2220 Dei
729 2166 1096 2235 faceret?Quo
1123 2186 1181 2224 se
1206 2172 1474 2226 verteret?
1499 2172 1650 2237 Quod
1683 2174 1784 2228 sibi
1812 2174 2010 2228 latibu-

425 2256 533 2309 lum
569 2260 733 2310 tutins
771 2259 1074 2315 inveniret?
1134 2263 1176 2314 A
1232 2272 1525 2332 conspectu
1552 2266 1792 2320 omnium
1846 2266 2003 2336 fugit,

421 2345 608 2398 vaiws
647 2351 918 2416 Opposuit,
972 2353 1037 2402 ad
1083 2352 1372 2406 videndum
1423 2354 1527 2407 sibi
1577 2355 1726 2408 solas
1771 2356 2006 2424 pestium

424 2434 648 2489 rimuias
679 2437 987 2506 dereliquit.
1023 2439 1128 2494 Sed
1159 2442 1249 2509 qui
1283 2442 1547 2498 humanos
1569 2455 1820 2513 aspectus
1848 2460 2006 2500 aver-

427 2535 541 2580 tere
562 2529 758 2593 potuit.
789 2531 1080 2597 columbini
1107 2547 1336 2588 acumen
1377 2534 1604 2589 intuitus
1651 2551 1760 2590 non
1809 2538 2001 2591 evasit.

424 2615 583 2672 Videt
611 2634 671 2672 se
701 2621 1131 2689 deprehensum;
1191 2625 1545 2692 conqueritur
1577 2626 1720 2680 intra
1769 2641 1826 2682 se
1869 2629 2004 2684 nihil

418 2708 520 2762 sibi
550 2707 819 2776 profuisse
846 2711 1177 2781 confugium.
1213 2711 1596 2768 Verumtamen
1623 2715 1801 2771 adhuc
1828 2717 2005 2785 suapi-

417 2807 576 2851 catur
599 2799 876 2869 deceptam
908 2798 1094 2855 errar‘e
1107 2796 1434 2867 columbam,
1465 2820 1566 2860 nec
1584 2820 1744 2873 posse
1771 2806 1824 2860 in
1855 2815 2002 2862 tanta

422 2891 704 2947 hominum
741 2891 1082 2947 multitudine
1109 2903 1313 2949 certam
1341 2895 1572 2966 eligendi
1602 2907 1788 2951 notare
1814 2913 2001 2967 perso-

422 2996 570 3036 nam.
603 2981 789 3036 Tertio
819 2984 983 3054 igitur
1036 2985 1103 3038 ad
1135 3000 1193 3039 se
1224 2985 1538 3040 volitantem
1573 2987 1796 3057 agitatis
1832 2988 2003 3040 mani-

419 3073 523 3128 bus
554 3074 770 3143 repulit,
807 3083 861 3129 et
883 3076 963 3130 sic
996 3076 1048 3130 in
1086 3078 1304 3132 nomine
1329 3079 1688 3134 sanctissimae
1721 3079 2002 3136 Trinitatis

416 3161 853 3218 benedictionem
881 3181 990 3219 sua:
1018 3167 1446 3222 consecrationis
1475 3170 1702 3237 accepit.

489 3251 534 3306 Ο
570 3267 787 3318 novum,
830 3263 885 3310 et
917 3255 1216 3310 inauditum
1253 3259 1614 3326 promotionis
1663 3258 1940 3314 ordinem!
1971 3276 2003 3312 o

423 3341 797 3397 admirabilem
841 3345 1043 3415 egregii
1101 3345 1376 3414 pontificis
1431 3347 1751 3418 dignitatem
1798 3350 1809 3402 !
1867 3348 2002 3404 Nam

419 3433 548 3500 quid
580 3432 723 3488 aliud
759 3434 882 3500 fttit,
913 3436 966 3489 in
1018 3445 1178 3506 caput
1206 3437 1504 3492 beatissimi
1538 3438 1639 3492 viri
1691 3438 1999 3494 columbam

423 3525 585 3579 tertia
611 3525 732 3579 vice
751 3525 1104 3590 descendere,
1132 3527 1234 3580 nisi
1257 3535 1502 3595 patenter
1535 3526 1682 3580 illttm
1705 3528 1757 3580 in
1802 3526 2000 3592 Patris,

419 3623 476 3668 et
509 3614 654 3680 Filii,
679 3624 736 3670 et
779 3615 1014 3685 Spiritus
1070 3617 1245 3671 sancti
1288 3617 1508 3671 nomine
1534 3617 1900 3672 consecrare?
1937 3617 2005 3671 Et

418 3695 548 3777 quid
577 3707 720 3761 aliud
747 3706 848 3765 fuit
875 3709 1121 3762 eamdem
1153 3707 1456 3762 columbam
1483 3722 1512 3762 a
1559 3722 1618 3763 se
1645 3709 2001 3773 exturbando,

397 3799 674 3853 manibus
707 3809 950 3868 tangere,
974 3798 1075 3852 nisi
1106 3797 1488 3854 ecclesiasticae
1517 3797 1874 3854 institutionis
1909 3813 2004 3852 or-

418 3888 562 3954 dine,
592 3889 646 3944 in
679 3889 809 3958 ipsis
836 3887 946 3962 24
993 3887 1244 3942 manibus
1277 3887 1455 3942 oleum
1503 3896 1706 3943 sanctae
1736 3887 2006 3943 unctionis

418 3981 702 4048 accipere?
729 3979 860 4034 Nam
896 3982 1038 4051 quod
1062 3980 1306 4036 columba
1339 3981 1390 4035 in
1427 3979 1757 4036 sanctissimi
1785 3979 1884 4034 viri
1915 3993 2007 4032 ca-

418 4083 517 4142 put
553 4072 742 4142 illapsa
792 4073 1090 4138 descendit,
1131 4072 1364 4128 officium
1409 4087 1601 4128 manus
1646 4070 2005 4140 impositionis

421 4164 684 4232 implevit.
715 4163 868 4231 Quod
890 4173 1069 4219 autem
1108 4166 1280 4220 sacris
1317 4179 1376 4220 se
1402 4164 1654 4221 manibus
1697 4163 1843 4233 tangi
1883 4177 2006 4231 per-

421 4256 607 4321 misit,
661 4257 810 4326 ipsas
869 4271 1061 4312 manus
1113 4257 1288 4312 sancti
1334 4255 1571 4326 Spiritus
1625 4255 1881 4312 unctione
1931 4255 2007 4310 si-

420 4346 628 4416 gnavit.

489 4435 612 4490 Jam
641 4450 771 4491 vero
801 4435 928 4489 illud
957 4446 1173 4506 quantae
1197 4436 1409 4506 gratiae,
1437 4443 1759 4505 quantasque
1785 4446 1869 4489 est
1911 4447 2009 4488 ex—

2116 1913 2221 1958 tent
2246 1905 2466 1959 dicatis:
2498 1906 2575 1959 Tu
2601 1915 2682 1960 sta
2713 1906 2838 1967 illic,
2867 1906 2947 1960 vel
2971 1907 3096 1960 sede
3117 1905 3219 1959 sub
3242 1903 3476 1958 scabello
3501 1903 3694 1972 pedum

2113 2010 2390 2058 meorum,-
2422 1995 2872 2063 nonnejudicatis
2902 1997 3042 2064 apud
3067 1995 3444 2061 vosmetipsos,
3471 2002 3528 2046 et
3563 1991 3693 2045 facti

2111 2083 2244 2138 estis
2257 2084 2468 2152 iudices
2487 2086 2868 2154 cogitationum
2893 2083 3196 2152 iniquarum
3223 2082 3247 2135 ?
3275 2100 3293 2132 ι
3330 2079 3502 2151 (Ibid.
3521 2079 3539 2149 )
3560 2078 3695 2132 Nam

2111 2174 2155 2229 si
2181 2175 2282 2230 hoc
2305 2175 2496 2230 beatus
2540 2174 2818 2243 apostolus
2859 2175 2925 2229 de
2965 2173 3296 2242 quotidianis
3344 2170 3692 2227 consessibus

2111 2265 2367 2334 loquitur,
2403 2265 2524 2333 quis
2548 2281 2654 2319 non
2679 2274 2746 2318 de
2772 2264 3086 2332 acceptione
3116 2275 3468 2333 personarum
3493 2262 3545 2315 in
3579 2259 3695 2315 cui-

2111 2367 2232 2424 pam
2269 2356 2564 2424 saepissime
2619 2356 2838 2420 labitur,
2873 2356 2974 2410 nisi
3025 2371 3147 2410 cum
3178 2355 3318 2424 apud
3340 2355 3690 2424 semetipsum

2112 2447 2337 2502 forsitan
2369 2448 2442 2502 ita
2484 2447 2708 2516 judicat,
2763 2456 2822 2501 ut;
2871 2447 2982 2512 ille,
3018 2447 3104 2501 cui
3147 2447 3406 2500 honorem
3447 2445 3689 2508 exhibet,

2107 2546 2261 2594 tanto
2289 2541 2336 2594 ei
2369 2539 2580 2604 melior,
2604 2551 2807 2609 quanto
2843 2547 2899 2593 et
2927 2539 3088 2592 ditior
3113 2539 3360 2592 videatur
3388 2537 3410 2589 ?
3441 2535 3546 2589 Sed
3579 2536 3695 2590 haec

2108 2629 2402 2698 apostolica
2463 2629 2730 2682 sententia
2765 2639 2894 2682 tunc
2923 2629 3127 2682 rectius
3160 2626 3494 2693 intelligitur,
3526 2625 3570 2677 si
3599 2622 3691 2675 illa

2108 2717 2326 2795 sedendi
2353 2733 2414 2772 ac
2435 2717 2613 2772 standi
2639 2717 2898 2771 distantia
2925 2716 2992 2770 ad
3028 2716 3263 2770 honores
3286 2713 3691 2768 ecclesiasticos

2109 2808 2396 2861 referatur.
2430 2806 2546 2861 Non
2584 2806 2728 2860 enim
2760 2806 2877 2860 leve
2895 2806 3104 2859 crimen
3133 2818 3255 2858 esse
3279 2803 3576 2872 putandum
3603 2809 3688 2855 est

2107 2896 2405 2964 quemlibet
2432 2896 2651 2950 divitem
2677 2895 2746 2948 ad
2772 2892 3128 2949 ecclesiastici
3161 2892 3440 2962 regiminis
3475 2889 3689 2944 culmen

2107 2988 2299 3052 evehi;
2332 3001 2626 3055 pauperem
2676 3001 2805 3040 vero
2859 2985 3186 3040 sanctiorem
3219 2991 3275 3037 et
3322 2982 3623 3036 doctiorem
3653 2995 3685 3034 a

2108 3079 2434 3148 suscipiendi
2486 3078 2706 3133 honoris
2753 3079 3018 3148 dignitate
3048 3075 3258 3146 repelli.
3306 3073 3460 3127 Fecit
3505 3072 3691 3141 itaque

2029 3175 2074 3236 C
2108 3169 2370 3223 mirabilis
2421 3170 2473 3222 in
2523 3170 2742 3224 sanctis
2779 3170 2892 3222 suis
2941 3167 3282 3236 omnipotens
3314 3165 3454 3218 Deus
3503 3160 3690 3234 (Psal.

2107 3277 2170 3314 ιιι
2181 3277 2250 3314 vn
2267 3262 2308 3330 ),
2333 3262 2474 3330 quod
2507 3261 2623 3315 fieri
2647 3261 2845 3315 debere
2866 3273 2964 3328 per
2985 3257 3285 3328 apostolum
3307 3269 3462 3310 suum
3487 3254 3690 3312 docuit.

2106 3352 2322 3420 quando
2363 3351 2560 3420 spretis
2614 3349 2872 3404 divitibus
2924 3361 3179 3417 magnum
3226 3346 3368 3400 hunc
3395 3357 3687 3412 pauperem

2105 3441 2366 3510 squalidis
2422 3440 2668 3494 indutum
2701 3438 2942 3494 vestibus
2979 3437 3047 3490 ad
3089 3434 3450 3504 episcopalem
3501 3432 3688 3487 cathe-

2107 3532 2260 3586 dram
2287 3529 2608 3584 mirabiliter
2632 3528 2966 3584 sublimavit.
2993 3525 3100 3593 Qui
3123 3532 3378 3594 suscepto
3401 3521 3687 3592 pontiﬁca-

2107 3634 2194 3677 tus
2220 3619 2398 3676 ofﬁcio
2422 3636 2528 3676 non
2567 3621 2738 3690 magis
2759 3635 2827 3674 ex
2862 3619 3053 3674 ordine
3086 3615 3472 3673 ecclesiasticzu
3507 3613 3690 3683 digni-

2108 3714 2235 3768 tatis
2256 3714 2503 3769 ascendit
2527 3727 2692 3782 quam
2715 3712 2768 3766 in
2791 3724 2975 3765 arcem
3015 3722 3238 3779 quoque
3290 3718 3517 3763 summa
3567 3718 3694 3758 san-

2105 3806 2316 3861 ctitatis
2329 3805 2590 3859 excrevit.

2176 3896 2425 3952 Nonnulli
2448 3895 2592 3950 enim
2619 3904 2750 3949 cum
2771 3891 3050 3963 regiminis
3071 3904 3257 3946 curam
3273 3885 3598 3956 suscipiunt,
3624 3882 3692 3938 ad

2106 3989 2428 4067 lacerandos
2451 3987 2700 4042 subditos
2735 3985 2985 4054 protinus
3015 3981 3387 4044 inardescunt,
3427 3990 3691 4034 terrorem

2105 4081 2386 4151 potestatis
2397 4079 2677 4142 exhibent,
2691 4086 2748 4133 et
2759 4077 2954 4146 quibus
2967 4076 3224 4146 prodesSe
3237 4073 3556 4136 debuerant,
3575 4083 3693 4124 ma-

2107 4169 2189 4240 gis
2220 4177 2431 4232 nocent,
2450 4175 2507 4222 et
2532 4166 2658 4236 quia
2675 4164 2962 4220 charitatis
2991 4164 3196 4218 viscera
3231 4162 3284 4216 in
3309 4161 3450 4216 lilios
3470 4174 3578 4216 non
3595 4159 3696 4212 ha-

2107 4264 2258 4324 bent,
2286 4259 2492 4315 domini
2523 4257 2695 4314 videri
2723 4266 3001 4328 appetunt,
3029 4265 3212 4325 patres
3234 4270 3294 4310 se
3324 4269 3445 4309 esse
3473 4253 3698 4311 minime

2108 4349 2628 4422 recognoscunt;25
2647 4348 2967 4404 humilitatis
2989 4348 3167 4402 locum
3196 4348 3248 4401 in
3280 4347 3568 4402 elationem
3601 4345 3698 4398 do-

2110 4441 2422 4496 minationis
2446 4441 2732 4495 immutant
2747 4481 2762 4504 ,
2779 4450 2832 4494 et
2848 4438 3334 4507 semetipsosquasi
3366 4436 3584 4505 quidam
3611 4444 3695 4504 ty-

422 4526 708 4591 cellentize,
740 4524 1001 4596 Spiritum
1026 4535 1271 4580 sanctum
1305 4526 1358 4580 in
1394 4525 1482 4580 illa
1513 4525 1682 4597 figura
1709 4524 2003 4594 suscipere,

2112 4534 2266 4588 ranni
2284 4535 2335 4587 in
2351 4532 2880 4603 sttperbiatcornibus
2894 4530 3130 4585 exaltant
3145 4529 3254 4584 ebsi
3267 4527 3484 4596 quando
3495 4526 3699 4579 extrin-

421 4616 476 4671 in
504 4630 608 4686 qua
632 4624 846 4672 constat
874 4632 1037 4685 super
1065 4617 1236 4686 ipsum
1266 4617 1552 4671 Dominmn
1589 4625 1856 4681 nostrum,
1885 4614 1998 4670 Me-

419 4708 688 4764 diatorem
743 4708 996 4764 videlicet
1039 4709 1134 4763 Dei
1182 4717 1237 4763 et
1277 4709 1577 4774 hominum,
1610 4706 2001 4764 descendisse?

420 4798 651 4862 (Matth.
682 4799 802 4870 ιιι.)
847 4800 910 4854 Et
959 4809 1109 4855 certe
1149 4815 1472 4871 quocunque
1518 4801 1678 4854 modo
1739 4799 2001 4868 Spiritum

421 4902 666 4947 sanetum
698 4893 822 4962 quis
847 4893 1098 4962 accipiat,
1129 4893 1309 4962 tnagni
1339 4893 1628 4947 admodum
1658 4890 1834 4946 meriti
1885 4897 1999 4954 est;

420 4983 474 5038 in
493 4982 582 5037 illa
612 4993 794 5038 autem
827 4983 1022 5054 figura,
1051 4984 1104 5038 in
1127 4999 1233 5052 qua
1259 4994 1315 5038 et
1338 4985 1450 5052 ipse
1480 4983 1788 5054 unigenittts
1826 4982 2002 5036 Patris

419 5075 611 5140 Filius,
635 5075 881 5144 accipere
910 5075 1173 5146 Spiritum
1204 5085 1476 5142 sanctum,
1499 5091 1725 5131 summa:
1751 5084 1835 5131 est
1873 5089 2002 5129 san—

419 5167 624 5223 ctitatis
671 5167 950 5224 indicium.
1003 5167 1180 5238 Super
1235 5169 1382 5237 ipsos
1443 5183 1680 5238 namque
1733 5168 2007 5237 apostolos

421 5257 658 5328 Spiritus
682 5269 904 5315 sanctus
931 5261 986 5314 in
1015 5260 1184 5330 igneis
1213 5259 1415 5328 linguis
1443 5260 1721 5329 apparuit(
1744 5261 1859 5313 Act.
1894 5275 1930 5313 ll
1953 5261 2005 5327 );

419 5361 580 5418 super
610 5350 826 5406 beatum
849 5365 978 5406 vero
1003 5351 1262 5406 Severum
1275 5365 1380 5405 non
1397 5350 1601 5420 inignis
1632 5351 2006 5420 itnagine,non

421 5441 475 5494 in
504 5440 805 5511 linguarum
828 5443 1140 5515 diversitate
1164 5460 1178 5508 ;
1200 5445 1315 5508 sed,
1332 5442 1472 5498 sicut
1497 5458 1657 5513 super
1679 5443 2008 5512 baptizatum

422 5531 732 5596 Dominum.
765 5533 819 5586 in
847 5534 1110 5589 columbae
1147 5535 1298 5588 visus
1322 5543 1406 5588 est
1427 5535 1608 5602 specie
1637 5532 1864 5601 (Matth.
1889 5532 2006 5602 in);

421 5627 480 5673 ut
507 5619 747 5688 profecto
769 5623 1076 5678 ostenderet
1100 5625 1225 5694 quia
1253 5627 1394 5680 sicut
1411 5625 1661 5680 columba
1687 5623 1911 5692 simplex
1930 5632 2012 5681 est

422 5710 624 5766 animal
669 5720 833 5784 atque
857 5711 928 5767 ab
952 5715 1313 5772 amaritudine
1365 5717 1502 5772 fellis
1550 5715 1810 5781 alienum,
1841 5717 1912 5770 ita
1951 5725 2013 5770 .et

2101 4638 2274 4694 secus
2289 4621 2655 4684 blandiuntur,
2689 4620 3276 4675 intrinsecussaeviunt.
3307 4615 3588 4685 Dequibus
3602 4628 3700 4683 per

2101 4712 2446 4781 semetipsam
2481 4712 2694 4768 Veritas
2713 4713 2842 4768 dicit
2875 4731 2888 4769 :
2927 4733 2946 4764 ι
2976 4712 3212 4768 Veniunt
3237 4711 3304 4765 ad
3326 4724 3421 4764 vos
3452 4710 3505 4764 in
3533 4709 3697 4763 vesti-

2107 4804 2304 4858 mentis
2335 4803 2537 4869 ovium,
2581 4804 2908 4861 intrinsecus
2947 4812 3125 4858 autem
3163 4811 3288 4856 sunt
3318 4801 3426 4870 lupi
3472 4815 3699 4870 rapaces

2106 4891 2321 4964 (Matth.
2359 4894 2476 4964 vn).
2515 4912 2534 4945 ι
2571 4894 2630 4949 ln
2659 4895 2999 4950 vestimentis
3023 4894 3221 4964 quippe
3243 4893 3424 4947 ovium
3450 4893 3695 4953 veniunt,

2109 4986 2236 5055 quia
2265 4985 2439 5041 vellus
2467 4984 2687 5055 quidem
2715 4985 3035 5040 innocentiae
3068 4985 3120 5038 itt
3152 4985 3439 5054 superficie
3464 4993 3695 5054 praeten‘

2110 5077 2269 5140 dunt,
2299 5076 2394 5130 sed
2416 5075 2526 5145 lupi
2558 5090 2777 5146 rapaces
2808 5083 2969 5138 sunt,
3001 5076 3129 5144 quia
3155 5074 3371 5131 malitia:
3395 5089 3609 5128 morsus
3640 5072 3689 5125 in

2109 5165 2321 5220 occulto
2345 5166 2525 5220 cordis
2561 5174 2850 5227 exacuunt,
2876 5179 2982 5219 non
3013 5166 3353 5220 attendentes
3381 5165 3506 5218 illud
3549 5163 3693 5232 quod

2111 5257 2375 5316 Dominus
2423 5253 2703 5324 discipulis
2753 5255 2866 5308 suis
2899 5253 3029 5308 dicit
3063 5271 3075 5309 :
3109 5274 3127 5304 ι
3169 5255 3324 5318 Ecce,
3369 5253 3562 5322 inquit,
3595 5267 3696 5321 ego

2112 5351 2270 5405 mitto
2313 5366 2412 5406 vos
2451 5351 2592 5404 sicut
2635 5364 2804 5420 agnos
2848 5350 2988 5404 inter
3040 5350 3191 5420 lupos
3240 5347 3390 5417 (Luc.
3428 5350 3504 5418 ι).
3540 5367 3558 5398 ι
3588 5347 3690 5415 Qui

2113 5442 2256 5495 enim
2285 5441 2462 5495 locum
2492 5439 2894 5507 praedicationis
2918 5442 3162 5510 suscipit,
3187 5440 3328 5494 mala
3361 5438 3561 5494 inferre
3589 5456 3696 5496 non

2114 5533 2291 5596 debet,
2325 5532 2415 5586 sed
2463 5530 2714 5598 tolerare,
2770 5543 2828 5585 ut
2868 5547 2931 5586 ex
2982 5533 3092 5603 ipsa
3145 5547 3240 5586 sua
3288 5533 3698 5587 mansuetudine

2115 5623 2254 5678 iram
2289 5624 2626 5679 saevientium
2660 5626 2888 5696 mitiget,
2932 5635 2986 5679 et
3017 5634 3362 5695 peccatorum
3394 5626 3615 5681 vulnera
3653 5631 3711 5682 in

2118 5715 2238 5772 aliis
2265 5718 2382 5787 ipse
2404 5717 2788 5773 afﬂictionibus
2831 5719 3143 5775 vulneratus
3171 5731 3346 5774 sanet.
3381 5721 3548 5785 Quem
3609 5730 3714 5777 etsi
