4184 6466
521 297 618 352 551

1158 303 1217 359 s.
1253 304 1454 361 curm
1496 284 1779 363 usuum
1818 305 1970 363 ore.
1997 305 2089 361 PA

2205 306 2335 363 SEU
2369 306 2689 364 TONIUSII.
2731 339 2798 348 —
2839 305 3235 363 SERMONES.

3685 306 3798 361 552

522 415 738 479 quando
779 414 927 470 zelus
956 417 1297 474 rectitudinis
1335 420 1505 491 exigit
1549 430 1609 476 ut
1656 437 1785 492 erga
1834 422 2107 489 subjectos
2132 427 2181 486 Α
2209 420 2410 491 apertis
2441 419 2663 475 vocibus
2682 419 2919 475 clamant
2950 427 3208 489 quantum
3232 431 3468 488 priorem
3493 416 3657 471 vitam
3684 432 3797 473 me-

521 504 725 565 smviat.
759 504 910 558 furor
934 506 1046 577 ipse
1076 507 1142 561 de
1172 523 1357 565 amore
1387 511 1491 574 sit,
1531 527 1634 579 non
1660 512 1726 565 de
1760 513 2100 581 crudelitate,

519 604 788 659 quatenus
809 593 998 665 etjura
1024 596 1321 666 disciplinae
1334 600 1608 665 exhibeat,
1632 611 1685 656 et
1712 602 1857 658 intus
1877 613 2101 673 paterna

521 692 720 751 pietate
770 684 959 756 diligat
1008 702 1147 756 quos
1194 687 1329 744 foris
1372 692 1524 759 quasi
1590 693 1937 762 insequendo,
1973 695 2100 767 [saa-

525 772 739 844 vicndo]
767 776 1019 846 castigat.
1049 776 1173 832 Mali
1194 787 1375 833 autem
1405 790 1648 850 pastores
1670 798 1776 837 non
1808 785 1949 839 sicut
1975 786 2100 857 agni

521 861 662 916 inter
690 862 843 932 lupos
863 906 878 930 ,
926 866 1020 922 sed
1060 869 1241 938 potius
1266 870 1410 925 sicut
1448 871 1555 941 lupi
1589 873 1730 929 inter
1752 890 1928 945 agnos
1953 886 2096 943 sunt,

518 953 667 1017 quia,
700 954 825 1008 dum
852 970 882 1008 a
922 957 1153 1012 subditis
1196 958 1298 1013 sibi
1350 960 1554 1015 nullum
1599 962 1920 1035 plerumque
1962 982 2101 1022 mor-

516 1057 634 1097 sum
670 1044 904 1136 Iresionis
925 1048 1239 1119 excipiunt,
1266 1051 1367 1121 ipsi
1392 1053 1446 1108 in
1474 1068 1569 1112 eos
1599 1058 1802 1126 rapina:
1831 1074 1943 1115 suae
1962 1059 2097 1116 den-

519 1143 597 1186 tes
627 1135 920 1191 crudeliter
943 1138 1133 1209 figunt.

584 1226 833 1283 Nonnulli
858 1245 984 1285 vero
1003 1240 1291 1303 antequam
1320 1233 1481 1292 officii
1512 1240 1858 1295 sacerdotalis
1885 1241 2096 1297 culmen

512 1319 799 1389 attingant,
832 1323 993 1379 mites
1015 1339 1074 1379 se
1103 1332 1157 1380 et
1184 1326 1417 1384 humiles
1446 1329 1499 1383 in
1534 1332 1786 1386 omnibus
1811 1332 2094 1401 exhibent,

512 1425 832 1467 excrescere
880 1413 933 1467 in
991 1415 1283 1472 virtutibus
1336 1419 1594 1484 student.
1645 1422 1801 1478 bonis
1856 1425 2096 1482 moribus

520 1498 741 1568 pollent,
775 1510 830 1556 et
876 1503 928 1556 in
963 1505 1107 1558 omni
1149 1521 1209 1561 se
1256 1507 1539 1565 honestate
1580 1521 1780 1568 sancta:
1810 1529 2097 1570 conversa-

519 1586 685 1640 tionis
707 1599 983 1655 exercent,
1018 1592 1155 1646 mala
1182 1594 1309 1649 nulli
1339 1596 1630 1668 aliquando
1656 1601 1915 1669 inferunt,
1945 1604 2093 1661 illata

2206 513 2308 568 rita
2341 513 2643 583 posteriora
2679 512 3082 568 transcendant.

2275 603 2411 658 Nam
2443 618 2606 673 quam
2638 603 2958 673 praeclarum
2979 644 2994 668 ,
3026 602 3365 659 dilectissimi
3408 601 3611 657 fratres
3660 599 3791 669 mei,

2203 709 2366 764 quam
2407 694 2733 765 stupendum
2761 693 2865 749 fuit
2892 694 3021 749 illud
3050 694 3261 766 insigne
3304 693 3657 761 miraculum,
3685 707 3796 763 quo

2204 786 2459 841 videlicet
2481 786 2624 840 inter
2646 786 2761 857 ipsa
2792 786 3081 841 missarum
3110 785 3371 840 solemnia
3398 784 3579 841 subito
3616 784 3669 839 in
3699 799 3796 839 ex-

2204 875 2361 930 tasim
2398 882 2604 944 raptus,
2648 890 2746 945 per
2785 874 3033 944 spiritum
3068 874 3373 930 Mutinense
3411 875 3665 945 oppidum
3693 887 3793 943 pe-

2200 963 2311 1028 tiit,
2341 962 2579 1017 defuncti
2616 963 2799 1018 fratris
2823 972 2879 1018 et
2907 963 3210 1034 coepiscOpi
3240 962 3349 1018 Deo
3378 964 3613 1017 animam
3637 976 3792 1017 com-

2200 1053 2499 1120 mendavit,
2533 1068 2732 1123 corpus
2764 1053 2817 1108 in
2848 1054 3099 1123 sepulcro
3124 1054 3324 1124 posuit,
3356 1062 3412 1107 et
3437 1066 3600 1108 omne
3630 1052 3791 1107 fune-

2198 1142 2379 1197 brium
2401 1142 2784 1212 exsequiarum
2811 1140 3047 1197 otiicium
3076 1142 3430 1211 perordiuem
3454 1140 3787 1196 celebravit!

2196 1232 2243 1289 0
2271 1250 2436 1304 quam
2466 1249 2664 1288 novum
2694 1233 3061 1303 spectaculum
3091 1242 3404 1304 quantaque
3433 1232 3793 1286 admiratione

2196 1325 2600 1397 dignissimum,
2629 1327 2675 1380 si
2714 1333 2886 1380 totum
2920 1325 3050 1381 illud
3093 1325 3255 1381 simul
3302 1323 3550 1378 mortalis
3596 1338 3791 1392 capere

2194 1418 2464 1489 potuisset
2488 1417 2746 1472 intuitus!
2774 1419 2978 1472 Aderat
3005 1418 3271 1487 siquidem
3298 1416 3639 1486 congregatis
3661 1415 3792 1471 iide-

2196 1511 2340 1566 lihus
2376 1513 2597 1575 absens,
2624 1510 2816 1565 aberat
2857 1526 2987 1565 vero
3030 1526 3289 1580 praesens.
3340 1509 3605 1563 Nimirum
3641 1524 3671 1562 a
3700 1522 3788 1563 se-

2193 1600 2428 1670 metipso
2471 1602 2636 1656 etiam
2683 1600 2844 1671 longe
2886 1599 3117 1671 positus,
3162 1599 3253 1655 hic
3308 1598 3618 1652 viventibus
3665 1596 3788 1652 filiis

510 1689 643 1731 vero
670 1678 937 1747 patienter
962 1681 1163 1748 ferunt,
1195 1699 1416 1741 carnem
1444 1703 1595 1743 suam
1636 1690 1850 1747 assidue
1870 1692 2093 1762 jejuniis
2196 1690 2503 1745 commissa:
2550 1689 2840 1760 pastoralis
2886 1704 3033 1744 cura:
3082 1687 3342 1744 reddebat
3372 1685 3634 1749 debitum,
3676 1684 3788 1738 illic

510 1776 563 1821 et
597 1770 929 1827 orationibus
968 1773 1242 1840 edomant,
1286 1785 1343 1831 et
1384 1788 1607 1835 cunctos
1639 1780 1690 1834 in
1729 1796 1789 1838 se
1836 1783 2092 1839 vitiorum
2124 1786 2168 1845 Β
2198 1779 2453 1834 defuncto
2478 1778 2631 1834 fratri
2656 1780 2757 1850 piae
2781 1778 3133 1835 humanitatis
3162 1776 3505 1846 impendebat
3524 1774 3783 1829 ofﬁcium.

512 1868 693 1915 motus
715 1876 942 1917 censura
978 1864 1163 1934 rigida:
1204 1869 1513 1925 severitatis
1553 1870 1791 1925 frenant.
1824 1872 1930 1927 Sed
1971 1891 2095 1930 cum
2201 1869 2306 1925 Sed
2348 1880 2403 1926 et
2445 1886 2607 1941 quam
2655 1869 2793 1935 leve,
2840 1884 3003 1940 quam
3048 1868 3207 1923 velox
3252 1866 3561 1921 vehiculum
3601 1875 3789 1920 noster

516 1953 805 2021 pastoralis
824 1956 1085 2010 custodia:
1105 1958 1229 2026 jura
1254 1960 1575 2029 suscipiunt,
1614 1964 1872 2033 quidquid
1897 1967 2102 2021 sancti-

508 2041 636 2095 tatis
662 2042 983 2111 habuerant,
1011 2053 1070 2099 ut
1090 2046 1189 2111 ita,
1217 2049 1354 2117 proh
1381 2049 1571 2105 dolor!
1614 2052 1812 2118 dicam,
1844 2070 2098 2110 concam-

406 2198 409 2199 ν
507 2132 600 2187 hio
633 2135 845 2191 miserae
870 2140 1284 2205 permutationis
1318 2142 1597 2207 amittunt,
1641 2159 1801 2199 omne
1828 2148 1970 2215 quod
2012 2149 2098 2217 pie

506 2224 754 2278 vixerant
781 2227 1208 2296 obliviscuntur,
1237 2239 1292 2284 et
1314 2231 1717 2287 decurrentium
1748 2251 1899 2291 more
1922 2235 2098 2291 ﬂumi-

508 2328 660 2377 num,
700 2314 767 2368 ad
799 2315 906 2369 ima
940 2316 1144 2387 absque
1190 2318 1299 2374 ullo
1343 2322 1662 2376 retentionis
1690 2324 1974 2379 obstaculo
2002 2325 2098 2381 de-

506 2408 817 2477 volvuntur,
846 2422 900 2467 et
924 2413 1069 2468 velut
1104 2414 1229 2469 mali
1259 2416 1510 2487 remiges,
1539 2431 1661 2472 cum
1689 2420 1756 2474 ad
1786 2420 1894 2476 alta
1920 2421 2091 2494 pelagi

507 2510 671 2556 vcnto
711 2502 1020 2574 impellente
1050 2506 1365 2571 deveniunt,
1418 2508 1634 2577 quando
1662 2510 1871 2566 scilicet
1900 2512 2093 2583 majori

505 2593 793 2648 conamine
818 2609 953 2664 opus
973 2605 1081 2660 est,
1106 2596 1159 2649 in
1184 2611 1435 2652 somnum
1482 2613 1542 2653 se
1586 2600 1865 2654 mortifera
1892 2603 2094 2658 securi-

504 2692 617 2737 tate
646 2684 952 2752 resolvunt;
997 2686 1080 2741 vel
1127 2688 1307 2757 potius
1352 2704 1478 2744 cum
1530 2690 1895 2761 gubernanda:
1938 2692 2091 2748 navis

505 2774 720 2828 clavum
763 2776 1089 2845 suscipiunt,
1120 2778 1210 2847 qui
1242 2778 1393 2848 prius
1436 2793 1559 2835 cum
1608 2782 1820 2837 caeteris
1870 2791 2093 2839 strenue

506 2862 914 2931 navigaverant,
940 2865 1053 2934 jam
1100 2866 1159 2919 in
1202 2867 1514 2937 magisterio
1541 2869 1699 2938 positi
1734 2871 1788 2924 in
1817 2871 2092 2942 negligen-

508 2953 597 3006 tirc
625 2968 685 3008 se
714 2962 930 3023 torpore
955 2957 1244 3026 dejiciunt,
1278 2966 1335 3012 et
1359 2974 1466 3013 non
1497 2960 1670 3014 solum
1698 2961 1835 3017 alios
1859 2977 1966 3017 non
1997 2978 2091 3017 cu-

505 3042 769 3106 stodiunt,
802 3045 895 3097 sed
931 3045 1251 3114 semetipsos
1296 3045 1460 3100 etiam
1507 3046 1795 3102 infeliciter
1835 3050 2087 3118 perdunt.

2197 1962 2480 2031 episcopus
2512 1962 2724 2026 habuit,
2757 1962 2874 2032 qui,
2905 1976 3013 2017 non
3045 1960 3222 2015 dicam
3253 1966 3473 2027 puncto,
3519 1971 3625 2011 non
3664 1971 3783 2012 mo-

2198 2062 2401 2115 mento,
2445 2052 2539 2106 sed
2578 2050 2633 2105 in
2668 2050 2973 2106 brevissimi
3016 2047 3277 2118 temporis
3317 2047 3426 2101 ictu
3466 2055 3580 2100 tam
3628 2045 3785 2117 longa

2198 2151 2463 2196 terrarum
2487 2142 2661 2212 spatia
2690 2141 3075 2196 transmeavit?
3104 2139 3284 2194 Nescit
3311 2152 3443 2192 sane
3466 2151 3661 2192 currus
3688 2137 3779 2191 ille

2196 2230 2407 2285 viarum
2436 2231 2823 2301 asperitatibus
2854 2230 3105 2300 reprimi,
3171 2229 3383 2300 ignorat
3427 2226 3781 2296 oppositionis

2196 2322 2501 2378 sufflamine
2538 2321 2824 2377 retardari.
2854 2320 3241 2376 Verumtamen
3288 2321 3392 2375 hoc
3428 2329 3536 2374 tam
3581 2317 3784 2389 grande

2135 2420 2141 2427 ’
2195 2413 2541 2477 miraculum,
2566 2427 2675 2484 quo
2696 2412 2767 2467 ab
2781 2411 2962 2482 aliquo
2986 2421 3298 2467 sanctorum
3319 2419 3594 2466 ostensum
3615 2408 3785 2462 fuisse

2195 2505 2371 2561 rarius
2413 2505 2656 2572 auditur,
2701 2520 2767 2560 eo
2810 2507 2879 2560 ab
2919 2504 3024 2569 his,
3065 2505 3158 2574 qui
3198 2519 3302 2558 non
3328 2503 3557 2557 credunt
3601 2500 3781 2556 omnia

2191 2595 2468 2665 possibilia
2490 2611 2610 2651 esse
2633 2594 2899 2661 credenti,
2925 2594 3157 2651 fortasse
3186 2592 3461 2650 diﬂlcilius
3482 2592 3742 2648 creditur.

2263 2686 2404 2753 Quid
2438 2687 2581 2742 enim
2610 2687 2807 2750 rarius,
2833 2686 2963 2755 quid
2994 2684 3351 2739 admiratione
3374 2683 3591 2753 dignius
3617 2697 3779 2751 quam

2190 2794 2386 2849 purum
2426 2777 2675 2846 spiritum
2702 2790 2901 2847 corpus
2926 2774 3288 2846 corporaliter
3315 2772 3583 2843 sepelire?
3604 2772 3688 2836 Et,
3720 2780 3782 2825 ut

2193 2868 2265 2922 ita
2285 2869 2536 2931 dixerim.
2553 2869 2791 2922 animam
2819 2866 3104 2921 visibiliter
3118 2867 3354 2920 animam
3378 2863 3782 2920 commendare?

2193 2955 2301 3012 Sed
2328 2958 2395 3012 ad
2424 2957 2528 3012 hoc
2553 2956 2882 3013 credendum
2908 2956 3016 3012 cito
3044 2957 3283 3011 animum
3309 2956 3580 3011 flectimus
3602 2995 3617 3020 ,
3648 2956 3693 3009 si
3723 2962 3781 3008 ct

2193 3048 2300 3104 alia
2327 3050 2522 3105 divinae
2546 3049 2766 3105 virtutis
2790 3064 2957 3118 opera
2979 3049 3220 3103 studiose
3251 3061 3561 3118 pensamus.
3586 3045 3775 3115 Liquet

580 3132 687 3186 Sed
728 3132 857 3202 quid
907 3134 1008 3189 ista
1044 3135 1113 3190 de
1156 3135 1402 3205 reprobis
1441 3136 1751 3206 pastoribus
1795 3138 2085 3208 loquimur,
2116 3129 2162 3190 C
2193 3143 2438 3214 profecto
2461 3143 2586 3213 quia
2628 3142 2927 3198 mobilioris
2969 3150 3178 3197 natura:
3212 3149 3298 3195 est
3322 3140 3570 3211 spiritus,
3614 3153 3775 3207 quam

504 3240 630 3280 cum
655 3235 711 3281 et
736 3227 837 3296 ipsi
865 3244 1091 3283 summa
1109 3229 1416 3285 sanctitatis
1441 3229 1541 3284 viri
1565 3239 1810 3301 suscepto
1833 3245 1977 3285 cura:
1998 3248 2090 3303 pa-

506 3319 725 3376 storalis
748 3320 944 3387 officio,
975 3330 1029 3377 et
1057 3322 1100 3377 si
1127 3322 1194 3378 ad
1231 3322 1390 3386 mala,
1423 3323 1566 3392 quod
1593 3323 1753 3388 absit,
1784 3323 2090 3381 nullatenus

502 3421 793 3482 proruunt,
819 3431 960 3485 saepe
994 3424 1171 3471 tamen
1204 3432 1270 3471 ex
1301 3417 1412 3487 ipsa
1442 3416 1568 3471 boni
1614 3416 1969 3487 perfectione.
1996 3432 2093 3471 ne-

507 3504 760 3559 cessitate
788 3515 1014 3576 cogente
1051 3505 1440 3576 aliquantnlum
1469 3507 1823 3562 minuuntur?
1851 3505 1985 3561 Hinc
2006 3515 2090 3561 est

506 3598 650 3664 quod
680 3595 741 3649 B.
778 3611 915 3667 papa
965 3595 1126 3667 Greg.
1173 3597 1225 3650 in
1274 3596 1471 3667 prioris
1508 3597 1631 3652 vitae
1679 3596 2088 3652 conversatione

506 3685 742 3740 visibilia
766 3701 993 3757 qumque
1021 3701 1080 3741 se
1107 3687 1505 3742 transcendisse
1532 3687 1813 3756 gloriatur,
1852 3696 2089 3757 postmo-

508 3773 636 3827 dum
669 3789 798 3829 vero
827 3775 974 3829 curis
1000 3774 1361 3833 exterioribus
1401 3775 1665 3846 implicari
1710 3776 1795 3844 pia
1829 3775 2090 3829 lamenta-

508 3864 655 3918 tioue
679 3866 1028 3934 conqueritur
1048 3865 1239 3937 (Gasc.
1264 3867 1317 3920 in
1340 3867 1490 3937 praef.
1522 3866 1612 3921 lib.
1640 3884 1653 3921 ι
1677 3864 1933 3937 Dialog.).
1953 3866 2090 3920 Hinc

507 3964 591 4008 est
621 3957 785 4010 etiam
816 3957 958 4025 quod
1001 3958 1067 4011 de
1109 3957 1169 4010 Β.
1204 3956 1437 4012 Martino
1484 3956 1786 4011 Turonensi
1834 3956 2089 4033 episcopo

508 4045 726 4114 legitur,
756 4048 882 4116 quia
906 4047 1078 4116 major
1102 4048 1151 4101 ei
1170 4048 1343 4102 virtus
1372 4057 1498 4102 ante
1521 4048 1886 4117 episcopatum
1914 4046 2090 4100 fuerat

510 4150 672 4201 quam
690 4145 811 4203 post
825 4135 1193 4204 cpisc0patum
1215 4136 1436 4204 (Seven.
1462 4136 1705 4199 Suum,
1730 4135 1850 4189 Vita
1873 4133 1930 4188 S.
1950 4135 2089 4188 Mar-

510 4226 632 4289 tim’,
655 4224 746 4280 lib.
781 4242 842 4289 ll,
870 4241 988 4295 cap.
1017 4227 1089 4297 5).
1122 4228 1440 4295 Quanquam
1465 4227 1651 4296 procul
1679 4227 1842 4281 dubio
1864 4228 2094 4281 creden-

505 4316 633 4370 dum
688 4318 757 4372 sit
804 4318 928 4386 quia
975 4319 1180 4373 sanctis
1225 4317 1667 4389 praedicatoribus
1706 4319 1963 4388 quidquid
1991 4335 2089 4389 pro

507 4409 740 4463 aliorum
764 4409 1009 4464 custodia
1041 4411 1105 4464 de
1124 4411 1339 4480 propria
1373 4410 1703 4480 perfectione
1733 4411 2086 4478 subtrahitur,

2191 3248 2410 3302 corpus,
2461 3244 2516 3288 et
2562 3242 2735 3299 certe,
2781 3232 3063 3301 Scriptura
3104 3240 3260 3295 teste,
3302 3230 3574 3294 novimus,
3633 3228 3777 3297 quod

2190 3325 2451 3394 propheta
2484 3323 2734 3380 Habacuc
2768 3339 2834 3378 ex
2860 3322 3042 3378 Judtea
3075 3322 3411 3385 sublevatus,
3440 3328 3663 3390 repente
3691 3329 3778 3372 est

2192 3411 2247 3465 in
2276 3412 2577 3468 Chald'eam
2609 3428 2730 3467 cum
2759 3412 2988 3482 prandio
3018 3411 3350 3482 deportatus.
3384 3410 3503 3477 Quo
3532 3408 3778 3463 videlicet

2191 3502 2419 3572 prandio
2450 3502 2720 3557 Danielem
2760 3503 3076 3573 prophetam
3109 3501 3319 3567 refecit,
3343 3515 3569 3571 seseque
3596 3500 3650 3554 in
3676 3498 3775 3554 Ju-

2190 3595 2304 3649 daea
2338 3596 2534 3650 iterum
2582 3595 2789 3650 invenit
2836 3594 2999 3663 (Dan.
3028 3593 3162 3657 xlv).
3196 3593 3253 3649 Si
3286 3593 3448 3664 igitur
3480 3601 3586 3646 tam
3619 3590 3776 3661 longe

2191 3683 2445 3741 Habacuc
2490 3686 2669 3755 potuit
2711 3686 2812 3740 sub
2858 3692 3132 3740 momento
3188 3683 3545 3754 corporaliter
3595 3682 3676 3736 ire
3719 3690 3777 3737 et

2192 3774 2477 3846 prandium
2522 3774 2753 3839 deferre,
2790 3773 2921 3845 quid
2966 3773 3163 3828 mirum
3212 3773 3257 3828 si
3302 3772 3493 3826 beatus
3539 3771 3775 3825 Severus

2192 3868 2444 3930 obtinuit,
2473 3876 2740 3937 quatenus
2765 3881 2863 3937 per
2881 3867 3129 3936 spiritum
3150 3866 3276 3931 iret,
3307 3873 3363 3920 et
3388 3866 3641 3920 defuncto
3668 3863 3775 3916 ira-

2192 3960 2261 4015 tri
2289 3958 2496 4014 funeris
2524 3957 2757 4014 oﬂlcium
2792 3958 3109 4013 exhiberet?
3142 3956 3212 4012 Ut
3240 3958 3382 4011 sicut
3403 3956 3490 4010 ille
3528 3956 3596 4010 ad
3625 3953 3774 4009 defe—

2190 4053 2417 4109 rendum
2467 4053 2744 4122 propheta:
2786 4051 2966 4107 cibum
2996 4051 3242 4121 corporis
3267 4049 3626 4120 corporaliter
3650 4064 3772 4117 per-

2193 4144 2356 4207 rexit,
2390 4144 2464 4197 ita
2499 4143 2602 4198 iste
2657 4143 2723 4197 ad
2770 4141 3256 4197 commendandum
3314 4140 3425 4195 Deo
3470 4138 3771 4195 beatissimi

2191 4236 2429 4291 hominis
2460 4234 2706 4303 spiritum
2742 4232 3064 4303 spiritaliter
3088 4241 3359 4302 pergeret.

2262 4329 2382 4385 Jam
2431 4343 2560 4382 vero
2590 4328 2719 4382 illud
2766 4336 2986 4398 quanta:
3032 4326 3249 4381 virtutis
3298 4324 3419 4389 fuit,
3450 4331 3773 4393 quantaeque

2194 4404 2472 4492 potentiae,
2521 4419 2663 4489 quod
2707 4418 2784 4473 illi
2827 4418 3013 4472 aridus
3059 4417 3198 4471 cinis
3224 4415 3352 4470 olim
3389 4415 3501 4485 jam
3533 4414 3769 4469 defuncti

502 4501 673 4557 multo
701 4501 933 4572 largius,
966 4504 1242 4570 multoque
1272 4502 1381 4573 26
1408 4501 1626 4557 uberius
1664 4502 1717 4557 in
1745 4502 2088 4572 acquirendis
2121 4472 2167 4532 ί)
2193 4472 2473 4570 ἑθάθνοτῑέ
2514 4472 2717 4582 iam“,
2745 4520 2800 4565 et
2828 4511 2896 4564 ad
2933 4509 3083 4564 vocis
3119 4507 3238 4576 ejus
3267 4472 3551 4577 ίιηρέτίυηι
3581 4508 3769 4560 enni-

500 4594 839 4650 subditorum
872 4593 1036 4649 lucris
1064 4603 1309 4665 augetur.

573 4686 898 4757 Perpendite
932 4702 1090 4757 ergo,
1140 4686 1334 4742 fratres
1363 4686 1688 4749 charissimi,
1727 4702 1886 4756 quam
1919 4689 2080 4742 mira-

501 4778 624 4832 ltilis
648 4780 733 4832 vir
761 4778 927 4833 fuerit
950 4780 1139 4835 beatus
1168 4778 1403 4835 Severus
1427 4820 1440 4842 .
1470 4780 1555 4834 cui
1586 4780 1888 4834 sanctitatis
1918 4780 2080 4833 meri-

504 4879 615 4922 tum
646 4871 879 4939 suscepti
906 4886 1033 4926 cura
1067 4871 1347 4941 regiminis
1381 4870 1590 4924 addidit
1640 4871 1782 4939 quod
1822 4870 1942 4924 aliis
1988 4885 2079 4923 ex-

499 4963 902 5017 cellentissimis
940 4965 1101 5019 etiam
1150 4965 1281 5018 viris
1326 4965 1570 5019 minuere
1611 4964 1911 5018 consuevit.
1942 4963 2073 5017 Nam

499 5054 643 5124 quod
673 5054 792 5107 aliis
819 5070 959 5123 saepe
982 5053 1349 5109 descensionis
1372 5062 1459 5109 est
1485 5068 1670 5115 causa,
1708 5053 1812 5106 hoc
1842 5052 1915 5105 illi
1953 5069 2077 5122 pro-

499 5145 766 5198 vertionis
800 5145 1059 5209 probatur
1088 5145 1361 5199 exstitisse
1391 5144 1652 5207 materia;
1702 5152 1758 5197 et
1803 5144 1927 5196 inde
1971 5144 2070 5196 sibi

498 5235 846 5304 perfectionis
873 5235 1083 5289 culmen
1110 5244 1194 5290 est
1221 5244 1462 5298 auctum,
1494 5235 1635 5289 unde
1656 5245 1710 5287 et
1737 5233 2071 5303 perfectissi-

404 5317 419 5333 “
466 5325 604 5379 "mis
650 5326 789 5380 viris
844 5326 1157 5395 plerumque
1212 5341 1316 5378 non
1364 5324 1657 5392 ambigitur
1707 5324 2068 5377 imminutum.

499 5416 637 5469 Ecce
666 5416 809 5470 enim
844 5426 967 5470 ante
994 5416 1296 5470 commissae
1327 5416 1656 5484 praelationis
1702 5415 1935 5469 oilicium
1969 5415 2077 5467 vir-

497 5512 669 5557 tutum
700 5507 914 5574 quidem
947 5507 1109 5561 vitam
1140 5507 1358 5561 duxisse
1406 5506 1774 5576 cognoscitur,
1814 5506 2074 5560 virtutum

496 5602 680 5647 tamen
713 5595 862 5663 signa
896 5612 1237 5666 nequaquam
1264 5596 1457 5652 fecisse
1483 5596 1820 5665 perhibetur,
1850 5606 1971 5666 post
1992 5613 2077 5649 or-

496 5684 828 5740 diuationem
862 5703 989 5740 vero
1012 5687 1151 5741 facta
1186 5704 1278 5758 per
1307 5690 1455 5743 illum
1494 5687 1876 5743 miraculorum
1918 5689 2070 5757 signa

2192 4612 2337 4658 mata
2368 4602 2555 4657 uxoris
2583 4616 2735 4666 caro,
2779 4609 2838 4653 ut
2864 4599 3039 4654 locum
3084 4598 3207 4653 ﬁlia:
3250 4599 3483 4661 cederet,
3521 4597 3573 4651 in
3605 4613 3774 4666 angu-

2189 4710 2331 4755 stum
2370 4712 2429 4753 se
2466 4696 2755 4767 sepultura:
2807 4694 3063 4763 angulum
3113 4693 3442 4749 coarctavit?
3470 4692 3577 4761 27
3618 4689 3771 4743 Justo

2188 4790 2385 4859 quippe
2433 4787 2529 4841 Dei
2564 4787 2788 4856 judicio,
2828 4785 3042 4851 mulier,
3084 4800 3203 4855 qua:
3240 4784 3365 4841 olim
3407 4783 3553 4837 illum
3582 4782 3634 4835 in
3666 4782 3770 4835 hac

2188 4881 2293 4934 vita
2343 4878 2722 4934 subsannando
2770 4878 3110 4946 despexerat,
3141 4875 3275 4944 jam,
3306 4884 3511 4930 mutata
3550 4882 3769 4928 senten-

2186 4972 2278 5036 tia,
2309 4970 2427 5037 ejus
2467 4978 2733 5039 praacepta
2784 4968 3063 5023 humiliter
3105 4968 3446 5023 observabat.
3497 4965 3765 5019 Nimirum

2181 5076 2341 5130 quem
2373 5068 2593 5114 nentem
2627 5059 2862 5114 stamina
2895 5059 2948 5113 in
2979 5057 3167 5112 humili
3192 5056 3491 5126 ergasterio
3531 5069 3766 5124 pauper-

2180 5151 2361 5204 culum
2391 5157 2635 5211 noverat,
2662 5146 2775 5215 jam
2801 5156 2930 5201 tunc
2956 5147 3007 5201 in
3032 5145 3151 5201 aula
3175 5145 3393 5214 superni
3420 5144 3582 5214 Regis
3599 5157 3762 5212 quam

2180 5226 2409 5301 magnus
2442 5248 2661 5291 senator
2697 5244 2865 5299 esset,
2909 5237 3015 5300 bis,
3059 5235 3152 5304 qui
3194 5233 3305 5289 falli
3333 5246 3442 5287 non
3490 5239 3760 5301 poterant,

2179 5327 2351 5381 oculis
2381 5327 2711 5381 attendebat.
2746 5326 2852 5381 Sed
2882 5335 2938 5381 et
2966 5328 3068 5381 hoc
3110 5322 3425 5380 incredibile
3455 5324 3577 5393 quis
3604 5322 3763 5375 forsi-

2182 5425 2269 5470 tan
2294 5416 2519 5485 jndicat,
2548 5418 2797 5484 quamvis
2831 5416 3217 5480 venerabilem,
3262 5424 3317 5469 et
3359 5414 3760 5470 sanctissimum

2179 5510 2378 5570 virum,
2400 5507 2576 5561 adhuc
2599 5516 2777 5562 tamen
2802 5507 2854 5561 in
2886 5507 2986 5561 hac
3009 5506 3349 5576 corruptibili
3376 5518 3539 5561 carne
3556 5503 3759 5571 degen-

2179 5608 2308 5663 tem,
2360 5598 2726 5653 iusensibilem
2778 5598 3015 5667 potuisse
3059 5596 3333 5666 pulverem
3386 5594 3499 5647 suis
3550 5593 3759 5658 legibus

2180 5688 2428 5749 subdere,
2461 5687 2615 5754 cujus
2641 5687 2875 5741 animam
2904 5694 3118 5739 constat
3137 5684 3202 5739 ad
3221 5683 3467 5750 illudjam
3491 5683 3759 5736 invisibile
