4184 6524
392 401 500 458 555

1822 407 2054 467 SERMO
2103 409 2194 467 VI.

3564 418 3667 473 ὄπι

385 505 654 578 judicium
706 507 1160 580 transmigrasse?
1210 507 1322 566 Hoc
1379 519 1558 566 tamen
1608 513 1770 569 etiam
1826 514 1985 571 facile
2013 523 2060 580 Α
2089 519 2157 575 de
2188 518 2431 576 fontibus
2459 519 2756 579 Salvatoris
2802 522 2938 594 (Isa.
2977 523 3097 596 xu).
3129 525 3277 581 Illam
3306 527 3579 596 videlicet,
3604 531 3672 587 de

393 600 657 664 creditur,
681 599 726 655 si
755 599 950 656 collata
974 601 1285 658 hominibus
1311 601 1490 658 divina
1518 605 1689 674 gratia
1717 607 1986 662 subtiliter

397 692 706 762 iudagetur.
737 689 991 762 Nunquid
1011 694 1156 747 enim
1189 693 1384 748 Petrus
1414 694 1468 747 in
1498 695 1599 750 ista
1622 696 1800 752 adhuc
1821 714 1986 753 carne

395 799 505 838 non
533 792 671 846 erat,
703 783 791 851 qui
818 798 887 838 ex
908 797 1004 838 ore
1034 783 1292 840 Veritatis
1314 785 1568 840 audiebat
1599 804 1612 840 :
1647 805 1668 838 ι
1697 786 1988 854 Quodcun-

399 886 504 942 que
533 872 787 942 ligaveris
809 887 973 942 super
995 880 1196 928 terram
1226 875 1332 929 erit
1364 873 1587 946 ligatum
1619 887 1675 931 et
1703 877 1758 932 in
1785 878 1940 934 caelis
1967 896 1980 932 :

395 973 453 1016 et
481 963 841 1033 quodcunque
868 963 1100 1019 solveris
1128 980 1292 1036 super
1311 975 1510 1022 terram
1534 970 1641 1023 erit
1664 968 1900 1024 solutum
1934 979 1990 1025 et

396 1054 453 1108 in
482 1053 676 1110 cmlis?
705 1074 724 1106 ι
751 1054 968 1127 (Matth.
987 1058 1124 1128 xw.)
1147 1057 1310 1126 Cujus
1333 1075 1478 1115 nunc
1501 1060 1671 1117 vicem
1696 1063 1748 1116 in
1771 1062 1988 1134 ligando

399 1156 458 1202 et
482 1147 745 1203 solvendo
767 1150 1048 1218 possident
1074 1151 1384 1224 quicunque
1414 1154 1591 1210 locum
1629 1158 1803 1210 sancti
1847 1157 1990 1227 regi-

398 1237 564 1292 minis
605 1237 710 1292 fide
751 1246 808 1294 et
846 1240 1092 1296 moribus
1143 1250 1348 1298 tenent.
1389 1241 1498 1298 Sed
1526 1251 1586 1298 ut
1633 1251 1783 1298 tanta
1811 1245 1990 1300 valeat

399 1329 564 1385 homo
604 1331 672 1386 de
715 1339 880 1394 terra,
935 1333 1145 1388 cmli‘et
1175 1343 1335 1390 terra:
1383 1333 1644 1391 Conditor
1689 1336 1742 1391 in
1788 1346 1988 1393 terram

401 1421 550 1475 venit
573 1436 605 1476 e
627 1422 796 1488 emlo;
829 1431 992 1493 atque
1029 1434 1090 1480 ut
1126 1423 1379 1493 judicare
1409 1442 1538 1482 caro
1573 1442 1680 1482 non
1711 1428 1882 1484 solum
1925 1429 1992 1485 de

400 1530 594 1580 carne,
623 1517 716 1571 sed
747 1517 912 1572 etiam
967 1519 1035 1574 de
1065 1520 1348 1590 spiritibus
1371 1522 1564 1590 possit,
1604 1523 1706 1579 hoc
1728 1525 1776 1580 ei
1808 1524 1989 1592 largiri

399 1607 653 1678 dignatus
681 1617 765 1664 est
792 1609 969 1666 factus
1009 1627 1109 1681 pro
1148 1613 1456 1668 hominibus
1492 1615 1634 1670 Deus
1673 1630 1822 1669 caro.
1855 1615 1991 1682 Quia

402 1696 528 1751 inde
551 1700 794 1754 surrexit
818 1700 957 1755 ultra
991 1717 1048 1757 se
1073 1703 1362 1760 infirmitas
1385 1714 1600 1770 nostra,
1636 1708 1778 1764 unde
1806 1709 1907 1764 sub
1935 1724 1996 1765 se

399 1788 672 1845 infirmata
695 1801 780 1846 est
801 1793 1026 1850 tirmitas
1053 1794 1167 1850 Dei.

2086 625 2197 679 qua
2237 611 2354 679 ipse
2385 610 2440 665 in
2485 611 2777 682 Evangelio
2815 613 2946 668 dicit
2978 628 2993 667 :
3028 633 3047 666 ι
3088 613 3188 682 Qui
3233 615 3434 672 biberit
3475 633 3672 686 aquam

2086 714 2250 768 quam
2281 701 2380 770 ego
2405 702 2490 764 do,
2523 701 2613 756 fiet
2641 702 2696 756 in
2721 717 2788 757 eo
2819 702 2940 757 fons
2964 719 3118 774 aquae
3157 705 3401 762 salientis
3427 707 3479 761 in
3506 709 3672 762 vitam

2085 801 2343 846 aeternam
2373 791 2555 863 (Joan.
2583 791 2679 864 tv).
2709 812 2728 846 ι
2763 793 2828 848 Et
2850 794 3045 850 iterum
3073 796 3271 852 clamat
3300 799 3522 854 dicens:
3560 817 3578 850 ‹
3613 797 3673 854 Si

2086 883 2210 952 quis
2239 884 2372 949 sitit,
2403 885 2586 939 veniat
2625 885 2692 940 ad
2723 900 2828 951 me,
2853 895 2910 940 et
2945 886 3113 950 bibat,
3152 896 3208 942 et
3237 889 3302 943 de
3337 900 3527 945 ventre
3555 890 3675 960 ejus

2087 975 2256 1032 ﬂuent
2289 992 2443 1046 aqua:
2469 978 2604 1032 viva:
2645 978 2828 1048 (Joan.
2854 978 2974 1050 vu).
3021 997 3039 1031 ι
3081 980 3276 1046 Quanti
3319 992 3447 1036 sunt
3491 982 3674 1044 hodie,

2087 1068 2182 1139 qui
2211 1070 2254 1123 si
2287 1078 2496 1138 petram
2527 1068 2694 1132 illam,
2725 1081 2790 1123 ex
2818 1085 2924 1140 qua
2951 1071 3004 1125 iu
3043 1078 3285 1140 tempore
3309 1070 3508 1143 Moysis
3533 1086 3676 1140 aqua

2087 1161 2350 1230 producta
2388 1169 2492 1228 est,
2524 1174 2751 1216 cernere
2775 1161 3098 1231 potuissent,
3129 1161 3338 1217 lucrum
3371 1177 3478 1216 non
3516 1161 3687 1217 mini~

2090 1265 2238 1305 mum
2267 1249 2738 1320 deputareutilsti
2784 1253 2966 1321 itaque
3019 1268 3163 1308 nunc
3199 1253 3342 1308 beati
3375 1253 3565 1308 Severi
3593 1253 3676 1308 in-

2090 1344 2405 1414 grediantur
2432 1343 2742 1410 ecclesiam,
2767 1353 2824 1400 et
2848 1345 2903 1398 in
2931 1345 3112 1400 multis
3146 1345 3308 1400 simul
3342 1345 3457 1400 fieri
3484 1345 3676 1415 lapidi—

2091 1435 2192 1490 bus
2223 1433 2460 1498 videant,
2493 1434 2636 1504 quod
2667 1435 2722 1489 iu
2752 1451 2860 1490 uno
2909 1434 3078 1491 fuisse
3113 1435 3313 1490 factum
3361 1435 3683 1506 lmtitia‘pia

2092 1527 2393 1584 devotionis
2431 1526 2722 1582 exsultant.
2773 1526 2889 1583 Hoc
2929 1527 3094 1582 etiam
3142 1527 3491 1598 superaddita
3534 1526 3682 1598 quod

2093 1632 2231 1687 aqua
2261 1615 2347 1670 illa
2372 1615 2518 1670 sitim
2545 1615 2885 1671 solummodo
2903 1616 3214 1672 bibentibus
3243 1615 3544 1681 auferebat,
3577 1617 3685 1673 ist‘a

2092 1706 2257 1760 etiam
2287 1705 2531 1760 diversas
2575 1705 2948 1775 languentium
2976 1706 3327 1776 aegritudines
3369 1716 3544 1762 curat.
3589 1706 3685 1764 Illa

2095 1799 2220 1854 dum
2250 1799 2546 1866 bibcretur,
2577 1799 2839 1869 simplicis
2861 1816 3014 1870 aqua:
3036 1803 3102 1857 de
3117 1816 3176 1856 se
3201 1801 3364 1857 dabat
3388 1802 3680 1869 indicium,

477 1882 586 1938 Sed
618 1899 718 1938 cur
745 1885 848 1940 ista
881 1887 946 1941 de
983 1887 1222 1967 antiqqis
1246 1889 1307 1943 Β.
1339 1887 1524 1945 Severi
1556 1891 1834 1948 miraculis
1861 1891 1996 1948 dici-
2023 1877 2078 1938 Β
2100 1891 2202 1946 ista
2235 1891 2361 1944 dum
2391 1890 2659 1957 medetur,
2689 1890 3356 1946 diversorum-aromatum
3381 1903 3443 1948 et
3465 1893 3686 1950 medici-

401 1988 548 2036 mus,
588 1989 711 2029 cum
754 1976 916 2031 hodie
969 1993 1076 2031 nou
1123 1993 1293 2049 pauca
1323 1981 1689 2051 prodigiorum
1739 1983 1892 2053 signa
1936 1984 1992 2038 in

401 2065 702 2119 venerabili
742 2066 1039 2134 sepultura:
1077 2083 1190 2125 sua:
1235 2069 1459 2126 basilica
1508 2071 1624 2126 fieri
1677 2071 1994 2140 frequenter

403 2160 730 2216 audiamus?
759 2160 916 2229 Nam,
959 2171 1018 2217 ut
1056 2162 1123 2218 de
1154 2165 1367 2220 caeteris
1396 2165 1612 2233 sileam,
1657 2165 1787 2221 illud
1827 2181 1992 2220 unum

403 2253 626 2322 quantis
657 2263 743 2309 est
772 2255 1058 2324 praeconiis
1102 2256 1324 2328 dignum
1363 2267 1679 2326 quantaque
1713 2257 1896 2313 laetitia
1926 2257 1994 2312 ad

405 2347 604 2401 divinae
630 2347 1038 2418 omnipotentiae
1066 2348 1290 2419 gloriam
1324 2347 1690 2414 referendum,
1721 2350 1864 2420 quod
1895 2349 1994 2405 sub

409 2436 527 2508 ipso
551 2437 710 2493 altari
769 2439 1122 2494 sacratissimi
1164 2439 1246 2494 sui
1272 2440 1516 2512 corporis
1543 2440 1846 2497 clarissima
1872 2456 1995 2499 sen-

407 2531 512 2586 sim
537 2541 933 2602 emanataqua,
951 2531 1180 2588 diversis
1207 2530 1578 2603 languentium
1593 2529 1996 2590 valetudinibus

408 2619 727 2692 profutura!
763 2621 896 2676 Nam
933 2623 977 2677 si
1026 2622 1158 2677 fides
1188 2621 1488 2678 bibentium
1528 2623 1730 2694 exigat,
1780 2637 1904 2677 mox
1934 2631 1996 2677 ut

406 2725 528 2765 eam
559 2721 776 2781 pectora
797 2721 997 2783 mgrota
1026 2713 1352 2783 percipiunt,
1391 2712 1640 2782 protinus
1665 2711 1732 2768 de
1766 2711 1996 2767 infirmi-

409 2815 521 2860 tate
547 2805 614 2859 ad
641 2803 870 2858 salutem
901 2805 1184 2874 pristinam
1233 2805 1637 2860 convalescunt.
1675 2804 1765 2870 Et,
1794 2810 1854 2858 ut
1893 2801 1998 2857 mi-

408 2895 634 2949 rabilem
666 2911 778 2950 rem
810 2895 926 2948 fieri
956 2893 1275 2948 mirabiliter
1298 2894 1521 2957 audias,
1555 2892 1738 2948 nonin
1760 2890 1997 2948 vernalis

411 2987 752 3041 inclementia
783 2985 1062 3055 temporis,
1091 3001 1195 3040 non
1225 2985 1277 3040 in
1309 2984 1635 3039 autumnalis
1664 2982 1997 3038 inundantite

409 3078 632 3148 pluviis,
675 3093 780 3132 non
829 3077 882 3131 in
916 3076 1208 3130 imbrifer-ae
1237 3076 1508 3147 algoribus
1532 3076 1744 3141 hiemis,
1775 3074 1996 3146 quando

412 3185 478 3223 ex
531 3167 759 3223 diversis
807 3182 1060 3222 saxorum
1111 3167 1340 3222 molibus
1385 3167 1523 3222 solet
1569 3182 1711 3237 aqua
1760 3166 1996 3220 tenuiter

410 3257 701 3325 exsudare,
730 3258 822 3312 sed
847 3257 899 3311 in
925 3258 1040 3326 ipso
1063 3255 1281 3311 fervidae
1298 3257 1503 3311 aestatis
1531 3255 1728 3311 ardore
1754 3270 1874 3310 eam
1900 3269 1996 3309 no-

411 3352 559 3406 veris
598 3366 666 3405 ex
697 3349 848 3404 arida
887 3349 1036 3405 calce
1085 3357 1140 3403 et
1167 3349 1319 3403 duris
1346 3347 1611 3418 lapidibus
1639 3345 1883 3402 ebullire.
1927 3345 1999 3401 Ut

411 3441 668 3497 videlicet
711 3440 928 3510 quando
959 3441 1130 3510 major
1157 3439 1422 3494 incumbit
1449 3439 1744 3493 necessitas
1780 3437 2000 3507 aegritu-

414 3533 625 3597 dinum,
674 3543 805 3585 tunc
847 3531 1190 3601 potissimum
1227 3529 1469 3584 conferat
1510 3528 1788 3583 miseratio
1815 3527 1997 3582 divina

413 3623 736 3686 remedium,
765 3631 820 3676 et
842 3622 1091 3676 humanae
1115 3620 1444 3685 infirmitati,
1463 3634 1584 3690 quae
1610 3628 1739 3673 tunc
1763 3634 1826 3675 ex
1856 3619 1998 3689 ignei

413 3713 612 3767 caloris
639 3713 874 3784 gignitur
919 3712 1074 3777 vitio,
1105 3710 1439 3766 medicorum
1471 3725 1655 3776 more,
1695 3711 1804 3765 vim
1851 3725 2004 3766 cura-

417 3807 583 3860 tionis
611 3821 679 3861 ex
707 3805 986 3861 contrario
1007 3804 1232 3875 objiciat
1258 3803 1545 3860 elemento.
1574 3804 1672 3859 Cui
1710 3804 1841 3860 illud
1871 3818 2004 3860 eon-

415 3896 543 3952 fcrri
588 3896 908 3951 miraculum
959 3897 1094 3950 satis
1140 3895 1540 3951 rationabiliter
1591 3903 1804 3966 potest,
1856 3895 2002 3966 quod

417 3988 669 4044 similiter
709 3987 861 4044 Nilus
902 3987 1118 4058 Egypti
1149 3987 1344 4043 ﬂuvius
1381 4002 1487 4042 non
1515 3986 1645 4053 alio,
1683 3987 1785 4042 nisi
1807 3987 1998 4042 aestivo

417 4092 660 4152 tempore
679 4097 796 4136 sese
823 4081 874 4135 in
904 4080 1179 4136 cumulum
1205 4079 1406 4144 elevat,
1436 4079 1598 4150 plana
1624 4093 1854 4149 quaeque
1876 4078 2003 4133 hinc

419 4177 542 4231 inde
580 4191 675 4246 per
703 4175 987 4231 circuitum
1021 4174 1231 4244 irrigat,
1266 4182 1322 4228 et
1360 4182 1628 4228 terrarum
1665 4185 1830 4227 venas
1852 4170 2003 4241 largo

419 4284 532 4323 sua:
554 4267 926 4323 iuundationis
945 4267 1166 4321 madore
1194 4267 1468 4322 fecundat.
1488 4264 1567 4321 Ne
1583 4266 1750 4337 igitur
1763 4266 1998 4320 humana

419 4358 668 4414 vecordia
706 4358 903 4414 divina:
943 4358 1162 4413 virtutis
1197 4373 1361 4428 opera
1409 4367 1616 4414 natura;
1649 4358 1857 4414 viribus
1899 4357 2000 4411 tri-

416 4451 565 4517 buat,
597 4449 786 4504 saltem
817 4465 886 4503 ex
927 4449 1062 4520 ipso,
1099 4464 1206 4518 quo
1251 4448 1408 4514 fiunt,
1449 4457 1714 4518 tempore,
1747 4449 1833 4503 cui
1877 4446 2004 4517 jure

419 4540 764 4610 deputentur,
789 4539 1066 4606 addiscat;
1095 4548 1150 4594 et
1174 4546 1321 4593 tanto
1343 4539 1578 4599 alacrius
1599 4539 1666 4594 ad
1691 4539 2002 4595 referendas

419 4630 662 4685 Creatori
696 4646 794 4684 suo
825 4630 1029 4699 gratias
1055 4635 1263 4698 surgat,
1297 4637 1499 4699 quanto
1527 4635 1584 4682 et
1609 4627 1752 4697 ipsas
1781 4636 2004 4681 natura-

419 4737 540 4776 rum
571 4721 717 4777 vices
746 4730 981 4776 mutatas
1001 4736 1110 4776 suae
1135 4721 1388 4776 utilitatis
1412 4720 1590 4791 gratia
1607 4735 1712 4775 non
1737 4721 1968 4790 ignorat.

495 4812 632 4867 Ecce
660 4813 802 4866 enim
831 4812 1174 4882 omnipotens
1223 4811 1364 4867 Deus
1407 4811 1627 4882 antiqua
1672 4811 2007 4881 operationis

421 4919 534 4959 sua:
580 4903 840 4959 miracula
894 4904 1129 4974 repetit,
1189 4918 1315 4959 ecce
1365 4903 1561 4958 iterum
1618 4919 1716 4974 per
1767 4904 1999 4958 alterum

421 4992 638 5066 Moysen
662 5008 856 5063 aquam
871 4993 936 5048 de
960 5001 1110 5062 petra
1126 4990 1583 5062 producit(Eatod.
1607 4993 1774 5065 xvu);
1799 4993 2013 5049 Israeli-

424 5089 588 5143 ticum
614 5087 725 5158 28
754 5087 911 5142 nobis
931 5085 1188 5142 smculum
1213 5094 1459 5149 renovat,
1486 5101 1595 5156 quo
1615 5101 1712 5156 per
1732 5088 2007 5143 exteriora

420 5178 707 5243 beneficia,
738 5186 927 5248 utpote
953 5193 1143 5232 verum
1173 5177 1340 5233 Israel
1366 5217 1380 5242 ,
1409 5179 1476 5258 ad
1502 5193 1743 5234 amorem
1776 5195 1876 5234 nos
1897 5196 2009 5237 sua:

424 5271 651 5326 visionis
701 5271 983 5327 accendat.
1038 5271 1181 5326 Ecce
1229 5269 1296 5326 de
1325 5271 1625 5327 beatissimi
1677 5271 2008 5329 confessoris

423 5365 506 5418 sui
539 5363 783 5419 Ecclesia
821 5363 1049 5419 alterum
1080 5363 1236 5419 nobis
1265 5362 1665 5432 quodammodo
1696 5365 2008 5435 paradisum

425 5456 685 5522 restituit,
712 5455 868 5526 cujus
893 5455 1256 5512 saluberrimo
1296 5454 1445 5513 fonte
1475 5467 1675 5513 nostrae
1703 5458 2010 5530 fragilitatis

428 5557 629 5603 terram
652 5547 947 5605 clementer
966 5546 1218 5602 infundit.
1323 5603 1362 5640 .

500 5638 740 5710 Agamus
779 5638 962 5708 igitur,
1007 5637 1370 5704 dilectissimi,
1402 5639 1606 5709 gratias
1637 5640 1882 5696 Creatori
1914 5655 2013 5696 no-

429 5741 568 5798 stro,
612 5731 704 5803 qui
736 5730 940 5786 idcirco
975 5727 1152 5784 adhuc
1197 5727 1449 5799 producit
1496 5745 1692 5800 aquam
1743 5732 1809 5786 de
1859 5743 2011 5801 petra

430 5823 600 5894 rupis,
627 5833 688 5879 ut
714 5837 811 5890 per
838 5821 976 5876 hanc
999 5819 1160 5876 etiam
1185 5819 1508 5878 hauriemus.
1530 5839 1724 5894 aquam
1742 5824 1793 5878 iu
1818 5824 2013 5893 gaudio

2095 1982 2296 2053 nalium
2328 1982 2638 2051 specierum
2663 1981 2847 2052 implet
2872 1981 3125 2038 ollicium.

2167 2073 2292 2128 Haec
2327 2073 2492 2144 igitur
2517 2081 2599 2128 tot
2631 2082 2687 2128 et
2712 2082 2822 2127 tam
2865 2074 3120 2143 praeclara
3152 2074 3444 2139 miracula,
3487 2075 3686 2133 fratres

2094 2163 2426 2230 charissimi,
2445 2163 2512 2219 ad
2541 2178 2688 2219 vera
2709 2163 2964 2219 utilitatis
2988 2164 3139 2220 lucra
3161 2166 3496 2233 convertite,
3515 2177 3569 2222 et
3588 2183 3686 2238 per

2093 2254 2366 2310 exteriora
2389 2255 2553 2309 divini
2575 2255 2824 2310 muneris
2844 2254 3133 2320 beneﬁcia,
3157 2257 3223 2311 ad
3253 2257 3513 2313 interiora
3548 2275 3686 2330 quo-

2094 2360 2202 2416 que
2226 2345 2535 2400 medullitus
2579 2345 2853 2401 anhelate.
2900 2346 3042 2414 Quid
3065 2347 3209 2402 enim
3240 2347 3460 2417 prodest
3481 2349 3689 2405 caduca

2095 2435 2212 2491 haec
2232 2443 2289 2490 et
2313 2435 2625 2491 transitoria
2650 2434 2793 2490 bona
2830 2435 3200 2507 temporaliter
3223 2451 3289 2492 ex
3317 2437 3495 2492 divina
3529 2438 3684 2494 beni-

2096 2528 2304 2598 gnitate
2339 2528 2637 2599 percipere,
2668 2527 2714 2584 si
2739 2542 2847 2583 non
2873 2528 3233 2599 eontingatad
3252 2529 3686 2598 aeterni-quoque

2065 2620 2224 2674 boni
2293 2619 2645 2689 suscipienda
2694 2619 2916 2689 praemia
2974 2619 3293 2690 pervenire?
3358 2619 3690 2676 Mementote

2022 3236 2067 3298 C

2029 4585 2080 4646 D

2095 2710 2226 2780 quid
2263 2710 2466 2765 Iudaeis
2495 2711 2562 2766 de
2591 2710 2831 2782 antiquis
2857 2726 3046 2767 eorum
3075 2711 3320 2784 patribus
3351 2711 3566 2766 Veritas
3598 2711 3684 2766 di-

2098 2802 2214 2857 xit:
2254 2819 2274 2854 c
2305 2800 2520 2868 Patres,
2558 2802 2755 2873 inquit,
2778 2802 2943 2857 vestri
2977 2803 3442 2857 manducaverunt
3480 2818 3683 2857 manna

2098 2893 2154 2949 in
2183 2895 2418 2960 deserto,
2457 2903 2514 2948 et
2553 2894 2753 2948 mortui
2782 2901 2909 2948 sunt
2939 2893 3120 2964 (Joan.
3166 2893 3263 2965 vt).
3302 2912 3320 2946 ›
3361 2893 3688 2964 Perpendite

2097 2986 2262 3040 etiam
2291 2994 2493 3054 quanta
2521 2985 2592 3040 sit
2626 2984 2681 3038 in
2723 2984 2876 3040 caelis
2903 2993 3216 3040 sanctorum
3249 2983 3438 3054 gloria,
3489 2984 3690 3055 quibus

2099 3086 2286 3132 contra
2318 3085 2528 3132 naturae
2554 3092 2666 3132 suae
2684 3076 2932 3133 ordinem
2965 3076 3081 3147 ipsa
3110 3077 3162 3131 in
3177 3076 3337 3130 terris
3359 3075 3690 3131 famulantur

2099 3177 2156 3222 et
2176 3167 2440 3223 obediunt
2471 3167 2760 3223 elementa.
2795 3167 2938 3236 Quid
2970 3169 3114 3222 enim
3147 3177 3459 3223 sanctorum
3490 3168 3686 3223 animai

2099 3259 2215 3314 sive
2244 3259 2298 3313 in
2327 3258 2488 3322 coelo,
2511 3260 2628 3314 sive
2655 3259 2708 3313 in
2742 3266 2917 3324 terra,
2941 3257 3058 3313 sive
3080 3258 3244 3312 etiam
3278 3257 3331 3312 in
3355 3258 3554 3328 abysso
3580 3271 3688 3312 non

2100 3357 2348 3420 possunt,
2374 3349 2466 3418 qui
2497 3365 2620 3405 cum
2649 3348 2786 3418 ipso,
2825 3349 2917 3419 qui
2943 3348 3192 3404 omnibus
3216 3349 3490 3418 praesidet,
3522 3365 3687 3403 unum

2101 3441 2263 3494 sunt?
2287 3439 2371 3493 Ad
2399 3439 2545 3493 illam
2577 3438 2772 3508 igitur,
2803 3437 3173 3502 dilectissimi,
3199 3437 3580 3507 tantae-gloria:
3607 3437 3692 3491 di-

2101 3531 2361 3602 gnitatem
2405 3527 2532 3583 totis
2586 3527 2798 3583 nisibus
2847 3527 3077 3594 tendite;
3129 3526 3195 3580 ad
3253 3527 3398 3581 illam
3446 3526 3692 3596 quotidie

2102 3631 2416 3678 sanctarum
2449 3621 2710 3675 virtutum
2738 3628 2794 3675 et
2819 3619 2921 3690 pia:
2942 3619 3376 3674 conversationis
3412 3619 3690 3688 gressibus

2101 3722 2410 3784 properate.
2447 3711 2854 3768 Contemuenda
2887 3711 3088 3780 quippe
3129 3719 3255 3764 sunt
3297 3710 3452 3764 vobis
3493 3718 3689 3764 cuncta

2104 3817 2225 3872 quae
2253 3801 2498 3866 cernitis,
2524 3801 2569 3856 si
2599 3801 2667 3855 ad
2695 3799 2943 3856 eavnltis
2966 3799 3271 3868 pertingere
3292 3813 3412 3867 qua:
3433 3798 3687 3867 speratis.

2103 3893 2413 3949 Attestante
2451 3891 2653 3948 etenim
2685 3892 2852 3946 beato
2883 3888 3071 3955 Paulo,
3118 3905 3226 3942 non
3277 3903 3565 3959 possumus
3602 3887 3694 3943 bic

2103 3984 2342 4056 gaudere
2377 3985 2442 4038 de
2473 3981 2692 4047 saeculo,
2722 3989 2777 4034 et
2813 3980 2923 4036 illic
2957 3993 3188 4048 regnare
3211 3993 3333 4034 eum
3363 3979 3473 4034 Deo
3508 3976 3689 4047 (Rom.

2104 4078 2237 4147 xu).
2293 4075 2397 4143 Qui
2453 4074 2650 4128 iterum
2719 4071 2899 4128 dicit:
2955 4088 2976 4122 σ
3019 4069 3138 4125 Non
3196 4069 3692 4140 contemplantibus

2105 4169 2264 4224 nobis
2310 4183 2431 4238 quae
2464 4166 2740 4232 videntur,
2777 4164 2873 4220 sed
2923 4179 3046 4234 qua:
3097 4179 3206 4237 non
3253 4163 3525 4220 videntur.
3559 4163 3694 4231 Quas

2103 4259 2248 4314 enim
2297 4258 2581 4322 videntur,
2623 4256 2937 4326 temporalia
2976 4263 3132 4321 sunt,
3186 4269 3307 4326 quae
3355 4263 3537 4310 autem
3579 4270 3689 4311 non

2104 4350 2376 4413 videntur,
2423 4357 2624 4403 aeterna
2669 4355 2796 4402 sunt
2845 4345 2934 4420 (II
2978 4343 3103 4400 Cor.
3153 4345 3249 4417 tv).
3291 4365 3309 4399 ι
3366 4346 3538 4400 Fluxa
3590 4346 3694 4416 igi-

2106 4449 2196 4496 tur
2222 4450 2278 4496 et
2295 4439 2600 4496 seductoria
2626 4438 2886 4493 immundi
2920 4436 3080 4506 hujus
3107 4437 3290 4492 mundi
3326 4437 3694 4492 blandimenta

2106 4532 2388 4602 despicite,
2439 4530 2614 4585 minas
2656 4531 2774 4600 ejus
2830 4529 2997 4584 animi
3055 4529 3373 4584 fortitudine
3421 4537 3690 4598 superate.

2108 4621 2381 4692 surgentia
2394 4621 2588 4674 carnis.
2603 4618 2887 4673 incentiva
2901 4617 3196 4690 [incendia]
3222 4617 3516 4687 repi-imi'te,
3543 4631 3694 4670 men-

2110 4723 2196 4768 tes
2220 4719 2456 4774 vestras,
2488 4709 2785 4764 auxiliante
2835 4710 2968 4774 Deo,
3019 4708 3070 4762 in
3111 4706 3401 4762 virtutibus
3447 4706 3694 4772 dilatate,

2110 4802 2346 4872 torporis
2373 4809 2428 4855 et
2472 4799 2811 4870 negligentia:
2833 4797 3005 4869 frigus
3027 4799 3094 4854 de
3107 4797 3359 4851 cordibus
3381 4796 3576 4850 vestris
3599 4809 3701 4852 ex-

2111 4896 2314 4966 pellite,
2353 4893 2422 4948 ad
2444 4893 2572 4948 illud
2599 4891 2872 4948 ineffabile
2895 4904 3142 4960 supernae
3171 4888 3521 4944 beatitudinis
3558 4903 3694 4957 gau-

2112 4987 2260 5041 dium
2311 4983 2588 5039 llammato
2619 4983 2830 5037 mentis.
2853 4980 3124 5037 desiderio
3162 4979 3366 5050 iugiter
3403 4980 3696 5049 suspirate.

2112 5075 2247 5131 Nam
2272 5071 2926 5146 speculator[spectator]
2956 5070 3063 5135 ille,
3097 5071 3190 5140 qui
3218 5071 3380 5125 corda
3413 5080 3596 5126 vestra
3627 5070 3696 5125 ad

2111 5183 2172 5224 se
2197 5168 2402 5224 directa
2430 5165 2818 5222 delectabiliter
2837 5162 3071 5232 inspicit,
3097 5161 3328 5217 libenter
3348 5163 3512 5217 etiam
3543 5161 3698 5217 vobis

2111 5277 2222 5319 sua:
2270 5259 2548 5316 societatis
2593 5256 2816 5325 jauuam
2869 5255 3057 5325 pandit
3080 5253 3236 5309 Jesus
3287 5253 3543 5309 Christus
3587 5252 3700 5322 29

2112 5356 2375 5413 Dominus
2396 5361 2600 5416 noster,
2623 5351 2714 5421 qui
2741 5365 2864 5406 cum
2889 5348 3051 5404 Patre
3076 5359 3130 5405 et
3156 5348 3362 5419 Spiritu
3393 5354 3586 5402 saneto
3607 5346 3692 5401 vi-

2112 5449 2272 5505 vitet
2305 5452 2497 5518 regnat
2519 5444 2572 5499 in
2603 5441 2799 5498 saecula
2825 5442 3164 5498 saeculorum.
3193 5442 3386 5495 Amen.

2721 5553 2954 5610 SERMO
3001 5553 3089 5608 Vl.

2183 5672 2248 5711 DE
2283 5669 2486 5712 SANCTO
2523 5666 2887 5714 ELEUCHADIO,
2925 5663 3176 5706 EPISCOPO
3214 5663 3532 5708 BAVENNATI
3570 5667 3642 5706 Ετ

2565 5736 2913 5779 coarsssoas.
2953 5720 3064 5793 (xrv
3101 5721 3280 5790 rasa.)

2188 5817 2458 5874 Hodierna
2494 5813 2774 5878 festivitas,
2805 5813 3004 5868 fratres
3035 5812 3366 5879 charissimi,
3417 5813 3692 5884 geminum
