4184 6474
528 350 630 404 555

1130 346 1187 399 S.
1231 344 1435 400 PETRI
1476 346 1764 405 DAMlANl
1805 345 1958 404 OPP.
1993 344 2176 405 PARS
2216 346 2347 406 SEU
2384 346 2621 403 TOMUS
2647 346 2707 401 II.
2750 377 2820 391 φ·-
2857 344 3246 407 SEllMONES.

3685 346 3796 403 558

522 473 726 517 sancta
751 457 1018 535 devotioni
1050 467 1260 525 vestra,
1286 459 1392 514 imo
1419 468 1615 515 nostra
1633 459 1885 530 gaudium
1918 472 2106 515 cumu-
2133 461 2180 520 Δ
2209 457 2562 515 confunderet
2612 459 2883 529 sapientes
2934 458 2988 528 (Ι
3038 460 3160 513 Cor.
3196 461 3256 527 i).
3304 461 3478 529 Atque
3523 469 3582 514 ut
3627 462 3802 530 magis

527 552 625 613 lat.
653 551 781 620 quia
807 550 937 604 dum
968 548 1259 603 venerandi
1296 548 1629 605 confessoris
1667 548 1988 604 Eleuchadii
2022 564 2109 604 so-

525 642 723 703 lemnia
778 639 1156 703 celebramus,
1212 640 1525 696 necessario
1572 653 1697 695 mox
1746 640 1912 695 etiam
1965 639 2110 695 beati

527 731 935 803 triumphatoris
961 730 1165 785 Christi
1188 730 1513 805 Apollinaris
1534 731 1600 785 ad
1628 731 1945 787 memoriam
1977 746 2113 800 pra-

511 824 668 897 clara
695 833 843 893 gesta
876 821 1205 877 reducimus.
1251 820 1388 888 Quia
1419 822 1585 886 enim,
1615 831 1675 877 ut
1701 821 1954 893 Salomon
1992 821 2069 881 alt
2092 861 2108 886 ,

528 931 548 963 ι
583 912 751 983 gloria
783 910 955 980 patris
989 918 1074 967 est
1108 911 1250 965 ﬁlius
1299 912 1516 980 sapiens
1548 910 1735 975 (Prov.
1759 928 1794 966 ι
1823 921 1881 967 et
1919 912 2008 981 xv)
2035 950 2051 975 ,
2086 931 2106 963 ι

522 1003 604 1058 sic
623 1003 855 1057 alterius
877 1016 1044 1057 causa
1072 1002 1272 1071 pendet
1294 1015 1362 1056 ex
1392 1001 1587 1066 altero,
1611 1011 1668 1058 ut
1687 1001 1934 1071 quisquis
1956 1001 2114 1073 unius

527 1093 711 1148 laudes
758 1093 921 1162 digne
972 1091 1240 1157 retulerit,
1274 1091 1503 1147 alterius
1543 1092 1710 1146 etiam
1737 1091 1947 1161 insigne
1976 1106 2116 1160 pra-

524 1184 744 1257 conium
797 1193 979 1238 tacere
1027 1198 1135 1238 non
1187 1183 1382 1252 possit.
1417 1183 1482 1238 Et
1520 1182 1650 1252 quia
1687 1182 1902 1240 Veritas
1940 1184 2110 1239 dicit:

521 1295 541 1325 ς
583 1274 701 1329 Νοιι
728 1282 904 1344 potest
934 1273 1078 1328 lilius
1109 1273 1308 1338 facere,
1343 1273 1448 1328 nisi
1493 1274 1643 1344 quod
1680 1275 1881 1330 viderit
1904 1283 2114 1344 patrem

521 1364 817 1420 facientem
846 1363 1030 1434 (Joan.
1071 1363 1125 1435 v)
1157 1382 1171 1418 ι
1211 1384 1231 1416 ι
1260 1364 1340 1419 sic
1368 1365 1470 1419 iste
1492 1364 1688 1421 beatus
1710 1365 1963 1422 alumnus
1988 1367 2117 1423 sub-

523 1464 745 1516 εοωῑιιε
798 1464 882 1509 est
919 1464 1144 1525 paterna
1190 1455 1439 1525 vestigia,
1470 1455 1544 1510 ita
1583 1471 1728 1510 vera
1756 1456 1883 1512 ﬁdei
1923 1457 2117 1527 pradi-

525 1547 703 1603 cando
736 1555 939 1601 rectam
996 1545 1169 1600 tenuit
1222 1544 1443 1612 lineam,
1469 1546 1550 1600 sic
1597 1546 1848 1617 religiose
1887 1546 2117 1603 vivendo

525 1650 719 1698 sancto
762 1641 1081 1712 praceptori
1137 1655 1434 1697 consonam
1485 1640 1732 1695 exhibuit
1766 1638 2111 1703 clientelam,

2210 557 2455 619 stupeas,
2503 550 2652 620 ipsos
2682 550 2931 619 imperite
2972 549 3247 619 sapientes
3281 565 3310 603 a
3354 564 3496 604 vano
3550 551 3803 619 superba

2210 641 2493 710 sapientia
2519 656 2631 697 sua
2659 650 2870 696 tumore
2901 634 3112 709 dejecit,
3146 654 3209 696 ac
3236 642 3496 711 deinceps
3526 641 3578 700 in
3610 653 3803 695 aucto—

2212 732 2428 787 ritatem
2480 729 2664 785 libera
2723 730 3125 800 praedicationis
3178 731 3395 793 erexit,
3453 739 3515 782 ut
3569 731 3800 798 idipsum

2212 821 2557 891 postmodum
2605 829 2921 876 constanter
2954 829 3264 879 astruerent
3297 820 3439 889 quod
3495 822 3803 876 anxiaban-

2214 920 2305 966 tur
2333 921 2460 967 ante
2501 911 2797 968 crudeliter
2834 912 3169 980 impugnare.
3227 912 3380 978 Quod
3430 911 3642 983 Moyses
3673 921 3805 967 tunc

2212 1005 2442 1077 mystice
2489 1004 2779 1075 ﬁguravit,
2829 1018 2950 1059 cum
3000 1003 3270 1073 arripiens
3298 1002 3526 1057 vitulum
3577 1016 3802 1057 auremn

2214 1094 2338 1164 igne
2365 1095 2684 1158 combussit,
2716 1094 2781 1149 ad
2805 1093 3080 1163 pulverem
3117 1108 3287 1163 usque
3322 1093 3599 1159 contrivit,
3624 1092 3804 1147 ﬁucti-

2213 1187 2425 1256 busque
2470 1196 2834 1255 wnspergens
2886 1183 3249 1243 lsraeliticum
3300 1196 3367 1241 ex
3417 1196 3484 1239 eo
3543 1183 3804 1253 populum

2214 1274 2526 1344 propinavit
2553 1273 2751 1344 (Exod.
2774 1272 2971 1338 χχιιι).
3003 1271 3143 1339 Quid
3174 1279 3259 1325 est
3284 1272 3549 1339 enimpor
3569 1272 3801 1341 ﬁguram

2216 1365 2419 1421 vitulus
2448 1365 2537 1419 ille
2562 1361 2853 1423 conﬂatilis
2875 1402 2893 1427 ,
2922 1363 3026 1416 nisi
3050 1360 3517 1430 corpusdiaboli?
3546 1360 3808 1416 Homines

2216 1455 2424 1511 scilicet
2470 1456 2522 1509 in
2561 1455 2817 1510 omnibus
2873 1453 3147 1525 perﬁdia,
3204 1452 3362 1508 simul
3401 1460 3461 1506 et
3490 1451 3807 1508 idololatria

2214 1561 2405 1602 errore
2428 1546 2661 1614 decepti,
2692 1561 2757 1601 ac
2787 1543 2889 1602 sub
2916 1544 3034 1617 ipso
3053 1559 3153 1598 suo
3180 1542 3438 1613 pestifero
3476 1543 3654 1612 capite
3680 1552 3805 1597 tan-

2216 1651 2377 1707 quam
2406 1636 2621 1694 diversa
2664 1635 2929 1700 inembra,
2958 1634 3222 1704 sacrilega
3244 1632 3649 1702 conspiratione
3676 1647 3807 1687 con-

525 1741 588 1789 ut
624 1732 672 1787 ei
701 1731 899 1786 merito
924 1733 1243 1786 succederet
1287 1732 1339 1785 in
1378 1732 1642 1802 regimen,
1694 1730 1847 1799 cujus
1877 1731 2117 1785 imitator
2212 1720 2410 1790 juncti,
2446 1739 2608 1792 super
2649 1739 2788 1792 quos
2845 1724 3101 1779 nimirum
3139 1723 3225 1777 ille
3266 1721 3523 1791 nequitia
3556 1722 3804 1791 spiritus,

524 1822 811 1877 exstiterat
840 1823 1152 1877 sanctitate.
1181 1819 1337 1879 Sicut
1357 1822 1501 1876 enim
1529 1823 1718 1878 beatus
1744 1822 1940 1877 Petrus
1970 1823 2114 1891 prin-

2223 1813 2367 1869 velut
2390 1824 2603 1880 auctor,
2639 1814 2937 1884 praesidens
2987 1813 3281 1900 insolenter
3308 1812 3560 1883 erigitur,
3583 1820 3639 1866 et
3687 1821 3808 1865 tan-

525 1931 654 1985 ceps
687 1916 965 1985 apostolici
996 1923 1218 1970 senatus
1241 1923 1353 1969 tres
1384 1915 1525 1971 inter
1544 1925 1774 1972 ceteros
1795 1916 2118 1972 eminentio-

2223 1922 2385 1981 quam
2417 1914 2580 1975 caput
2627 1920 2724 1975 per
2776 1905 3120 1977 tyrannidem
3160 1919 3260 1959 suo
3295 1903 3510 1973 corpori
3554 1903 3806 1957 domina-

529 2024 618 2064 res
655 2007 1002 2079 cognoscitur
1048 2006 1304 2062 habuisse
1350 2007 1665 2076 discipulos,
1697 2009 1789 2077 qui
1836 2007 1938 2064 sibi
1971 2015 2114 2076 post-

526 2097 748 2153 modum
784 2099 841 2152 in
867 2097 1221 2167 pontiﬁcatus
1265 2112 1392 2154 arce
1433 2112 1532 2169 per
1557 2099 1804 2155 ordinem
1835 2112 2116 2156 successe-

505 2190 873 2261 _rt.tnt,printo
893 2190 1145 2243 videlicet
1158 2187 1344 2253 Linus,
1360 2190 1555 2245 deinde
1566 2190 1775 2253 Cletus,
1790 2190 1982 2244 tertius
2001 2189 2121 2248 Cle-

532 2295 710 2348 mens,
738 2281 811 2334 ita
843 2281 1197 2335 nihilominus
1233 2288 1290 2334 et
1315 2280 1507 2335 beatus
1526 2278 1854 2348 Apollinaris
1884 2290 2120 2348 quatuor

529 2371 777 2441 egregios
805 2371 1098 2439 discipulos
1119 2371 1333 2436 habuit,
1367 2378 1489 2440 post
1515 2367 1729 2424 felicem
1760 2369 2006 2441 martyrii
2034 2369 2119 2425 sui

510 2510 513 2513 ,
527 2461 761 2537 gloriam
770 2463 992 2518 sibimet
1010 2463 1064 2518 in
1079 2455 1452 2520 ecclesiastico
1470 2459 1729 2531 regimine
1741 2461 2119 2526 succedentes,

530 2554 821 2615 Aderitum
848 2553 1104 2619 scilicet,
1152 2563 1211 2609 et
1257 2554 1479 2611 beatum
1524 2550 1708 2613 hunc,
1759 2550 1845 2605 cui
1882 2563 2123 2618 prasens

506 2660 707 2709 .sermo
727 2646 1084 2702 famulaturus
1104 2655 1209 2710 est,
1224 2644 1635 2707 Eleuchadium.
1647 2641 1878 2698 subinde
1902 2642 1982 2697 Ma
1992 2644 2123 2698 rtia-

530 2752 687 2805 num,
723 2746 1002 2807 postremo
1032 2737 1373 2793 Calocerum.
1924 2773 1933 2781 -

512 2872 515 2877 .
600 2825 735 2880 Erat
758 2835 940 2880 autem
969 2826 1337 2885 Eleuchadins
1368 2826 1470 2882 iste
1493 2824 1873 2895 philosophus;
1899 2823 2038 2878 sicut
2068 2821 2123 2875 in

518 2918 650 2987 ipsa
689 2917 835 2972 beati
866 2917 1112 2988 magistri
1143 2925 1401 2971 narratur
1448 2917 1693 2975 historia.
1728 2915 1994 2984 Superata
2041 2922 2126 2970 est

531 3023 664 3079 ergo
709 3007 977 3077 sapientia
1023 3007 1267 3061 Platonis
1288 3022 1325 3066 a1
1350 3007 1617 3076 discipulo
1647 3005 1955 3075 piscatoris.
1980 3003 2127 3059 Misit

516 3109 651 3163 .rete
706 3099 858 3154 verbi
908 3099 963 3152 in
1013 3096 1337 3166 profundam
1397 3097 1726 3167 salsuginem
1790 3095 2122 3151 Ravennatis

531 3189 746 3252 oceani,
780 3199 839 3245 et
873 3188 1124 3260 magliam
1175 3199 1420 3243 auratam
1467 3189 1538 3245 ad
1583 3187 1704 3244 ﬁdei
1752 3186 1906 3241 littus
1935 3186 2118 3242 traxit.

530 3281 704 3350 Porro
731 3279 889 3349 cujus
910 3281 1168 3350 magister
1194 3280 1329 3334 olim
1355 3289 1581 3337 noverat
1597 3290 1791 3337 cuncta
1814 3299 1910 3354 per
1931 3294 2120 3354 stagna

508 3373 840 3439 naviculam
891 3386 1103 3445 regere,
1157 3373 1483 3443 discipulum
1532 3375 1719 3431 docuit
1757 3392 1879 3432 cum
1928 3386 2120 3449 arguta

530 3466 939 3529 dialecticorum
978 3465 1215 3521 versutia
1250 3466 1563 3535 disputare;
1590 3467 1773 3522 docuit
1794 3507 1809 3530 ,
1833 3468 2078 3537 ,inqtram
2103 3508 2119 3535 ,

532 3556 858 3629 discipulum
885 3556 1032 3611 acris
1072 3556 1273 3626 ingenii
1301 3566 1356 3611 et
1384 3565 1555 3612 acuta
1582 3555 1846 3613 facundia
1876 3558 2124 3614 homines

534 3647 767 3715 simplici
794 3660 1047 3702 sermone
1068 3645 1419 3711 concludere,
1445 3646 1538 3715 qui
1562 3646 1629 3700 ad
1654 3646 2006 3703 inciudendos
2027 3662 2125 3718 per

532 3737 799 3809 profunda
831 3737 1004 3808 pelagi
1025 3737 1205 3806 pisces
1223 3737 1348 3792 vilia
1369 3745 1730 3793 consueverat
1756 3738 1894 3794 retia
1918 3739 2122 3798 subno-

534 3831 693 3892 dares
723 3829 892 3886 Plane
938 3839 1225 3900 postquam
1258 3829 1627 3886 navicularius
1675 3830 1851 3901 pelagi
1889 3830 2120 3887 ciavicu.

535 3919 705 3975 larius
756 3920 1089 3977 constitutus
1128 3926 1216 3974 est
1268 3919 1425 3985 cali;
1480 3919 1729 3989 discipuli
1790 3919 2123 3990 piscatorum

536 4010 783 4081 magistri
831 4010 963 4065 facti
1007 4020 1135 4066 sunt
1181 4019 1495 4076 oratorum;
1523 4021 1579 4067 et
1622 4012 1890 4083 sirpiculis
1940 4012 2123 4069 nmnvli

539 4107 684 4158 victa
722 4112 808 4160 est
833 4120 866 4158 a
895 4103 1251 4175 simplicitate
1274 4103 1502 4168 Christi,
1528 4104 1653 4174 quia
1707 4105 1853 4160 enim
1879 4142 1895 4171 ,
1945 4112 2009 4160 ut
2048 4104 2128 4162 ait

539 4196 852 4263 Apostolus,
902 4210 1013 4251 non
1065 4197 1318 4267 cognovit
1365 4195 1597 4251 mundus
1653 4209 1753 4265 per
1805 4196 2127 4265 sapientiam

500 4352 501 4355 η
544 4284 731 4350 Deum,
749 4284 947 4355 placuit
969 4285 1080 4341 Deo
1094 4296 1192 4356 per
1211 4287 1495 4341 stultitiam
1526 4288 1929 4359 praedicationis
1950 4288 2130 4344 salvos

540 4373 721 4433 facere
758 4376 1044 4438 credentes
1087 4376 1138 4448 (1
1177 4375 1302 4439 Cor.
1356 4377 1417 4447 ι).
1451 4376 1564 4433 Hac
1598 4377 1946 4446 simplicitate
1988 4375 2129 4435 Pau-

2225 1998 2348 2054 ιιιιῖ
2392 1998 2603 2050 Aureus
2642 2004 2822 2053 autem
2861 1993 3060 2048 vitulus
3089 1992 3259 2050 fuisse
3289 1992 3639 2055 describitur,
3676 1991 3804 2060 quia

2220 2090 2439 2149 videtur
2467 2087 2789 2143 idololatria
2822 2087 2959 2142 ritus
2999 2086 3146 2141 velut
3171 2101 3201 2138 a
3229 2084 3567 2154 sapientibus
3596 2084 3810 2137 institu-

2224 2190 2325 2235 tus.
2377 2180 2527 2233 Auro
2580 2179 2782 2249 quippe
2835 2177 3101 2246 sapientia
3147 2176 3491 2247 designatur,
3527 2174 3668 2230 sicut
3693 2186 3808 2242 per

2223 2269 2569 2324 Salomonem
2603 2268 2831 2322 dicitur:
2859 2285 2877 2317 ι
2900 2265 3211 2321 Thesaurus
3231 2263 3610 2320 desiderabilis
3634 2262 3809 2316 inore

2221 2359 2482 2429 sapientis
2521 2355 2888 2430 (Prov.xxi).i
2915 2355 3131 2410 Aureus
3192 2356 3377 2425 itaque
3424 2353 3526 2408 fuit
3579 2352 3805 2417 vitulus,

2222 2448 2349 2523 quia
2380 2447 2562 2502 mundi
2591 2446 2864 2516 sapientes
2906 2452 3035 2499 ante
3081 2459 3231 2498 nova
3265 2446 3494 2514 gratiam
3531 2441 3654 2496 ﬁdei
3693 2443 3807 2496 da-

2223 2539 2488 2596 moniaca
2515 2537 2742 2593 cultura
2770 2535 2942 2592 fuisse
2965 2536 3267 2609 probantur
3294 2546 3563 2590 auctores.
3593 2532 3668 2587 De
3688 2533 3808 2602 qui-

2220 2635 2323 2690 bus
2348 2633 2603 2687 nimirum
2646 2630 2781 2686 dicit
2824 2629 3115 2699 Apostolus
3146 2646 3161 2683 :
3192 2648 3210 2680 ι
3249 2628 3384 2696 Quia
3432 2642 3558 2682 cum
3609 2640 3809 2696 cogno-

2222 2730 2429 2782 vissent
2458 2728 2652 2790 Deum,
2682 2740 2789 2778 non
2829 2724 2974 2778 sicut
3006 2723 3174 2777 Deum
3206 2720 3668 2790 gloriﬁcaverunt,
3712 2727 3808 2771 aut

2221 2819 2427 2889 gratias
2469 2824 2733 2885 egerunt,
2765 2814 2858 2869 sed
2898 2820 3238 2871 evanuerunt
3278 2810 3331 2864 in
3387 2809 3809 2879 cogitationibus

2223 2911 2358 2975 suis,
2388 2919 2448 2964 et
2473 2909 2824 2963 obscuratum
2858 2913 2944 2959 est
2972 2903 3232 2973 insipiens
3261 2916 3359 2957 cor
3383 2915 3595 2965 eorum,
3624 2899 3809 2953 dicen-

2226 3010 2308 3056 tes
2341 3001 2486 3057 enim
2510 3015 2569 3054 se
2597 3014 2721 3054 esse
2758 2998 3055 3066 sapientes,
3081 2993 3226 3050 stulti
3259 2991 3384 3047 facti
3415 3000 3572 3055 sunt,
3601 3000 3655 3044 et
3685 3007 3807 3044 mna

2227 3101 2475 3148 laverunt
2498 3091 2726 3161 gloriam
2760 3087 3182 3156 incorruptibilis
3206 3086 3295 3140 Dei
3323 3086 3372 3137 in
3400 3083 3805 3138 similitudinem

2225 3183 2477 3254 imaginis
2538 3180 2904 3250 corruptibilis
2961 3177 3235 3242 hominis,
3292 3185 3348 3229 et
3387 3176 3701 3238 volucrum,
3754 3181 3811 3230 et

2224 3272 2635 3349 quadrupedum
2682 3279 2737 3325 et
2775 3269 3107 3338 serpentium
3140 3266 3319 3337 (Rom.
3352 3265 3416 3336 ι).
3458 3284 3477 3316 ι
3515 3264 3619 3319 Per
3668 3265 3808 3320 hanc

2225 3366 2408 3434 itaque
2443 3377 2656 3418 vesana
2705 3360 2984 3430 sapientia
3016 3360 3308 3412 vanitatem
3348 3367 3543 3428 poeta,
3574 3355 3810 3426 philoso-

2222 3458 2337 3530 phi,
2370 3456 2537 3528 magi,
2569 3454 2808 3511 siderum
2854 3452 3146 3511 rimatores
3189 3451 3541 3518 omniumque
3568 3447 3809 3516 discipli-

2224 3563 2417 3603 narum
2445 3545 2748 3602 liberalium
2774 3542 3022 3603 instrueti
3046 3541 3581 3610 peritia,prodigiosa
3597 3541 3799 3595 dante.

2225 3639 2441 3698 Iliorum
2466 3636 2708 3695 solebant
2743 3634 2972 3692 adorare
3000 3632 3275 3702 ﬁgmenta.

2296 3729 2353 3792 lu
2383 3728 2557 3785 vitulo
2581 3727 2749 3796 igitur
2775 3723 3139 3794 signiﬁcatum
3166 3732 3251 3777 est
3273 3731 3446 3777 totum
3489 3736 3723 3791 corpus,
3754 3720 3809 3774 id

2225 3831 2337 3888 est,
2360 3821 2545 3879 cumis
2563 3820 2796 3875 societas
2821 3815 3103 3888 gentilium
3135 3813 3451 3873 idololatria
3480 3814 3807 3868 deditorum.

2233 3913 2451 3985 Moyses
2483 3914 2667 3984 itaque
2689 3909 2915 3966 vitulum
2945 3910 3068 3982 igne
3095 3907 3393 3967 combussit
3427 3907 3553 3976 quia
3579 3906 3812 3961 Redem-

2227 4020 2351 4081 ptor
2395 4017 2603 4070 noster,
2635 4019 2796 4075 quem
2833 4002 2923 4061 ille
2968 4001 3302 4070 signaverat,
3330 3998 3472 4056 male
3499 3998 3810 4068 conspirata

2229 4098 2295 4171 if.
2329 4093 2724 4168 conspirantia]
2751 4093 2917 4150 corda
2954 4088 3233 4162 gentilium
3261 4088 3491 4142 ﬁamma.
3521 4102 3634 4142 sua
3678 4086 3812 4143 cha—

2230 4191 2410 4247 ritatis
2452 4188 2719 4245 accendit.
2766 4185 2924 4242 Unde
2968 4192 3023 4240 ot
3052 4183 3168 4254 ipse
3197 4181 3365 4241 dicit;
3403 4198 3422 4232 ι
3474 4179 3655 4250 Ignem
3684 4178 3808 4238 veni

2231 4283 2448 4345 mittere
2479 4281 2532 4334 in
2561 4287 2787 4342 terram,
2818 4285 2875 4330 et
2897 4274 3026 4344 quid
3067 4272 3191 4329 volo
3215 4271 3318 4327 nisi
3351 4279 3409 4326 ut
3438 4268 3813 4327 accendatur?

2231 4371 2386 4444 (Luc.
2415 4369 2519 4444 xtl)
2545 4389 2563 4422 ι
2603 4370 2673 4429 Ει
2696 4367 2969 4438 Propheta
2997 4384 3011 4427 ς
3041 4384 3060 4416 ι
3096 4364 3213 4420 Νοιι
3239 4376 3356 4430 eat,
3386 4363 3589 4432 inquit,
3635 4362 3726 4430 qui
3751 4375 3812 4415 se

518 4466 646 4532 lus,
669 4468 762 4537 qui
801 4471 869 4523 ise
891 4468 1106 4538 iudicat
1152 4467 1300 4531 inter
1324 4467 1641 4525 Corinthios
1670 4469 1804 4524 nihil
1829 4470 1989 4535 scire,
2021 4468 2124 4525 nisi
2153 4496 2211 4557 υ
2231 4463 2531 4520 abscondat
2550 4478 2581 4516 a
2603 4460 2787 4517 calore
2807 4453 3315 4557 gllS(P8al.-XVIII).
3348 4474 3367 4508 ι
3387 4453 3450 4557 lu
3478 4461 3662 4556 mente
3679 4465 3813 4555 ergo

537 4559 813 4615 Christum
859 4558 1069 4626 lesutn,
1098 4569 1153 4617 et
1208 4562 1356 4617 hunc
1400 4561 1723 4619 cruciﬁxum
1767 4562 1820 4634 (I
1850 4561 1975 4618 Car.
2017 4563 2123 4636 ιι),

537 4652 818 4722 superavit
864 4650 1185 4724 Dionysium
1236 4653 1617 4726 Areopagitam
1672 4654 1817 4724 apud
1859 4654 2124 4710 Athenas.

543 4742 657 4798 Hac
684 4743 1032 4814 simplicitate
1075 4744 1345 4803 conclusit
1369 4745 1560 4800 beatus
1588 4745 1925 4816 Apollinaris
1968 4746 2128 4805 Eleu-

539 4832 791 4898 chadium
824 4834 1205 4905 philosdphum
1229 4835 1281 4890 in
1312 4836 1447 4892 urbe
1478 4837 1766 4902 Ravenna;
1793 4836 1886 4905 qui
1917 4846 1976 4892 et
2012 4836 2129 4907 ipse

540 4923 821 4985 conatibus
849 4926 916 4980 de
960 4927 1303 4982 curationum
1335 4927 1552 4995 peritia,
1583 4929 1865 4998 respondit
1892 4928 2026 4983 nihil
2069 4944 2130 4983 se

549 5013 694 5082 scire
741 5013 859 5071 sine
888 5016 1106 5070 nomine
1152 5014 1302 5077 Jesu.
1328 5016 1717 5074 Verumtamen
1741 5018 1961 5087 utrique
2002 5019 2129 5074 huic

541 5103 840 5174 prudenter
870 5104 1099 5172 simplici
1126 5105 1315 5162 beatus
1354 5105 1550 5161 Petrus
1582 5106 1863 5176 sapientia
1889 5106 2132 5160 testimo-

547 5194 699 5254 nium
738 5195 988 5261 perhibet
1013 5213 1026 5248 :
1054 5209 1178 5250 nam
1219 5198 1284 5253 de
1324 5197 1495 5253 Paulo
1542 5196 1659 5252 ait:
1689 5196 1840 5251 Sicut
1880 5197 2132 5250 charissi-

542 5300 660 5348 mus
685 5284 852 5354 frater
893 5296 1068 5346 noster
1115 5284 1315 5341 Paulus
1362 5285 1782 5356 secundum”
1817 5286 1999 5340 datam
2033 5286 2132 5339 sibi

545 5375 857 5442 sapientiam
878 5375 1082 5443 scripsit
1107 5375 1245 5429 vobis
1270 5374 1355 5446 (II
1378 5373 1525 5430 Patr.
1552 5375 1659 5447 ut).
1683 5374 1979 5447 Apollinari
2005 5391 2131 5430 vero

548 5463 680 5533 dicit
714 5481 727 5518 :
767 5484 787 5518 ι
834 5462 972 5522 Ecce
999 5467 1246 5523 eruditus
1281 5482 1345 5524 es
1370 5467 1437 5523 de
1461 5468 1713 5527 omnibus
1743 5483 1863 5538 qua
1888 5467 2013 5525 fecit
2037 5466 2129 5523 Je-

549 5571 659 5612 sus.
709 5579 728 5610 ι

622 5643 731 5701 Sed
751 5649 840 5716 qui
865 5648 973 5706 Deo
991 5652 1264 5722 sapientes
1292 5658 1450 5707 erant
1474 5650 1675 5705 mundo
1700 5663 1762 5705 se
1782 5647 1930 5705 velut
1956 5646 2132 5705 fatuos
2198 5718 2202 5722 Α

558 5737 907 5795 exhibebant.
941 5742 1119 5799 Stulta
1161 5745 1424 5815 siquidem
1466 5744 1657 5800 mundi
1696 5743 1862 5815 elegit
1887 5742 2047 5807 Deus,
2075 5752 2133 5797 ut

2230 4556 2510 4628 gentilium
2541 4562 2759 4624 repente
2791 4551 3006 4607 divinus
3025 4550 3167 4620 ignis
3201 4547 3536 4611 accenditur,
3568 4545 3701 4599 utin
3730 4543 3814 4598 eis

2229 4644 2622 4704 irrationabilis
2675 4641 2994 4699 idololatria
3034 4638 3279 4695 bestiolis
3329 4636 3503 4692 forma
3549 4633 3811 4692 solvatur.

2231 4738 2424 4798 Totum
2452 4736 2649 4799 deinde
2676 4748 2877 4803 corpus
2900 4731 3053 4787 vituli
3082 4731 3243 4802 huius
3276 4730 3329 4783 in
3353 4727 3630 4798 pulverem
3665 4739 3813 4780 como

2230 4826 2512 4891 minuitur,
2544 4824 2672 4899 quia
2701 4821 2921 4893 gentilis
2949 4822 3042 4883 illa
3089 4822 3325 4877 societas
3372 4817 3651 4873 diabolica
3677 4831 3811 4871 con-

2230 4915 2545 4986 spirationis
2594 4914 2649 4968 in
2698 4928 2868 4968 unum
2923 4920 3044 4966 arte
3094 4907 3325 4969 conﬂata
3352 4946 3370 4972 ,
3417 4906 3487 4965 ad
3520 4905 3811 4960 adventum

2235 5008 2435 5066 Christi
2475 5007 2713 5078 quodam
2736 5005 2885 5063 velut
2909 5002 3104 5059 malleo
3139 4998 3432 5059 salutifera
3451 4995 3813 5067 correptionis

2232 5109 2428 5160 extusa
2461 5107 2627 5168 atque
2673 5113 2703 5151 a
2736 5096 2932 5167 rigoris
2965 5095 3046 5151 sui
3092 5092 3293 5149 duritia
3340 5084 3507 5147 divini
3551 5087 3701 5142 verbi
3729 5095 3815 5141 est

2234 5193 2436 5247 virtute
2463 5190 2719 5248 contrita.
2755 5185 2844 5241 'Ad
2875 5187 3097 5242 verbum
3142 5183 3405 5252 siquidem
3433 5181 3677 5235 veritatis
3723 5193 3814 5232 sa-

2233 5285 2464 5347 lubriter
2507 5281 2937 5345 comminuitur,
2974 5293 3094 5349 qua
3148 5275 3291 5331 male
3342 5275 3554 5343 integra
3605 5271 3659 5330 in
3715 5284 3811 5324 su-

2235 5376 2437 5446 perbia
2490 5390 2601 5429 sua
2645 5373 2816 5427 forma
2866 5369 3258 5428 insensibiliter
3310 5378 3458 5423 stare
3509 5363 3812 5417 videbatur.

2235 5466 2440 5521 Deinde
2471 5465 2523 5519 in
2549 5479 2743 5534 aquam
2777 5462 3070 5535 spargitur,
3097 5468 3156 5513 ut
3179 5457 3505 5513 lsraeliticus
3531 5469 3596 5507 ex
3628 5468 3693 5508 eo
3719 5466 3805 5520 po‘

2237 5557 2394 5629 pulus
2427 5555 2597 5611 bibat.

2305 5647 2682 5703 Comminutus
2713 5644 2948 5714 denique
2986 5641 3185 5697 vitulus
3217 5641 3270 5696 in
3313 5652 3509 5709 aquam
3554 5633 3811 5690 mittitur,

2236 5741 2360 5810 quia
2386 5738 2701 5794 humiliatus
2724 5735 2945 5808 gentilis
2979 5732 3209 5805 populus
3235 5731 3455 5786 lavacro
3480 5725 3583 5798 31
3616 5724 3808 5779 salut;-
