4184 6530
507 327 614 381 557

1936 306 2166 398 senae
2217 342 2304 398 vn

3652 356 3773 415 558

508 442 605 498 feri
659 443 824 500 fontis
875 458 1098 502 necesse
1151 458 1235 503 est
1288 419 1559 528 abluatur.
1606 451 1779 519 Quem
1833 454 2079 524 protinus
2106 459 2156 517 Α
2183 466 2478 511 auctorem.
2507 455 2575 512 Et
2619 457 2715 526 qui
2749 465 2876 514 tunc
2918 459 3097 523 sidera
3130 463 3286 520 radio
3326 465 3561 522 fortasse
3595 478 3762 523 nota-

506 533 762 589 lsraelitae
812 536 1033 602 bibunt,
1081 539 1210 608 quia
1248 542 1422 595 sancti
1474 542 1857 612 prmdicatores
1904 543 2081 599 Evan-

504 626 650 695 gelii,
684 628 927 696 quivere
971 628 1229 685 lsraelitae
1273 641 1420 697 sunt,
1450 648 1586 703 quos
1630 635 1697 687 ad
1744 635 2079 690 Dominicum

503 730 740 785 corpus,
797 718 938 787 quod
987 728 1071 773 est
1126 720 1410 786 Ecclesia,
1471 722 1841 790 transferunt,
1878 725 1931 778 in
1983 740 2080 780 sua

502 810 745 864 membra
768 811 1107 880 suscipiendo
1132 813 1288 881 quasi
1319 814 1551 869 bibendo
1574 823 1916 870 convertunt.
1932 815 2079 883 Quo-

500 912 623 953 rum
656 898 906 954 videlicet
932 899 1300 955 lsraelitarum
1332 903 1506 971 primo
1535 904 1736 959 dictum
1769 912 1888 960 est:
1916 924 1946 958 ἰ
1972 904 2083 960 Ma-

500 999 591 1046 cta
635 998 692 1045 et
741 992 1006 1045 manduca
1058 992 1194 1063 (Act.
1228 997 1317 1062 x);
1364 1012 1383 1045 ι
1423 995 1565 1064 quod
1617 996 1950 1052 tantumdem
1998 1008 2085 1053 est

499 1095 569 1137 ac
604 1081 647 1136 si
688 1081 961 1136 diceretur
1003 1101 1017 1135 :
1067 1103 1084 1133 ι
1127 1080 1296 1149 Tere,
1349 1093 1404 1140 et
1454 1085 1598 1141 bibe.
1639 1106 1658 1139 ι
1707 1086 1818 1152 Sic,
1864 1088 1947 1143 sic
1989 1088 2081 1144 ille

499 1170 701 1226 vitulus
729 1186 824 1241 per
859 1173 1036 1242 ignem
1068 1173 1189 1238 zeli,
1243 1181 1300 1229 et
1330 1175 1503 1229 aciem
1531 1175 1721 1241 verbi,
1773 1168 2080 1247 aquamque

499 1260 842 1330 baptismatis
866 1262 936 1317 ab
962 1264 1043 1318 eis
1088 1263 1268 1334 potius
1299 1264 1587 1334 absorptus
1614 1272 1698 1320 est
1736 1279 1873 1334 quos
1908 1280 2077 1321 cona-

500 1363 589 1409 tus
613 1365 693 1409 est
721 1355 1010 1411 absorbere
1038 1374 1051 1410 :
1086 1356 1138 1409 in
1183 1370 1278 1411 eos
1308 1357 1422 1426 ipse
1464 1340 1769 1413 transfusus
1806 1366 1909 1423 est,
1943 1372 2080 1427 quos

500 1444 553 1498 in
593 1458 710 1509 sua,
739 1445 841 1499 hoc
869 1454 954 1501 est
980 1444 1268 1511 diabolica,
1299 1455 1601 1500 tentaverat
1630 1446 1867 1502 membra
1902 1456 2080 1503 trans.

498 1532 664 1590 ferre.

572 1624 954 1682 Verumtamen
996 1628 1122 1697 quia
1153 1626 1366 1703 Moyses
1410 1644 1517 1684 non
1550 1629 1603 1684 in
1631 1629 1735 1685 hoc
1765 1639 1963 1687 metam
1991 1632 2076 1686 ul-

498 1716 662 1770 tionis
694 1716 828 1781 ﬁxit,
861 1726 920 1770 ut
952 1717 1163 1783 idolum,
1185 1717 1447 1773 duntaxat
1485 1718 1821 1789 infringeret,
1851 1723 1945 1777 sed
1991 1722 2077 1778 in-

2184 555 2354 613 verat,
2405 564 2549 603 nunc
2600 549 2722 604 caeli
2774 552 3078 607 machinam
3129 570 3253 610 cum
3303 557 3575 614 sideribus
3625 559 3766 614 volvi

2181 637 2608 706 gratulabundus
2635 648 2897 719 aspectat.
2947 641 3212 700 Nimirum
3262 648 3353 716 qui
3386 649 3541 716 prius
3583 649 3765 704 fuerat

2180 727 2530 799 philosOphus
2565 732 2837 797 veritatis,
2877 748 3176 791 conversus
3202 738 3269 791 ad
3299 739 3583 793 Dominum
3627 756 3768 809 prte-

2182 817 2395 872 dicator
2431 820 2538 891 32
2585 812 2764 876 factus
2804 832 2890 877 est
2931 824 3210 891 veritatis;
3266 827 3456 883 tertius
3484 829 3699 883 scilicet
3733 845 3765 885 a
3845 830 3849 833 ’

2181 905 2338 962 beato
2365 907 2524 965 Petro
2558 894 2803 978 apostolo
2833 911 2887 970 in
2929 914 3122 968 ordine
3153 913 3531 984 discipulatus,
3570 919 3768 974 tertius

2178 996 2342 1053 etiam
2365 998 2715 1056 nihilominus
2741 1016 2774 1057 a
2795 1000 2956 1058 beato
2977 1004 3276 1075 Apollinari
3300 1008 3352 1060 in
3386 1023 3515 1065 arce
3548 1009 3767 1079 pontifi-

2179 1096 2355 1144 catus.
2382 1090 2450 1144 Et
2477 1106 2834 1162 personarum
2882 1095 3103 1164 quidem
3139 1097 3275 1153 ordo
3318 1098 3637 1167 productus,
3668 1099 3763 1155 sed

2178 1178 2367 1233 eadem
2398 1179 2521 1238 fidei
2552 1182 2778 1252 puritas,
2803 1197 2924 1252 quae
2943 1198 3011 1241 ex
3048 1185 3163 1255 ipso
3183 1202 3397 1242 summo
3424 1197 3481 1242 et
3511 1187 3762 1258 originali

2176 1267 2325 1324 fonte
2352 1281 2713 1340 processerat,
2743 1287 2841 1342 per
2868 1274 3129 1333 devexam
3159 1275 3298 1332 alvei
3337 1278 3535 1332 seriem
3568 1280 3765 1334 decur-

2178 1359 2350 1412 rebat.
2375 1358 2507 1413 Nam
2544 1375 2575 1414 a
2605 1361 2824 1417 Christo
2871 1362 2925 1417 in
2966 1363 3212 1431 Petrum,
3239 1382 3270 1420 a
3307 1366 3471 1422 Petro
3504 1367 3560 1421 in
3598 1367 3764 1438 Apol-.-

2175 1448 2427 1515 linarem,
2454 1452 2522 1506 ab
2551 1450 2851 1522 Apollinari
2882 1455 2934 1509 in
2965 1455 3351 1511 Eleucbadium
3382 1458 3621 1514 ccclesiis
3647 1458 3762 1514 elo-

2177 1537 2288 1606 quii
2342 1537 2538 1594 fluvius
2582 1543 2886 1608 emanavit;
2927 1552 2987 1599 ut
3021 1544 3153 1600 illud
3199 1545 3502 1603 Psalmistte
3553 1563 3761 1618 praeco-n

2177 1628 2328 1682 nium
2374 1629 2742 1699 impleretur:
2797 1651 2817 1685 ι
2869 1633 2973 1700 Qui
3025 1635 3229 1690 emittit
3280 1635 3557 1705 eloquium
3606 1653 3765 1693 suum

2180 1725 2360 1783 terra),
2385 1720 2647 1778 velociter
2688 1724 2863 1779 currit
2891 1739 3072 1781 sermo
3101 1727 3218 1796 ejus
3248 1726 3426 1798 (Psal.
3474 1729 3700 1801 cuvn).
3741 1749 3759 1781 ι

498 1821 661 1875 Super
705 1808 911 1863 addidit
960 1817 1019 1862 ut
1073 1818 1128 1864 et
1179 1809 1367 1879 viginti
1420 1810 1525 1864 tria
1575 1812 1741 1866 millia
1790 1813 2068 1867 hominum
2103 1808 2147 1868 Β
2174 1804 2322 1863 Beati
2352 1811 2586 1881 denique
2622 1812 2863 1869 cultores
2891 1824 2946 1870 et
2985 1815 3264 1886 adjutores
3295 1817 3525 1884 Christi,
3554 1818 3767 1888 Apolli-

498 1898 817 1962 trucidaret,
856 1899 1082 1973 mystice
1112 1900 1313 1963 docuit,
1359 1915 1697 1970 nequaquam
1732 1902 2002 1969 sufficere,
2027 1903 2071 1958 si

498 1990 567 2044 ab
619 1989 937 2044 idololatria:
992 1990 1164 2053 cultu,
1213 1990 1296 2047 vel
1350 1993 1614 2060 pravitate
1668 1990 1792 2047 vitm
1843 1993 2073 2063 quisque

497 2081 846 2145 convertitur,
900 2081 1002 2135 nisi
1061 2090 1116 2135 et
1161 2083 1381 2151 propria
1436 2083 1565 2137 vitia
1622 2083 1801 2155 gladio
1850 2085 2073 2154 Spiritus

498 2169 828 2224 mortiﬁcare
876 2180 1120 2226 conetur.
1154 2170 1309 2227 Unde
1338 2182 1392 2226 et
1427 2173 1751 2242 prauiicator
1773 2173 2071 2244 Egregius:

470 2333 485 2339 _
508 2282 528 2313 ι
563 2252 908 2324 Mortificate,
947 2263 1145 2332 inquit,
1176 2265 1420 2318 membra
1447 2275 1652 2328 vestra,
1680 2280 1800 2334 qua:
1830 2274 1955 2321 sunt
1984 2281 2075 2321 su-

496 2367 596 2421 per
626 2361 845 2417 terram,
870 2350 1307 2418 fornicationem,
1333 2354 1751 2421 immunditiam,
1778 2353 2097 2421 luxuriam,'

498 2441 986 2511 concupiscentiam
1020 2443 1216 2497 malam
1246 2453 1301 2499 et
1326 2445 1632 2509 avaritiam,
1660 2459 1779 2514 quae
1800 2454 1882 2499 est
1908 2443 2076 2501 idolo-

497 2551 618 2590 rum
641 2536 873 2591 servitus
924 2535 1063 2603 (Col.
1114 2538 1220 2608 ιιι).
1262 2557 1283 2588 ι
1316 2537 1382 2592 Ει
1430 2526 1882 2609 ηοιιιιιάιιιιιίιιιίιι
1933 2540 2075 2595 sicut

498 2629 587 2684 hic
612 2630 741 2707 vitia
773 2631 1012 2699 membra
1050 2640 1234 2685 nostra
1284 2644 1404 2686 esse
1453 2632 1727 2696 dicuntur,
1765 2633 1840 2686 ita
1881 2641 1937 2688 et
1966 2633 2075 2689 illic

496 2722 588 2793 qui
614 2708 878 2793 perempti
911 2731 1058 2786 sunt,
1085 2738 1210 2777 cum
1239 2723 1681 2780 interfectoribus
1712 2723 1826 2778 suis
1855 2725 2074 2793 propin-

494 2815 721 2884 quitatis
742 2814 1142 2868 necessitudine
1160 2813 1553 2884 jungebanlur,
1569 2815 1707 2870 sicut
1733 2830 1830 2884 per
1853 2813 2070 2884 Moysen

496 2904 698 2960 dictum
753 2916 885 2959 est:
927 2924 944 2954 ι
1000 2904 1123 2958 llaec
1176 2904 1309 2958 dicit
1352 2904 1619 2959 Dominus
1667 2905 1808 2960 Deus
1860 2903 2068 2963 Israel:

493 2994 666 3051 Ponat
690 2997 773 3049 vir
800 2996 1034 3065 gladium
1067 3011 1228 3067 super
1259 2995 1435 3051 femur
1471 3013 1662 3063 suum;
1698 2999 1791 3063 ite,
1824 3009 1879 3052 et
1902 2998 2072 3052 redite

494 3083 562 3141 de
590 3095 743 3155 porta
783 3102 952 3156 usque
985 3088 1040 3141 in
1090 3096 1296 3156 portam
1331 3103 1429 3158 per
1458 3089 1694 3144 medium
1744 3099 2068 3154 castrorum,

2179 1901 2330 1956 naris
2381 1910 2439 1956 et
2499 1890 2899 1971 Eleucbadius;
2962 1916 3116 1977 pater
3167 1908 3422 1964 videlicet
3471 1920 3526 1966 et
3576 1911 3768 1978 ﬁlius,

2175 1994 2436 2064 magister
2462 2003 2623 2065 atque
2650 1996 2966 2067 discipulus,
2992 1999 3152 2056 unius
3171 2000 3354 2068 operis
3377 2001 3763 2070 ministerium,

2174 2085 2354 2151 unius,
2385 2093 2443 2140 ut
2474 2085 2546 2140 ita
2571 2086 2785 2158 loquar,
2814 2090 2930 2159 agri
2955 2089 3202 2155 fundum,
3226 2093 3387 2146 unius
3408 2102 3765 2162 susceperunt

2176 2174 2347 2229 vineae
2367 2175 2699 2232 colonatum.
2722 2178 2815 2234 ille
2844 2179 3125 2246 nimirum,
3154 2189 3211 2234 ut
3240 2182 3473 2236 obscura
3502 2183 3765 2238 silvarum

2174 2265 2445 2335 condensa
2461 2267 2796 2334 succideret;
2815 2268 2916 2323 istc
2928 2284 3057 2324 vero
3079 2278 3138 2323 ut
3154 2270 3400 2326 residuos
3417 2273 3765 2329 arbustorum

2177 2361 2398 2409 truncos
2424 2363 2479 2409 et
2507 2355 2939 2411 horrescentium
2971 2358 3217 2427 veprium
3246 2358 3465 2414 dumeta
3494 2359 3764 2415 radicitus

2178 2446 2528 2516 exstirparet.
2561 2445 2675 2512 ille,
2705 2456 2764 2499 ιιι
2789 2455 2950 2501 acuto
2985 2446 3130 2501 verbi
3162 2461 3385 2503 vomere
3424 2447 3562 2502 dura
3594 2462 3762 2517 squa-

2177 2536 2340 2591 lentis
2370 2536 2569 2590 deserti
2605 2552 2728 2590 rura
2759 2537 3167 2606 proscinderet;
3194 2537 3297 2592 iste
3330 2550 3393 2592 ut
3412 2538 3769 2593 nihilominus

2174 2635 2379 2683 sancta:
2421 2628 2823 2697 praedicationis
2874 2629 3105 2697 sarculo,
3137 2631 3463 2687 tumentium
3504 2630 3764 2686 vitiorum

2173 2725 2298 2788 post
2344 2734 2466 2773 eum
2517 2717 2702 2791 glebas
2756 2717 3074 2791 effringeret
3123 2730 3180 2778 et
3234 2722 3507 2777 honorum
3538 2734 3766 2791 operum

2175 2804 2422 2878 frugibus
2456 2807 2670 2862 novalia
2701 2807 2994 2878 diligenter
3028 2809 3246 2864 exculta
3276 2810 3521 2865 vestiret.
3555 2809 3673 2874 ille,
3704 2817 3767 2863 ut

2174 2912 2298 2950 cum
2330 2896 2496 2952 Paulo
2525 2897 2831 2967 plautaret;
2880 2898 2986 2952 iste
3015 2909 3077 2955 ut
3100 2914 3226 2954 cum
3258 2898 3512 2968 Apolline
3559 2900 3767 2969 rigaret

2176 2984 2225 3055 (ι
2249 2983 2372 3038 Cor.
2405 2985 2513 3056 ιιι).
2544 2985 2722 3054 Atque
2745 2994 2805 3039 ut
2842 2985 3004 3041 altius
3028 2996 3294 3056 repetam,
3318 2987 3409 3042 ille
3435 3003 3559 3042 cum
3585 2987 3770 3058 Moyse

2176 3076 2425 3146 populum
2452 3077 2660 3131 Domini
2687 3077 2861 3133 diviso
2888 3078 3022 3132 mari
3050 3077 3236 3134 Rubro
3260 3079 3314 3134 in
3338 3079 3553 3134 deserta
3578 3087 3764 3135 trans-

494 3188 551 3234 et
573 3180 788 3245 occidat
809 3180 1178 3248 unusquisque
1206 3178 1452 3245 fratrem,
1473 3189 1528 3235 et
1556 3182 1789 3236 amicum
1815 3191 1869 3236 et
1894 3182 2073 3253 proxi-

2178 3170 2360 3240 posuit
2391 3168 2593 3240 (Exod.
2631 3172 2770 3240 xw);
2805 3171 2910 3225 iste
2939 3184 3061 3243 cum
3090 3168 3276 3236 Josue,
3303 3171 3562 3241 magistro
3583 3184 3770 3237 succe-

497 3286 644 3326 ntum
678 3286 835 3325 suum
869 3270 1063 3340 (Exod.
1102 3269 1297 3343 xxx").
1340 3290 1358 3324 ι
1398 3270 1454 3325 Si
1481 3286 1641 3345 quem
1681 3287 1809 3341 ergo
1839 3272 2075 3327 delectat

493 3361 547 3415 in
602 3374 750 3413 arma
801 3374 1177 3431 consurgere,
1241 3360 1490 3432 quisquis
1537 3360 1755 3416 anhelat
1816 3361 2075 3416 adversus

494 3450 729 3506 hostium
777 3465 979 3506 cuneos
1024 3451 1302 3515 dimicare,
1343 3460 1522 3506 vertat
1552 3466 1744 3506 manus
1774 3452 1826 3507 in
1872 3468 1972 3518 se,
2020 3461 2076 3507 et

493 3540 604 3596 illic
627 3540 808 3610 plures
848 3540 1086 3596 inveniet
1110 3540 1452 3596 adversarios
1478 3537 1900 3607 obtruncandos,
1935 3541 2075 3597 unde

492 3630 744 3686 videlicet
772 3640 894 3700 post
920 3631 1205 3686 victoriam
1238 3645 1348 3686 non
1383 3630 1673 3687 homicidae
1723 3631 1924 3687 foedum
1973 3646 2072 3686 no—

493 3735 618 3777 men
668 3722 953 3787 incurrat,
1004 3721 1100 3776 sed
1156 3720 1426 3793 gloriosus
1474 3721 1655 3792 potius
1713 3721 2076 3790 triumphator

494 3821 777 3884 appareat,
800 3813 943 3868 unde
984 3823 1134 3868 certe
1171 3829 1276 3869 non
1324 3815 1627 3869 sanctuarii
1670 3823 1945 3879 mereatur
1980 3830 2076 3869 ex-

493 3901 636 3959 cludi
665 3902 962 3968 liminibus,
978 3905 1073 3957 sed
1100 3919 1426 3979 consecratis
1449 3905 1800 3973 semetipsum
1825 3903 2072 3972 Domino,

493 3992 693 4049 divinae
713 3993 899 4064 gratiae
920 3994 1390 4051 benedictionibus
1413 4004 1695 4065 augeatur,
1717 3995 1858 4050 sicut
1884 4002 1938 4048 et
1967 3988 2074 4049 illis

493 4083 700 4139 dictum
741 4092 869 4140 est:
907 4101 927 4136 ι
964 4083 1356 4151 Consecrastis,
1388 4085 1587 4157 inquit,
1639 4100 1833 4146 manus
1862 4090 2073 4141 vestras

493 4172 658 4233 hodie
703 4175 953 4241 Domino,
996 4176 1367 4246 unusquisque
1408 4175 1460 4229 in
1512 4175 1622 4230 lilio
1661 4182 1717 4230 et
1744 4173 1914 4233 fratre
1949 4189 2070 4239 suo,

376 4278 393 4297 ο
494 4274 557 4320 ιιι
591 4266 749 4320 detur
775 4266 928 4321 vobis
957 4266 1266 4321 benedictio
1297 4264 1508 4335 (lbid.).
1546 4284 1567 4318 ι
1600 4263 1753 4332 Quod
1799 4272 1978 4321 autem
2012 4264 2069 4331 ii,

494 4353 587 4422 qui
638 4353 763 4408 exesi
795 4345 1173 4425 sunt,viginti
1214 4354 1320 4415 tria
1369 4353 1535 4409 millia
1584 4352 1753 4410 fuisse
1804 4354 2068 4421 referunt,

2177 3259 2332 3324 dens,
2373 3259 2623 3316 eumdem
2656 3259 2910 3330 populum
2965 3260 3021 3316 in
3075 3268 3278 3315 terram
3331 3260 3769 3331 repromissionis

2153 3350 2383 3421 primus
2434 3351 2735 3407 introduxit
2783 3351 2920 3423 (los.
2978 3350 3093 3421 tv).
3155 3349 3249 3405 ille
3296 3340 3483 3406 docuit
3532 3349 3771 3420 qualiter

2171 3440 2468 3512 Egyptum
2502 3441 2671 3498 lsrael
2691 3440 2874 3496 accola
2900 3449 3213 3509 sperneret;
3245 3440 3347 3496 iste
3376 3454 3507 3494 vero
3533 3439 3771 3509 qualiter

2174 3540 2374 3590 terram
2398 3532 2551 3589 lactis
2590 3541 2646 3587 et
2678 3531 2853 3590 mellis
2892 3531 3153 3601 irriguam
3187 3531 3494 3585 distributis
3525 3531 3762 3586 invicem

2173 3625 2413 3682 sortibus
2442 3624 2766 3694 possideret.
2792 3623 2947 3678 Alter
2977 3622 3238 3677 nimirum
3289 3621 3426 3676 colla
3474 3621 3543 3676 de
3583 3620 3768 3687 fet-reo

2167 3714 2299 3787 iugo
2322 3715 2627 3775 Pharaonis
2665 3722 2951 3777 excutere,
2981 3712 3119 3765 alter
3145 3711 3429 3766 admonuit
3460 3710 3765 3781 triumpha-

2174 3806 2400 3862 tricibus
2442 3805 2645 3876 plantis
2672 3805 2916 3860 devictas
2946 3794 3187 3857 hostium
3224 3801 3442 3856 calcare
3486 3802 3756 3856 cervices.

2171 3898 2326 3952 Alter
2354 3896 2573 3952 edocuit
2598 3892 2880 3950 servitutis
2908 3891 3259 3963 opprobrium
3305 3907 3469 3962 quam
3500 3889 3758 3946 celeriter

2172 3987 2444 4059 fugerent,
2470 3985 2609 4043 alter
2647 3994 2831 4041 autem
2881 3985 3032 4057 ipsos
3055 3983 3323 4039 libertatis
3371 3981 3558 4037 titulos
3587 3995 3754 4052 quam

2172 4078 2488 4139 cautissime
2509 4076 2877 4134 custodirent.

2238 4171 2427 4245 Neque
2454 4186 2586 4232 vero
2615 4171 3078 4235 credendutnest,
3111 4168 3319 4227 fratres
3341 4167 3448 4224 mei
3465 4198 3483 4235 ,
3505 4166 3569 4222 B.
3606 4166 3765 4223 Eleu-

2171 4262 2472 4328 cbadium,
2519 4263 2649 4318 dum
2695 4261 2879 4319 adhuc
2915 4261 3161 4325 viveret,
3221 4260 3468 4332 martyrii
3520 4260 3767 4316 caruisse

2154 4351 2473 4418 laboribus,
2512 4353 2618 4408 etsi
2662 4367 2770 4407 non
2806 4350 2981 4407 fuerit
3011 4353 3279 4423 martyrio
3328 4360 3762 4413 consummatus.

494 4459 752 4501 numerus
776 4445 938 4498 trium
973 4445 1197 4500 millium
1232 4454 1634 4517 peremptorum
1663 4436 1930 4514 triplicem
1962 4434 2072 4500 for-
2101 4441 2405 4517 “Videbat
2446 4443 2703 4498 nimirum
2733 4442 3059 4514 gentilitatis
3100 4459 3276 4512 nuper
3312 4443 3601 4504 exstincta
3630 4457 3767 4497 non-

493 4547 636 4589 mam
668 4533 867 4590 indicat
906 4544 1274 4604 peccatorum.
1305 4534 1476 4595 Omne
1527 4535 1725 4606 quippe
1762 4544 2065 4606 peccatum,

491 4634 589 4680 aut
615 4624 777 4690 facto,
801 4635 905 4680 aut
931 4627 1123 4692 verbo,
1168 4635 1265 4681 aut
1293 4626 1625 4697 cogitatione
1653 4626 2068 4681 committimus.

496 4715 602 4770 Sed
622 4715 874 4785 quoniam
912 4715 1024 4771 illic
1054 4725 1111 4772 et
1157 4717 1413 4773 denarius
1450 4732 1708 4773 numerus
1735 4717 2067 4796 geminatur,

494 4806 654 4860 datur
701 4806 926 4878 intelligi
956 4807 1081 4876 quia
1135 4808 1277 4863 sicut
1320 4807 1646 4880 Decalogum
1678 4817 2068 4879 praeceptorum

489 4893 650 4968 culpa
698 4895 915 4962 carnis,
968 4896 1133 4951 simul
1171 4905 1226 4951 et
1262 4897 1455 4952 animat-
1487 4912 1713 4953 servare
1741 4897 2070 4966 contempsi-

494 5000 635 5047 mus,
668 4987 748 5041 sic
775 4987 938 5041 etiam
969 4986 1252 5057 utriusque
1277 4988 1705 5054 vitia,virtutum
1735 4989 1903 5043 armis
1929 4997 2069 5043 atte-

494 5090 614 5131 rere
640 5083 695 5130 et
740 5077 1070 5134 mortificare
1103 5077 1377 5134 debemus.

565 5167 761 5223 Beatus
794 5156 954 5238 igitur
994 5170 1360 5225 Eleucbadius
1401 5174 1529 5226 tunc
1573 5162 1927 5241 philosOphus
1954 5184 2069 5225 ma—

494 5271 650 5328 gnus,
679 5269 935 5328 tanquam
982 5275 1180 5334 aureus
1206 5261 1410 5316 vitulus
1449 5261 1717 5318 contritus
1749 5269 1832 5317 est
1879 5261 2074 5316 malleo

493 5347 911 5419 praedicationis,
942 5358 996 5404 et
1022 5348 1327 5404 transfusus
1355 5358 1438 5406 est
1467 5351 1518 5403 in
1560 5350 1801 5406 membra
1826 5351 2070 5420 corporis

494 5433 713 5491 Christi.
741 5430 892 5492 Tunc
921 5439 1108 5495 doctor
1136 5447 1365 5493 terrenae
1413 5438 1716 5508 sapientiae,
1762 5455 1905 5495 nunc
1944 5450 2063 5495 ma-

492 5526 659 5597 gister
718 5526 941 5582 effectus
987 5538 1067 5584 est
1121 5528 1501 5584 ecclesiasticae
1549 5528 1865 5598 disciplinae.
1916 5528 2068 5584 Tunc

495 5618 820 5674 naturalium
872 5636 1157 5676 causarum
1208 5621 1511 5676 rimabatur
1547 5620 1882 5692 indaginem,
1921 5636 2067 5678 nunc

494 5713 736 5777 omnium
777 5723 1093 5775 naturarum
1146 5715 1319 5786 ipsum
1348 5713 1631 5787 perspicue
1668 5706 2065 5787 contemplatur

2100 4494 2148 4555 D

2173 4534 2350 4590 nullas
2395 4535 2572 4590 adhuc
2599 4548 2891 4603 superesse
2913 4533 3204 4602 reliquias;
3236 4533 3456 4588 dolebat
3484 4532 3542 4586 in
3567 4531 3765 4602 populo

2171 4629 2277 4684 sibi
2302 4628 2618 4693 commisso,
2644 4627 2729 4682 vel
2759 4638 3004 4684 extrema
3030 4625 3399 4697 superstitiosi
3428 4624 3567 4678 ritus
3596 4624 3765 4679 vesti-

2169 4720 2257 4791 gia
2285 4720 2635 4782 remansisse,
2662 4728 2828 4790 atque
2850 4720 2972 4777 ideo
3003 4720 3131 4778 licet
3171 4717 3619 4790 persequentium
3646 4730 3764 4771 ma—

2172 4826 2286 4867 nus
2303 4810 2511 4882 gladios
2540 4826 2649 4871 non
2677 4820 2949 4878 ssereret,
2980 4810 3329 4866 cruciabatur
3352 4807 3534 4862 anima
3570 4812 3763 4862 sancta

2170 4901 2244 4971 pii
2259 4900 2360 4956 zeli
2377 4916 2440 4956 ac
2453 4910 2695 4971 paternae
2712 4897 3373 4972 compassionisincendio
3388 4905 3760 4952 concremata.

2175 4988 2314 5062 Quid
2341 4990 2486 5044 enim
2524 4990 2778 5061 prodest,
2803 4990 2850 5045 si
2876 4990 3163 5059 quisquam
3195 4986 3462 5043 catbolice
3492 4986 3682 5041 credat
3705 4994 3763 5041 et
3804 5002 3813 5007 “

2172 5080 2450 5150 gentiliter
2475 5080 2655 5134 vivat?
2684 5081 2792 5135 Aut
2819 5078 3091 5149 quomodo
3126 5075 3427 5135 credulitas
3453 5086 3601 5133 recta
3631 5091 3757 5131 cum

2172 5173 2279 5226 vita
2315 5171 2613 5228 concordat
2641 5170 2938 5229 haeretica?
2973 5168 3115 5237 Quid
3139 5169 3285 5224 enim
3324 5166 3507 5236 juvat,
3536 5167 3579 5222 si
3625 5166 3760 5223 fides

2150 5260 2314 5321 .adsit
2359 5260 2686 5330 apostolica,
2728 5259 2818 5313 ubi
2859 5259 3203 5317 conversatio
3254 5257 3472 5313 ducitur
3520 5255 3760 5310 Ariana?

2174 5349 2254 5409 De
2296 5350 2365 5405 iis
2413 5350 2636 5415 etenim,
2668 5349 2761 5420 qni
2813 5348 3079 5409 catholice
3127 5348 3359 5403 credunt
3408 5356 3467 5401 et
3500 5344 3759 5400 haeretica

2171 5440 2380 5506 vivunt,
2411 5439 2765 5508 conqueritur
2790 5438 2985 5494 beatus
3008 5436 3301 5508 Apostolus
3325 5437 3542 5517 dicens:
3562 5451 3581 5486 t
3609 5432 3755 5489 Con-

2173 5529 2396 5589 ﬁtentur
2438 5545 2499 5585 se
2527 5545 2686 5586 nosse
2717 5527 2914 5596 Deum,
2954 5529 3113 5585 factis
3154 5539 3336 5583 autem
3377 5535 3583 5596 negant
3621 5525 3751 5599 (Tit.

2170 5622 2243 5693 ιι).
2277 5641 2305 5675 ι
2335 5620 2470 5677 Cum
2488 5621 2605 5677 sive
2627 5621 2915 5686 credendo,
2947 5621 3064 5676 sive
3093 5617 3342 5686 vivendo,
3358 5618 3528 5673 Deum
3557 5630 3756 5690 negare

2170 5713 2308 5780 nihil
2343 5713 2417 5770 sit
2444 5713 2589 5773 aliud
2640 5714 2844 5786 absque
2881 5714 3046 5770 dubio
3072 5727 3235 5785 quam
3280 5712 3478 5784 perire.
3503 5709 3755 5791 Quaprqg
