4184 6498
483 304 592 362 539

1092 301 1152 359 5.
1193 300 1400 359 PETRI
1428 301 1716 358 DAMIANI
1745 299 1896 357 ΟΡΡ.
1933 299 2093 356 PARS

2196 301 2284 360 ΕΙ]
2325 300 2646 360 τοιιυειι.
2686 331 2758 342 —
2792 298 3183 358 SERMONES.

3651 300 3763 355 540

481 429 606 490 pter
630 418 820 473 beatus
838 413 1078 487 pontifex
1101 415 1460 470 Eleuchadius
1483 431 1588 470 non
1615 414 2066 469 contemnendum
2096 421 2142 479 Α
2173 425 2318 480 sunt,
2378 431 2482 469 non
2537 414 2764 469 ambire.
2817 412 3074 468 Prasenti
3127 413 3441 469 necessitati
3492 413 3762 470 hodierna

483 508 706 579 pertulit
746 509 799 562 in
833 507 945 578 ipsa
978 507 1234 561 Ecclesia
1283 521 1414 577 pace
1445 506 1792 576 martyrium,
1824 505 2064 574 quando.

2169 521 2298 560 cura
2326 504 2576 569 suﬁiciat,
2600 519 2700 558 nec
2725 505 2866 560 diem
2894 503 3192 558 crastinum
3222 502 3605 558 sollicitudinis
3629 521 3770 559 ran-

485 599 703 668 quidem
754 597 854 655 etsi
885 611 991 650 non
1029 611 1150 651 cum
1192 597 1397 665 perlide
1419 595 1788 659 credentibus,
1817 595 1910 649 sed
1944 610 2070 664 pcr-
2170 610 2267 650 cor
2291 595 2574 662 anticipet.

485 703 644 743 verse
681 687 987 741 viventibus
1031 686 1460 741 infrederahilem
1505 687 1768 755 probatur
1814 685 2067 740 habuisse

484 779 818 846 conﬂictum,
850 796 1160 850 quanquam
1185 789 1238 834 et
1265 781 1318 833 in
1349 779 1470 833 ﬁdei
1498 779 1747 834 doctrina
1771 777 2068 833 desudasse

483 889 607 926 eum
660 887 768 926 non
823 873 943 926 sine
997 873 1207 926 ratione
1264 871 1596 942 colligimus,
1644 887 1768 926 cum
1826 871 2067 924 omnium

489 960 790 1016 Ravennati
819 964 1100 1032 metropoli
1131 963 1491 1033 adjacentium
1523 963 1841 1018 diacesium
1878 962 2071 1016 civita-

2241 684 2574 740 lsraeliticus
2603 699 2732 737 sane
2786 681 3037 753 populus,
3068 671 3208 737 sicut
3233 697 3388 738 sacra
3420 690 3651 736 testatur
3678 681 3765 736 hi-

2171 775 2368 844 storia,
2392 793 2513 832 cum
2541 791 2736 830 manna
2764 775 3064 846 colligeret,
3113 775 3451 830 scaturiehat
3485 775 3766 829 vermibus

2173 877 2356 936 atque
2389 866 2882 936 compulrescebat,
2918 865 2962 919 si
2995 864 3118 933 quis
3156 863 3447 918 inﬁdeliter
3477 878 3662 932 agens,
3695 877 3764 916 ex

2172 971 2237 1014 eo
2267 959 2317 1012 in
2369 959 2666 1013 crastinum
2715 965 3024 1012 reservaret
3075 954 3274 1025 (Exod.
3304 956 3435 1024 xvi).
3475 953 3566 1008 Sic
3601 953 3768 1007 nimio

485 1062 567 1107 tes
597 1061 654 1108 et
678 1053 892 1122 oppida,
918 1054 1024 1124 33
1069 1047 1245 1108 nullos
1279 1069 1414 1124 pene
1452 1055 1750 1108 recondere
1799 1060 2072 1121 martyres
2176 1064 2296 1107 rum
2326 1049 2574 1118 quisquis
2627 1048 2822 1103 ardore
2874 1046 3189 1118 cupiditatis
3235 1060 3516 1103 accensus.
3552 1055 3609 1097 ut
3647 1054 3764 1097 tan-

491 1159 869 1213 agnoscamus

563 1233 716 1288 Unde
745 1233 886 1287 beati
920 1232 1248 1302 Apollinaris
1299 1241 1499 1302 quanta
1533 1234 1726 1304 gloria,
1758 1240 1958 1302 quanta
2005 1230 2075 1285 sit

418 1356 420 1358 τ
488 1327 805 1381 excellentia
838 1327 1022 1380 mirari
1065 1326 1225 1396 digne
1272 1343 1376 1380 non
1411 1343 1716 1395 possumus,
1747 1325 1900 1394 cujus
1927 1340 2075 1378 mar-

492 1416 692 1486 tyrium
723 1431 846 1468 cum
875 1429 972 1485 per
1001 1415 1188 1482 viginti
1218 1424 1272 1470 et
1329 1431 1519 1468 novem
1547 1431 1812 1469 annorum
1845 1414 2076 1483 spatium

492 1520 592 1574 per
619 1504 1034 1558 innumerabilia
1087 1505 1252 1559 fuerit
1279 1513 1550 1559 tormenta
1581 1506 1923 1574 productum,
1954 1513 2078 1557 tan-

497 1603 609 1647 tum
667 1593 815 1649 solus
843 1595 1143 1650 elaboravit
1189 1597 1330 1665 quod
1378 1596 1518 1650 alter
1559 1597 1849 1666 quispiam,
1900 1594 1990 1650 ubi
2024 1595 2078 1650 in

495 1685 622 1739 totis
672 1684 786 1740 fere
813 1685 921 1740 illis
955 1687 1202 1756 partibus
1249 1703 1346 1756 pro
1379 1687 1687 1742 testimonio
1718 1687 1839 1741 ﬁdei
1871 1687 2078 1757 potuis-

2175 1155 2338 1210 quam
2386 1139 2601 1208 corpori
2654 1153 2753 1193 suo
2805 1137 3064 1193 alimenta
3121 1136 3426 1207 provideat,
3485 1144 3759 1188 terrenam

2179 1231 2280 1288 sibi
2309 1217 2671 1286 substantiam
2705 1230 3067 1294 uimurizai,
3117 1229 3246 1283 huic
3274 1227 3361 1281 ille
3390 1226 3590 1280 vermis
3617 1223 3769 1279 ebul-

2180 1321 2262 1387 lit,
2289 1320 2382 1392 qui
2433 1319 2825 1375 conscientiam
2863 1319 3054 1383 fodiat,
3082 1327 3138 1373 et
3181 1333 3381 1374 arcana
3414 1317 3651 1388 pectoris
3680 1332 3771 1370 ro-

2180 1415 2291 1471 dat.
2321 1413 2614 1468 Enimvero
2662 1412 2699 1467 ii
2747 1411 3169 1468 sollicitudinum
3210 1425 3448 1474 vermes,
3489 1407 3598 1480 3E.
3634 1422 3772 1478 quos

2182 1505 2412 1560 avaritia
2455 1511 2712 1573 generat,
2762 1502 2883 1557 illos
2926 1501 3104 1557 denuo
3151 1516 3364 1555 vermes
3418 1508 3656 1570 parant,
3705 1498 3774 1551 de

2183 1597 2384 1667 quibus
2427 1595 2690 1664 scriptum
2735 1602 2868 1650 est:
2925 1611 2944 1646 ι
2977 1593 3121 1664 Ignis
3173 1608 3362 1648 eorum
3423 1607 3530 1645 non
3567 1590 3773 1644 exstin-

2185 1697 2375 1758 guetur
2422 1697 2478 1742 et
2522 1686 2724 1743 vermis
2777 1701 2882 1742 non
2937 1686 3202 1740 morietur
3249 1683 3384 1754 (Isa.
3434 1686 3601 1753 vat),
3637 1701 3654 1732 ι
3714 1689 3775 1734 ιιι

495 1784 582 1830 set
627 1778 970 1841 occumbere,
1027 1794 1134 1833 non
1171 1779 1395 1834 invenit.
1446 1778 1502 1834 Si
1553 1781 1681 1850 quid
1715 1791 1893 1834 autem
1943 1779 2084 1834 forte
2116 1781 2158 1840 Β
2187 1782 2363 1851 ignem
2398 1779 2538 1850 ignis
2560 1777 2870 1847 cupiditatis
2897 1777 3163 1831 accendat
3189 1785 3244 1829 et
3273 1774 3474 1827 vermis
3495 1789 3561 1828 ex
3588 1784 3776 1826 verme

495 1868 782 1937 superfuit,
827 1867 1210 1939 discipulorum
1268 1869 1386 1939 ejus
1448 1870 1724 1925 successio
1773 1869 2082 1924 veneranda

493 1957 786 2026 supplevit,
823 1957 964 2012 inter
991 1973 1130 2026 quos
1169 1959 1422 2013 nimirum
1469 1960 1659 2014 beatus
1700 1959 2083 2026 Eleuchadius,

495 2046 645 2101 velut
695 2061 919 2100 aureum
961 2048 1110 2102 sidus
1155 2048 1368 2113 enituit,
1417 2058 1491 2112 et,
1535 2050 1690 2120 juxta
1736 2051 1971 2104 nominis
1999 2050 2086 2104 sui

497 2137 908 2208 etymologiam,
958 2139 1170 2208 paterni
1197 2141 1447 2195 candoris
1473 2150 1634 2211 atque
1661 2141 1965 2211 splendoris
1995 2141 2084 2196 in-

499 2228 698 2296 signia,
713 2237 774 2282 ut
796 2243 985 2284 revera
1007 2229 1149 2284 ﬁlius
1169 2231 1485 2298 reportavit.
1510 2231 1869 2286 Eieuchadius
1889 2231 2088 2301 quippe

502 2316 714 2382 Graec,
741 2316 937 2371 Latine
983 2317 1302 2388 inteiligitur
1326 2319 1606 2372 candidus.
1637 2319 1748 2374 Nec
1795 2319 2086 2374 immerito.

499 2404 581 2460 Ex
617 2421 804 2461 eorum
833 2422 1026 2477 nempe
1055 2406 1230 2462 fuerat
1259 2423 1509 2472 numero,
1536 2410 1601 2464 de
1629 2409 1827 2480 quibus
1855 2410 2086 2465 dicitur:

506 2513 527 2548 ι
556 2495 781 2552 Candidi
819 2496 946 2553 facti
990 2507 1119 2553 sunt
1165 2497 1406 2554 Nazarai
1439 2499 1578 2569 ejus,
1610 2501 1946 2572 splendorem
1978 2501 2091 2558 Deo

500 2587 787 2654 dederunt,
823 2597 880 2642 et
929 2588 1070 2643 sicut
1096 2587 1182 2644 lac
1221 2590 1489 2660 coagulati
1537 2599 1664 2645 sunt
1693 2589 1909 2660 (Thren.
1936 2589 2032 2662 tv).
2066 2609 2086 2644 ι

501 2677 566 2732 Et
598 2677 767 2734 Iacob
801 2679 868 2735 de
895 2679 1116 2736 Christo
1145 2681 1212 2736 ad
1246 2681 1416 2737 ﬁlium
1442 2701 1454 2737 :
1494 2701 1513 2734 ι
1543 2681 1888 2738 Pulchriores
1941 2690 2090 2750 sunt,

507 2769 709 2840 inquit,
751 2771 891 2826 oculi
944 2770 1062 2840 ejus
1091 2772 1241 2839 vino,
1289 2781 1344 2829 et
1375 2774 1564 2829 dentes
1592 2771 1709 2842 ejus
1736 2773 1874 2828 lacte
1901 2773 2090 2828 candi-

503 2860 684 2916 diores
715 2859 870 2932 (Cen.
908 2862 1080 2933 sua).
1107 2882 1128 2916 ι
1163 2862 1318 2919 Oculi
1367 2878 1563 2933 nempe
1605 2863 1827 2928 Christi,
1863 2862 2089 2935 apostoli

501 2962 557 3008 et
585 2954 931 3024 evangelista
967 2966 1113 3020 sunt,
1170 2956 1262 3025 qui
1319 2956 1572 3011 universo
1621 2956 1834 3026 corpori
1891 2965 2093 3012 sancta

504 3045 762 3100 Ecclesia
790 3044 971 3101 lumen
1016 3046 1298 3115 sapientia
1329 3047 1719 3118 prastiterunt,
1747 3063 1976 3117 quorum
1999 3048 2094 3102 do-

2192 1871 2468 1941 procedat.
2497 1868 2817 1938 Quanquam
2843 1877 2898 1922 et
2926 1867 3005 1921 sic
3030 1866 3209 1919 valeat
3238 1880 3344 1918 non
3373 1861 3768 1919 inconvenien-

2191 1972 2274 2018 ter
2305 1959 2546 2032 intelligi,
2603 1961 2727 2030 quia
2784 1960 2923 2014 sicut
2968 1958 3083 2028 ipse
3130 1955 3400 2019 Christus,
3459 1955 3549 2024 qui
3604 1953 3774 2007 dicit:

2195 2075 2214 2108 ι
2253 2057 2363 2124 Ego
2392 2071 2513 2109 sum
2564 2053 2788 2117 vermis,
2816 2059 2872 2106 et
2904 2066 3008 2104 non
3039 2051 3202 2104 homo
3230 2046 3404 2119 (Psnl.
3438 2046 3572 2115 im),
3611 2064 3627 2094 ›
3656 2058 3783 2112 pro-

2190 2146 2340 2200 venit
2369 2144 2490 2198 aliis
2528 2143 2580 2197 in
2619 2140 3104 2204 resurrectionem,
3141 2139 3214 2192 ita
3270 2137 3624 2191 nihilominus
3652 2149 3779 2188 ver-

2193 2237 2322 2292 bum
2376 2235 2494 2304 ejus
2546 2235 2608 2289 ﬁt
2662 2247 2861 2287 manna
2909 2231 3192 2300 mellisque
3234 2228 3460 2283 dulcedo
3513 2225 3779 2290 ﬁdelibus,

2193 2326 2498 2381 inﬁdelibus
2519 2334 2700 2380 autem
2735 2333 2790 2378 et
2811 2337 2972 2392 prave
3004 2321 3308 2376 viventibus
3330 2319 3530 2372 vermis
3561 2317 3637 2381 ﬁt,
3672 2332 3780 2371 ron

2191 2419 2441 2474 videlicet
2483 2417 2575 2488 qui
2621 2416 2860 2471 animam
2905 2413 3158 2468 reﬁciens
3203 2411 3335 2476 alat,
3375 2411 3469 2464 sed
3517 2407 3606 2479 qui
3652 2423 3789 2462 con-

2193 2509 2479 2565 scientiam
2521 2506 2776 2562 terreudo
2803 2521 2867 2559 ac
2896 2503 3198 2558 minitando
3241 2501 3569 2556 remordeat.
3613 2498 3785 2553 Sexto

2195 2607 2378 2654 autem
2403 2597 2488 2653 die
2515 2596 2712 2667 duplex
2759 2609 3014 2649 mensura
3042 2591 3217 2662 colligi
3258 2589 3572 2659 jubebatur,
3616 2597 3676 2643 ut
3714 2603 3780 2643 ex

2193 2706 2258 2747 eo
2282 2691 2334 2744 in
2362 2688 2659 2744 Sabbatum
2701 2686 2963 2741 medietas
3013 2691 3346 2739 servaretur.
3393 2679 3563 2735 Porro
3602 2689 3782 2734 autem

2195 2789 2350 2836 sexta
2392 2779 2508 2834 dies
2535 2818 2550 2845 ,
2596 2785 2752 2834 sexta
2794 2775 2978 2831 mundi
3026 2782 3157 2829 atas
3201 2772 3534 2843 intelligitur,
3584 2772 3634 2825 in
3677 2787 3783 2840 qua

2198 2885 2342 2926 nunc
2371 2885 2578 2925 sumus.
2619 2869 2676 2923 ln
2705 2869 2808 2924 hac
2853 2882 2983 2936 ergo
3027 2865 3114 2920 die
3154 2864 3374 2934 duplum
3423 2879 3521 2934 pro
3561 2874 3786 2918 venturo

2198 2959 2439 3016 Sabbato
2462 2958 2668 3029 colligit
2690 2957 2781 3027 qui
2816 2971 2914 3026 pro
2939 2955 3123 3025 gloria
3168 2952 3407 3009 calesﬁs
3431 2953 3655 3016 intuitu,
3693 2952 3786 3006 ubi

2197 3064 2394 3121 perpes
2421 3048 2719 3104 Sabbatum
2743 3056 2798 3102 et
2821 3062 2948 3101 vera
2973 3054 3059 3100 est
3098 3037 3336 3114 requies,
3361 3045 3587 3099 verbum
3616 3043 3708 3098 Dei
3731 3051 3789 3097 et

506 3131 706 3198 ctrina,
739 3132 868 3187 dum
921 3133 1156 3203 rigorem
1211 3145 1373 3205 atque
1425 3136 1678 3190 duritiam
1723 3137 1914 3205 prisca
1962 3135 2096 3205 legis
2124 3128 2168 3190 C
2203 3139 2353 3194 audit
2376 3149 2431 3193 et
2452 3137 2598 3192 facit.
2627 3136 2684 3191 lu
2731 3137 2834 3191 hac
2879 3134 3099 3205 duplum
3145 3133 3389 3188 recondit
3431 3133 3522 3202 qui
3551 3141 3607 3188 et
3651 3133 3788 3188 bene

508 3221 738 3287 emollit,
764 3223 1163 3292 quodammodo
1210 3225 1580 3280 austeritatem
1621 3225 1730 3280 vini
1758 3227 1956 3281 veteris
2005 3241 2099 3282 eo-

512 3327 632 3366 rum
663 3313 1014 3383 pulchritudo
1055 3315 1336 3386 praecellit,
1365 3316 1676 3388 evangelica
1724 3317 1921 3387 quippe
1956 3331 2098 3388 prte-

515 3413 674 3473 cepta
705 3405 979 3461 mandatis
1031 3406 1244 3463 Veteris
1275 3405 1610 3462 Testamenti
1648 3407 1802 3478 longe
1841 3417 1968 3462 sunt
1989 3407 2097 3462 cla-

516 3491 686 3547 riora.
725 3491 927 3549 Dentes
961 3510 1095 3550 vero
1146 3497 1318 3552 sancti
1376 3497 1756 3566 pradicatores
1809 3506 1955 3562 sunt,
2001 3497 2096 3568 qui

513 3596 807 3642 conversos
837 3585 1088 3640 homines
1111 3601 1140 3640 a
1169 3601 1460 3657 pravorum
1489 3588 1751 3643 societate
1799 3587 2098 3657 pracidunt

511 3689 714 3744 eosque
740 3675 795 3730 in
825 3675 1026 3732 Christi
1053 3692 1276 3748 corpus,
1307 3679 1448 3734 sicut
1484 3679 1733 3749 superius
1757 3680 1959 3734 dictum
1988 3687 2094 3744 est,

510 3768 666 3836 quasi
697 3768 1002 3825 mandendo
1036 3769 1330 3840 trajiciunt.
1363 3770 1532 3827 Porro
1560 3772 1780 3826 nomine
1808 3771 1964 3827 lactis
1996 3771 2096 3826 do-

509 3857 686 3910 ctrina
713 3855 848 3928 legis
891 3857 1154 3926 innuitur,
1179 3875 1301 3930 qua
1337 3859 1612 3916 carnalem
1659 3861 1913 3930 populum
1945 3859 2100 3917 lactis

509 3947 724 4017 poculo,
753 3957 1008 4018 tanquam
1037 3952 1292 4020 parvulos
1343 3951 1490 4007 alere
1533 3952 1840 4018 videbatur,
1868 3967 2097 4022 quorum

513 4039 770 4093 nimirum
798 4039 940 4096 lacte
987 4043 1331 4098 candidiores
1370 4052 1498 4100 sunt
1543 4042 1794 4099 doctores
1823 4043 2098 4111 Ecclesia,

514 4127 640 4195 quia
685 4127 880 4184 fortem
927 4138 982 4186 et
1011 4131 1241 4187 solidum
1272 4133 1424 4188 verbi
1467 4133 1647 4188 cibum
1677 4143 1734 4188 et
1779 4134 1880 4205 ipsi
1927 4149 2103 4190 come-

517 4215 654 4270 dunt
702 4225 759 4272 et
810 4218 932 4274 aliis
978 4220 1222 4288 tradunt,
1263 4221 1332 4278 de
1366 4221 1564 4292 quibus
1588 4224 1654 4280 ad
1687 4222 1946 4280 Hebraos
1970 4224 2104 4281 dicit

517 4301 844 4371 Apostolus:
879 4325 898 4358 ι
948 4307 1319 4366 Perfectorum
1350 4321 1530 4366 autem
1568 4322 1652 4369 est
1694 4313 1900 4370 solidus
1950 4314 2103 4371 cibus

513 4393 703 4462 (Hebr.
731 4396 806 4468 v).
834 4417 854 4450 ι
887 4399 955 4454 Ει
977 4399 1115 4456 bene
1143 4402 1362 4458 candidi
1391 4419 1512 4460 esse
1554 4405 1807 4461 dicuntur
1851 4406 2102 4462 doctores

2202 3233 2356 3299 vivit,
2378 3241 2434 3288 et
2456 3231 2579 3287 aliis
2603 3229 2913 3300 exemplum
2933 3228 3124 3284 salutis
3146 3227 3387 3283 ostendit
3411 3243 3425 3292 ;
3461 3227 3598 3291 sive,
3640 3225 3786 3296 quod

2201 3323 2510 3396 expeditius
2553 3331 2681 3387 est,
2727 3320 2996 3391 duplicem
3047 3333 3359 3375 mensuram
3404 3317 3646 3386 colligit,
3694 3316 3786 3385 qui

2203 3425 2412 3472 tantum
2435 3415 2488 3470 in
2511 3414 2650 3470 bona
2674 3398 2993 3484 operatione
3013 3409 3266 3474 desudat,
3294 3408 3436 3463 unde
3457 3418 3512 3463 et
3537 3407 3624 3462 hic
3648 3406 3789 3462 Con-

2200 3509 2360 3564 ditori
2384 3522 2482 3562 suo
2502 3504 2621 3574 ejus
2640 3505 2821 3560 anima
2851 3503 3084 3575 placeat,
3111 3509 3167 3556 et
3204 3516 3327 3556 cum
3355 3514 3420 3554 eo
3444 3499 3786 3570 postmodum

2201 3599 2591 3672 perpetualiter
2637 3598 2806 3652 vivat.
2865 3595 3019 3663 Quod
3066 3593 3232 3665 igitur
3280 3591 3644 3662 reponeliatur
3689 3605 3789 3660 pro

2201 3693 2464 3758 Sabbato,
2507 3689 2780 3760 corrumpi
2822 3703 2931 3743 non
2971 3692 3211 3756 poterat,
3257 3683 3383 3754 quia
3425 3682 3566 3737 bona
3599 3695 3784 3752 opera,

2200 3801 2321 3858 qua
2346 3800 2446 3857 pro
2480 3782 2755 3840 desiderio
2795 3794 3044 3852 superna
3087 3777 3287 3849 quietis
3330 3777 3485 3842 ﬁunt,
3531 3785 3789 3846 perpetuo

2200 3875 2619 3948 permanebunt.
2644 3871 2760 3926 Non
2802 3883 2932 3941 ergo
2974 3867 3078 3924 illa
3112 3875 3240 3922 sunt
3267 3865 3606 3922 cumulanda
3647 3861 3788 3917 divi-

2207 3965 2319 4031 tia,
2347 3978 2484 4036 quas
2509 3975 2694 4032 arugo
2714 3958 3056 4023 demoliatur,
3101 3970 3240 4027 quas
3281 3955 3441 4010 tinea
3481 3953 3787 4017 comedam,

2203 4061 2259 4111 et
2299 4068 2420 4125 qua
2457 4050 2724 4107 vermium
2771 4045 3103 4118 scaturigine
3147 4050 3593 4114 oomputrescaut
3635 4039 3788 4112 (Luc.

2205 4146 2327 4218 ιιι),
2356 4160 2588 4216 quarum
2612 4141 2825 4200 scilicet
2850 4155 2958 4196 non
2993 4138 3195 4195 liberos
3233 4150 3576 4208 possessores
3603 4135 3794 4189 beatus

2203 4213 2438 4294 Jacobus
2460 4237 2785 4305 increpans:
2825 4250 2843 4283 ι
2878 4229 3111 4296 Divitia,
3139 4227 3332 4299 inquit,
3373 4235 3570 4281 vestra
3611 4233 3794 4294 putre.
3862 4213 3874 4222 ’

2205 4328 2362 4385 facta
2384 4335 2530 4391 sunt,
2561 4323 2882 4380 vestimenta
2911 4329 3095 4377 vestra
3129 4335 3161 4374 a
3196 4317 3360 4373 tineis
3380 4323 3619 4372 comesta
3643 4323 3789 4378 sunt,

2207 4434 2400 4474 aurum
2426 4427 2481 4474 et
2521 4423 2805 4483 argentum
2835 4420 3076 4468 vestrum
3121 4407 3469 4480 aruginavit,
3515 4416 3570 4460 et
3612 4411 3806 4474 arugo‘

515 4486 794 4556 Ecclesia,
825 4489 952 4560 quia
979 4500 1034 4546 et
1062 4506 1092 4547 a
1139 4493 1424 4561 pravitatis
1450 4495 1660 4550 macula
1688 4494 1867 4562 liberi,
1895 4505 1950 4550 et
1973 4511 2093 4551 con.

2206 4522 2397 4564 eorum
2421 4521 2475 4560 m
2502 4481 2872 4559 testimonium
2902 4499 3059 4556 vobis
3103 4498 3210 4554 erit
3244 4506 3300 4553 et
3347 4494 3561 4550 ardebit
3601 4508 3796 4549 carnes

517 4581 720 4651 spicua
755 4583 1186 4640 conversationis
1213 4585 1467 4641 videntur
1495 4587 1751 4658 operibus
1775 4587 1928 4643 clari.
1961 4587 2104 4655 Qua-

513 4683 738 4746 propter
761 4675 1068 4731 cavendum
1099 4685 1201 4741 est,
1228 4675 1428 4733 fratres
1465 4679 1593 4742 mei,
1639 4693 1708 4734 ne
1736 4693 1840 4748 qua
1891 4693 1990 4734 nos
2018 4678 2104 4733 vi-

513 4767 714 4822 tiorum
747 4767 972 4840 nigredo
1008 4769 1322 4836 dedecoret,
1370 4771 1463 4840 qui
1495 4770 1758 4826 candidos
1802 4771 1857 4824 in
1899 4768 2106 4826 Christi

514 4861 709 4916 militia
755 4863 918 4918 duces
957 4862 1240 4918 habemus.
1271 4862 1584 4918 Periculose
1614 4862 1872 4917 nimirum
1920 4877 2103 4916 rerum

515 4955 727 5023 species
751 4953 998 5020 ﬂuctuat,
1027 4955 1118 5010 ubi
1139 4970 1264 5010 cum
1294 4955 1521 5010 ducibus
1541 4953 1924 5023 subsequentis
1949 4967 2108 5008 exer-

514 5047 656 5101 citus
681 5045 910 5116 insignia
932 5060 1039 5100 non
1062 5046 1417 5102 concordant.
1444 5045 1596 5100 Beati
1638 5042 1902 5114 siquidem
1925 5051 2111 5114 patres

517 5134 690 5189 nostri
723 5141 1006 5204 promptos
1057 5149 1116 5189 se
1142 5134 1472 5189 exhibebant
1507 5133 1574 5187 ad
1631 5129 1954 5201 perferenda
1983 5146 2111 5201 sup-

517 5226 707 5296 plicia,
747 5239 848 5280 nos
901 5232 1084 5280 autem
1125 5224 1253 5278 dum
1285 5238 1316 5277 a
1348 5223 1598 5294 proximo
1641 5221 1911 5286 ladimur,
1959 5233 2109 5276 com-

520 5330 810 5386 pcscamus
835 5313 1030 5370 saltem
1085 5312 1299 5367 animos
1328 5327 1358 5365 a
1385 5312 1646 5368 vindicta.
1676 5309 1888 5382 Moyses
1914 5323 2108 5380 nempe

523 5405 589 5458 ad
620 5405 842 5462 ultionis
873 5404 1133 5460 indicium
1157 5403 1494 5458 descendens
1539 5404 1604 5458 de
1640 5411 1824 5458 monte
1849 5410 2108 5457 cornutus

524 5495 777 5563 apparuit
825 5494 1025 5567 (Exod.
1071 5497 1306 5561 ιιιιν);
1361 5505 1526 5560 super
1579 5492 1869 5547 Dominum
1925 5499 2109 5546 autem

527 5585 582 5640 in
616 5587 1046 5641 mansuetudinis
1071 5585 1276 5656 Spiritu
1301 5583 1548 5639 columba
1579 5583 1859 5638 descendit
1889 5581 2106 5654 (Matth.

529 5676 637 5745 in).
689 5675 765 5731 Illi
821 5679 1178 5734 decreverunt
1227 5693 1325 5748 pro
1372 5676 1596 5733 Christo
1648 5675 1866 5746 propria
1914 5685 2109 5732 cuncta

531 5777 901 5837 contemnere,
935 5785 1032 5825 nos
1061 5777 1238 5825 autem
1265 5768 1534 5824 discamus
1557 5766 1749 5825 saltem
1779 5781 1898 5837 qua
1929 5766 2105 5822 aliena

2208 4610 2418 4656 vestras
2446 4599 2587 4653 sicut
2633 4595 2775 4667 ignis
2817 4592 2962 4664 (Jac.
3004 4591 3080 4663 v).
3109 4610 3130 4645 ι
3179 4590 3303 4644 Illas
3343 4588 3530 4660 igitur,
3575 4585 3789 4647 fratres,

2205 4691 2424 4746 divitias
2446 4697 2784 4758 appetamus,
2824 4699 2946 4755 qua
2988 4697 3090 4738 nos
3130 4681 3362 4754 gemmis
3385 4695 3451 4735 ac
3485 4675 3796 4748 margaritis

2205 4781 2431 4835 valeant
2458 4778 2726 4832 adornare
2755 4775 3040 4839 virtutum,
3084 4787 3207 4842 qua
3245 4771 3311 4827 ad
3363 4769 3664 4826 calcstium
3698 4779 3796 4819 nos

2206 4869 2510 4942 provehant
2551 4865 2734 4921 titulos
2773 4863 3120 4934 dignitatum.
3170 4861 3318 4928 Quas
3363 4858 3609 4930 profecto
3658 4854 3800 4910 divi-
3897 4844 3904 4865 ³

2210 4965 2313 5019 tias
2341 4963 2582 5017 insinuat
2607 4959 2893 5031 pr0pheta,
2937 4973 3062 5012 cum
3087 4955 3259 5012 dicit:
3291 4972 3310 5006 ι
3343 4953 3556 5008 Divitia
3603 4948 3797 5005 salutis

2209 5053 2481 5125 sapientia
2504 5060 2561 5108 et
2582 5049 2856 5114 scientia;
2911 5048 3076 5105 timor
3123 5043 3336 5101 Domini
3387 5042 3506 5112 ipse
3544 5049 3631 5097 est
3679 5039 3797 5094 the-

2205 5160 2402 5202 saurus
2425 5141 2541 5213 ejus
2564 5141 2699 5214 (lsa.
2720 5140 2937 5210 XXXIII).
2960 5158 2978 5193 ι

2284 5237 2395 5293 llas
2423 5235 2678 5291 nimirum
2716 5233 2934 5289 divitias
2956 5233 3148 5288 beatus
3187 5227 3554 5285 Eleuchadius
3597 5241 3798 5283 concu-

2213 5327 2375 5399 pivit,
2427 5341 2551 5381 cum
2592 5324 2658 5379 de
2698 5323 2959 5378 cathedra
3007 5336 3066 5377 se
3110 5319 3496 5390 philosophica
3539 5317 3800 5373 doctrina

2214 5416 2484 5488 deposuit,
2510 5429 2633 5470 cum
2664 5412 2897 5469 ferulam
2940 5411 3290 5482 praceptoris
3315 5409 3528 5479 abjecit,
3573 5423 3693 5462 cum
3734 5407 3800 5459 de

2216 5507 2516 5580 magisterii
2566 5505 2870 5578 principatu
2913 5504 3114 5560 Christi
3143 5517 3202 5559 se
3247 5499 3589 5572 discipulatui
3622 5497 3797 5553 humi-

2214 5601 2338 5655 liter
2363 5597 2621 5655 subdidit.
2665 5595 2935 5665 Quidquid
2972 5609 3104 5650 sane
3131 5594 3240 5649 illic
3275 5601 3435 5648 antea
3462 5589 3796 5661 superfluum

2218 5692 2429 5756 didicit,
2459 5690 2511 5744 in
2565 5688 2724 5758 hujus
2756 5687 2955 5743 schola
2991 5687 3145 5756 longe
3200 5683 3558 5741 nobilioribus
3604 5677 3795 5735 studiis

2219 5785 2513 5852 amputavit
2539 5801 2552 5849 ;
2583 5779 2840 5852 quidquid
2863 5779 2967 5836 illic
2994 5778 3282 5845 mendacii,
3311 5775 3568 5849 quidquid
3600 5786 3791 5844 super-
