4184 6490
415 316 517 374 5H

1864 304 2097 362 SERMO
2127 303 2208 359 Vl.

3570 306 3677 362 διε

413 424 658 482 stitionis
714 422 952 489 edocuit,
992 423 1048 478 in
1097 422 1482 479 ecclesiastica:
1527 420 1780 491 puritatis
1835 419 1998 474 disci-
2025 419 2074 478 Α
2103 419 2276 472 stiana
2304 426 2484 474 tamen
2532 418 2722 489 religio
2751 419 2980 474 necdum
3028 426 3146 474 erat
3171 417 3384 475 vivendi
3437 421 3680 481 moribus

414 515 560 586 plina
590 513 848 568 correxit.
891 512 1041 568 Unde
1084 527 1182 582 per
1231 512 1452 583 Moysen
1502 513 1619 582 lege
1661 509 1994 573 decernitur,

412 617 474 661 ut
503 605 716 659 mulieri
742 603 884 658 bello
913 613 1083 671 captae
1110 613 1165 657 et
1197 603 1249 658 in
1281 602 1594 672 conjugium
1636 600 1858 655 victoris
1885 599 1997 654 ele-

412 704 540 757 ctze,
590 693 838 762 corporis
881 690 1227 763 superﬂuitas
1273 691 1625 746 abscindatur
1655 707 1668 744 :
1703 708 1721 741 ε
1757 690 1887 757 Quae
1914 705 2002 743 ra-

369 774 376 781 ’
412 786 526 848 det,
582 783 774 852 inquit,
810 782 1112 843 cazsariem.
1157 789 1214 835 et
1260 780 1614 835 circumcidet
1659 765 1902 848 ungues,
1945 786 2000 833 et

409 874 643 944 deponet
667 883 896 938 vestem,
929 872 982 926 in
1011 886 1118 942 qua
1149 879 1305 942 capta
1349 879 1454 936 est,
1502 871 1699 926 sedens
1741 871 1796 924 in
1839 871 2000 924 domo

412 972 503 1018 tua
549 961 698 1016 ﬂebit
741 969 946 1030 patrem
993 970 1048 1015 et
1099 969 1330 1014 matrem
1379 975 1534 1014 suam
1575 976 1684 1014 uno
1713 973 1919 1026 mense,
1945 966 2000 1015 et

407 1061 596 1123 pos'ea
629 1050 857 1105 intrabis
887 1049 954 1104 ad
993 1064 1113 1104 eam
1140 1048 1482 1117 dormiesque
1521 1064 1645 1103 cum
1677 1048 1784 1110 illa,
1812 1056 1868 1100 et
1897 1047 2002 1101 erit

408 1159 551 1200 uxor
585 1153 676 1196 tua
729 1142 910 1212 (Deut.
959 1141 1098 1207 nt).
1136 1159 1154 1191 ι
1203 1140 1412 1197 Mulieri
1465 1141 1666 1211 quippe
1718 1139 1999 1194 ca-sariem

410 1235 668 1294 radimus,
702 1247 824 1287 cum
858 1230 1204 1286 rationabilis
1249 1231 1549 1300 disciplinae
1593 1245 1784 1285 sensus
1810 1242 2002 1299 super-

409 1327 547 1381 ﬂuos
609 1335 978 1397 amputamus.
1028 1323 1250 1394 Ungues
1295 1325 1459 1379 etiam
1514 1321 1995 1386 circumcidimus,

407 1435 534 1489 cum
569 1417 638 1470 ab
682 1433 746 1470 ea
798 1425 1012 1470 mortua
1062 1430 1292 1484 qumque
1338 1414 1783 1485 superstitionum
1833 1426 1998 1482 opera

415 1511 760 1564 desecat‘nus.
792 1507 924 1574 Qua:
947 1506 1109 1562 etiam
1133 1515 1340 1561 vestem
1377 1506 1669 1576 deponere,
1696 1505 1750 1558 in
1774 1519 1879 1574 qua
1914 1509 1999 1559 est

407 1610 590 1670 capta,
637 1598 951 1669 praecipitur
998 1615 1010 1651 :
1067 1607 1129 1652 ut
1174 1597 1554 1666 superductam
1601 1595 1903 1650 fabularum
1944 1602 1998 1649 et

408 1690 781 1760 quorumlibet
821 1688 1201 1759 ligmentorum
1249 1695 1416 1742 exuat
1455 1685 1797 1756 superficiem
1824 1699 1888 1739 ac
1916 1698 1997 1738 so-

409 1781 571 1834 lidam
621 1795 766 1834 verae
819 1778 1047 1833 rationis
1093 1777 1201 1848 35
1245 1776 1499 1831 exhibeat
1533 1775 1840 1843 veritatem.
1891 1772 1992 1827 Pa-
2023 1761 2072 1822 Β

410 1881 549 1925 trem
599 1885 730 1925 vero
765 1878 821 1924 et
872 1878 1102 1922 matrem
1131 1867 1312 1933 deﬂet,
1363 1867 1488 1936 quia
1538 1865 1840 1920 liberalium
1898 1880 1996 1918 au-

409 1977 592 2017 ctores
618 1962 816 2016 artium
855 1961 996 2016 inter
1021 1969 1264 2016 mortuos
1285 1960 1510 2030 deputat
1535 1965 1593 2012 et
1610 1972 1705 2012 eos
1733 1958 1786 2011 in
1812 1971 2000 2011 errore
2021 1951 2038 1964 ’

409 2055 642 2124 periisse
697 2053 1077 2122 compatiendo
1125 2052 1389 2123 deplorat.
1444 2049 1789 2105 Consuetudo
1818 2055 1998 2102 autem

412 2144 741 2198 feminarum
793 2151 880 2197 est
929 2156 1028 2212 per
1074 2152 1514 2210 unumquemque
1559 2151 1804 2193 mensem
1829 2150 1889 2190 se
1917 2134 1999 2190 sui

408 2252 439 2293 ι
457 2236 688 2306 unguinis
715 2233 975 2289 elfusione
1000 2245 1252 2303 purgare.
1301 2229 1433 2284 Post
1457 2243 1697 2283 mensem
1725 2226 1908 2295 itaque
1931 2224 2000 2278 ad

410 2326 553 2380 hanc
585 2323 863 2378 mulierem
891 2321 1098 2375 intrare
1128 2317 1498 2390 praecipimur,
1525 2323 1587 2370 ut
1617 2324 1792 2370 artem
1820 2312 2001 2381 cujus-

409 2415 542 2471 libet
570 2413 869 2484 disciplime
894 2411 1039 2466 omni
1069 2407 1520 2485 superstitionum
1547 2405 1800 2475 contagio
1837 2403 2002 2459 defae-

407 2519 590 2564 catam
617 2506 789 2561 vcluti‘
810 2505 865 2560 in
895 2501 1204 2573 conjugium
1232 2499 1547 2563 sortiamur,
1594 2505 1866 2567 quatenus
1884 2494 2000 2565 jam

408 2597 703 2654 Israelitica
737 2596 878 2651 facta
910 2599 1308 2661 consequenter
1327 2589 1380 2642 in
1403 2587 1665 2643 lsraelitm
1689 2585 2000 2656 conjugium

408 2699 660 2746 transeat
709 2698 762 2743 et
817 2689 956 2742 bene
1001 2682 1232 2739 fecunda
1287 2678 1879 2752 spiritualiumoperum
1907 2691 1998 2732 so-

411 2782 593 2837 bolem
633 2779 842 2835 reddat.

483 2873 581 2928 Cui
634 2871 796 2926 etiam
831 2883 936 2923 non
991 2863 1256 2922 dissimile
1307 2871 1390 2919 est
1435 2860 1579 2932 quod
1612 2859 1754 2916 idem
1784 2858 1998 2931 Moyses

409 2963 707 3019 Israelitico
729 2960 924 3030 populo
949 2973 1140 3018 aurum
1172 2965 1228 3010 et
1255 2964 1539 3024 argenturm
1579 2966 1703 3007 cum
1752 2951 1996 3006 vestibus

413 3054 486 3108 ab
514 3052 784 3124 Egyptiis
812 3048 1048 3104 mutuari
1097 3047 1371 3116 praecepit,
1401 3045 1456 3100 in
1487 3059 1596 3113 quo
1645 3040 1892 3097 videlicet
1941 3049 2000 3093 ut

415 3162 524 3200 non
569 3144 773 3198 diutius
799 3142 1080 3202 immorer,
1129 3136 1359 3208 mystice
1399 3148 1592 3189 aurum
1618 3140 1673 3187 et
1716 3139 1999 3202 argentum

411 3252 538 3290 cum
581 3234 827 3290 vestibus
857 3232 924 3285 ab
973 3227 1246 3300 Egyptiis
1297 3225 1551 3298 petimus,
1587 3221 1731 3279 unde
1774 3220 2002 3276 Domino

410 3326 825 3383 tabernaculum
857 3324 1184 3379 fabricemus
1212 3335 1332 3375 cum
1377 3318 1678 3372 mundanos
1726 3323 1914 3384 pectas
1937 3328 2002 3368 ac

407 3419 758 3492 philosophos
797 3415 1050 3485 legimus,
1100 3408 1161 3466 ut
1210 3411 1265 3465 in
1323 3408 1524 3464 divinis
1570 3405 1800 3474 eloquiis
1857 3403 2006 3457 lucu-

407 3509 605 3565 lentius
634 3507 900 3578 proﬁcere
927 3504 1226 3559 valeamus.
1275 3500 1404 3555 Sive
1444 3499 1632 3561 etiam,
1681 3493 1822 3566 quod
1874 3508 2001 3563 per-

406 3602 676 3673 spicacius
707 3607 812 3664 est,
845 3612 1036 3653 aurum
1065 3604 1123 3650 et
1149 3603 1430 3663 argentum
1474 3589 1670 3643 anima:
1699 3594 1824 3640 sunt
1869 3599 1996 3652 pre-

408 3695 582 3759 tiosae,
604 3707 726 3763 quae
749 3706 872 3746 cum
922 3687 1166 3744 vestibus
1193 3682 1376 3748 simul,
1431 3681 1486 3736 id
1526 3688 1615 3734 est
1665 3677 1780 3733 suis
1806 3688 1999 3745 corpo-

406 3785 580 3848 ribus,
613 3779 807 3853 popqu
837 3779 933 3834 Dei
985 3791 1047 3832 se
1101 3772 1374 3844 copulant,
1405 3778 1466 3824 ut
1498 3768 1846 3823 tenebrosum
1895 3763 1999 3818 hoc

405 3873 689 3938 saeculum,
725 3869 873 3926 velut
899 3867 1197 3940 IEgyptum
1243 3864 1503 3919 deserant
1543 3868 1600 3914 et
1626 3867 1828 3912 terram
1875 3868 2000 3923 pro-

407 3969 630 4023 missam
681 3970 961 4035 perpetuze
1009 3957 1286 4014 felicitatis
1334 3953 1636 4024 acquirant.
1686 3948 1838 4016 Quod
1868 3953 1998 4016 ergo

405 4061 599 4115 beatus
626 4053 989 4112 Eleuchadius
1035 4057 1313 4106 mutuatus
1339 4056 1425 4102 est
1452 4045 1520 4099 ab
1544 4039 1834 4112 Egyptiis,
1873 4051 1998 4106 pro-

405 4151 538 4207 fecit
575 4149 856 4213 lsraelitis,
896 4157 952 4202 et
984 4147 1320 4204 thesaurum,
1347 4152 1508 4209 quem
1548 4132 1838 4208 gentilitati
1866 4131 1995 4187 sub-

407 4243 596 4313 ripuit,
638 4247 840 4296 sancta)
886 4236 1226 4306 dispensator
1255 4227 1512 4286 Ecclesia:
1540 4223 1770 4280 ﬁdeliter
1799 4237 1994 4313 eroga-

407 4311 506 4384 vit.
534 4329 702 4398 Cujus
757 4326 979 4397 quidem
1028 4331 1180 4395 gesta
1229 4335 1335 4375 non
1383 4315 1724 4388 reperiuntur
1755 4311 1996 4381 apicibus

2099 510 2356 578 expolita.

2173 601 2236 654 Et
2291 616 2390 656 nos
2428 601 2638 670 itaque,
2683 601 2879 656 fratres
2931 597 3259 666 charissimi,
3305 601 3463 670 hujus
3504 605 3679 658 sancti

2099 693 2330 748 fervoris
2382 693 2660 748 imitemur
2693 692 3024 763 exemplum.
3075 692 3359 763 Nunquam
3393 694 3679 749 timeamus
3699 721 3719 763 4

2101 783 2234 837 illud
2287 784 2559 856 negotium
2611 793 2924 839 constanter
2965 799 3030 838 ac
3079 784 3402 840 ﬂducialiter
3435 785 3676 856 aggredi,
3714 816 3720 823 -

2099 873 2286 942 inquo
2332 889 2430 928 nos
2483 888 2782 942 speremus,
2829 874 2944 928 sive
2995 889 3095 942 pro
3143 874 3339 928 divinis
3383 873 3677 944 obsequiis,

2098 964 2212 1020 sive
2237 981 2335 1034 pro
2374 965 2546 1021 salute
2579 966 2834 1029 fraterna,
2887 965 3154 1036 pressuris
3183 974 3346 1035 atque
3373 964 3683 1020 adversita-

2100 1053 2243 1108 tibus
2289 1052 2526 1125 fatigari.
2564 1054 2824 1125 Fugiatur
2865 1056 3058 1121 honor,
3097 1055 3292 1126 gloria,
3341 1056 3541 1111 divitia:
3561 1071 3680 1112 em-

2098 1144 2289 1213 nisque
2317 1145 2554 1213 dignitas
2583 1145 2916 1214 temporalis.
2957 1145 3133 1199 Labor
3159 1145 3502 1213 obedientiaa,
3545 1161 3681 1216 pau-

2097 1235 2329 1304 pertatis
2375 1235 2646 1306 angustia,
2673 1245 2730 1290 et
2761 1236 3080 1306 inquietudo
3107 1236 3391 1292 cbaritatis
3412 1252 3532 1308 quae
3579 1253 3684 1294 nos

2097 1337 2352 1383 exerceat
2377 1335 2683 1397 appetatur.
2733 1327 3146 1396 Redemptorem
3185 1327 3384 1398 quippe
3429 1336 3677 1384 nostrum

2096 1418 2249 1488 plebs
2277 1416 2520 1481 Iudaica,
2547 1433 2671 1472 cum
2701 1426 2848 1473 esset
2891 1418 3088 1472 satiata
3115 1419 3181 1472 de
3211 1418 3462 1487 panibus,
3497 1433 3680 1488 regem

2096 1508 2267 1562 voluit
2292 1509 2646 1574 constituere,
2678 1508 2795 1572 sed,
2825 1517 3056 1562 testante
3085 1507 3312 1571 Joanne,
3362 1523 3428 1562 ne
3457 1510 3683 1578 reperiri

2096 1599 2380 1669 potuisset,
2414 1597 2626 1669 aufugit
2652 1599 2706 1652 in
2735 1605 2972 1652 montem
3001 1596 3184 1668 (Joan.
3210 1597 3310 1665 vr).
3335 1595 3468 1652 Cum
3499 1605 3682 1652 autem

2098 1702 2434 1762 qumreretur
2462 1691 2528 1744 ad
2550 1705 2794 1754 crucem,
2817 1689 2962 1742 ultro
2989 1702 3048 1743 se
3081 1703 3185 1741 non
3227 1686 3682 1755 cognoscentibus

2100 1783 2315 1847 obtulit,
2365 1783 2591 1837 dicens:
2631 1800 2649 1834 ι
2678 1781 2851 1848 Quem
2877 1780 3164 1850 quaeritis?
3197 1799 3217 1832 ι
3248 1778 3455 1845 Quibus
3498 1779 3683 1848 utique

2098 1875 2513 1946 perhibentibus
2544 1891 2558 1928 :
2589 1891 2607 1924 ι
2636 1871 2822 1928 Jesum
2875 1871 3216 1926 Nazarenam
3253 1889 3270 1922 ι
3304 1885 3364 1924 se
3391 1884 3635 1939 quarere
3664 1885 3680 1933 ;

2099 1966 2248 2020 illico
2280 1965 2588 2034 respondit:
2619 1983 2636 2014 ι
2665 1962 2779 2032 Ego
2801 1977 2918 2016 sum
2957 1960 3138 2031 (Joan.
3165 1960 3347 2030 xvm).
3373 1979 3390 2012 ι
3432 1958 3570 2026 Quid
3599 1968 3686 2014 est

2099 2055 2245 2112 enim
2291 2054 2434 2124 quod
2469 2053 2732 2108 Mediator
2766 2049 2858 2104 Dei
2913 2057 2968 2104 et
3006 2045 3288 2103 hominum
3338 2047 3404 2101 ad
3456 2062 3683 2118 regnum

2097 2147 2498 2218 promovendus
2523 2144 2718 2206 evasit,
2743 2142 2809 2195 ad
2841 2150 3072 2195 mortem
3121 2153 3252 2191 vero
3279 2153 3339 2192 se
3375 2137 3682 2192 ultroneum

2099 2237 2359 2306 qumsitus
2385 2233 2628 2305 ingessit,
2656 2231 2758 2286 nisi
2789 2239 2849 2285 ut
2877 2245 2976 2285 nos
3007 2229 3325 2287 admoneret
3345 2227 3456 2298 36
3495 2225 3684 2281 mundi

2101 2330 2263 2401 hujus
2290 2329 2517 2400 gloriam
2535 2327 2801 2389 devitarc,
2821 2321 3202 2378 tribulationes
3233 2329 3412 2375 autem
3433 2335 3530 2390 pro
3549 2319 3683 2385 Deo,

2101 2432 2159 2479 et
2187 2422 2433 2477 laborum
2489 2419 2847 2487 dolorumque
2876 2428 3164 2486 pressuras
3207 2410 3542 2470 aratulanter
3589 2426 3686 2465 ex-

2229 2511 2330 2564 re?

2171 2520 2285 2566 tere
2305 2520 2330 2564 ἲ

2099 2526 2370 2656 pePaulus
2398 2614 2612 2668 quoque
2640 2612 2763 2652 cum
2809 2603 2957 2650 esset
3000 2593 3190 2657 Mileti,
3245 2600 3301 2647 et
3325 2605 3517 2646 omnes
3550 2589 3686 2646 sibi-

2102 2700 2216 2747 met
2241 2692 2606 2762 obsequentes
2653 2702 2881 2757 seseque
2922 2683 3373 2740 aﬂ‘ectuosissime
3401 2683 3687 2753 diligentes

2101 2783 2393 2853 aspiceret,
2445 2781 2519 2834 ita
2580 2787 2640 2832 ut
2681 2778 2857 2833 Lucas
2904 2777 2960 2830 in
3001 2776 3170 2831 Actus
3217 2771 3496 2842 apostolici
3545 2772 3687 2826 libro

2100 2870 2406 2940 perhibeat,
2435 2869 2562 2940 quia
2597 2868 2911 2923 discedente
2939 2863 3106 2918 Paulo
3155 2878 3384 2933 magnus
3408 2860 3567 2917 ﬂetus
3604 2859 3684 2915 fa-

2102 2974 2225 3020 ctus
2267 2973 2350 3019 est
2391 2963 2660 3026 omnium,
2709 2971 2764 3015 et
2793 2959 3216 3030 procumbentes
3265 2970 3431 3024 super
3482 2953 3682 3009 collum

2103 3054 2244 3125 ejus,
2261 3054 2649 3110 osculabantur
2671 3067 2793 3107 eum
2820 3067 2836 3117 ;
2875 3050 2990 3121 ipse
3019 3058 3200 3103 tamen
3251 3045 3682 3117 Hierosolymam

2105 3162 2370 3220 passurus
2401 3155 2661 3215 tanquam
2687 3135 3006 3214 epulaturus
3027 3141 3340 3195 avidissime
3367 3137 3680 3201 festinabat,

2101 3240 2326 3297 dicens:
2363 3257 2380 3289 ιι
2432 3237 2593 3301 Ecce,
2641 3236 2841 3304 inquit,
2898 3231 3152 3302 alligatus
3202 3229 3392 3300 spiritu
3448 3230 3584 3284 vado
3630 3229 3686 3282 in

2104 3330 2468 3393 Hierusalem,
2499 3343 2619 3398 quae
2645 3327 2699 3381 in
2722 3341 2786 3380 ea
2811 3335 3036 3379 ventura
3070 3331 3198 3378 sunt
3244 3321 3374 3376 mibi
3405 3321 3686 3391 ignorans,

2100 3426 2206 3479 nisi
2246 3423 2389 3492 quod
2437 3421 2662 3491 spiritus
2691 3433 2786 3487 per
2825 3431 3018 3471 omnes
3060 3415 3312 3468 civitates
3351 3420 3689 3480 protestatur

2099 3515 2252 3580 mihi,
2286 3514 2474 3568 dicens
2504 3530 2518 3565 ι
2546 3509 2816 3578 Quoniam
2845 3505 3082 3569 vincula,
3110 3512 3165 3558 et
3188 3502 3568 3558 tribulatioues
3595 3515 3684 3555 me

2100 3614 2342 3664 manent.
2370 3604 2464 3659 sed
2502 3601 2637 3656 nihil
2673 3601 2866 3656 horum
2893 3612 3108 3663 vereor,
3140 3611 3240 3650 nec
3264 3595 3410 3648 laclo
3442 3593 3682 3648 animam

2099 3714 2274 3755 meam
2303 3695 2682 3769 pretiosiorem
2729 3706 2892 3761 quam
2933 3703 3040 3753 me,
3093 3687 3386 3742 dummodo
3428 3699 3688 3740 consum-

2099 3807 2244 3846 mem
2269 3802 2491 3845 cursum
2545 3798 2726 3840 meum
2770 3789 2824 3835 et
2870 3777 3228 3834 ministerium
3257 3775 3400 3844 quod
3442 3773 3625 3843 accepi
3651 3788 3685 3828 a

2099 3882 2332 3938 Domino
2361 3919 2378 3946 ,
2437 3873 2715 3932 testificari
2765 3869 3118 3940 Evangelium
3173 3865 3363 3937 gratia:
3397 3864 3492 3920 Dei
3541 3863 3680 3932 (Act.

2097 3977 2211 4046 xx).
2239 3993 2258 4026 ι
2287 3973 2431 4028 Ecce
2455 3967 2690 4022 vallatus
2716 3964 2870 4019 turba
2904 3959 3150 4016 ﬂentium
3177 3956 3402 4012 minime
3425 3949 3683 4020 ﬂectitur,

2098 4045 2354 4120 delinitus
2381 4057 2607 4121 osculis,
2646 4052 2922 4111 blanditus
2967 4048 3243 4118 obsequiis
3281 4047 3350 4101 ad
3407 4046 3489 4100 sui
3521 4045 3685 4099 mise-

2097 4153 2390 4209 ricordiam
2416 4163 2522 4204 non
2547 4155 2817 4210 movetur,
2854 4141 2950 4198 sed
2972 4141 3126 4195 laetus
3152 4139 3220 4192 ad
3253 4135 3468 4191 vincula
3495 4145 3552 4190 et
3577 4144 3687 4190 tor—

2097 4252 2282 4300 menta
2317 4240 2543 4296 festinat
2591 4248 2850 4306 tanquam
2899 4232 2946 4290 si
2993 4231 3062 4287 ad
3105 4228 3348 4300 nuptiale
3375 4228 3684 4283 convivium

2097 4346 2402 4407 pransurus
2424 4328 2668 4385 accedat.

412 4422 636 4486 "nam:
679 4421 774 4475 sed
815 4432 920 4472 “0"
946 4417 1064 4470 δίηθ
1109 4427 1275 4469 (⁵³⁸⁸³
1301 4417 1562 4500 νέίυξωει
1603 4405 1688 4500 Yf’l
1714 4403 1993 4460 basmcam
2028 4403 2115 4500 θ’
2168 4424 2282 4480 Nos
2309 4423 2500 4486 etiam,
2547 4414 2908 4481 dilectissimi,
2951 4413 3287 4468 imitatorum
3340 4407 3544 4465 Christi
3595 4423 3687 4463 se-

409 4514 466 4568 in
495 4511 614 4581 ejus
640 4511 900 4566 honorem
931 4503 1258 4566 construxit,
1285 4499 1372 4554 vel
1403 4497 1521 4567 ejus
1567 4496 1774 4551 obitum
1805 4506 1998 4546 annua:

407 4601 776 4660 solemnitatis
820 4597 1120 4654 honoribus
1157 4590 1449 4650 dedicavit.
1498 4586 1632 4642 Nam
1659 4593 1716 4639 et
1742 4582 1998 4637 nonnulla

413 4706 578 4761 super
625 4688 816 4744 Veteri
869 4703 934 4742 ac
984 4684 1135 4740 Novo
1182 4681 1554 4742 Testamento,
1584 4676 1698 4731 sive
1733 4674 1894 4729 etiam
1931 4672 2000 4727 de

407 4781 809 4847 incarnatione,
860 4779 945 4834 vel
993 4777 1244 4849 passione
1287 4771 1502 4829 Domini
1531 4767 1850 4840 perhibetur
1869 4779 1997 4819 exa-

409 4891 564 4932 rasse
591 4873 884 4934 volumina,
922 4887 1042 4942 qure
1089 4877 1270 4924 tamen
1313 4865 1643 4935 scriptorum
1669 4859 2001 4914 arbitramur

408 4965 686 5021 oblivione
744 4962 946 5018 deleta.
995 4960 1317 5028 Quanquam
1377 4954 1574 5009 ethoc
1624 4950 1692 5006 ad
1725 4946 2002 5004 cumulum

411 5056 732 5111 meritorum
763 5053 881 5124 ejus
933 5050 1209 5121 pertinere
1253 5061 1362 5101 non
1411 5040 1686 5098 immerito
1728 5037 1998 5101 videatur,

407 5150 554 5220 quod
609 5156 739 5202 tunc
782 5161 843 5201 se
898 5143 1016 5199 ﬂeri
1048 5138 1322 5195 consensit
1354 5135 1689 5206 episcopum,
1743 5144 1866 5184 cum
1896 5127 2001 5181 Ec-

411 5216 634 5293 clesiam
682 5245 898 5304 egestas
948 5230 1302 5302 Opprimeret,
1359 5234 1416 5280 et
1449 5224 1602 5278 rudis
1648 5220 1825 5275 adhuc
1876 5216 2000 5271 ﬁdei

411 5331 730 5398 noviterque
785 5326 1039 5398 plantata:
1120 5321 1276 5376 labor
1312 5317 1605 5373 .diﬂicilior
1663 5313 1993 5376 immineret,

413 5436 536 5475 cum
565 5419 799 5487 denique
829 5417 896 5470 ad
949 5412 1165 5485 pristini
1198 5411 1337 5465 ritus
1385 5405 1704 5479 pullulantia
1748 5401 1994 5473 germina

413 5508 675 5563 radicitus
719 5503 998 5560 evellenda
1044 5499 1385 5557 incumberet
1415 5507 1689 5567 graveque
1713 5489 1992 5560 fastigium

413 5611 470 5657 et
497 5597 810 5671 temporalis
848 5594 1071 5651 subsidii
1118 5593 1335 5648 deesset
1361 5587 1804 5644 emolumentum.
1843 5580 1997 5635 Licet

414 5694 560 5750 enim
585 5687 825 5749 Ecclesia
851 5684 962 5755 jam
990 5693 1117 5739 tunc
1142 5683 1307 5738 fuerit
1355 5681 1406 5737 in
1431 5680 1535 5734 ﬁde
1561 5676 1800 5740 fundata,
1837 5671 1992 5728 Chri-

2101 4525 2335 4590 quentes
2379 4510 2647 4582 exempla,
2701 4508 2975 4578 fugiamus
3021 4503 3314 4560 blanditias
3357 4501 3560 4567 saeculi,
3617 4499 3686 4554 ad

2101 4611 2330 4664 adversa
2368 4603 2621 4674 quaelibet
2645 4614 2744 4670 pro
2778 4599 2888 4652 Deo
2925 4594 3246 4667 perferenda
3292 4591 3506 4646 lumbos
3529 4605 3683 4644 meu-

2104 4699 2175 4755 tis
2202 4705 2406 4753 nostra:
2454 4692 2688 4747 viriliter
2737 4689 3130 4758 accingamus;
3165 4692 3220 4740 et
3272 4681 3364 4750 qui
3403 4681 3473 4734 ad
3511 4681 3684 4734 luere-

2102 4794 2327 4849 ditatem
2369 4788 2627 4848 filiorum,
2665 4799 2788 4853 quae
2821 4789 2906 4836 est
2945 4780 2997 4834 in
3035 4777 3232 4848 patria,
3286 4772 3575 4832 tendimus,
3630 4771 3683 4824 in

2101 4883 2297 4942 exsilio
2341 4879 2550 4952 positi,
2590 4886 2978 4932 conservorum
3024 4867 3251 4934 injurias
3303 4862 3687 4931 aequanimiter

2103 4975 2416 5035 toleremus,
2448 4977 2722 5040 quatenus
2760 4973 3026 5032 supernus
3069 4957 3344 5024 inspector
3391 4964 3447 5008 et
3478 4951 3685 5006 arbiter

2103 5073 2291 5122 noster
2322 5060 2674 5116 considerans
2715 5069 2815 5108 nos
2865 5064 2964 5120 pro
3007 5061 3118 5100 suae
3143 5043 3405 5113 jussionis
3456 5041 3685 5111 imperio

2104 5156 2328 5213 minime
2358 5153 2707 5214 reluctantes,
2731 5151 2935 5214 quanto
2974 5155 3117 5196 nunc
3160 5135 3427 5206 conspicit
3462 5146 3687 5202 oppres-

2104 5251 2279 5306 siores
2311 5249 2365 5302 in
2398 5260 2580 5316 poena,
2624 5247 2778 5296 tanto
2823 5235 3164 5308 postmodum
3212 5236 3520 5286 remuneret
3565 5224 3685 5280 feli—

2104 5342 2282 5398 ciores
2303 5339 2357 5393 in
2381 5313 2573 5408 gloria,
2598 5331 2759 5387 Jesus
2785 5327 3037 5383 Christus
3076 5323 3336 5378 Dominus
3364 5325 3568 5372 noster.
3591 5313 3685 5385 qui

2103 5448 2226 5488 cum
2261 5405 2559 5483 Deo‘Patre
2589 5431 2645 5478 et
2670 5421 2876 5492 Spiritu
2917 5424 3106 5474 sancto
3131 5412 3267 5468 vivit
3298 5419 3354 5466 et
3394 5415 3584 5479 regnat
3624 5405 3686 5461 in

2102 5523 2302 5580 saecula
2329 5516 2674 5576 saeculorum.
2703 5513 2900 5568 Amen.
