4184 6504
498 260 607 318 5‘3

1104 375 1220 435 MA
1232 378 1482 439 RTIUS.

499 474 650 534 ΧΧ.
673 471 958 534 Homilia
985 473 1050 533 in
1083 475 1409 535 Dominica
1438 476 1819 536 Palmarum.

503 552 649 613 ΧΧ.
681 551 888 631 sermo
923 552 990 612 tn
1034 552 1257 631 vigilia
1290 554 1355 616 S.
1398 555 1715 617 Benedicti
1753 554 1995 616 abbatis
2026 560 2081 613 et

583 630 982 710 confessoris.

504 707 1001 768 XleHomilia
1040 707 1111 769 de
1154 708 1358 771 eodem
1387 711 1453 771 S.
1489 711 1822 773 Benedicto
1861 712 2077 774 abbate

585 795 651 866 et
674 786 1041 866 cronfcssorc.

499 864 739 924 XXIV.
771 864 980 925 Sermo
1020 869 1087 926 in
1116 867 1293 930 Coma
1332 868 1600 929 Domini.

501 943 717 1033 XXV.-
743 944 953 1004 Sermo
982 945 1046 1005 in
1076 946 1569 1033 Annuutt’atjone
1589 948 1662 1009 Β.
1698 947 1922 1011 Maria:
1958 949 2086 1010 Vir-

494 1048 503 1051 ”
585 1036 770 1083 (111118.

435 1150 448 1160 .
801 1101 1012 1163 Sermo
1045 1102 1113 1163 in
1155 1106 1616 1166 resurrectione
1642 1107 1919 1168 Domini.
1978 1099 1989 1109 ’

1244 1205 1350 1260 VII.

620 1302 870 1347 nouunt
900 1306 955 1348 rs
978 1276 1245 1349 commtet
1289 1306 1596 1349 unum“.
1629 1296 1722 1361 (xx
1751 1296 1943 1366 nam.)

581 1398 601 1431 ι
629 1381 765 1435 Cum
817 1384 1305 1452 appropinquasset
1344 1383 1502 1439 Jesus
1554 1383 1944 1456 Hierosolymis
1974 1424 1990 1450 ,
2035 1393 2090 1441 et

505 1472 751 1528 venisset
792 1474 1104 1545 Bethphage
1133 1476 1200 1529 ad
1235 1486 1472 1530 montem
1519 1475 1738 1541 Oliveti,
1781 1488 1909 1531 tunc
1941 1477 2091 1532 misit

494 1565 641 1617 duos
673 1563 741 1616 de
792 1565 1073 1634 discipulis
1119 1567 1252 1629 suis,
1286 1567 1475 1621 dicens
1522 1568 1648 1622 eis:
1691 1568 1766 1623 Ite
1808 1567 1861 1621 in
1894 1569 2090 1624 castel—

506 1651 642 1714 lum,
670 1653 814 1721 quod
837 1664 1027 1708 contra
1056 1668 1153 1709 vos
1174 1665 1274 1714 est.
1305 1664 1411 1710 etc.
1444 1656 1660 1726 (Matth.
1694 1656 1829 1729 xxi).
1854 1676 1875 1710 ι

1143 261 1203 316 S.
1240 262 1447 319 PETRI
1485 264 1767 321 DAMIANI
1802 263 1951 321 OPP.
1996 264 2177 322 PARS
2208 266 2338 324 SEU
2372 266 2694 330 TOMUSH.
2725 298 2797 311 —
2819 267 3209 327 SERMONES.

3665 278 3774 333 5H-

2121 385 2160 441 Δ,
2192 374 2396 433 Iocari?
2422 376 2477 433 lu
2508 381 2609 434 hac
2639 389 2727 435 tua
2751 377 3159 446 deliberatione,
3192 381 3244 435 in
3282 381 3385 437 huc
3415 395 3507 436 tuo
3548 383 3781 440 consilio

2186 470 2371 525 deﬁcit
2422 471 2648 540 spiritus
2703 484 2874 527 meus.
2928 472 3258 541 Compatior,
3314 473 3546 528 Domine
3600 473 3726 529 Jesu
3759 515 3777 541 ,

2184 576 2348 630 super
2373 563 2643 631 passionis
2666 571 2770 617 tuae
2793 564 3096 633 angustias.
3120 563 3416 618 Consilium
3440 564 3586 618 Petri
3612 565 3778 619 amici

2186 652 2262 706 tui
2291 653 2502 706 videtur
2530 653 2663 706 mihi
2687 655 2899 718 sedere,
2937 655 3027 725 qui
3061 654 3137 707 ait
3168 670 3181 707 :
3217 672 3236 704 ι
3270 654 3427 707 Absit
3475 669 3504 705 a
3553 663 3622 719 te,
3675 654 3785 713 Do—

2187 743 2356 807 mine,
2386 757 2729 812 nequaquam
2763 742 2855 799 ﬁet
2883 743 3223 814 boc(Matth.
3257 742 3393 814 xw).
3427 762 3446 795 ›
3479 743 3596 797 Non
3621 744 3781 797 decet

2187 834 2353 888 ﬁlium
2385 835 2493 905 Dei,
2508 846 2737 891 mortem
2760 843 2999 906 gustare.
3024 825 3337 892 Scdodiﬂ'ert
3361 839 3463 892 hoc
3485 838 3773 892 consilium

2186 936 2217 980 a
2250 937 2357 993 tuo,
2399 929 2493 997 qui
2532 928 2774 998 disponis
2803 939 3032 984 mortem
3066 930 3270 985 subire.
3315 930 3452 998 Quid
3481 931 3649 1000 ergo?
3680 929 3773 984 Pe-

2189 1018 2280 1082 tri,
2310 1033 2377 1071 an
2410 1017 2537 1073 Jesu
2566 1020 2853 1075 consilium
2883 1028 2968 1076 est
3015 1022 3343 1077 tenendum?
3370 1023 3533 1087 servi,
3580 1038 3647 1076 an
3679 1024 3776 1076 do-

2189 1107 2361 1162 mini?
2391 1108 2665 1179 discipuli,
2712 1126 2780 1165 an
2834 1111 3124 1182 magistri?
3162 1110 3271 1167 Sed
3308 1127 3414 1166 non
3466 1122 3551 1166 est
3586 1127 3779 1167 servus

2190 1199 2364 1267 major
2391 1200 2610 1255 domino
2635 1216 2755 1266 suo,
2795 1216 2895 1256 nec
2941 1201 3239 1271 discipulus
3263 1201 3472 1256 doctior
3514 1201 3775 1270 magistro
3816 1211 3825 1218 ‘

2192 1293 2374 1365 (Joan.
2404 1309 2530 1361 xm;
2578 1294 2770 1349 Matth.
2803 1312 2872 1362 x;
2905 1293 3034 1349 Lac.
3063 1294 3160 1364 vn).
3204 1295 3668 1365 Acquiescendum
3699 1302 3784 1347 est

2196 1383 2380 1453 itaque
2407 1383 2620 1439 Domini
2652 1393 2708 1439 et
2732 1385 2975 1456 magistri
3000 1384 3357 1455 consilio,qui
3386 1384 3614 1439 consilio
3636 1382 3782 1436 nullo

2194 1484 2350 1545 eget;
2392 1490 2465 1529 ne
2501 1476 2712 1531 dicatur
2756 1476 2884 1530 mihi
2934 1491 3055 1531 cum
3106 1475 3268 1532 Petro
3303 1495 3317 1530 :
3377 1496 3397 1529 ι
3435 1477 3583 1531 Vade
3613 1485 3780 1538 retro,

2197 1564 2420 1631 Satana,
2446 1582 2559 1621 non
2589 1567 2734 1637 sapis
2774 1584 2892 1637 quae
2922 1568 3016 1623 Dei
3048 1578 3174 1623 sunt
3197 1566 3413 1640 (Matth.
3449 1569 3582 1636 xvi).
3622 1587 3640 1621 ι
3678 1567 3781 1621 Ne-

2130 1718 2139 1729 ,
2201 1657 2415 1713 sciebat
2443 1659 2587 1713 enim
2616 1658 2810 1713 Petrus
2838 1658 3112 1713 Christum
3157 1657 3489 1728 disposuisse
3524 1660 3590 1711 ab
3628 1657 3786 1712 initio

579 1742 845 1825 Passurus
907 1755 1100 1815 sponte
1142 1747 1403 1803 Dominus
1455 1760 1555 1820 pro
1606 1750 1782 1805 salute
1827 1752 2087 1816 lmmaua,
2116 1732 2165 1795 Β
2194 1757 2254 1803 ιιι
2291 1758 2519 1805 mortem
2555 1759 2794 1805 nostram
2846 1749 3129 1804 moriendo
3159 1748 3464 1803 destrueret
3510 1759 3563 1803 et
3610 1749 3779 1801 vitam

508 1844 845 1903 spontaneos
891 1839 960 1890 ad
1008 1837 1187 1892 locum
1246 1840 1515 1909 passionis
1567 1840 1797 1895 accedit.
1854 1842 1935 1896 Ad
1988 1842 2091 1896 hoc

507 1926 656 1979 venit
688 1927 740 1979 iu
779 1929 1057 1994 u‘mndnm,
1090 1930 1156 1983 ad
1189 1930 1291 1984 hoc
1325 1939 1483 1985 natus
1507 1938 1613 1994 est,
1646 1945 1702 1986 ut
1725 1947 1817 1986 sua
1840 1932 2093 2001 passione

504 2017 613 2087 37
661 2034 759 2073 nos
809 2020 1082 2076 liberaret.
1137 2019 1385 2076 Scienter
1440 2022 1871 2093 Hierosolymam
1922 2021 2090 2085 venit,

506 2112 746 2165 scienter
784 2126 979 2183 magna
1010 2115 1329 2183 populorum
1361 2125 1652 2171 comitatus
1678 2126 1897 2172 caterva
1942 2130 2094 2185 pom-

513 2204 646 2274 pos'e
714 2204 988 2258 civitatem
1049 2206 1318 2269 intravit,
1365 2206 1423 2260 in
1472 2221 1576 2276 qua
1643 2207 1974 2271 tradendus,
2037 2207 2093 2262 in

509 2306 617 2361 qua
661 2294 1063 2364 crueiﬁgeudus
1099 2304 1236 2350 erat.
1289 2296 1412 2352 litae
1457 2306 1540 2352 est
1582 2296 1941 2361 Hierusalem,
1971 2310 2093 2367 quae

510 2382 710 2437 occidit
758 2384 1048 2452 prophetas
1082 2392 1139 2439 et
1173 2384 1369 2455 lapidat
1403 2400 1498 2441 eos
1534 2386 1622 2455 qui
1673 2389 1740 2441 ad
1774 2401 1894 2441 eam
1945 2384 2095 2441 missi

512 2482 640 2526 sunt
693 2471 908 2543 (Matth.
956 2473 1134 2545 χχιιι).
1185 2475 1229 2531 Ο
1281 2475 1463 2529 infelix
1509 2476 1737 2541 civitas,
1776 2488 1939 2545 quam
1985 2475 2100 2546 εισι

515 2562 661 2615 riosa
726 2564 792 2616 de
840 2572 893 2617 te
942 2564 1257 2619 dicerentur
1288 2606 1301 2629 ,
1364 2566 1411 2619 si
1463 2567 1768 2621 venientem
1814 2566 2100 2621 Dominum

511 2654 864 2734 agnovisses,
933 2656 977 2709 si
1045 2656 1094 2710 ei
1165 2656 1383 2727 cognito
1445 2656 1681 2712 debitam
1738 2657 2100 2714 reverentiam

513 2746 855 2801 cxhilmisses
883 2751 897 2803 ι
928 2744 973 2801 Ο
1020 2747 1241 2813 misera,-
1294 2764 1329 2804 ο
1380 2738 1599 2803 malitiae
1641 2762 1830 2803 errore
1873 2756 2098 2811 ctecata,

511 2835 660 2887 venit
684 2835 753 2889 ad
788 2844 838 2889 te
865 2836 1117 2890 Salvator
1149 2847 1293 2902 tuus,
1318 2846 1378 2892 et
1408 2853 1516 2893 non
1544 2846 1720 2908 potes,
1755 2852 1855 2892 uec
1884 2838 1968 2890 vis
2010 2850 2103 2891 cev

513 2937 775 2991 gnoseere
811 2940 955 2978 eum.
999 2925 1160 2980 Venit
1191 2927 1307 2997 ipse
1347 2929 1413 2981 ad
1443 2927 1794 2993 salvandum;
1848 2936 1906 2980 tu
1954 2940 2097 2982 recc.

516 3014 694 3068 dendo
720 3015 934 3068 accedis
957 3015 1022 3068 ad
1050 3016 1382 3084 perdendum
1412 3032 1558 3071 eum.
1588 3017 1705 3087 ipse
1732 3026 1884 3086 parat
1916 3017 2010 3071 tibi
2044 3025 2102 3070 ut

516 3111 722 3171 aegroto
760 3103 1023 3168 salutem;
1051 3077 1107 3159 et
1141 3113 1197 3158 tu
1241 3118 1402 3176 paras
1429 3094 1487 3160 ei-
1517 3077 1678 3161 veluti
1712 3077 1816 3161 turi
1859 3121 2097 3162 crucem.
2128 3077 2173 3140 Ο

517 3193 630 3248 Cur
657 3202 711 3249 te
748 3202 896 3249 tanta
923 3197 1270 3251 tenebrarum
1304 3198 1479 3268 caligo
1506 3199 1793 3255 contexit?
1839 3198 1949 3255 Cur
1996 3214 2101 3254 non

520 3286 720 3342 recolis
763 3288 906 3357 quod
933 3288 1136 3347 dictum
1166 3298 1251 3346 est
1275 3304 1373 3361 per
1392 3291 1717 3346 Zachariam
1740 3294 2055 3364 prophetam
2085 3312 2099 3347 :

527 3395 549 3426 ε
576 3373 693 3430 Noli
725 3377 934 3444 timere,
979 3377 1085 3433 ﬁlia
1117 3378 1272 3446 Sion,
1307 3392 1437 3436 ecce
1492 3395 1585 3436 rex
1638 3391 1760 3437 tuus
1807 3384 1957 3439 venit
2007 3385 2103 3441 tibi

522 3476 862 3535 mansuetus,
886 3469 1081 3525 sedens
1104 3485 1270 3540 super
1288 3471 1492 3541 pullum
1516 3471 1845 3543 subju'galis?
1875 3493 1894 3528 ι
1918 3474 2104 3546 (Zach.

522 3558 629 3626 ιιι.)
657 3558 820 3613 Ecce‘
843 3568 1086 3615 tantares
1116 3561 1328 3633 perdite
1364 3563 1595 3618 oonsilio
1634 3578 1716 3629 es,
1743 3566 1901 3620 times
1927 3581 2107 3636 regem

527 3657 677 3702 timm
708 3650 1006 3718 suscipere,
1044 3661 1113 3705 ne
1139 3664 1369 3720 regnum
1413 3659 1693 3707 terrenum
1722 3654 1960 3710 amittas.
2002 3654 2109 3709 Sed

525 3738 655 3794 dum
686 3739 859 3810 ipsum
913 3757 1018 3795 non
1048 3742 1267 3813 recipis,
1300 3758 1522 3815 regnum
1551 3746 1750 3814 perdis,
1779 3755 1835 3800 et
1871 3754 2108 3816 gentem.

526 3830 629 3885 Vis
648 3845 810 3885 unum
846 3833 1173 3900 interﬁcere,
1203 3848 1275 3888 ne
1292 3842 1407 3889 tota
1433 3849 1569 3906 gens
1594 3836 1982 3907 pereatann.
2008 3837 2109 3905 xi).

529 3917 636 3974 Sed
694 3920 820 3974 dum
869 3936 1038 3976 unum
1101 3922 1382 3990 interﬁcis,
1437 3924 1513 3978 tui
1572 3933 1802 3996 pereunt
1853 3927 2111 3984 universi.

529 4005 765 4067 Proinde
785 4008 853 4062 de
882 4019 934 4064 te
968 4010 1106 4066 bene
1134 4011 1418 4068 dicendum
1445 4016 1531 4069 est
1558 4032 1570 4068 :
1608 4034 1627 4066 ί
1671 4013 1758 4068 Vze
1788 4016 1933 4085 genti
1986 4030 2114 4087 pec-

529 4100 747 4165 catrlei,
798 4101 994 4170 populo
1044 4104 1196 4173 gravi
1252 4103 1559 4173 iniquitate,
1611 4107 1805 4161 setniui
1859 4118 2113 4177 nequam,
2159 4094 2163 4099 ’

536 4190 661 4246 ﬁliis
707 4192 1004 4249 sceleratis.
1056 4190 1321 4251 Geuimcn
1374 4213 1436 4252 es
1482 4198 1813 4268 viperarum,
1852 4210 1974 4268 qua:
2008 4214 2115 4254 non

535 4282 640 4336 nisi
690 4282 902 4339 eﬁ‘ossis
951 4287 1215 4341 maternis
1267 4286 1530 4345 lateribus
1585 4291 1839 4345 oriuntur
1868 4290 2005 4357 (.Isa.
2062 4306 2113 4355 t;

534 4372 726 4431 Matth.
778 4386 871 4439 ιιι,
929 4390 1099 4442 xxm;
1156 4377 1285 4431 Lac.
1339 4379 1455 4449 In);
1502 4400 1521 4432 ι
1580 4380 1661 4436 sic
1700 4390 1755 4436 tu
1799 4396 1907 4435 non
1960 4389 2121 4451 putas

533 4463 784 4530 evadere,
815 4466 917 4520 nisi
959 4467 1133 4537 patris
1153 4467 1250 4533 tui,
1278 4468 1370 4537 qui
1399 4442 1527 4523 iecit
1554 4478 1625 4534 te,
1659 4470 1800 4524 latus
1839 4442 2110 4525 eruentes.
2150 4442 2199 4502 υ

531 4555 777 4611 Crudelis
799 4566 985 4627 partus
1011 4565 1113 4622 est,
1139 4566 1196 4611 et
1215 4560 1524 4615 euocandus
1551 4560 1645 4629 qui
1672 4569 1865 4614 enecat
1895 4560 2117 4629 parien-

532 4659 665 4706 tem.
696 4650 800 4706 Sed
824 4650 956 4721 quid
978 4652 1174 4706 attinet
1196 4653 1262 4707 ad
1285 4654 1621 4722 propositum
1651 4653 1869 4708 ctecitas
1898 4649 2115 4708 Iudaeo-

532 4746 691 4800 rum?
711 4745 850 4801 Caeci
881 4745 1120 4809 fuerunt,
1164 4746 1330 4801 duces
1361 4761 1629 4802 caecorum
1661 4745 1879 4815 (Matth.
1907 4746 2019 4816 xv),
2062 4754 2118 4800 et

532 4834 655 4888 ideo
684 4836 919 4905 utrique,
948 4835 1000 4889 id
1024 4843 1107 4890 est
1132 4836 1403 4907 principes
1432 4848 1621 4888 eorum
1666 4845 1723 4890 et
1763 4833 2030 4903 juniores,
2058 4835 2112 4890 in

530 4926 743 4979 foveam
770 4927 1121 4994 ειπιρίιιιθιηιιιι.⁵

605 5019 682 5073 De
710 5027 986 5083 teautem,
1013 5019 1237 5074 Domine
1258 5018 1406 5082 Iesu,
1426 5018 1713 5073 admiratio
1734 5025 1790 5072 et
1812 5018 2116 5088 compassio

531 5111 751 5166 crescit.
790 5109 902 5164 Cur
926 5111 991 5163 ad
1020 5107 1236 5163 Judatos
1264 5108 1438 5173 vadis,
1466 5108 1559 5177 qui
1584 5108 1781 5161 anima:
1830 5116 1936 5161 tua:
1980 5106 2117 5162 insi.

535 5206 793 5261 diantur?
830 5206 1143 5261 Proditores
1182 5215 1236 5260 et
1282 5204 1567 5258 homicidae
1599 5203 1814 5272 quidem
1856 5210 2006 5263 sunt,
2053 5217 2121 5256 ne

536 5297 729 5353 credas
759 5306 813 5353 te
838 5297 987 5367 ipsis,
1027 5297 1153 5365 quia
1186 5311 1293 5349 non
1326 5306 1377 5349 Ie
1413 5293 1662 5364 diligunt,
1697 5310 1802 5349 non
1845 5293 1918 5346 tui
1958 5294 2122 5348 mise-

537 5391 825 5455 rebuntur,
861 5389 1068 5445 crudeli
1113 5399 1169 5443 et
1215 5386 1524 5458 turpissima
1560 5396 1736 5442 morte
1782 5396 1833 5441 te
1867 5387 2123 5440 condem-

540 5481 764 5541 nabunt.
792 5482 902 5538 Cur
927 5476 1001 5537 tot
1024 5480 1322 5544 illusiones,
1353 5487 1433 5533 tot
1456 5476 1688 5549 ﬂagella,
1725 5486 1804 5533 tot
1831 5477 2122 5547 opprobria

539 5573 813 5630 acceleras
844 5574 1134 5636 sustinere,
1179 5572 1353 5642 spinis
1383 5568 1653 5631 coronari,
1688 5568 1939 5637 conspui,
1966 5574 2123 5622 aceto

543 5665 741 5735 potari,
786 5665 970 5723 lancea
1002 5664 1300 5738 perforari,
1346 5661 1483 5718 mori
1530 5669 1586 5716 et
1630 5659 1683 5716 iu
1728 5660 1978 5732 sepulcro
2006 5659 2120 5717 col-

2194 1839 2525 1909 resurgendo
2550 1848 2853 1909 repararet.

2265 1930 2419 1997 Quod
2451 1930 2616 2001 igitur
2641 1920 2822 1984 divina
2839 1930 3102 1999 sapientia
3125 1930 3485 1999 disposuerat,
3511 1929 3790 1996 sapienter

2193 2021 2357 2076 voluit
2385 2020 2701 2091 adimplere.
2732 2021 2926 2084 Voluit,
2945 2022 3239 2077 secundum
3266 2022 3578 2091 prophetica
3597 2021 3790 2085 verba,

2196 2113 2416 2169 humilis
2451 2123 2508 2168 et
2552 2126 2758 2183 pauper
2797 2115 2986 2167 sedere
3017 2126 3180 2182 super
3212 2114 3447 2178 asinam,
3496 2121 3547 2165 et
3594 2112 3790 2166 Hieru-

2198 2200 2368 2259 salem
2413 2206 2602 2260 venire
2649 2198 2840 2274 (Zach.
2874 2206 2973 2269 Ix),
3020 2203 3160 2259 sicut
3203 2203 3533 2273 evangelista
3584 2206 3790 2265 narrat,

2199 2294 2387 2350 dicens
2412 2312 2426 2350 :
2455 2312 2473 2346 ι
2502 2295 2639 2351 Cum
2660 2294 3314 2365 apliropinqttasSetJeSIIS
3340 2294 3794 2362 Hierosolymam,

2200 2393 2252 2440 et
2281 2388 2517 2441 venisset
2538 2385 2849 2457 Bethphage
2877 2387 2942 2441 ad
2971 2394 3206 2441 montem
3240 2385 3456 2449 Oliveti,
3489 2394 3612 2439 tunc
3642 2385 3795 2437 misxt

2201 2478 2336 2533 duos
2366 2492 2433 2532 ex
2463 2476 2745 2546 discipulis
2771 2477 2905 2541 suis,
2938 2476 3125 2531 dicens
3151 2475 3230 2530 eis
3258 2493 3271 2528 :
3308 2474 3382 2529 Ite
3411 2475 3462 2527 in
3487 2474 3791 2537 castellum,

2202 2568 2347 2639 quod
2384 2575 2575 2620 contra
2613 2580 2710 2620 vos
2736 2560 2847 2636 38
2861 2572 2963 2631 est,
2988 2575 3041 2619 et
3059 2565 3242 2620 statim
3275 2564 3558 2618 invenietis
3582 2564 3791 2616 asinam

2203 2656 2501 2726 alligatam.
2553 2664 2609 2711 et
2651 2655 2855 2726 pullum
2906 2670 3028 2709 cum
3083 2670 3168 2719 ea,
3218 2654 3409 2708 solvite
3439 2665 3493 2707 et
3543 2653 3793 2707 adducite

2206 2747 2342 2804 mihi
2375 2746 2592 2819 (Matth.
2623 2747 2761 2817 XXI).
2803 2765 2821 2796 ι
2868 2743 3160 2800 Castellum
3200 2743 3344 2798 istud
3402 2744 3634 2796 mundus
3681 2749 3788 2806 est,

2203 2838 2295 2909 qui
2332 2846 2521 2893 contra
2558 2838 2845 2892 Dominum
2901 2846 2956 2891 et
3006 2835 3297 2906 discipulos
3335 2833 3451 2903 ejus
3505 2833 3625 2892 fuit.
3683 2848 3795 2887 non

2205 2928 2379 2983 solum
2426 2928 2730 2998 opprobriis
2784 2935 2840 2982 et
2886 2926 3111 2999 ﬂagellis
3140 2941 3234 2982 eos
3273 2926 3668 2996 persequendo,
3699 2924 3794 2979 sed

2205 3021 2368 3073 etiam
2398 3018 2833 3074 crudelissimam
2884 3026 3112 3073 mortem
3168 3015 3467 3071 inferendo.
3505 3016 3656 3071 Unde
3687 3014 3795 3069 Do-

2206 3108 2386 3162 minus
2415 3125 2428 3161 :
2468 3125 2486 3158 ι
2527 3106 2583 3162 Si
2622 3108 2854 3161 tuendus
2882 3122 2977 3162 vos
3005 3107 3138 3171 odit,
3170 3106 3369 3160 scitote
3390 3105 3513 3172 quia
3542 3120 3627 3157 me
3649 3103 3799 3174 prio-

2208 3215 2321 3254 rem
2384 3199 2537 3254 vobis
2600 3196 2727 3253 odio
2779 3198 2983 3253 habuit.
3035 3195 3093 3252 Si
3148 3195 3215 3251 de
3269 3197 3470 3250 mundo
3533 3194 3794 3258 fuissetis,

2207 3289 2462 3354 mundus,
2496 3289 2639 3359 quod
2678 3300 2834 3342 suum
2877 3298 3016 3352 erat,
3052 3285 3332 3354 diligeret;
3388 3284 3513 3354 quia
3559 3299 3688 3339 vero
3729 3283 3797 3337 de

2208 3381 2411 3437 mundo
2433 3396 2536 3437 non
2563 3381 2718 3445 estis,
2751 3378 2847 3435 sed
2881 3394 2982 3446 ego
3010 3378 3145 3450 elegi
3178 3392 3273 3433 vos
3307 3379 3375 3432 de
3406 3377 3624 3441 mundo,
3670 3392 3796 3446 pro-

2209 3480 2394 3543 pterea
2426 3471 2540 3525 odit
2570 3485 2665 3525 vos
2695 3469 2928 3524 mundus
2960 3468 3144 3539 (Joan.
3183 3469 3295 3538 xv).
3342 3486 3361 3519 ι

2283 3558 2388 3616 Per
2415 3561 2622 3615 asinam
2643 3568 2696 3613 et
2734 3558 2960 3630 pullum,
2991 3559 3081 3628 qui
3112 3567 3270 3613 erant
3297 3559 3347 3612 in
3375 3557 3599 3613 castello
3626 3556 3796 3626 ligati,

2211 3651 2519 3708 Judazormn
2566 3650 2906 3722 signiﬁcatur
2929 3650 3155 3720 populus
3183 3656 3241 3704 et
3282 3648 3523 3720 gentilis,
3567 3660 3798 3718 quorum

2215 3756 2441 3817 uterque
2475 3746 2820 3816 peCcaton'u'm
2854 3742 3085 3798 vinculis
3113 3741 3443 3811 sebjacehat.
3473 3740 3802 3798 Asinasub-

2209 3838 2408 3909 jugalis
2438 3826 2719 3893 Iudaicam
2777 3835 3029 3907 populum
3075 3835 3253 3906 signat
3295 3828 3426 3904 iugo
3453 3833 3587 3904 legis
3614 3830 3798 3902 subjev

2216 3942 2387 3988 ctum.
2415 3930 2599 3985 Pullus
2622 3928 2910 3984 lasciviens
2938 3928 2993 3982 et
3027 3925 3245 3981 eﬂ'renis
3268 3926 3520 3999 gentilem
3549 3922 3800 3995 populum

2220 4030 2370 4077 notat
2400 4018 2696 4076 secundum
2747 4016 3014 4073 desideria
3055 4017 3237 4072 carnis
3265 4015 3652 4071 ambulantem.
3687 4012 3803 4066 Duo

2219 4112 2470 4183 discipuli
2516 4096 2679 4167 [missi
2727 4112 2779 4165 in
2829 4109 3111 4166 castellum
3163 4108 3392 4165 duorum
3442 4117 3571 4163 sum;
3615 4105 3803 4160 Testa-

2220 4214 2528 4260 mentorum
2559 4202 2966 4273 praedicatores,
3014 4186 3228 4272 gemina
3277 4199 3484 4271 prmditi
3514 4198 3802 4260 charitate,

2222 4293 2314 4349 Dei
2346 4293 2557 4350 scilicet
2603 4302 2659 4348 et
2714 4292 2948 4364 proximi
2998 4291 3310 4355 dilectione,
3361 4290 3475 4345 sive
3524 4288 3720 4343 Petrus
3750 4294 3805 4340 et

2227 4384 2445 4450 Paulus,
2486 4396 2716 4455 quorum
2761 4398 2902 4438 unus
2950 4384 3214 4454 gentium,
3256 4379 3395 4434 alter
3438 4377 3538 4432 fuit
3584 4384 3830 4445 προδιοο,

2225 4475 2308 4531 lus
2343 4473 2672 4532 Judazoruin.
2718 4473 2872 4531 Unde
2923 4475 3040 4544 ipse
3089 4466 3329 4527 Paulus:
3365 4490 3387 4523 ι
3420 4469 3520 4537 Qui
3550 4475 3806 4540 operatus

2224 4576 2306 4624 est
2334 4566 2517 4632 Petro,
2547 4566 2740 4636 inquit,
2763 4565 2817 4620 in
2840 4564 3163 4634 apostolatu,
3194 4572 3448 4633 operatus
3475 4567 3560 4615 est
3585 4566 3643 4613 et
3671 4554 3804 4610 mihi

2224 4658 2367 4714 inter
2397 4662 2584 4729 gentes
2629 4652 2832 4724 (σαῖσι.
2869 4653 2951 4727 ιι).
2990 4672 3010 4706 ι
3063 4652 3145 4708 11ιί
3188 4652 3467 4709 solverunt
3518 4658 3806 4714 utrumque
3878 4686 3881 4689 .

2225 4751 2481 4822 populum
2511 4751 2580 4806 ab
2625 4747 2962 4804 inﬁdelitatis
3000 4759 3207 4814 errore,
3240 4753 3297 4801 et
3341 4743 3505 4800 verba
3548 4743 3808 4813 praedica-

2226 4841 2386 4896 tionis
2413 4840 2685 4894 duxerunt
2705 4837 2774 4893 ad
2799 4836 2961 4893 ﬁdem
2989 4834 3117 4892 Jesu
3136 4834 3356 4891 Christi.
3387 4832 3646 4888 Dominus
3668 4831 3809 4887 sedit

2223 4938 2386 4999 super
2413 4942 2526 4994 eos,
2559 4927 2687 4998 quia
2717 4936 2784 4982 ex
2835 4925 2942 4981 ﬁde
2990 4940 3086 4981 sua
3128 4922 3450 4993 justiﬁeavit
3490 4921 3631 4988 illos,
3668 4921 3809 4974 sicut

2224 5022 2484 5090 scriptum
2514 5030 2601 5075 est
2637 5038 2651 5074 :
2691 5019 2886 5074 Anima
2917 5018 3049 5088 justi
3096 5017 3254 5074 sedes
3281 5025 3366 5071 est
3399 5013 3697 5086 sapientiae.
3733 5013 3809 5069 De

2225 5114 2507 5183 utriusque
2545 5110 2935 5182 justiﬁeatione
2978 5109 3114 5166 dixit
3139 5106 3475 5178 Apostolus:
3526 5122 3546 5157 ι
3585 5105 3667 5158 An
3708 5103 3801 5159 Ju~

2223 5206 2461 5261 decorum
2494 5211 2704 5258 tantum
2730 5202 2905 5258 Deus?
2933 5201 3124 5257 Nonne
3166 5209 3222 5254 et
3264 5196 3546 5268 gentium?
3596 5194 3712 5250 lino
3755 5200 3808 5249 et

2225 5295 2486 5366 gentium,
2520 5293 2778 5363 quoniam
2818 5292 3035 5363 quidem
3067 5305 3206 5346 unus
3233 5288 3395 5350 Deus,
3429 5286 3519 5358 qui
3545 5283 3808 5356 justiﬁcat

2226 5385 2692 5442 circumcisionem
2737 5399 2807 5439 ex
2855 5382 2960 5439 ﬁde
3008 5391 3065 5438 et
3117 5381 3437 5452 prteputium
3493 5394 3591 5450 per
3648 5376 3806 5431 tidem

2229 5476 2402 5552 (Rom.
2433 5475 2535 5537 tu).
2574 5495 2592 5528 ι

2299 5566 2534 5622 Pos$unt
2560 5564 2722 5620 etiam
2754 5562 2870 5617 haec
2899 5559 3179 5617 moraliter
3205 5557 3451 5629 intelligi.
3499 5555 3809 5628 Bethphage

2231 5661 2617 5733 interpretatur
2642 5657 2828 5712 domus
2855 5656 3049 5721 buceta,
3091 5660 3146 5709 et
3173 5658 3257 5709 est
3283 5651 3591 5708 intellectus
3621 5662 3806 5706 sacer-

3300 5820 3331 5833 ,.
