4184 6500
401 402 508 467 Sili

1872 405 2104 464 SERMO
2152 394 2279 464 V‘lll.

3571 421 3676 476 5M

399 526 611 588 dolum,
662 537 759 592 per
808 537 971 590 quam
1025 522 1338 593 designatur
1386 505 1673 580 confessio.
1725 520 1806 574 Ad
1851 521 1992 576 hanc
2022 529 2067 584 Α
2097 519 2341 588 pertulit,
2390 519 2444 574 iu
2474 521 2864 590 tiu-perventura
2898 523 3075 577 autem
3125 523 3355 593 patriam
3400 522 3680 587 felicitatis

399 615 664 669 Dominus
705 613 870 674 venit,
909 613 1034 681 quia
1083 613 1150 667 ad
1192 612 1557 668 conﬁtendum
1591 613 1752 666 corda
1801 627 1994 666 accen-

398 707 495 760 dit.
547 704 861 768 Castellum,
895 705 1149 773 quodest
1189 715 1378 760 contra
1425 705 1710 759 Dominum
1768 714 1824 760 et
1874 705 1993 775 ejus

397 796 714 865 discipulos,
756 805 840 849 est
887 796 1103 850 animus
1145 795 1475 860 obstinatus,
1509 795 1742 865 propria:
1779 795 1992 850 deditus

397 886 683 939 voluntati.
718 887 831 939 Duo
863 885 1110 955 discipuli
1140 887 1207 939 ad
1237 900 1363 939 eum
1403 886 1552 940 missi
1590 895 1750 951 sunt,
1783 899 1906 954 spes
1935 895 1990 941 et

397 975 582 1029 timor.
599 975 762 1030 Asina
781 983 831 1030 et
848 975 1256 1046 pullusalligati,
1275 976 1551 1032 humilitas
1572 985 1629 1030 et
1649 976 1983 1046 simplicitas.

396 1065 715 1141 Huiusmodi
762 1067 906 1121 enim
953 1067 1167 1120 animus
1210 1066 1500 1135 aliquando
1549 1067 1696 1121 novit
1741 1067 1869 1136 quid
1915 1068 1987 1122 sit

394 1157 693 1224 humilitas,
725 1159 853 1227 quid
901 1157 1242 1226 simplicitas,
1291 1169 1347 1212 et
1377 1159 1520 1228 quod
1571 1159 1890 1228 simpliciter
1929 1169 1986 1214 et

391 1246 670 1302 humiliter
698 1247 768 1300 sit
795 1247 1115 1312 vivendum;
1159 1247 1254 1300 sed
1293 1247 1448 1316 quasi
1489 1261 1583 1301 eas
1607 1246 1790 1316 alligat
1813 1255 1862 1301 et
1893 1262 1981 1302 re-

389 1334 562 1407 ponit,
611 1335 738 1390 dum
785 1351 890 1390 non
946 1334 1056 1388 vult
1114 1349 1208 1390 eas
1264 1349 1426 1404 opere
1462 1350 1735 1390 exercere.
1789 1335 1982 1389 Terret

390 1427 537 1483 hunc
565 1427 747 1489 timor,
791 1425 880 1479 ubi
925 1442 954 1480 a
995 1425 1137 1480 malo
1183 1426 1492 1494 resipucrit,
1525 1427 1741 1481 minans
1768 1426 1817 1480 ei
1871 1437 1982 1481 tor-

389 1525 590 1572 menta.
621 1516 906 1570 Cout‘ortat
950 1532 1073 1571 eum
1110 1531 1255 1585 spes,
1302 1517 1346 1570 si
1398 1517 1730 1586 paenituerit,
1759 1517 1977 1587 praemia

387 1607 708 1676 pollicendo.
754 1607 1148 1678 Compungitur
1189 1607 1287 1661 his
1333 1608 1540 1662 duobus
1584 1610 1818 1662 animus.
1861 1609 1980 1663 Sol-

386 1697 532 1750 vitnr
556 1698 730 1762 asina,
778 1707 832 1752 et
880 1699 1075 1768 pullus,
1107 1713 1229 1753 cum
1267 1698 1482 1752 obviam
1521 1699 1750 1753 Domino
1798 1699 1980 1755 eundo

386 1785 723 1859 Bethphage,
755 1789 1044 1844 conﬁtetur
1092 1805 1150 1844 se
1197 1802 1471 1869 peccasse,
1503 1799 1558 1844 et
1608 1793 1878 1859 promittit
1917 1807 1978 1847 se

2093 619 2309 666 {eterna}
2336 611 2648 679 perenniter
2676 621 3001 680 regnaturus
3045 613 3289 670 intravit.
3338 615 3397 672 ln
3449 618 3552 674 hac
3589 621 3678 676 die

2093 702 2447 756 maerentibus
2471 702 2748 772 discipulis
2770 712 3161 760 momentanea:
3190 708 3476 763 succubuit
3500 708 3672 774 febri;

2091 789 2146 844 in
2176 789 2265 844 illa
2298 805 2427 846 vero
2465 792 2963 862 congratulantibus
2990 794 3112 849 eceli
3156 795 3444 856 virtutibus
3493 799 3678 869 gloriae

2089 879 2332 939 caelestis
2363 881 2607 936 invectus
2628 891 2711 936 est
2737 881 2989 938 claritati.
3013 883 3268 954 Corporis
3293 886 3673 956 deposuitsaro

2088 970 2286 1035 einam,
2316 987 2438 1030 mox
2465 971 2886 1030 immortalitatis
2906 973 3129 1029 indutus
3154 985 3237 1030 est
3261 976 3451 1030 stolam
3475 977 3670 1050 (Gate.

2087 1076 2123 1114 ιι
2150 1059 2293 1115 Dial.
2322 1077 2442 1131 cap.
2474 1063 2586 1132 57).
2624 1061 2723 1118 Vili
2756 1063 3086 1121 decumbens
3126 1065 3326 1131 cilicio,
3374 1067 3515 1121 inter
3541 1083 3672 1136 paua

2085 1164 2272 1207 eorum
2299 1150 2687 1219 discipulorum
2735 1153 2929 1210 manus
2967 1154 3215 1224 spiritum
3264 1157 3525 1223 reddidit;
3573 1158 3669 1213 sed

2083 1255 2206 1294 mox
2239 1255 2335 1309 per
2358 1242 2498 1295 viam
2545 1242 2721 1311 palliis
2759 1253 2985 1300 stratam
3026 1243 3470 1316 lampadibusque
3511 1263 3671 1302 coru-

2081 1345 2228 1385 scam
2253 1331 2320 1384 ad
2345 1331 2820 1395 innumerabilium,
2845 1334 3160 1402 angelorum
3187 1335 3414 1396 laetabile
3445 1351 3668 1400 consor-

2083 1421 2214 1475 tium
2246 1421 2564 1490 pervolavit.
2618 1421 2722 1496 Sed
2762 1421 2890 1491 quid
2922 1425 3120 1478 mirum
3147 1424 3193 1480 si
3223 1421 3461 1488 caelestis
3502 1426 3666 1484 curia:

2079 1523 2300 1568 senator
2349 1513 2574 1583 insignis
2628 1522 2750 1583 post
2795 1511 3010 1568 felicem
3067 1513 3296 1577 obitum,
3353 1515 3664 1585 angelorum

2079 1606 2234 1674 petiit
2291 1607 2704 1662 contubernium
2737 1647 2753 1671 ,
2799 1607 3241 1676 quandoquidem
3291 1618 3347 1665 et
3402 1610 3455 1662 in
3501 1625 3668 1668 carne

2082 1699 2256 1754 adhuc
2286 1699 2622 1769 corruptibili
2651 1700 3208 1765 eonstitutus,eorum
3236 1711 3346 1758 tam
3373 1717 3514 1772 saepe
3540 1719 3670 1772 prtia

2083 1789 2279 1843 meruit
2328 1789 2590 1845 familiare
2628 1789 2989 1858 colloquium?
3038 1789 3191 1854 Nam,
3239 1799 3299 1846 ut
3341 1793 3407 1847 de
3453 1794 3671 1851 caeteris

385 1877 639 1946 deinceps
671 1879 950 1932 humiliter
973 1887 1028 1932 et
1071 1879 1391 1948 simpliciter
1441 1880 1737 1936 victurum.
1783 1881 1851 1934 Et
1891 1882 1971 1936 sic
2003 1876 2044 1934 Β
2075 1880 2288 1944 sileam,
2320 1895 2508 1942 unum,
2542 1880 2687 1948 quod
2716 1895 2935 1936 sacrum
2976 1890 3144 1954 atque
3187 1883 3484 1938 veridicum
3531 1884 3664 1940 Gre-

385 1971 474 2038 qui
508 1970 659 2038 prius
685 1978 806 2024 erat
853 1969 1134 2024 castellum
1178 1969 1398 2033 diaboli,
1439 1969 1670 2024 eﬁicitur
1706 1971 1836 2024 urbs
1864 1970 1972 2024 for-

386 2060 633 2114 titudinis
663 2070 860 2114 nostra;
880 2058 1041 2126 Sion;
1079 2059 1328 2115 Salvator
1351 2061 1572 2128 ponitur
1594 2060 1647 2114 in
1671 2075 1734 2114 ea
1761 2075 1968 2126 murus,

382 2163 439 2206 et
467 2154 804 2206 antemurale
833 2153 970 2224 (lsa.
998 2153 1170 2224 xxvn).
1200 2151 1383 2207 Murus
1399 2153 1674 2207 humilitas
1695 2161 1801 2216 est,
1827 2163 1974 2244 ante-

383 2245 592 2300 murale
629 2247 908 2315 patientia.

452 2336 809 2406 Egrediamur
853 2336 1034 2412 igitur,
1095 2336 1422 2401 charissimi,
1476 2337 1688 2392 obviam
1743 2337 1971 2392 Domino

379 2425 720 2498 Bethpbage,
753 2427 1064 2498 compuncti
1093 2426 1286 2482 timore
1321 2442 1494 2498 poenae
1526 2437 1582 2484 et
1613 2442 1710 2496 spe
1733 2429 1970 2485 caelestis

377 2518 505 2572 vita:
533 2518 748 2583 ﬁrmati,
780 2501 1088 2574 conﬁtendo
1117 2529 1336 2588 peccata
1364 2519 1658 2585 humiliter,
1686 2531 1740 2574 et
1764 2521 1970 2591 simpli-

377 2610 514 2664 citer
543 2611 888 2675 ambulando,
931 2610 1223 2665 substratis
1248 2611 1492 2672 vestibus
1526 2620 1728 2666 nostra)
1767 2629 1966 2668 carna-

377 2702 564 2768 litatis,
591 2713 648 2756 ut
675 2704 728 2757 in
756 2704 911 2759 nobis
937 2704 1190 2774 dignetur
1227 2705 1414 2760 sedere
1453 2705 1734 2768 Dominus,
1783 2716 1838 2762 et
1869 2723 1968 2762 nos

377 2809 563 2850 secum
592 2795 643 2849 in
673 2795 949 2851 caelestem
988 2795 1323 2850 Hierusalem
1366 2796 1732 2852 introducere.
1769 2799 1962 2854 Amen.

893 2909 1004 2980 39
1040 2908 1274 2966 SERMO
1313 2909 1445 2964 vui.

447 3011 503 3056 IN
529 3015 727 3056 VIGILIA
761 3017 804 3057 s.
844 3015 1122 3143 ΒΕΝεοὶοτι
1157 3017 1380 3143 Διιιιλνςιε
1415 3019 1484 3058 ET
1523 3012 1890 3074 conrassom‘s.

1038 3088 1104 3124 xx
1146 3089 1311 3127 usus.

1038 3088 1104 3124 ιιι
1146 3089 1311 3127 MART.

447 3161 676 3233 Vigilias
708 3162 906 3234 egregii
949 3160 1297 3227 confessoris,
1335 3163 1486 3217 beati
1509 3165 1757 3219 videlicet
1795 3165 1962 3220 Bene-

376 3252 526 3317 dicti,
561 3252 759 3307 fratres
786 3252 1114 3318 charissimi,
1147 3252 1305 3306 hodie
1328 3251 1579 3318 colimus,
1618 3270 1839 3309 necesse
1875 3262 1961 3310 est

374 3349 436 3397 ut
457 3343 524 3396 ad
556 3342 876 3397 celebranda
908 3341 1403 3408 solemnitatisejus
1424 3344 1654 3415 insignia
1679 3356 1960 3414 promptos

374 3433 585 3487 animos
614 3448 997 3502 praeparemus.
1037 3432 1156 3487 Jam
1203 3435 1385 3504 itaque
1421 3436 1765 3504 splendorem
1798 3446 1960 3492 tanta:

373 3522 734 3578 solemnitatis
772 3538 924 3578 meus
948 3524 1136 3578 devota
1169 3524 1457 3592 concipiat,
1491 3525 1556 3579 ad
1597 3527 1854 3581 excubias
1899 3543 1959 3583 se

372 3609 475 3679 pia:
500 3610 775 3665 servitutis
803 3610 1067 3681 accingat,
1109 3627 1175 3666 ac
1198 3611 1414 3666 flamma
1445 3614 1610 3668 divini
1639 3615 1842 3670 amoris
1871 3631 1960 3671 so-

373 3700 469 3757 lito
494 3701 790 3757 ferventius
825 3703 1136 3757 incalescat.
1180 3702 1392 3773 Scepis,
1435 3704 1588 3774 juxta
1616 3705 1958 3760 consuetudi-

372 3807 522 3857 nem,
563 3795 853 3848 mandatur
877 3793 1140 3860 Ecclesia,
1173 3809 1268 3864 per
1292 3795 1559 3850 sinceram
1587 3811 1799 3866 quoque
1827 3811 1959 3851 con-

373 3887 658 3943 fessionem
690 3889 1006 3959 puriﬁcetur
1052 3906 1082 3943 a
1123 3904 1302 3960 prava:
1353 3889 1699 3960 cogitationis
1739 3889 1957 3959 pulvere

373 3981 726 4036 conscientia.
755 3979 1136 4050 Prazparantur
1170 3979 1483 4045 luminaria,
1527 3980 1753 4033 diversa:
1797 3993 1958 4033 orna-

372 4085 675 4128 mentorum
705 4072 912 4142 species
940 4074 1345 4143 appenduntur;
1398 4072 1450 4126 in
1488 4072 1813 4141 pectoribus
1829 4087 1957 4142 quo-

371 4180 475 4233 quc
508 4164 723 4226 nostris,
753 4165 933 4219 divina
967 4165 1228 4235 largiente
1261 4163 1566 4228 clementia,
1597 4161 1745 4215 varia
1776 4163 1974 4234 dispo-~

371 4265 571 4310 nantur
603 4263 919 4309 ornamenta
961 4255 1220 4308 virtutum
1267 4271 1280 4308 :
1330 4253 1515 4324 sicque
1565 4253 1770 4322 pharus
1816 4254 1956 4310 inte‘

371 4345 532 4399 rioris
569 4345 750 4414 templi
800 4354 933 4415 quot
982 4345 1086 4414 piis
1130 4344 1322 4398 studiis
1374 4343 1527 4414 quasi
1581 4353 1658 4396 tot
1713 4345 1954 4400 coruscis

371 4434 708 4506 lampadibus
729 4435 1073 4490 accendatur.
1111 4436 1381 4489 Debemus
1410 4433 1572 4503 igitur
1607 4433 1767 4488 hodie
1796 4436 1953 4492 beato

370 4527 508 4592 viro,
560 4527 704 4580 Velut
751 4527 1060 4597 aegrotanti,
1111 4526 1213 4594 piis
1241 4525 1540 4579 visceribus
1591 4524 1844 4593 compati,
1893 4534 1953 4579 ut

370 4635 492 4676 cras
518 4621 712 4674 merito
741 4622 1014 4672 valeamus
1061 4619 1125 4672 de
1155 4617 1528 4686 assumptione
1575 4613 1692 4683 ejus
1733 4631 1855 4670 cum
1887 4631 1951 4670 eo

368 4717 572 4785 pariter
600 4713 834 4784 gloriari.
866 4711 1019 4766 Sicut
1041 4720 1097 4766 et
1126 4711 1191 4766 de
1218 4709 1578 4778 Redemptore
1611 4720 1794 4763 nostro
1819 4708 1953 4762 dicit

368 4806 696 4875 Apostolus:
737 4825 754 4854 ι
793 4803 926 4870 Quia
957 4803 1000 4858 si
1034 4803 1421 4856 commorimur
1459 4812 1513 4854 et
1560 4801 1948 4866 convivemus;

366 4880 414 4952 ‘si
462 4898 862 4967 compatimnr,
911 4904 967 4949 et
1012 4893 1470 4962 conregnabimus
1508 4891 1589 4961 (ΙΙ
1628 4890 1761 4945 Tim.
1796 4891 1877 4960 ll).
1927 4911 1944 4941 ι

369 4991 505 5046 lline
531 5005 742 5044 rursum
766 4989 842 5042 ait
867 5007 880 5042 :
921 5007 938 5040 ι
975 4988 1032 5042 Si
1056 4987 1403 5055 complantati
1436 4984 1560 5039 facti
1589 5001 1774 5039 sumus
1802 4986 1949 5038 siuti-

370 5084 580 5139 litudini
612 5083 800 5138 mortis
830 5082 969 5152 ejus,
1019 5080 1178 5135 simul
1223 5091 1274 5133 et
1306 5078 1719 5134 resurrectionis
1748 5079 1950 5132 erimus

368 5177 540 5247 (Rom.
588 5184 681 5244 vn).
719 5196 738 5227 ο
776 5175 926 5242 Quod
958 5189 1093 5243 ergo
1137 5173 1398 5227 debemus
1442 5172 1605 5241 Capiti
1655 5171 1946 5226 electorqu

366 5269 607 5323 omnium
639 5266 875 5331 Christo,
907 5265 1164 5319 debemus
1209 5271 1264 5316 et
1314 5277 1472 5316 servo
1515 5262 1632 5331 ejus
1661 5261 1950 5316 venerabili

367 5349 689 5423 Benedicto;
723 5359 998 5420 nimirum,
1050 5364 1109 5410 ut
1154 5354 1550 5423 compatiamur
1578 5353 1948 5422 mgritudiuem

369 5447 974 5520 patienti,collactemur
1022 5455 1200 5499 autem
1252 5444 1418 5497 caelos
1472 5441 1702 5496 feliciter
1764 5457 1952 5496 ascen-

367 5537 535 5592 denti.
571 5537 728 5590 Prius
753 5549 984 5603 namque
1011 5549 1109 5602 per
1139 5531 1489 5602 temporalem
1516 5531 1721 5584 obitum
1745 5538 1951 5584 natura:

368 5627 606 5683 debitum
639 5625 829 5690 solvit;
862 5625 1055 5679 deinde
1087 5622 1470 5678 comitantibus
1504 5619 1828 5691 hymnidicis
1858 5637 1951 5672 an~

369 5719 609 5790 gelorum
639 5716 866 5772 canibus
889 5716 956 5770 ad
977 5714 1218 5771 cmlestia
1246 5729 1413 5785 regna
1439 5712 1709 5782 migravit.
1789 5710 1796 5716 ’

388 5801 390 5803 ’
439 5807 497 5862 ιιι
547 5809 648 5863 hac
693 5807 890 5878 quippe
919 5804 1006 5862 die
1053 5805 1298 5876 corporei
1348 5799 1947 5884 languorismalcstias

2076 1971 2283 2040 goriani
2323 1973 2445 2042 styli
2474 1970 2610 2042 fugit
2635 1973 2946 2038 articulum,
2976 1975 3227 2043 charitati
3252 1985 3448 2030 vestrae
3482 1978 3664 2032 celan-

2074 2060 2201 2113 dum
2225 2073 2344 2114 esse
2369 2075 2475 2114 non
2507 2061 2764 2115 arbitror.
3574 2071 3579 2076 ‘

2147 2149 2311 2204 Plane
2343 2165 2464 2204 cum
2495 2150 2580 2204 vir
2600 2149 2692 2206 Dei
2719 2151 3042 2209 Benedictus
3069 2153 3122 2208 in
3157 2152 3300 2220 loco,
3332 2157 3426 2225 qui
3457 2155 3658 2216 Subla-s

2072 2255 2170 2294 cus
2200 2241 2417 2307 dicitur,
2461 2243 2790 2297 constructis
2829 2243 3258 2315 circumquaque
3306 2250 3660 2305 monasteriis

2072 2332 2346 2396 solitarius
2374 2333 2614 2404 degeret,
2648 2333 2908 2389 divinitus
2949 2343 3034 2390 est
3079 2336 3386 2393 admonitus
3425 2348 3500 2393 ut-
3539 2341 3660 2395 loco

2071 2427 2291 2480 cederet
2333 2435 2702 2494 castrumque,
2748 2426 2890 2494 quod
2921 2425 3176 2482 Casinum
3206 2428 3424 2496 dicitur,
3463 2445 3666 2502 prope-

2070 2520 2238 2569 raret.
2275 2515 2422 2568 illico
2451 2514 2535 2567 vir
2580 2523 2802 2569 sanctus
2855 2517 3061 2585 absque
3107 2517 3395 2589 cujuslibet
3444 2522 3662 2576 comitis

2070 2605 2419 2668 adminiculo,
2451 2604 2596 2659 solus
2629 2615 2686 2658 ut
2711 2615 2853 2672 erat,
2881 2608 2981 2661 iter
3005 2608 3236 2677 arripuit
3269 2619 3326 2663 et
3354 2625 3452 2678 per
3499 2611 3660 2679 quin-

2069 2700 2324 2766 quaginta
2362 2694 2476 2749 fere
2500 2711 2753 2764 passuum
2787 2696 2953 2751 millia
2992 2699 3266 2765 gradiens,
3312 2699 3510 2765 locum,
3545 2715 3658 2770 quo

2067 2791 2383 2855 vocabatur,
2413 2789 2617 2843 invisit.
2670 2788 2776 2844 Sed
2820 2804 2944 2844 cum
2988 2804 3086 2858 per
3125 2791 3305 2861 ignota
3355 2792 3468 2846 loca
3508 2793 3658 2849 solus

2066 2880 2242 2934 viator
2267 2880 2562 2943 incederet,
2596 2881 2905 2950 ubicunque
2936 2881 3138 2935 bivium
3170 2885 3512 2948 occurrebat,
3545 2884 3656 2939 duo

2067 2974 2312 3042 protinus
2330 2971 2557 3042 juvenes
2601 2972 2926 3027 videbantur
2966 2973 3244 3040 assistere,
3290 2975 3381 3044 qui
3414 2975 3515 3030 sibi
3545 2991 3654 3046 quo

2066 3079 2285 3135 gressus
2333 3064 2568 3134 dirigere
2602 3063 2833 3118 debebat
2867 3062 3190 3118 indicarent.
3246 3064 3348 3129 Qui
3397 3065 3656 3127 nimirum

2065 3155 2454 3227 “juvenes,
2508 3154 2599 3225 qui
2652 3154 2742 3209 alii
2775 3164 2901 3209 sunt
2954 3155 3235 3218 credendi,
3287 3156 3389 3210 nisi
3423 3156 3655 3226 angelici

2065 3245 2289 3313 spiritus
2331 3246 2396 3298 ad
2437 3244 2612 3298 sancti
2664 3244 2767 3315 vjri
2825 3245 3128 3300 custodiam
3178 3245 3458 3315 deputati?
3511 3243 3657 3312 Quid

2065 3344 2246 3388 autem
2278 3335 2474 3396 mirum
2505 3334 2548 3389 si
2595 3333 2796 3401 angeli,
2841 3341 3156 3389 sanctorum
3186 3333 3438 3388 videlicet
3480 3335 3656 3389 hami.

2029 3443 2048 3453 τ
2064 3439 2192 3478 nam
2221 3433 2508 3487 amatores,
2528 3423 2636 3478 iter
2664 3424 2982 3489 edocebant,
3009 3438 3080 3478 ne
3098 3424 3178 3476 vir
3199 3433 3419 3479 sanctus
3439 3437 3675 3494 erraret,

2063 3529 2184 3568 cum
2216 3523 2271 3568 et
2289 3513 2445 3567 bruta
2470 3513 2722 3566 animalia
2763 3517 2878 3581 ejus
2916 3513 3140 3582 vestigia
3178 3523 3553 3582 sequerentur,
3582 3531 3652 3570 ne

2061 3604 2206 3658 solus
2245 3604 2454 3659 abiret?
2481 3603 2616 3657 Nam
2661 3612 2773 3657 tres
2799 3604 2946 3657 corvi
2975 3615 3074 3672 per
3100 3617 3315 3657 omnem
3345 3607 3484 3657 viam
3515 3603 3650 3657 indi-

2060 3693 2207 3748 vidui
2232 3693 2334 3748 sibi
2362 3693 2588 3771 comites
2610 3692 2847 3758 fuerunt,
2872 3693 2991 3762 ejus
3021 3693 3233 3751 assidue
3266 3692 3492 3762 vestigia
3523 3708 3649 3762 pro-

2058 3772 2374 3854 sequentes;
2430 3783 2698 3853 hodieque
2739 3784 2791 3840 in
2834 3783 2992 3845 silva,
3030 3798 3152 3852 qua:
3187 3783 3484 3838 venerabili
3532 3797 3648 3836 mo-

2059 3879 2300 3934 nasterio
2325 3877 2506 3933 Casini
2538 3876 2737 3944 montis
2774 3876 3005 3944 adiacet,
3035 3876 3162 3939 duo,
3195 3875 3330 3940 sive,
3355 3883 3414 3930 ut
3437 3874 3648 3941 ferunt,r

2061 3981 2172 4027 tres
2195 3972 2345 4026 corvi
2375 3985 2553 4024 annua
2575 3982 2791 4037 semper
2819 3967 3154 4023 revolutione
3184 3967 3485 4031 nidiﬁcant,
3508 3982 3650 4035 quos

2059 4062 2256 4117 abillis
2280 4061 2488 4129 antiqui
2518 4059 2778 4129 temporis
2823 4058 3002 4112 corvis
3032 4057 3274 4114 nonnulli
3310 4058 3526 4127 prodire
3551 4073 3648 4126 per

2059 4143 2334 4208 traducem
2387 4152 2612 4207 seminis
2659 4161 2995 4213 asseverant.
3051 4152 3118 4206 Et
3163 4167 3351 4207 revera
3406 4155 3645 4222 quntidie

2058 4244 2372 4299 monasterii
2405 4242 2610 4304 foribus
2638 4243 2913 4310 advolant,
2959 4251 3017 4298 ut
3045 4243 3400 4310 crocitantes,
3445 4254 3500 4298 et
3529 4244 3653 4300 alas

2056 4349 2120 4389 ac
2151 4343 2327 4390 rostra
2360 4333 2679 4404 pandentes,
2716 4333 2932 4388 solitam
2961 4347 3164 4400 escam,
3211 4332 3360 4388 velut
3403 4334 3642 4390 debitum

2056 4413 2371 4482 censum-ex
2402 4433 2627 4480 vetustae
2664 4425 3018 4494 possessionis
3042 4424 3168 4493 jure
3207 4425 3522 4494 deposcant.
3554 4427 3649 4490 Et,

2055 4527 2114 4572 ut
2134 4517 2334 4572 clarius
2379 4517 2684 4572 innotescat
2729 4531 2891 4585 quam
2941 4516 3169 4587 pervigil
3207 4533 3373 4587 super
3422 4518 3646 4573 beatum

2058 4609 2230 4662 virum
2286 4606 2468 4661 divina
2510 4609 2682 4677 gratia
2712 4609 3104 4671 coruscavcrit,
3147 4617 3371 4662 sanctus
3419 4610 3646 4677 quidam

2057 4700 2140 4754 vir
2171 4701 2221 4753 in
2249 4699 2493 4770 praedicti
2521 4699 2702 4752 Casini
2735 4700 2934 4754 montis
2965 4708 3092 4753 tunc
3125 4715 3250 4758 arce
3273 4700 3516 4769 degebat,
3551 4696 3644 4753 cui

2057 4792 2234 4846 divina
2259 4805 2390 4845 rore
2411 4798 2736 4859 praeceptum
2763 4799 2850 4844 est
2872 4799 2930 4843 ut
2958 4790 3292 4850 abscederet,
3319 4789 3515 4858 aliique
3543 4789 3643 4858 qui

2056 4898 2228 4936 novus
2256 4881 2528 4936 habitator
2555 4881 2840 4935 accederet
2862 4886 3042 4934 locum
3059 4881 3229 4935 daret.
3245 4879 3372 4933 Haec
3393 4880 3552 4950 plane
3570 4883 3645 4935 de

2055 4973 2219 5028 Marci
2249 4973 2490 5044 ejusdem
2512 4973 2761 5026 videlicet
2791 4973 2934 5026 beati
2960 4971 3234 5027 Benedicti
3267 4972 3515 5042 discipuli
3548 4989 3640 5034 ve:

2054 5075 2213 5120 nusto
2240 5065 2481 5119 carmch
2515 5065 2631 5134 jam
2648 5062 3198 5131 delhtravimus,.qnia
3239 5063 3291 5116 in
3331 5067 3643 5119 veneranda

2053 5157 2400 5227 Gregoriana:
2423 5155 2668 5209 historiae.
2680 5153 2822 5209 serie
2845 5153 3066 5206 minime
3101 5156 3418 5222 reperimus.

2127 5247 2308 5316 Nuper
2329 5247 2494 5301 etiam
2516 5245 2670 5312 juxta
2701 5242 2981 5312 praefatum
3013 5244 3200 5298 Casini
3229 5246 3425 5299 utentis
3447 5258 3645 5300 cceno-r

2055 5340 2233 5402 bium,
2265 5339 2397 5392 satis
2442 5336 2656 5406 insigne
2688 5335 3006 5389 miraculum
3049 5337 3298 5408 contigit,
3345 5339 3488 5405 quod
3527 5353 3640 5400 nm.»

2059 5435 2154 5486 abs
2177 5447 2233 5484 re
2259 5426 2371 5484 ﬁeri
2414 5429 2705 5490 credimus,
2727 5427 2772 5480 si
2805 5429 2870 5481 ad
2897 5429 3034 5498 ejus,
3061 5430 3153 5497 qui
3181 5428 3440 5482 mirabilis
3471 5437 3553 5482 est
3581 5449 3641 5480 m-

2058 5527 2258 5578 sanetis
2280 5522 2392 5576 suis
2414 5518 2584 5590 (Psal.
2605 5519 2795 5590 LXVII),
2827 5519 3054 5588 gloriam
3079 5519 3396 5573 referamus.
3421 5519 3464 5572 Α
3489 5519 3646 5588 prim

2056 5615 2197 5683 cipio
2229 5613 2340 5670 fere
2379 5609 2500 5663 Maii
2531 5609 2732 5664 mensis
2759 5623 2928 5677 usque
2967 5609 3033 5662 ad
3069 5610 3315 5678 quintum
3348 5609 3486 5662 diem
3509 5618 3642 5663 ante.r

2056 5705 2320 5758 Kalendas
2368 5700 2618 5770 Augusti,
2670 5700 2759 5753 vix
2819 5700 3107 5768 aliquando
3158 5700 3410 5771 pluvialis
3465 5700 3638 5754 habet

2058 5795 2370 5852 tenuissimo
2400 5795 2592 5850 saltem
2628 5792 2931 5864 squalentia
2973 5809 3099 5849 rura
3134 5795 3425 5866 rigaverat.
3470 5781 3635 5852 (Ium-
