4184 6474
522 360 624 415 517

1203 358 1263 414 S.
1301 358 1504 413 PETRI
1535 355 1816 411 DAMIAN
1841 355 1992 409 OPP.
2033 351 2213 407 PARS
2251 350 2379 407 SEU
2409 348 2724 406 TOMUSII.
2757 379 2826 388 —
2855 348 3247 403 SEllMONES.

3682 348 3791 403 548

522 491 627 545 que
654 474 829 528 Ulllltis
858 472 1012 527 tellus
1039 480 1331 534 aresceret,
1357 482 1409 527 et
1440 470 1736 526 ferventius
1764 469 1924 525 solito
1948 484 2099 522 muno
2128 470 2180 529 Α
2275 463 2333 517 In
2382 462 2580 532 vigiliis
2627 461 2825 531 quippe
2853 461 3012 516 debet
3060 460 3365 516 celebrator
3402 460 3587 531 afﬂigi,
3641 472 3699 516 ut
3733 464 3790 519 in

524 569 625 622 dus
674 567 810 636 ignei
862 566 1126 620 caumatis
1171 565 1456 619 ardoribus
1504 571 1789 626 aestuaret,
1837 561 1946 626 die,
1997 575 2102 629 qua

522 658 896 727 praediximus,
926 656 1165 710 rusticus
1201 656 1443 725 quidam,
1481 663 1541 707 ut
1581 656 1775 709 uberes
1814 660 2105 722 proventus

529 750 641 802 suis
663 747 944 800 novalibus
969 746 1298 816 provideret,
1316 755 1599 815 postquam
1622 753 1833 812 segetes
1855 741 2103 806 messuit,

524 851 649 889 mox
679 835 921 905 stipulas,
953 850 1074 903 qua:
1099 843 1492 895 remanserant,
1524 833 1651 903 igne
1673 831 1968 887 succendit.
2001 829 2106 883 Re-

523 935 682 994 pente
712 940 838 978 vero
860 925 1074 978 ﬂamma
1100 923 1350 987 saeviens,
1368 932 1475 977 tota
1502 923 1740 991 undique
1762 936 1952 975 versus
1978 934 2106 973 arva

524 1016 805 1084 corripuit,
839 1026 893 1069 et
916 1031 1036 1069 .non
1066 1025 1319 1069 contenta
1356 1014 1632 1083 palearum
1663 1012 1876 1076 culmis,
1919 1010 2011 1065 sed
2052 1020 2110 1064 et

525 1103 712 1169 silvas,
768 1113 822 1158 et
868 1104 1035 1159 saltus
1084 1114 1139 1158 et
1195 1094 1422 1174 quaeque
1462 1103 1678 1157 fuerant
1712 1103 1891 1165 obvia,
1940 1100 2111 1169 globis

524 1194 831 1250 furentibus
876 1195 1244 1265 conﬂagravit.
1277 1194 1523 1263 Cumque
1570 1194 1639 1246 ad
1691 1192 1744 1247 id
1795 1203 2109 1261 perventum

525 1294 703 1350 esset,
752 1294 811 1339 ut
855 1287 1107 1354 quaelibet
1157 1284 1455 1353 adjacentia
1511 1283 1842 1337 monasterio
1890 1279 2110 1349 jamjam

524 1390 663 1443 pene
697 1376 837 1443 ignis
872 1375 1049 1445 lingua
1093 1376 1475 1444 prolamheret,
1528 1383 1584 1427 et
1615 1389 1720 1427 non
1771 1373 1882 1441 jam
1918 1371 2112 1425 dubius

528 1464 647 1518 loco
696 1474 883 1518 sancto
949 1465 1200 1518 interitus
1251 1464 1585 1528 immineret,
1637 1463 1815 1517 subito
1861 1462 1914 1515 in
1970 1460 2112 1513 aeris

530 1554 783 1607 vastitate
832 1554 1094 1608 nubecula
1128 1555 1306 1608 brevis
1352 1554 1505 1609 va‘lde
1553 1562 1607 1607 et
1657 1553 1814 1607 exilis
1842 1553 2109 1621 apparuit,

529 1657 766 1712 moxque
794 1643 1051 1712 paulatim
1098 1645 1150 1698 in
1197 1646 1458 1714 ampliora
1494 1660 1553 1698 se
1594 1645 1899 1716 porrigens.
1950 1657 2113 1712 supra

532 1743 711 1788 totqu
764 1749 822 1788 se
868 1736 1103 1804 undique
1138 1737 1450 1790 monasterii
1499 1737 1789 1791 circuitum
1847 1734 2111 1788 dilatavit.

532 1821 672 1888 Quid
701 1824 866 1876 verba
894 1823 1095 1877 diutius
1122 1826 1469 1893 protrabam?
1506 1824 1550 1879 Ο
1598 1824 1972 1878 inenarrabilis
2020 1839 2113 1877 su-

531 1926 714 1981 pernae
741 1913 957 1967 virtutis
990 1914 1229 1982 potentia
1262 1914 1343 1989 lor
1365 1928 1638 1982 nunquam
1671 1912 1927 1967 deﬁciens
1957 1926 2119 1981 super

530 2003 734 2057 electos
762 2018 892 2057 suos
920 2004 1096 2057 divina
1125 2001 1400 2057 custodia!
1435 1994 1700 2058 Protinus.
1719 2018 1840 2057 sese
1869 2002 2040 2056 nubes
2063 2002 2116 2055 in

532 2092 837 2162 largissima
894 2093 1185 2147 imbrifera:
1236 2094 1597 2148 inundationis
1647 2093 1846 2146 fluenta
1878 2090 2119 2155 resolvit.

535 2180 671 2235 adeo
714 2190 773 2234 ut
801 2197 909 2236 non
939 2182 1098 2236 modo
1140 2182 1354 2236 voracis
1382 2182 1613 2237 incendii
1643 2181 1888 2235 ﬂammas
1914 2181 2122 2235 exstin-

533 2281 745 2344 gueret,
772 2274 869 2327 sed
894 2264 953 2327 et
975 2289 1192 2327 omnem
1214 2274 1387 2328 sancti
1409 2273 1510 2328 loci
1540 2274 1824 2328 circuitum
1852 2273 2123 2343 proﬂuen-

537 2364 673 2417 tium
699 2364 1063 2432 procellarum
1093 2365 1327 2434 copiosis
1366 2363 1811 2420 inundationibus
1849 2365 2118 2434 irrigaret.

535 2452 627 2516 Et,
666 2464 725 2507 ut
753 2469 820 2508 ne
848 2454 970 2523 quis
1012 2456 1252 2525 ambigat
1296 2457 1495 2511 nubem
1544 2455 1688 2509 illam
1738 2455 1947 2510 meritis
1976 2455 2121 2510 beati

535 2541 812 2597 Benedicti
876 2542 1045 2598 fuisse
1091 2544 1376 2613 prolatam,
1421 2552 1584 2614 atque
1630 2545 1697 2599 ad
1734 2545 1907 2601 solam
1947 2544 2122 2598 sancti

536 2632 640 2687 loci
698 2634 813 2703 ejus
869 2635 1198 2703 processisse
1254 2636 1579 2700 custodiam,
1630 2650 1753 2690 cum
1825 2644 1937 2689 tota
1998 2634 2122 2689 ωειὶ

537 2723 745 2792 sphzera
778 2725 1037 2778 continua
1066 2725 1304 2795 undique
1334 2727 1628 2781 serenitate
1657 2726 2008 2790 claresceret,
2045 2727 2125 2781 sic

536 2831 596 2869 se
622 2816 689 2869 ad
722 2817 1035 2871 monasterii
1064 2833 1375 2873 mensuram
1417 2820 1588 2873 nubes
1631 2818 1722 2872 illa
1758 2818 2020 2881 cohibuit,
2066 2826 2124 2871 ut

539 2907 772 2960 ubertim
815 2908 1030 2977 quidem
1061 2910 1266 2964 sanctis
1293 2911 1538 2965 aediﬁciis
1568 2910 1870 2979 adjacentia
1896 2925 2124 2980 quaeque

539 2996 906 3065 perfunderet,
962 2999 1029 3053 ad
1078 2999 1307 3054 ﬁnitima
1356 3016 1486 3055 vero
1513 3010 1566 3056 et
1593 3002 1848 3056 continua
1874 2999 2126 3070 quaelibet

539 3086 658 3141 loca
688 3088 903 3157 penitus
925 3104 1032 3143 non
1059 3089 1311 3145 stillaret.
1340 3090 1475 3144 Nam
1496 3101 1550 3145 et
1572 3092 1649 3157 hi,
1681 3091 1774 3161 qui
1802 3092 1869 3145 de
1897 3091 2125 3147 vicinio-

542 3178 693 3232 ribus
736 3178 867 3233 locis
907 3178 975 3232 ad
1025 3182 1412 3252 protegendum
1467 3182 1856 3251 monasterium
1888 3181 2125 3251 undique
2157 3170 2201 3233 C

541 3269 905 3336 conﬂuebant,
931 3271 1271 3325 mirabantur
1319 3286 1379 3326 se
1434 3272 1616 3327 subito
1664 3269 1769 3343 ιι
1824 3270 2122 3337 madeﬁeri,

538 3377 665 3415 cum
708 3373 931 3419 eatenus
960 3363 1162 3419 fuerint
1183 3378 1289 3418 non
1330 3363 1505 3434 aquis,
1537 3364 1631 3418 sed
1661 3364 1948 3419 sudoribus
1980 3363 2125 3420 tabe-

542 3452 692 3509 facti.

612 3545 784 3611 Quam
816 3545 1028 3601 ﬁrmam
1072 3560 1203 3614 ergo
1237 3545 1508 3608 ﬁduciam,
1540 3544 1739 3601 fratres
1771 3544 1897 3611 mei,
1928 3547 1980 3600 in
2013 3556 2123 3604 tam

542 3652 763 3695 strenuo
791 3651 953 3709 atque
995 3638 1241 3708 pervigili
1273 3655 1558 3709 possumus
1603 3640 1801 3695 habere
1851 3643 2119 3711 patrono!

541 3729 643 3795 Qui
674 3731 821 3784 enim
851 3728 1123 3783 servientis
1151 3728 1382 3783 incendii
1413 3729 1657 3785 ﬂammas
1683 3746 1714 3784 λ
1746 3731 1928 3784 vilium
1958 3731 2128 3802 ligno-

543 3839 664 3877 rum
725 3823 807 3877 vel
864 3822 1102 3892 lapidum
1148 3820 1573 3892 conﬂagratione
1620 3822 1914 3894 prohibuit,
1964 3839 2126 3893 quam

545 3913 725 3967 valido
781 3922 1033 3982 putamus
1086 3912 1287 3968 auxilio
1326 3914 1537 3968 animas
1566 3922 1781 3968 nostras
1832 3914 1900 3968 ad
1941 3914 2131 3985 imagi-

545 4020 668 4058 nem
700 4005 791 4058 Dei
824 4004 996 4058 factas
1033 4006 1101 4059 ab
1142 4006 1488 4059 :estuantium
1516 4005 1770 4060 vitiorum
1806 4007 2002 4061 ardore
2036 4008 2131 4061 de-

544 4093 758 4150 fendet!
824 4093 1028 4147 Nubem
1079 4094 1265 4159 movit,
1301 4094 1503 4149 imbres
1546 4096 1840 4165 expressit,
1884 4094 2130 4151 ﬂammas

543 4185 824 4249 exstinxit,
869 4184 1157 4239 aediﬁcium
1189 4185 1455 4239 liberavit.
1494 4184 1577 4240 Tu
1606 4186 1842 4256 quoque,
1872 4188 1915 4241 si
1942 4187 2129 4242 incen-

548 4279 656 4331 tiva
685 4277 922 4332 libidinis
953 4277 1006 4331 in
1034 4278 1143 4331 tuis
1185 4278 1486 4333 visceribus
1518 4287 1771 4341 aestuant,
1802 4279 1846 4333 si
1874 4278 2128 4349 templum

545 4369 621 4423 tui
654 4368 888 4437 pectoris
941 4368 1195 4422 invadere
1230 4367 1501 4423 titillando
1548 4370 1701 4438 quasi
1735 4368 2022 4424 lambendo
2052 4367 2132 4423 fe-

546 4461 773 4524 stinant,
824 4469 878 4514 et
909 4460 994 4513 bis
1041 4458 1266 4515 forsitan
1315 4460 1498 4515 anima
1541 4468 1632 4515 tua
1684 4460 1939 4516 ariditate
1980 4460 2129 4515 tabe-

2204 552 2545 607 solemnitate
2569 551 2745 605 valeat
2788 550 3066 621 gratulari.
3103 550 3255 605 Nunc
3283 551 3465 620 itaque
3495 551 3637 606 illius
3666 554 3793 609 ulti-

2205 661 2307 700 mae
2357 646 2794 711 resurrectionis,
2855 646 2967 700 veri
3019 645 3229 700 scilicet
3281 645 3523 711 Paschae,
3578 648 3792 717 vigilias

2206 734 2454 798 colimus,
2483 734 2531 787 si.
2553 733 2857 789 voluntates
2886 734 3132 802 proprias
3162 733 3493 803 frangamus,
3522 736 3566 788 si
3611 720 3823 792 carnis‘

2208 823 2468 893 impetum
2500 823 2856 887 refrenemus,
2889 823 2931 876 si
2962 822 3319 892 cogitationes
3345 838 3542 891 pravas
3568 840 3597 876 a
3626 829 3793 880 corde

2182 914 2556 984 .repellamus,
2595 923 2972 983 crucem-post
3013 913 3222 979 Jesum,
3273 916 3636 985 nosmetipsos
3662 916 3796 971 aﬂli-

2210 1007 2401 1075 gendo,
2455 1005 2622 1059 corde
2683 1003 3012 1072 bajulemus,
3052 1006 3109 1059 ‘si
3178 1005 3411 1075 denique
3480 1009 3798 1064 studeamns

2209 1096 2603 1151 offendentibus
2626 1111 2873 1165 parcere,
2908 1096 3275 1167 indigentibus
3297 1099 3607 1165 subvenire,
3644 1084 3791 1155 veri-

2212 1196 2375 1242 tatem
2404 1202 2499 1242 ore
2529 1187 2794 1258 proferre,
2825 1189 3148 1243 charitatem
3177 1204 3282 1243 non
3337 1189 3518 1244 ﬁctam
3549 1191 3600 1245 in
3633 1196 3799 1248 corde

2212 1292 2467 1331 scrvare:
2503 1279 2547 1332 si
2576 1293 2681 1332 non
2718 1293 2975 1333 vacemus
3021 1277 3235 1344 fabulis,
3270 1294 3375 1334 non
3408 1281 3589 1337 verbis
3615 1284 3798 1338 inten-

2212 1367 2402 1421 damus
2425 1368 2636 1431 otiosis,
2662 1383 2767 1421 non
2790 1380 3012 1423 terrena
3045 1370 3297 1438 quaelibet
3326 1372 3798 1441 concupiscamus,

2217 1471 2323 1510 non
2357 1458 2586 1526 negotiis
2616 1458 2966 1512 saacularibus
2994 1473 3094 1512 nos
3131 1460 3496 1527 implicemus;
3542 1463 3585 1516 si
3634 1480 3800 1533 puras

2213 1556 2267 1599 et
2288 1547 2531 1615 quotidie
2552 1547 2659 1601 Deo
2683 1548 2913 1601 mundas
2940 1550 3255 1603 Studeamus
3281 1551 3556 1607 orationes
3576 1552 3797 1621 uﬂ‘erre,

2214 1638 2258 1692 si
2295 1640 2519 1693 verbum
2577 1639 2669 1694 Dei
2703 1649 2814 1693 toto
2857 1640 3041 1694 cordis
3090 1640 3283 1695 affectu
3327 1642 3534 1712 jugiter
3571 1645 3806 1701 delectet

2217 1730 2405 1784 audire
2442 1741 2499 1783 nt
2543 1730 2792 1785 Christus
2830 1733 3085 1785 audiatur
3129 1734 3182 1787 in
3212 1734 3413 1803 lingua,
3446 1734 3693 1793 Christus
3719 1740 3803 1793 vi-

2148 1829 2191 1886 ];
2221 1821 2414 1873 deatur
2439 1822 2491 1874 in
2521 1821 2654 1885 vita,
2686 1820 2939 1876 Christus
2971 1822 3022 1875 in
3052 1823 3237 1887 corde,
3269 1824 3522 1880 Christus
3563 1828 3615 1880 in
3647 1842 3801 1883 voce.

2221 1911 2511 1965 Enimvero
2554 1913 2800 1982 quisquis
2833 1913 2950 1967 lucc
2983 1913 3270 1983 diligenter
3291 1916 3566 1979 observat,
3597 1917 3685 1972 ille
3713 1934 3812 1973 ve-

2222 2004 2425 2057 raciter
2464 2012 2682 2058 internae
2713 2003 3025 2059 festivitatis
3064 2005 3279 2076 vigilias
3316 2007 3576 2063 celebrat.
3610 2010 3673 2063 Et
3714 2013 3809 2080 qui

2221 2094 2380 2148 modo
2416 2109 2539 2149 cum
2573 2092 2790 2149 Christo
2830 2108 2952 2149 sese
2981 2094 3313 2151 humiliando
3340 2098 3652 2165 mortiﬁcat,
3681 2117 3809 2155 cutn

2222 2167 2300 2240 eo.
2317 2185 2476 2239 simul
2505 2201 2726 2241 necesse
2756 2196 2861 2252 est,
2904 2197 3224 2259 consumpta
3262 2204 3487 2259 prorsus
3511 2193 3659 2247 omni
3687 2208 3815 2248 cor-

2222 2280 2493 2349 ruptione,
2526 2289 2793 2351 resurgat.

2293 2371 2403 2426 Has
2461 2373 2643 2443 igitur,
2695 2372 2896 2428 fratres
2947 2374 3275 2440 charissimi,
3332 2391 3547 2446 semper
3593 2377 3811 2446 vigilias

2223 2464 2595 2527 celebremus;
2624 2464 2691 2516 ad
2726 2467 3111 2535 capessendam
3142 2467 3284 2521 illius
3330 2477 3550 2521 aeterna:
3576 2467 3813 2522 felicita—

2226 2549 2295 2604 tis
2320 2551 2544 2621 gloriam
2571 2562 2683 2608 tota
2707 2555 2932 2624 spiritus
2954 2558 3179 2612 intentio
3204 2558 3488 2627 dirigatur,
3518 2570 3807 2628 quatenus,

2225 2641 2350 2697 dum
2384 2644 2688 2714 hujusmodi
2724 2649 3029 2719 peragendo
3073 2649 3306 2721 vigilias,
3356 2649 3540 2704 Jesum
3594 2668 3811 2720 semper

2225 2734 2519 2803 aSpicitnus
2542 2736 2595 2791 in
2621 2753 2781 2794 cruce
2806 2742 3150 2808 pendentem,
3177 2743 3429 2796 eumdem
3462 2743 3804 2810 postmodum

2226 2823 2368 2879 inter
2397 2825 2512 2894 ipsa
2537 2828 2892 2898 contemplari
2922 2829 3187 2885 solemnia
3216 2845 3526 2885 mereamur
3550 2833 3602 2885 in
3632 2843 3812 2901 pater-

2227 2928 2311 2968 nze
2334 2913 2519 2985 gloria:
2555 2916 2842 2987 majestate
2866 2929 3205 2989 regnantem.
3257 2919 3360 2986 Qui
3404 2936 3528 2975 cum
3558 2920 3721 2976 Patre
3753 2930 3811 2975 et

2229 3003 2437 3074 Spiritu
2498 3016 2689 3062 sancto
2723 3007 2859 3063 vivit
2898 3018 2957 3065 et
3003 3020 3197 3080 regnat
3250 3024 3348 3081 per
3383 3006 3810 3066 omnia-saecula

2234 3096 2577 3154 saeculorum.
2604 3097 2798 3153 Amen.

2972 3189 3064 3245 IX.

2254 3278 2364 3351 42
2401 3295 2620 3336 BOIILIA
2659 3298 2727 3336 AD
2765 3298 3014 3338 ΙΙΟΝΟΒΕΙΙ
3054 3298 3124 3339 ΕΤ
3163 3300 3376 3339 LAUDEI
3414 3300 3461 3339 S.
3504 3301 3784 3342 IENEDICTI

2458 3368 2680 3407 ABBATIS
2716 3368 2787 3407 ετ
2825 3368 3189 3409 counssoms.
3230 3367 3352 3425 (xxi
3393 3357 3599 3423 MART.)

2301 3442 2447 3498 Dixit
2490 3443 2673 3499 Stmon
2730 3443 2923 3501 Petrus
2978 3447 3048 3501 ad
3086 3446 3272 3502 Iesum
3315 3464 3333 3503 :
3369 3448 3503 3501 Ecce
3556 3466 3649 3502 nos
3693 3449 3814 3503 reli-

2224 3535 2433 3605 quimus
2457 3537 2631 3590 omnia
2657 3544 2705 3590 ct
2745 3540 2906 3591 secuti
2934 3554 3116 3592 sumus
3148 3547 3216 3604 te,
3266 3548 3370 3593 etc.
3403 3537 3631 3609 (Matth.
3672 3539 3812 3610 xIx).

2300 3627 2356 3681 In
2391 3627 2549 3695 hujus
2576 3629 2751 3698 patris
2796 3630 2965 3683 nostri
3009 3631 3281 3700 praecipua
3311 3630 3652 3694 solemnitate
3683 3632 3815 3686 totis

2228 3725 2373 3774 esset
2426 3713 2634 3774 viribus
2693 3719 3139 3785 incumbendum,
3203 3722 3304 3776 nisi
3370 3722 3565 3777 nobilis
3628 3722 3815 3793 lingua

2228 3808 2473 3878 Gregorii
2504 3819 2672 3864 totum
2698 3810 2814 3879 ejus
2845 3810 3185 3866 itinerarium
3234 3828 3484 3868 sermone
3528 3816 3815 3884 magniﬁco

2229 3898 2532 3969 collegisset
2554 3898 2801 3969 (Μοίρι.
2817 3902 3138 3971 pertotum).
3165 3903 3240 3957 Ita
3255 3904 3400 3958 enim
3426 3913 3580 3959 actus
3602 3904 3737 3972 ejus,
3763 3914 3818 3958 et

2233 3990 2396 4044 vitam
2437 3990 2694 4046 undantis
2724 3991 2922 4061 eloquii
2958 3992 3210 4047 claritate
3238 3994 3502 4063 depinxit,
3526 4003 3584 4048 ut
3621 4005 3676 4049 et
3704 4004 3817 4065 sty-

2231 4078 2314 4134 lus
2357 4082 2749 4135 sententiarum
2795 4081 3077 4151 majestate
3124 4083 3401 4149 scintillet,
3431 4093 3487 4138 et
3536 4084 3819 4138 sententia

2230 4172 2369 4245 stylo
2420 4173 2701 4229 reluceant
2748 4174 2985 4229 clariori.
3024 4158 3118 4231 'Ex
3169 4176 3464 4231 abundanti
3517 4177 3678 4246 igitur
3709 4188 3814 4240 est,

2218 4248 2354 4331 post
2402 4278 2588 4317 vocem
2632 4262 2767 4317 tanti
2788 4263 2890 4318 viri
2919 4264 3121 4334 aliquid
3141 4264 3363 4332 addere,
3397 4268 3447 4319 in
3483 4266 3635 4335 cujus
3667 4283 3819 4322 com-

2231 4353 2515 4422 paratione
2545 4368 2643 4407 nos
2665 4368 2769 4407 non
2810 4353 2984 4409 solum
3015 4354 3406 4423 ineloquentes,
3432 4356 3525 4410 sed
3562 4367 3616 4411 et
3643 4366 3821 4412 mutos

2235 4461 2357 4500 esse
2411 4462 2517 4501 non
2582 4446 2916 4515 ignoramus.
2968 4445 3082 4503 Hoc
3148 4455 3331 4502 tamen
3364 4449 3568 4525 solum
3620 4449 3821 4504 dixisse

545 4565 705 4605 scens
728 4559 783 4603 et
813 4550 1155 4631 torpida.non
1192 4548 1440 4617 resultat,
1474 4558 1599 4620 pete
1630 4550 1991 4620 laerymarum
2031 4548 2132 4603 im-
2155 4524 2210 4586 Ι)
2244 4537 2493 4603 suﬂiciat,
2537 4539 2668 4612 _quia
2717 4538 2866 4593 solus
2893 4538 2992 4593 iste
3022 4538 3310 4594 militarem
3357 4556 3577 4594 manum
3607 4540 3822 4595 excelso

544 4636 719 4703 brem,
753 4638 933 4709 ﬂagita
954 4638 1172 4695 contriti
1199 4638 1379 4693 cordis
1406 4639 1740 4694 salutiferam
1766 4639 2134 4707 compunctio-

547 4743 699 4791 nem,
733 4744 854 4797 qua:
879 4728 1131 4782 videlicet
1183 4728 1436 4783 duritiem
1470 4730 1546 4784 tui
1573 4728 1723 4784 saxei
1752 4728 1932 4783 cordis
1958 4729 2130 4784 emol-

546 4821 673 4887 liat;
705 4825 893 4892 sicque
918 4838 1070 4876 mens
1102 4822 1254 4876 arida
1284 4822 1352 4875 ad
1394 4820 1745 4890 proferendas
1770 4833 1981 4890 segetes
2005 4821 2134 4876 boni

544 4912 725 4980 operis
758 4913 1071 4975 revirescat,
1106 4921 1165 4965 ut
1207 4911 1301 4965 ﬁat
1345 4910 1465 4976 tibi,
1509 4913 1653 4981 quod
1683 4926 1778 4981 per
1811 4911 2133 4981 praphetam

546 5002 808 5057 Dominus
857 5002 1093 5071 loquitur
1125 5018 1140 5057 :
1177 5021 1195 5054 ι
1229 5003 1366 5066 Erit,
1395 5003 1593 5073 inquit,
1621 5003 1801 5058 anima
1837 5014 1948 5069 tua,
1993 5006 2134 5061 sicut

545 5094 748 5148 hortus-
784 5093 1037 5162 irrtguus,
1093 5101 1149 5147 et
1196 5093 1337 5147 sicut
1386 5091 1527 5157 fons,
1572 5093 1657 5147 cui
1717 5107 1822 5147 non
1878 5084 2135 5149 deﬁciunt

545 5197 700 5251 aqua:
729 5181 876 5247 (Isa.
935 5183 1118 5251 LVIII).
1146 5200 1164 5232 ι
1216 5182 1348 5237 lllud
1394 5183 1583 5245 etiam,
1625 5183 1768 5251 quod
1813 5182 1939 5237 alibi
1985 5183 2134 5237 Scri-

545 5283 705 5342 ptura
731 5272 902 5327 dicit:
937 5290 956 5323 ι
990 5270 1123 5325 Cum
1152 5280 1206 5325 te
1233 5282 1607 5343 consumptum
1640 5272 1936 5342 putaveris,
1973 5273 2129 5342 quasi

548 5364 741 5419 lucifer
778 5364 973 5419 orieris
1027 5365 1148 5435 (Job
1203 5366 1345 5434 κθ.»
1396 5366 1489 5420 Sic
1539 5366 1741 5435 itaque,
1792 5365 2129 5421 dilectissimi

548 5454 748 5509 fratres
770 5457 898 5523 mei,
924 5466 1237 5512 sanctorum
1260 5456 1576 5511 Studeamus
1600 5458 1876 5513 celebrare
1898 5457 2128 5527 vigilias,

553 5557 614 5597 ut
667 5544 740 5597 illi
777 5562 1000 5603 summa
1060 5562 1127 5600 ac
1173 5547 1444 5601 continua:
1495 5547 1844 5614 solemnitati,
1900 5563 2021 5617 quae
2077 5548 2130 5602 in

549 5632 860 5689 caelestibus
895 5636 1094 5705 agitur,
1131 5637 1197 5691 de
1226 5639 1374 5694 omni
1414 5639 1522 5695 vita
1550 5648 1732 5695 nostra
1769 5654 1923 5712 unas,
1970 5649 2029 5695 ut
2055 5641 2129 5696 ita

552 5722 765 5794 loquar,
787 5726 999 5789 vigilias
1021 5725 1304 5787 faciamus.

2236 4628 2474 4699 Principi
2507 4629 2720 4684 caeteris
2750 4628 3114 4683 abundantius
3142 4631 3510 4699 prmsentabit,
3558 4640 3612 4684 et
3642 4646 3823 4684 mona-

2237 4721 2462 4774 chorum
2512 4720 2724 4785 turmis,
2755 4720 3073 4790 angelorum
3127 4736 3277 4775 more
3305 4722 3626 4786 viventibus,
3658 4722 3824 4777 coelo-

2236 4824 2357 4863 rum
2400 4810 2715 4880 adimplebit
2764 4809 2985 4881 palatia.
3039 4810 3212 4879 Quam
3242 4813 3408 4882 igitur
3452 4812 3721 4883 refulgens
3769 4824 3823 4869 et

2237 4901 2549 4971 splendidus
2625 4902 2782 4957 miles
2833 4904 3031 4958 astabit
3106 4904 3454 4975 imperatorio
3528 4905 3819 4972 tribunali,

2238 4993 2427 5064 plenus
2460 4993 2685 5049 inﬁnitis
2725 4994 3028 5058 virtutibus,
3059 4996 3364 5066 agminibus
3405 4996 3701 5051 innumeris
3731 5013 3825 5052 co-

2241 5086 2487 5151 mitatus,
2544 5086 2889 5142 consiliarius
2919 5089 3084 5159 regis,
3112 5087 3313 5159 judicis
3353 5089 3822 5156 amicuanituicus

2240 5178 2413 5232 hostis
2447 5177 2655 5249 antiqui
2674 5180 2685 5230 !

2310 5266 2387 5320 De
2425 5281 2491 5320 eo
2541 5266 2720 5337 plane,
2779 5282 3009 5337 eumque
3050 5270 3400 5339 sequentibus
3448 5269 3586 5324 dixit
3633 5270 3819 5324 Simon

2238 5358 2432 5414 Petrus
2479 5360 2547 5414 ad
2596 5358 2779 5413 Jesum
2812 5377 2825 5413 :
2863 5379 2881 5411 ι
2918 5359 3057 5413 Ecce
3112 5376 3208 5413 nos
3275 5360 3592 5430 reliquimus
3641 5364 3821 5417 omnia

2239 5450 2455 5523 (Matth.
2480 5452 2618 5523 xtx).
2655 5470 2672 5504 ι
2707 5453 2895 5508 Amica
2923 5468 3147 5523 prorsus
3190 5453 3554 5511 confabulatio
3586 5455 3823 5512 Simonis

2239 5546 2305 5598 ad
2332 5543 2540 5607 .lesum,
2583 5552 2639 5598 et
2685 5559 2863 5597 sermo
2890 5544 3034 5598 omni
3062 5547 3303 5599 oratorio
3345 5544 3479 5600 ﬂore
3508 5548 3817 5613 venusﬁor;

2238 5634 2539 5705 dignusque
2570 5634 2757 5689 Simon
2797 5634 2888 5703 qui
2922 5649 3049 5689 cum
3084 5634 3369 5692 Salvatore
3398 5639 3609 5707 plenius
3646 5639 3820 5709 prolo-

2247 5735 2482 5795 quatur;
2536 5723 2723 5781 Simon
2773 5740 3004 5796 namque
3053 5726 3316 5793 obediens,
3356 5725 3513 5784 Jesus
3566 5730 3798 5783 salvator
