4184 6444
350 336 459 392 549

1799 335 2032 392 SERMO
2070 334 2161 390 IX.

3516 347 3622 407 550

346 446 613 515 Loquitur
634 459 762 513 ergo
790 442 1098 497 obedientia
1123 458 1244 498 cum
1273 415 1464 511 salute,
1492 446 1618 515 quia
1641 442 1771 501 solis
1789 449 1921 502 obe-
1960 455 2003 511 Α
2034 446 2215 500 facere
2265 445 2593 502 voluntatem
2646 463 2819 515 suam,
2873 451 2966 506 sed
3031 450 3147 522 ejus
3203 454 3295 524 qui
3341 456 3489 513 misit
3545 461 3612 515 il-

345 537 618 595 dieutibus
654 545 852 589 aeterna
904 536 1054 590 salus
1095 536 1440 593 haereditario
1462 538 1587 607 jure
1613 539 1861 599 debetur.
1887 540 1934 594 si

344 637 525 682 tamen
561 626 631 679 ibi
655 626 727 679 sit
766 625 979 687 Petrus,
1012 624 1063 678 id
1089 633 1191 690 est,
1224 626 1269 679 si
1292 627 1597 681 obedientia
1624 643 1730 682 non
1763 629 1931 682 vacil-

342 721 441 785 let,
487 727 581 772 aut
629 717 843 777 titubet,
888 716 981 769 sed
1014 715 1235 770 fundata
1278 718 1349 772 sit
1395 732 1557 787 supra
1602 718 1813 773 firmam
1843 734 1934 789 pe-

340 825 510 872 tram.
537 815 607 868 Et
633 815 760 882 quid
785 812 903 865 ait?
955 830 973 862 ι
1005 811 1143 865 Ecce
1170 827 1268 866 nos
1312 811 1633 882 reliquimus
1659 812 1840 867 omnia
1879 823 1935 868 et

341 907 515 963 secuti
568 920 759 960 sumus
791 913 862 956 te.
900 920 919 953 ι
955 900 1209 956 Soletnne
1259 904 1509 967 verbum,
1564 919 1761 973 magna
1808 920 1933 973 pro-

339 998 552 1059 missio,
603 1010 737 1064 Opus
767 1002 1036 1057 sanctum,
1066 992 1288 1061 dignum
1338 993 1738 1058 benedictione,
1770 993 1933 1048 relin-

338 1101 509 1157 quere
527 1086 713 1157 omnia
739 1092 795 1137 et
815 1082 967 1150 sequi
996 1081 1294 1136 Christum.
1332 1080 1458 1137 Haec
1483 1090 1611 1137 sunt
1641 1084 1806 1138 verba
1834 1098 1932 1137 vo-

337 1154 588 1232 luntaria:
632 1154 974 1246 persuasoria
1033 1174 1402 1245 paupertatis,
1442 1189 1564 1243 quae
1600 1177 1930 1230 monasteria

337 1277 662 1340 genuerunt,
710 1282 829 1336 qua:
892 1265 1128 1321 claustra
1186 1266 1512 1332 monachis,
1580 1268 1929 1323 anachoretis

337 1360 502 1415 silvas
521 1360 790 1427 copiosius
814 1357 1178 1428 repleverunt.
1209 1357 1335 1412 Haec
1372 1358 1517 1413 enim
1560 1367 1688 1413 sunt
1712 1360 1779 1414 de
1804 1360 1929 1429 qui-

336 1448 438 1501 bus
469 1448 651 1517 psallit
682 1447 953 1500 Ecclesia:
994 1465 1012 1496 ι
1034 1446 1265 1517 Pr0pler
1307 1447 1472 1501 verba
1505 1446 1773 1501 labiorum
1811 1458 1931 1502 tuo-

336 1551 459 1591 rum
486 1551 586 1607 ego
616 1535 882 1591 custodivi
913 1535 1027 1589 vias
1079 1535 1244 1590 duras
1278 1532 1472 1605 (Psal.
1509 1536 1642 1604 xvr).
1676 1556 1695 1589 ι
1733 1535 1929 1592 Perce-

334 1638 493 1698 ptura
526 1628 765 1697 requiem
806 1641 907 1696 pro
963 1625 1168 1691 labore,
1197 1641 1296 1695 pro
1327 1634 1644 1697 paupertate
1686 1628 1925 1693 divitias,

335 1730 436 1784 pro
493 1716 838 1770 tribulatione
895 1715 1219 1770 mercedem.
1259 1714 1528 1785 ‘Magnum
1587 1732 1776 1772 revera
1842 1726 1926 1773 est

2036 537 2147 591 lum
2176 538 2337 608 (Joan
2369 538 2466 609 vt).

2107 627 2407 697 Sequitur:
2456 647 2474 681 ι
2511 628 2650 696 Quid
2693 646 2823 702 ergo
2864 634 2968 688 erit
3012 635 3234 692 nobis?»
3272 638 3392 694 Jam
3433 645 3615 697 omnia

2035 717 2255 786 reliquit
2286 718 2498 786 Petrus,
2538 722 2654 791 jam
2684 738 2789 777 non
2815 725 2989 779 solum
3025 730 3289 797 sequitur,
3325 732 3418 787 sed
3444 743 3499 787 et
3528 735 3618 788 diu

2034 817 2251 861 secutus
2274 817 2384 874 est;
2417 817 2471 862 et
2505 826 2649 866 nunc
2677 813 2910 881 primum
2942 815 3239 888 interrogat
3263 821 3520 890 quidnam
3548 824 3621 877 sit

2033 906 2375 966 accepturus.
2401 897 2538 965 Quid
2566 909 2671 965 est,
2698 900 2888 957 Petre?
2908 903 3096 958 Nonne
3116 908 3476 964 obedientiam
3502 926 3624 981 pro-

2032 990 2227 1043 misisti
2260 991 2312 1044 in
2344 993 2491 1046 auris
2541 994 2836 1059 auditione,
2871 1011 2976 1050 non
3018 997 3071 1050 in
3100 999 3244 1067 paeti
3299 1005 3619 1058 conventio-

2031 1079 2131 1132 ne?
2158 1077 2265 1133 Sed
2286 1080 2470 1135 audite
2494 1079 2606 1149 jam
2636 1083 2765 1152 quid
2801 1083 3055 1152 loquatur
3083 1087 3343 1144 Dominus
3373 1090 3535 1156 Deus,
3564 1100 3621 1146 et

2032 1171 2295 1226 attendite
2319 1187 2469 1240 spem
2508 1174 2558 1226 in
2599 1190 2702 1242 qua
2736 1178 2936 1231 mundo
2960 1176 3256 1233 fluctuante
3281 1197 3503 1250 sperare
3524 1183 3620 1237 de-

2030 1259 2220 1315 bemus
2252 1275 2268 1314 :
2309 1280 2327 1313 ι
2358 1262 2529 1317 Amen
2559 1265 2680 1319 dico
2709 1266 2861 1320 vobis
2886 1270 3028 1335 quod
3057 1285 3175 1335 vos,
3200 1272 3295 1339 qui
3320 1272 3618 1343 reliquistis

2029 1352 2211 1405 omnia
2236 1361 2292 1407 et
2316 1354 2487 1407 secuti
2527 1355 2661 1409 estis
2695 1371 2799 1420 me,
2834 1356 2887 1410 in
2916 1362 3346 1428 regeneratione,
3376 1378 3498 1418 cum
3526 1381 3615 1419 se-

2031 1440 2172 1519 derit
2204 1441 2345 1496 ﬁlius
2383 1440 2618 1497 hominis
2646 1443 2699 1497 in
2728 1444 2856 1499 sede
2884 1447 3180 1516 majestatis
3206 1464 3335 1515 suae,
3358 1452 3618 1508 sedebitis

2028 1539 2084 1585 et
2105 1545 2201 1585 vos
2218 1532 2525 1601 judicantes
2556 1532 2773 1604 (Matth.
2806 1535 2942 1608 xu).
2964 1555 2982 1589 ι
3013 1536 3227 1594 Inﬁnita
3251 1555 3472 1609 prorsus
3498 1543 3619 1597 (iul-

2029 1623 2163 1676 cedo
2182 1623 2590 1678 miserationum
2618 1624 2831 1680 Domini
2866 1627 3015 1681 circa
3041 1644 3307 1699 pauperes
3337 1646 3492 1698 suos;
3517 1647 3616 1688 nec

2029 1712 2151 1767 illos
2184 1712 2442 1784 relinquit
2480 1715 2534 1769 in
2581 1725 2777 1781 morte,
2805 1731 2903 1786 pro
2933 1719 3130 1787 quibus
3178 1721 3340 1776 morti
3376 1723 3613 1792 seipsqu

335 1806 645 1874 relinquere
690 1805 896 1868 omnia,
937 1806 1032 1859 sed
1064 1803 1239 1871 majus
1289 1804 1565 1859 Christum
1595 1806 1768 1876 sequi,
1802 1821 1922 1860 cum
1956 1808 1999 1867 Β
2027 1805 2276 1875 exposuit
2308 1814 2362 1860 et
2410 1796 2715 1861 tOrmentis.
2754 1825 2774 1858 ι
2813 1808 2946 1872 Vos,
3017 1809 3233 1878 inquit,
3293 1812 3386 1880 qui
3437 1814 3610 1867 secuti

334 1896 537 1949 multos
561 1896 742 1950 omnia
776 1895 1085 1964 reliquisse,
1116 1909 1218 1949 nec
1244 1894 1523 1950 Christum
1549 1908 1763 1951 secutos
1790 1897 1924 1952 fuis-

284 2002 291 2005 '
335 2001 395 2040 se
425 1986 685 2056 legamus.
720 1983 833 2039 Hoc
857 2000 1013 2055 opus,
1049 1984 1139 2039 hic
1170 1983 1321 2040 labor
1352 1992 1458 2051 est,
1490 1986 1792 2042 hic'salutis
1822 1987 1924 2041 hu-

334 2092 511 2131 mana:
549 2092 758 2131 summa
808 2075 1088 2141 consistit;
1147 2089 1248 2130 nec
1304 2074 1582 2130 Christum
1636 2092 1924 2146 posstunus

334 2168 510 2238 sequi,
537 2168 639 2222 nisi
661 2168 841 2222 omnia
870 2167 1262 2237 relinquamus,
1287 2168 1413 2237 quia
1438 2156 1675 2222 exsultat
1696 2178 1753 2221 ιιι
1774 2170 1924 2240 gigas

334 2260 402 2312 ad
441 2257 761 2313 currendam
810 2258 950 2312 viam
979 2256 1154 2327 (Psal.
1188 2259 1366 2328 xvnt),
1415 2265 1470 2312 et
1512 2266 1768 2313 oneratus
1799 2274 1922 2313 eum

334 2350 486 2416 sequi
514 2364 620 2403 non
656 2356 856 2419 potest.
881 2346 1050 2402 Nemo
1079 2362 1203 2401 cum
1234 2347 1466 2401 sarcinis
1490 2355 1697 2410 enatat.
1726 2348 1802 2401 ait
1835 2347 1925 2402 ille

334 2440 634 2509 disciplina:
681 2440 959 2495 saecularis
1001 2447 1190 2494 orator
1228 2453 1389 2507 quem
1438 2436 1634 2508 lingua:
1671 2438 1924 2494 nobilitas

332 2538 389 2583 et
419 2529 752 2599 profunditas
778 2544 972 2584 sensus
996 2527 1332 2599 paupertatis
1355 2526 1588 2582 amicum
1620 2528 1922 2583 constituit.

333 2618 527 2674 Merito
570 2618 826 2688 relinquit
865 2619 1047 2673 omnia
1093 2619 1185 2687 qui
1217 2619 1462 2689 sequitur
1507 2634 1657 2685 eum,
1693 2620 1787 2689 qui
1839 2628 1925 2675 est

334 2724 501 2779 super
525 2709 729 2773 omnia,
783 2709 1046 2778 quoniam
1076 2708 1395 2764 sufﬁcientia
1432 2717 1619 2764 nostra
1648 2724 1710 2763 ex
1744 2722 1810 2763 eo
1841 2718 1925 2764 est

335 2800 439 2871 (II
490 2800 612 2854 Cor.
665 2799 803 2870 ιιι),
858 2808 914 2855 et
970 2799 1076 2854 erit
1136 2798 1278 2854 Deus
1330 2798 1511 2855 omnia
1572 2798 1626 2852 in
1674 2798 1925 2853 omnibus

336 2890 486 2962 (Col.
518 2890 644 2960 ιιι).

404 2981 564 3044 Ecce,
616 2980 814 3050 inquit,
855 2994 956 3036 nos
992 2979 1311 3048 reliquimus
1357 2977 1562 3042 omnia,
1605 2992 1711 3032 non
1749 2976 1923 3032 solum

336 3069 621 3125 facultates
659 3069 867 3134 mundi,
895 3069 989 3123 sed
1028 3078 1084 3123 et
1124 3068 1291 3123 animi
1318 3082 1533 3138 quoque
1556 3067 1919 3136 cupiditates:

2029 1895 2162 1950 estis
2189 1910 2297 1962 me,
2322 1897 2375 1949 in
2404 1897 2836 1966 regeneratiOne,
2859 1914 2981 1952 cum
3008 1899 3211 1955 sederit
3239 1899 3409 1958 Filius
3438 1903 3612 1957 homi-

2026 1986 2111 2040 nis
2139 1986 2192 2040 in
2216 1986 2344 2041 sede
2372 1988 2671 2057 majestatis
2705 2003 2839 2054 suae,
2882 1989 3138 2044 sedebitis
3171 2001 3227 2045 et
3255 2006 3350 2047 vos
3364 1993 3611 2060 judican-

2024 2085 2128 2132 tes.
2160 2094 2179 2128 ι
2222 2075 2362 2143 Quid
2398 2086 2481 2133 est
2519 2079 2621 2133 hoc
2646 2078 2792 2133 aliud
2836 2079 3041 2143 dicere,
3070 2079 3175 2135 nisi
3204 2084 3613 2152 consequemini

2025 2181 2188 2235 quem
2230 2167 2540 2235 sequimini,
2571 2168 2616 2221 si
2640 2177 2820 2223 tamen
2861 2170 3277 2239 persequimini,
3312 2172 3615 2226 sicutscri-
3690 2176 3695 2181 '

2024 2265 2176 2325 ptum
2206 2264 2290 2311 est
2322 2271 2337 2310 :
2368 2274 2386 2307 ι
2420 2256 2634 2326 inquire
2665 2272 2852 2326 pacem
2872 2298 2888 2323 ,
2937 2269 2993 2314 et
3038 2274 3363 2329 persequere
3409 2262 3602 2316 eain?»

2026 2345 2201 2417 (Psal.
2259 2347 2475 2419 sum).
2509 2348 2599 2403 Sic
2633 2363 2765 2418 ergo
2801 2350 3003 2405 currite
3042 2358 3104 2404 ut
3146 2352 3617 2422 comprehendatis

2026 2437 2077 2509 (1
2101 2438 2225 2493 Cor.
2258 2440 2358 2511 ιι),
2399 2455 2500 2495 nec
2536 2440 2689 2510 prius
2718 2441 2960 2496 residere
2998 2440 3177 2497 velitis
3213 2458 3377 2513 quam
3421 2444 3609 2498 seden-

2029 2537 2136 2583 tem
2163 2531 2579 2600 apprehendatis
2600 2540 2654 2585 et
2677 2531 2993 2588 mereamini
3017 2533 3333 2588 consedere.
3360 2533 3613 2587 Exsulta-

2023 2617 2103 2672 vit
2135 2604 2194 2671 ut
2236 2619 2389 2688 gigas
2418 2619 2485 2673 ad
2523 2621 2844 2674 currendam
2881 2621 3024 2674 viam
3061 2619 3237 2691 (Psal.
3267 2623 3463 2691 svnt);
3498 2632 3611 2677 toto

2024 2706 2209 2776 utique
2236 2714 2477 2776 tempore
2505 2722 2613 2777 quo
2638 2708 2691 2762 in
2724 2708 2884 2764 terris
2917 2709 3065 2765 visus
3091 2718 3175 2765 est
3209 2719 3411 2786 etOcum
3437 2713 3612 2766 homi-

2023 2798 2184 2853 nibus
2213 2808 2564 2854 conversatus
2603 2798 2861 2872 (Baruch.
2893 2799 3008 2873 nt);
3041 2786 3408 2868 nec-resedit,
3438 2805 3612 2859 donec

2024 2891 2092 2945 ad
2128 2906 2255 2946 eum
2306 2894 2617 2962 perveniret
2645 2907 2808 2961 quem
2841 2894 2955 2963 ipse
2982 2894 3266 2949 constituit
3305 2894 3508 2951 laboris
3555 2905 3613 2951 et

2027 2982 2263 3036 tristitia:
2312 2981 2497 3047 linem,
2542 3000 2562 3033 ι
2593 2982 2766 3036 tristis
2806 2989 2921 3048 est,
2950 2981 3231 3053 inquiens,
3264 2984 3443 3038 anima
3491 3000 3612 3040 mea

2024 3088 2197 3144 usque
2221 3073 2289 3128 ad
2313 3082 2545 3129 mortem
2576 3073 2796 3143 (Matth.
2835 3075 3010 3146 xxvi).
3045 3094 3064 3128 ι
3098 3076 3239 3148 Ergo
3264 3092 3386 3132 cum
3413 3079 3616 3133 sederit

338 3177 516 3231 neque
543 3161 687 3215 enim
725 3160 982 3230 relinquit
1033 3159 1236 3224 omnia,
1290 3159 1383 3229 qui
1429 3159 1652 3213 retinuit
1696 3158 1781 3212 vel
1820 3158 1925 3213 sei-
2029 3164 2171 3221 ﬁlius
2193 3164 2428 3220 hominis
2460 3165 2515 3219 in
2544 3166 2673 3219 sede
2717 3164 3042 3234 majestatis,
3071 3167 3165 3236 qui
3188 3168 3340 3237 prius
3380 3170 3532 3223 stetit
3556 3169 3611 3225 in

335 3267 525 3324 psum;
555 3252 663 3305 imo
689 3264 817 3304 vero
844 3250 979 3304 nihil
1001 3250 1225 3321 prodest
1246 3246 1353 3320 43
1383 3248 1503 3302 sine
1524 3246 1706 3318 seipso
1730 3256 1927 3302 caetera

339 3342 644 3411 reliquisse,
688 3341 1125 3412 quandoquidem
1192 3339 1399 3394 nullum
1457 3338 1603 3393 aliud
1653 3354 1790 3393 onus
1846 3346 1930 3393 est

334 3432 553 3504 gravius
586 3431 791 3486 homini
821 3446 983 3501 quam
1030 3431 1193 3485 homo
1241 3430 1374 3499 ipse.
1405 3428 1538 3496 Quis
1567 3429 1710 3484 enim
1745 3438 1929 3499 tyran-

334 3537 439 3577 nus
491 3520 786 3586 crudelior,
842 3535 962 3590 quae
1013 3518 1212 3574 saevior
1242 3526 1487 3589 potestas
1525 3517 1729 3572 homini
1761 3533 1926 3587 quam

335 3613 571 3669 hominis
624 3613 792 3682 ipsius
819 3612 1112 3668 voluntas?
1162 3610 1446 3680 Nunquam
1476 3610 1577 3666 sub
1610 3625 1674 3665 ea
1714 3612 1929 3683 requie-

335 3720 513 3770 scere,
541 3720 816 3774 nunquam
864 3705 1060 3760 sedere
1085 3703 1231 3767 licet,
1263 3712 1318 3757 et
1359 3718 1468 3773 quo
1514 3702 1746 3772 amplius
1776 3712 1830 3758 te
1859 3703 1928 3758 ad

334 3796 696 3851 o’bediendum
725 3795 828 3851 sibi
880 3794 1096 3849 noverit
1140 3793 1376 3864 fatigari,
1419 3808 1486 3848 eo
1545 3793 1717 3863 magis
1749 3802 1926 3864 urget,

336 3889 561 3958 instigat
586 3897 642 3943 et
683 3896 873 3943 onerat
900 3887 1119 3957 pietatis
1147 3886 1455 3951 immemor,
1494 3885 1928 3941 misericordiam

335 3980 606 4034 nesciens.
631 3977 743 4033 Hoc
766 3977 908 4031 enim
933 3977 1209 4047 proprium
1234 3976 1451 4046 propria
1474 3975 1722 4031 voluntas
1745 3975 1926 4033 habet.

337 4078 396 4123 ut
431 4084 540 4138 quo
576 4070 838 4124 obediens
862 4068 1203 4143 obedientior
1231 4066 1395 4121 fuerit
1441 4067 1570 4132 sibi,
1604 4082 1670 4121 eo
1696 4066 1928 4137 amplius

336 4175 460 4214 eum
486 4159 878 4214 crudelioribus
900 4158 1129 4214 vinculis
1152 4159 1496 4213 internectat.
1515 4156 1641 4213 Sola
1665 4157 1926 4227 diligitur,

339 4267 461 4306 cum
511 4251 625 4306 sola
684 4252 845 4323 digna
899 4251 972 4306 sit
1022 4251 1168 4317 odio,
1225 4250 1548 4321 principium
1604 4250 1923 4318 iniquitatis,

340 4342 535 4397 mortis
560 4343 781 4408 infusio,
814 4343 1115 4398 destructio
1153 4358 1347 4413 magna
1377 4343 1657 4397 virtutum.
1695 4360 1713 4392 ι
1734 4340 1929 4397 Venite

336 4436 490 4492 ergo,
519 4426 610 4493 qui
641 4424 900 4481 laboratis
925 4435 980 4481 et
1002 4428 1217 4484 onerati
1252 4427 1388 4485 estis
1428 4426 1642 4499 (Matth.
1672 4426 1749 4498 ιι)
1789 4445 1810 4480 ι
1844 4426 1912 4482 ad

2029 3254 2547 3325 ignominiosissimo
2576 3255 2840 3325 supplicio
2868 3256 3048 3311 crucis
3074 3258 3440 3329 interrogatus
3475 3273 3613 3314 con~
3680 3286 3687 3291 -

2029 3343 2265 3399 tumeliis
2310 3345 2516 3419 pariter
2559 3353 2615 3398 et
2647 3353 2942 3411 tormento,
2982 3346 3240 3402 sedebitis
3273 3357 3329 3403 et
3349 3364 3448 3404 vos
3466 3347 3615 3417 judi-

2028 3444 2237 3502 cantes,
2269 3450 2300 3489 a
2331 3434 2527 3504 quibus
2556 3449 2699 3488 nunc
2729 3435 2996 3504 judicium
3027 3436 3361 3506 incipit,'qui
3390 3439 3614 3494 minime

2026 3526 2166 3582 datis
2206 3527 2449 3598 requiem
2478 3527 2632 3582 vobis
2659 3526 2819 3597 ipsis,
2863 3542 2960 3581 cur
2985 3536 3041 3582 et
3087 3526 3177 3582 ille
3207 3542 3315 3583 non
3337 3527 3609 3595 judicare,

2027 3619 2120 3674 sed
2153 3616 2412 3687 judicari,
2441 3632 2541 3673 nec
2585 3617 2884 3673 ministrari
2926 3618 3096 3684 venit,
3136 3618 3231 3674 sed
3260 3619 3613 3679 ministram?

2031 3707 2246 3780 (Matth.
2300 3708 2437 3778 xx.)
2469 3707 2583 3763 lllic
2622 3723 2752 3775 vere
2796 3708 3062 3763 sedebunt
3114 3710 3272 3765 sedes
3314 3710 3367 3765 in
3408 3709 3614 3778 judicio

2029 3797 2201 3871 (Psal.
2232 3798 2401 3871 αιιιι).
2456 3799 2624 3854 Filius
2672 3800 2818 3853 enim
2858 3800 2952 3854 Dei
3003 3798 3255 3860 Salvator
3298 3800 3613 3857 indivisibili

2028 3898 2345 3943 naturarum
2379 3889 2605 3954 unitate,
2638 3889 2934 3944 secundum
2964 3890 3107 3959 quod
3137 3890 3280 3944 Deus
3306 3898 3409 3954 est,
3459 3891 3614 3947 sedet

2026 3976 2137 4050 44
2158 3994 2187 4032 a
2214 3978 2421 4034 dextris
2446 3979 2539 4033 Dei
2571 3976 2747 4050 (Psal.
2768 3979 2907 4048 cnx);
2932 3980 3228 4035 secundum
3257 3980 3402 4049 quod
3424 3979 3607 4044 homo,

2029 4072 2239 4125 assistit
2269 4086 2410 4125 nunc
2464 4070 2635 4126 vultui
2670 4071 2762 4127 Dei
2806 4087 2904 4142 pro
2957 4073 3112 4128 nobis
3141 4073 3331 4143 (Hebr.
3370 4076 3481 4147 ix);
3511 4091 3612 4130 nec

2028 4161 2133 4217 erit
2158 4162 2207 4217 ei
2246 4161 2418 4216 sessio
2460 4161 2826 4231 triumphalis,
2877 4162 3049 4217 donec
3079 4163 3148 4218 sit
3179 4164 3320 4218 Deus
3351 4165 3533 4218 omnia
3558 4164 3612 4220 in

2028 4250 2302 4317 omnibus,
2336 4251 2388 4305 id
2417 4260 2522 4315 est,
2554 4265 2754 4321 corpus
2801 4252 2968 4320 capiti
2999 4260 3147 4307 tanta
3179 4268 3312 4323 pace
3344 4253 3609 4325 jungatur

2027 4350 2088 4396 ut
2115 4342 2286 4397 simus
2327 4342 2376 4395 ei
2430 4340 2658 4407 similes,
2691 4340 2792 4396 etsi
2849 4358 2955 4398 non
3000 4358 3178 4412 pares.
3232 4344 3421 4399 Adhuc
3461 4345 3607 4398 enim

2029 4444 2258 4506 negatur
2283 4449 2313 4487 a
2345 4432 2566 4499 Judaeis,
2596 4448 2627 4486 a
2658 4432 2910 4503 gentibus
2929 4434 3315 4499 subsannatur,
3344 4433 3616 4490 laceratur
3696 4450 3699 4451 '

336 4529 565 4571 onerum
598 4520 917 4583 levatorem,
946 4528 1001 4574 et
1027 4521 1076 4576 ei
1106 4536 1238 4579 voce
1261 4530 1317 4577 et
1343 4534 1510 4590 apere
1550 4520 1911 4589 respondete:
1953 4502 2004 4561 Ῑ)
2032 4502 2429 4590 abvhaareticis,
2457 4540 2487 4578 a
2518 4502 2673 4581 falsis
2696 4524 3024 4582 Christianis
3056 4528 3295 4597 graviter
3329 4527 3610 4596 impugna-

342 4628 364 4663 t
407 4610 547 4666 Ecce
593 4624 692 4664 nos
730 4611 1049 4680 reliquimus
1092 4615 1296 4682 omnia,
1330 4623 1385 4669 et
1419 4615 1587 4670 secuti
1629 4628 1819 4668 sumus
1860 4621 1915 4668 te

338 4702 556 4775 (Matth.
583 4707 718 4771 χιι).
754 4724 774 4757 ι
808 4706 1063 4771 Attende,
1087 4708 1214 4776 quia
1254 4708 1407 4773 olim,
1434 4709 1749 4777 priusquam
1780 4708 1915 4762 Ver-

337 4796 467 4851 bum
487 4811 616 4851 caro
635 4795 809 4861 ﬁeret,
826 4807 881 4853 et
897 4798 1165 4854 habitaret
1187 4802 1239 4854 in
1259 4800 1416 4854 nobis
1437 4798 1614 4868 (Joan.
1638 4800 1700 4868 t),
1722 4814 1915 4869 seque-

337 4890 540 4943 bantur
580 4889 767 4945 Patres
794 4891 1003 4959 antiqui
1058 4891 1316 4962 temporis
1349 4892 1541 4961 Deum,
1581 4894 1675 4945 soli
1704 4892 1920 4961 spiritui

338 4980 457 5034 solo
479 4980 673 5048 spiritu
697 4983 1059 5038 adhaerentes.
1082 4984 1236 5038 Nunc
1271 4998 1402 5039 vero
1426 4984 1732 5053 sequendus
1752 4985 1913 5039 etiam

338 5084 568 5139 corpore
594 5080 696 5137 est,
727 5073 862 5127 adeo
888 5082 968 5138 ut,
1007 5087 1131 5127 cum
1166 5074 1405 5143 praedicti
1452 5074 1636 5129 Patres
1689 5075 1919 5132 terrenis

342 5158 593 5228 lcgantur
647 5160 953 5216 abundasse
991 5162 1218 5225 divitiis,
1275 5162 1341 5217 de
1396 5173 1595 5219 cancro
1644 5166 1747 5220 nisi
1805 5168 1927 5236 quis

345 5248 741 5301 renuntiaverit
765 5251 1014 5303 omnibus
1039 5265 1159 5319 qua:
1194 5251 1434 5318 possidet
1468 5267 1574 5305 non
1610 5253 1782 5321 possit
1806 5268 1927 5309 esse

344 5339 644 5408 discipulus
682 5340 798 5408 ejus
830 5340 981 5409 (Luc.
1038 5342 1174 5411 xxv),
1216 5341 1330 5410 qui,
1384 5358 1509 5397 cum
1553 5343 1706 5398 dives
1757 5353 1923 5411 esset,

344 5442 443 5496 pro
477 5430 631 5484 nobis
664 5430 842 5485 factus
887 5441 969 5485 est
1017 5447 1220 5502 pauper
1266 5430 1348 5503 (11
1381 5431 1504 5485 Cor.
1553 5434 1696 5503 vm).
1741 5434 1926 5491 Relin-

344 5519 573 5587 quenda:
608 5519 773 5588 igitur
800 5530 925 5574 sunt
952 5522 1344 5590 possessiones,
1385 5532 1440 5574 et
1469 5522 1701 5591 propria:
1734 5524 1924 5578 volun-

346 5617 508 5672 tates,
560 5609 605 5663 si
649 5611 894 5665 volumus
924 5613 1070 5667 illum
1109 5615 1259 5683 sequi
1290 5614 1379 5682 qui
1428 5628 1533 5667 non
1592 5613 1783 5668 habuit
1833 5616 1924 5669 ubi

346 5712 507 5769 caput
545 5716 702 5755 suum
760 5702 1218 5775 reclinaret(Luc.
1266 5704 1364 5774 ut),
1395 5713 1449 5759 et
1499 5704 1590 5773 qui
1636 5718 1745 5758 non
1779 5703 1925 5760 venit

2027 4627 2147 4684 tur;
2177 4627 2231 4674 et
2259 4628 2313 4672 tu
2357 4634 2481 4673 eum
2527 4629 2685 4690 putas
2728 4621 2968 4676 residere
2993 4622 3255 4691 quietum,
3299 4633 3400 4674 nec
3437 4627 3612 4673 atten-

2029 4717 2156 4771 dere
2183 4716 2539 4784 superborum
2563 4714 2772 4781 oculos,
2800 4715 3210 4787 malignantium
3242 4714 3496 4782 impetus,
3527 4727 3615 4766 re-

2026 4806 2380 4877 pugnantium
2392 4805 2727 4862 voluntates?
2756 4806 2862 4862 Sed
2896 4808 2947 4861 in
2974 4804 3384 4875 regeneratione
3405 4802 3615 4857 sedebit

2028 4912 2150 4951 cum
2186 4896 2519 4963 sedentibus,
2559 4912 2681 4952 cum
2713 4913 2811 4953 nos
2835 4898 2889 4952 in
2922 4896 3353 4952 sincerissimum
3381 4895 3613 4950 nitorem

2032 4984 2087 5039 in
2134 4995 2362 5055 utraque
2392 4988 2692 5043 substantia
2727 4986 3157 5056 repurgabimur,
3194 4994 3249 5041 et
3295 4986 3431 5055 ipse,
3463 4985 3613 5039 devi-

2032 5075 2134 5130 ctis
2168 5076 2424 5141 inimicis,
2456 5093 2577 5131 cum
2608 5076 2796 5131 amicis
2825 5075 3050 5130 intrabit
3080 5074 3398 5145 inglorium.
3430 5076 3611 5145 Ange-

2030 5164 2114 5221 los
2132 5166 2440 5223 hominibus
2466 5168 2672 5222 unitate
2712 5167 3042 5235 sempiterna
3075 5166 3356 5231 couuiens,
3380 5175 3433 5220 et
3460 5167 3611 5219 datu-

2029 5274 2097 5312 na
2122 5258 2294 5313 beatze
2324 5258 2625 5313 resarciens
2655 5259 2910 5313 civitatis.
2943 5257 3055 5313 Hoc
3093 5269 3271 5312 autem
3310 5266 3478 5312 totum
3507 5258 3614 5311 erit

2030 5345 2086 5401 in
2112 5346 2539 5419 regeneratiouc.
2580 5345 2743 5402 Beata
2788 5348 2887 5403 ista
2933 5348 3296 5419 regeneratio,
3332 5363 3451 5417 qum
3500 5356 3611 5402 Ier-

2034 5453 2148 5492 ram
2176 5438 2457 5493 renovabit
2484 5447 2541 5492 et
2564 5438 2781 5504 caelum,
2814 5441 3115 5510 terrigenas
3155 5439 3418 5495 coelicolis
3446 5439 3615 5494 laede-

2033 5528 2192 5592 rabit,
2220 5536 2273 5582 et
2302 5540 2573 5599 perpetua:
2596 5530 2748 5600 pacis
2774 5531 2976 5584 fontem
3014 5529 3283 5585 indefessa
3321 5528 3615 5600 prollnxio-

2032 5632 2100 5671 ne
2139 5617 2409 5674 refundet.

2105 5705 2409 5764 Notandum
2454 5719 2635 5766 autem
2671 5710 2814 5781 quod
2855 5725 2958 5766 una
2985 5710 3067 5765 εει
3102 5709 3384 5782 generatio
3409 5718 3463 5765 et
3497 5711 3614 5767 dua:
