4184 6448
584 313 687 384 tibi

1245 318 1309 377 s.
1334 310 1540 376 PETRI
1587 308 1869 373 situmst
1919 304 2073 370 ore.
2115 301 2292 367 PARS
2325 302 2454 366 SEU
2491 297 2729 365 TOMUS
2763 306 2825 360 ιι.
2853 336 2919 346 -
2951 304 3345 362 SERMONES.

3748 307 3859 367 552

585 442 1032 504 regenerationes.
1060 418 1131 485 Et
1163 430 1216 483 in
1243 429 1594 500 generatione
1641 425 1878 494 quidem,
1907 436 2067 491 quam
2091 435 2159 474 ex
2185 427 2233 482 Α
2264 397 2577 488 ﬁgmentum
2598 425 2874 504 ηηοεξιᾞηι
2904 415 3076 481 (Ρεαίο
3107 416 3229 485 ο¹¹)ν
3278 416 3534 483 quoniam
3574 418 3855 481 dilationis

584 524 766 578 radice
794 522 981 575 vitiata
1011 520 1405 584 contrahimus,
1433 532 1632 587 corpus
1662 514 2016 576 mortalitate,
2041 511 2158 565 aui-

583 628 670 666 ma
704 620 881 665 autem
902 611 1187 679 iniquitate
1212 609 1467 678 repletur.
1496 607 1556 660 in
1588 603 2001 675 regeneratione
2027 615 2158 655 vero

581 702 941 771 baptismatis,
968 701 1056 754 ubi
1099 715 1197 754 nos
1222 706 1437 767 oportet
1463 695 1610 750 nasci
1634 697 1811 750 denuo
1841 691 2023 763 (Joan.
2052 690 2158 758 ιιι),

581 794 775 845 animae
822 792 1039 858 quidem
1100 799 1360 857 purgatur
1412 786 1694 856 iniquitas,
1757 784 1864 838 sed
1914 780 2162 850 corporis

581 881 887 935 mortalitas
933 894 1039 933 non
1087 877 1345 934 aufertur.
1398 874 1712 931 Necessaria
1761 880 1843 928 est
1888 887 2018 942 ergo
2057 871 2165 926 alia

582 970 940 1040 regeneratio,
997 972 1111 1025 sive
1145 968 1500 1031 resurrectio,
1551 966 1606 1021 in
1661 982 1768 1035 qua
1820 965 2165 1035 reperientur

581 1060 745 1114 etiam
775 1073 1007 1127 corpora
1036 1058 1374 1128 conﬁgurata
1412 1057 1624 1126 corpori
1655 1056 1921 1111 claritatis
1957 1049 2163 1110 Christi

581 1146 749 1218 (Phil.
782 1148 889 1219 ιιι),
916 1150 962 1203 si
1005 1157 1183 1203 tamen
1228 1146 1397 1202 corda
1425 1147 1579 1215 prius
1628 1144 1834 1200 fuerint
1870 1144 2164 1200 reformata

581 1239 652 1294 ad
716 1239 1187 1294 mansuetudinem
1232 1245 1289 1292 et
1339 1235 1703 1290 humilitatem
1770 1235 1951 1290 cordis
1995 1233 2166 1304 ipsius

581 1330 805 1386 Christi.
830 1326 986 1387 Unde
1004 1338 1057 1385 et
1087 1331 1300 1393 beatus,
1322 1320 1421 1397 'qui
1465 1325 1627 1380 habet
1653 1333 1862 1394 partem
1886 1324 1942 1377 in
1976 1338 2163 1378 resur-

584 1421 825 1475 rectione
860 1420 1035 1488 prima
1074 1418 1260 1487 (Apoc.
1308 1415 1424 1486 xx),
1463 1429 1563 1485 pro
1591 1428 1658 1467 eo
1698 1413 1887 1482 utique
1911 1412 2165 1481 quoniam

582 1508 799 1564 futurus
841 1518 923 1564 est
950 1508 1225 1577 particeps
1255 1513 1309 1560 et
1348 1504 1616 1559 secundae.
1641 1503 1699 1556 In
1722 1503 1825 1556 hac
1857 1515 1986 1570 ergo
2015 1514 2170 1571 rege-'-

582 1599 863 1653 tteratione
889 1611 1011 1652 cum
1042 1595 1252 1651 sederit
1293 1593 1434 1647 filius
1458 1593 1711 1656 hominis,
1739 1600 1846 1646 etc.

657 1684 770 1740 Hoc
797 1694 882 1740 est
905 1685 1047 1755 quod
1083 1683 1190 1737 alio
1218 1683 1270 1741 in
1303 1683 1420 1737 loco
1448 1680 1998 1753 Scripturaloquens,
2031 1693 2166 1748 «pro

2261 517 2444 558 moras
2490 502 2907 573 pusillanimitas
2935 510 3120 556 nostra
3171 516 3280 556 non
3312 504 3584 573 sustinet;
3623 507 3858 581 ideoque

2262 593 2598 664 benignitate
2649 607 2746 647 sua
2777 592 2905 647 huic
2931 607 3147 662 quoque
3170 593 3354 647 obviat
3405 595 3742 666 cogitationi,
3795 610 3854 657 et

2261 685 2502 741 occurrit
2528 683 2694 737 etiam
2723 697 2793 737 ex
2837 683 2938 737 hac
2984 692 3169 752 parte,
3222 682 3452 738 dicens:
3494 705 3514 736 ‹
3551 687 3620 741 Ει
3648 692 3853 760 omnis,

2262 775 2355 845 qui
2392 774 2688 845 reliquerit
2738 777 2981 840 domum,
3021 784 3117 831 aut
3148 788 3380 846 patrem,
3439 788 3537 833 aut
3592 791 3850 849 matrem,

2264 874 2357 921 aut
2382 866 2632 931 fratrem,
2659 874 2752 921 aut
2776 880 3020 929 uxorem,
3078 874 3171 921 aut
3199 882 3381 937 agros,
3431 879 3525 924 aut
3557 868 3697 927 filios
3720 888 3849 942 pro-

2264 965 2385 1026 pter
2436 966 2634 1012 nomen
2674 967 2876 1021 meum,
2932 957 3242 1026 centuplum
3275 959 3540 1027 accipiet,
3594 970 3650 1015 et
3675 962 3848 1018 vitam

2264 1055 2524 1101 asternam
2552 1047 2847 1117 possidebit
2873 1046 3087 1115 (Matth.
3119 1048 3256 1119 xix).
3295 1068 3314 1105 ι
3347 1070 3364 1101 ι
3395 1049 3741 1107 Obstructqu
3767 1064 3853 1112 est

2266 1148 2415 1194 certe
2444 1154 2507 1195 os
2550 1138 2886 1208 loquentium
2922 1140 3104 1210 iniqua
3142 1139 3319 1211 (Paul.
3367 1142 3523 1213 un).
3572 1163 3591 1195 ι
3622 1143 3853 1217 Iamque

2267 1227 2668 1284 confundantur
2733 1243 2927 1284 omnes
2986 1230 3172 1300 iniqua
3231 1243 3453 1303 agentes
3518 1250 3853 1306 supervacue
3925 1261 3938 1269 -

2267 1316 2437 1389 (Ρωι.
2502 1319 2674 1391 Inv).
2736 1318 3009 1375 Habemus
3062 1321 3208 1376 enim
3251 1323 3667 1391 promissionem
3729 1328 3853 1384 vita:

2269 1408 2452 1478 hujus,
2494 1424 2615 1479 quae
2652 1424 2797 1465 nunc
2825 1418 2925 1474 est,
2957 1412 3161 1480 pariter
3188 1421 3243 1467 et
3285 1408 3480 1467 futurae
3506 1414 3558 1485 (Ι
3587 1414 3721 1470 Tim.
3751 1422 3850 1489 tv),

2266 1498 2721 1570 manifestumque
2749 1511 2833 1555 est
2874 1503 3156 1570 praesentis
3178 1504 3441 1572 temporis
3470 1520 3590 1559 esse
3615 1508 3851 1577 centupli

2267 1591 2679 1661 promissionem
2708 1606 2774 1651 ex
2823 1607 2889 1647 eo
2919 1594 3172 1647 nimirum
3212 1595 3356 1664 quod
3400 1596 3690 1667 sequitur:
3737 1617 3756 1648 ε
3787 1597 3858 1652 Ει.

2268 1680 2434 1734 vitam
2464 1690 2722 1736 sternam
2757 1682 3075 1751 possidebit.
3111 1701 3130 1735 ι
3167 1681 3273 1737 Sed
3321 1699 3388 1739 ne
3418 1685 3542 1753 quis
3567 1684 3859 1741 obstinatis

582 1776 920 1841 'confusione,
969 1775 1164 1843 inquit,
1197 1773 1392 1843 duplici
1414 1781 1469 1828 et
1489 1772 1689 1826 rubore
1714 1770 2012 1824 laudabunt
2039 1784 2167 1839 par.-
2196 1779 2244 1839 Β
2271 1769 2643 1830 dissimulandi
2698 1769 2848 1824 locus
2880 1780 3178 1835 remaneat,
3228 1773 3368 1827 vado
3396 1775 3463 1826 ad
3495 1773 3850 1845 Evangelium

583 1879 689 1921 tem
726 1882 879 1921 suam
908 1865 1055 1937 (Ιοα.
1096 1868 1236 1935 ut).
1273 1884 1292 1917 ι
1343 1864 1458 1917 Duo
1484 1863 1627 1917 enim
1677 1862 1839 1919 habet
1883 1869 2167 1931 paupertas

580 1956 921 2024 sequentium
956 1957 1260 2020 Dominum,
1300 1952 1644 2007 alilictionem
1669 1951 1919 2007 videlicet
1962 1960 2020 2005 et
2046 1952 2167 2005 vili-

581 2053 769 2098 tatem.
795 2043 949 2098 Unde
975 2043 1244 2112 Propheta
1270 2060 1283 2096 :
1336 2060 1357 2092 ι
1384 2042 1540 2106 Vide,
1572 2041 1768 2110 inquit,
1811 2040 2167 2097 lumtililalem

583 2149 759 2188 meam
808 2144 866 2187 et
910 2133 1152 2188 laborem
1199 2148 1377 2191 meum
1410 2130 1585 2200 (Ptol.
1616 2131 1786 2200 xxiv).
1818 2148 1837 2181 ι
1875 2129 2167 2198 PrOpterea

582 2226 748 2294 igitur
787 2227 840 2280 in
891 2236 1037 2283 terra
1081 2241 1175 2283 sua
1212 2225 1445 2294 duplicia
1482 2224 1837 2294 possidebunt
1863 2222 1998 2295 (Ira.
2030 2224 2164 2294 ιιιι),

582 2322 643 2369 ut
680 2332 778 2385 pro
814 2316 1021 2375 vilitate
1046 2317 1116 2371 sit
1163 2317 1340 2370 honor
1383 2314 1687 2384 judiciarice
1716 2314 2020 2385 potestatis,
2068 2329 2169 2384 pro

582 2405 871 2461 aillictione
899 2406 1239 2475 refrigerium
1269 2406 1651 2476 placidissima).
1676 2404 1954 2461 sessionis.
1982 2404 2171 2470 Quan-

583 2497 650 2551 rlo
676 2497 840 2566 igitur
881 2497 1190 2553 sedebimus
1221 2510 1340 2562 nos,
1372 2506 1602 2566 quorum
1647 2497 1807 2551 modo
1830 2510 1929 2549 nec
1950 2508 2167 2565 corpus,

582 2600 683 2643 nec
729 2587 910 2642 anima
966 2588 1144 2651 sedet,
1203 2587 1259 2641 in
1302 2587 1499 2657 quibus
1550 2588 1793 2642 sedatum
1838 2585 1991 2650 nihil,
2033 2584 2168 2639 nihil

581 2678 843 2747 quietum,
876 2678 1109 2751 nihiliu
1138 2679 1328 2735 eodem
1372 2687 1518 2733 statu
1563 2677 1891 2747 permanet?
1941 2676 2168 2743 Quando

580 2765 935 2822 liherabimur
966 2768 1034 2821 ab
1064 2768 1434 2836 inquietudine
1462 2766 1776 2822 mobilitatis
1809 2767 2009 2837 hujus?
2037 2766 2169 2821 Cor-

581 2870 683 2926 pus
732 2856 877 2910 enim
923 2865 1166 2911 nostrum
1206 2857 1401 2917 sedere
1470 2872 1576 2910 non
1631 2856 1982 2926 permittitur,
2042 2871 2171 2910 cum

583 2944 714 2998 illud
746 2945 1002 3014 impediat
1045 2955 1103 2999 et
1137 2946 1423 3014 praesentis
1450 2959 1643 2999 sensus
1686 2944 1887 3000 doloris
1911 2953 1967 2998 et
1990 2944 2169 2999 futura

583 3035 778 3089 mortis
816 3035 1083 3099 anxietas,
1132 3035 1387 3104 quoniam
1434 3035 1689 3105 passibile
1721 3045 1806 3091 est
1838 3044 1891 3091 et
1920 3036 2166 3098 mortale.

2272 1863 2567 1915 secundum
2604 1860 2873 1925 Marcum,
2918 1862 3009 1915 ubi
3037 1870 3223 1931 aperte
3253 1863 3563 1919 declaratur
3594 1868 3856 1936 temporis

2273 1950 2434 2020 hujus
2488 1965 2610 2005 esse
2662 1951 2902 2021 ceutupli
2939 1953 3371 2021 promissionem.
3421 1953 3511 2007 Ait
3569 1957 3716 2010 enim
3752 1958 3856 2012 Do-

2272 2039 2492 2094 minus:
2527 2056 2546 2090 ι
2577 2037 2874 2113 Νθιιιοᾉθει,
2911 2042 3002 2111 qui
3046 2042 3324 2111 reliquerit
3352 2053 3582 2113 patrem,
3615 2055 3710 2099 aut
3741 2062 3860 2100 ma—

2272 2135 2432 2193 trem,
2463 2136 2558 2181 aut
2595 2111 2764 2193 ﬁlios:
2807 2138 2902 2189 aut
2937 2144 3096 2199 agros
3142 2111 3366 2200 propter
3407 2147 3495 2186 me
3536 2142 3593 2186 et
3634 2144 3859 2204 propter

2271 2217 2644 2289 Evangelium,
2674 2220 2765 2289 qui
2802 2235 2907 2274 non
2931 2221 3164 2291 accipiat
3183 2222 3388 2277 centies
3419 2231 3627 2276 tantum
3657 2239 3673 2289 ;
3710 2240 3858 2280 nunc

2273 2307 2326 2362 in
2360 2308 2466 2363 hoc
2500 2317 2739 2379 tempore
2765 2309 2953 2364 domos
2974 2350 2988 2374 ,
3014 2319 3070 2365 et
3099 2311 3317 2375 fratres,
3359 2331 3379 2364 ›
3409 2320 3515 2368 etc.
3547 2313 3740 2384 (Ilarc.
3774 2315 3853 2386 χ).

2273 2399 2359 2463 Et,
2423 2409 2483 2451 ut
2512 2400 2682 2469 magis
2719 2401 3019 2465 miremini,
3077 2415 3176 2456 nec
3225 2404 3638 2471 promissionem
3687 2405 3854 2469 hanc,

2272 2488 2398 2543 licet
2425 2488 2584 2557 hujus
2615 2492 2685 2544 sit
2738 2491 3010 2560 temporis,
3068 2493 3309 2551 exhiberi
3348 2495 3418 2548 de
3469 2496 3857 2564 temporalibus

2270 2580 2571 2644 aestimetis,
2604 2581 2843 2636 additum
2873 2592 2958 2641 est
2985 2601 2997 2637 :
3042 2600 3165 2642 cum
3195 2588 3677 2655 persecutiouibus.
3712 2589 3855 2656 Quid

2270 2674 2414 2729 enim
2444 2675 2499 2728 in
2526 2677 2904 2743 persecutione
2934 2678 3093 2746 positi
3145 2688 3371 2733 terrente
3392 2680 3705 2734 substantiae
3728 2696 3857 2736 san-

2272 2765 2345 2818 cti
2397 2772 2669 2834 martyres
2720 2776 3068 2835 acceperunt,
3123 2769 3337 2838 quando
3390 2778 3445 2823 et
3474 2770 3587 2840 ipsa
3640 2785 3858 2841 quoque

2272 2862 2417 2908 terra
2455 2853 2734 2909 beatorum
2766 2871 3055 2924 corporum
3105 2857 3229 2912 data
3261 2868 3349 2913 est
3375 2859 3428 2913 in
3458 2876 3650 2916 manus
3682 2863 3857 2917 homi-

2271 2956 2400 2995 num
2456 2940 2787 3013 impiorum?
2836 2944 2989 3011 Quod
3041 2960 3171 3017 ergo
3217 2947 3350 3002 dicit
3399 2949 3608 3005 centies
3642 2959 3852 3006 tantum

2272 3033 2481 3098 domos,
2518 3044 2609 3089 aut
2642 3035 2859 3100 fratres,
2892 3049 3026 3102 etc.,
3058 3037 3280 3093 minime
3307 3041 3603 3095 secundum
3630 3056 3859 3098 carnem
3918 3083 3924 3087 -

585 3121 691 3178 Sed
715 3132 769 3175 et
788 3123 1011 3192 spiritus
1038 3124 1150 3192 ipse
1176 3123 1376 3178 nullam
1400 3125 1564 3179 habet
1598 3125 1842 3194 requiem
1872 3127 1943 3181 ob
1978 3142 2169 3197 exspe-
2196 3118 2243 3181 Ο
2275 3122 2497 3193 intelligi
2526 3139 2707 3192 posse,
2742 3125 2828 3179 vel
2879 3140 2945 3183 ex
2978 3141 3044 3181 ee
3074 3127 3421 3184 manifestum
3447 3139 3531 3185 est
3557 3133 3700 3202 quod
3726 3148 3859 3188 cen-

514 3241 524 3251 ο
583 3210 873 3266 ctatiouem
896 3212 1009 3281 spei
1034 3220 1088 3266 et
1118 3212 1331 3267 timoris
1365 3211 1802 3275 sollicitudinem.
1844 3214 1961 3268 Erit
1989 3226 2169 3279 autem

582 3316 706 3357 cum
736 3301 914 3356 anima
950 3302 1257 3371 requiescet
1286 3302 1339 3356 in
1386 3318 1483 3372 spe
1524 3303 1873 3373 singulariter
1903 3308 2169 3361 consuto.

584 3398 638 3446 ta
692 3390 866 3461 (Prol.
918 3392 1027 3458 iv);
1071 3391 1242 3446 libera
1281 3392 1500 3461 quidem
1556 3407 1589 3446 a
1643 3393 2029 3458 sollicitudine,
2074 3396 2171 3451 sed

582 3496 693 3541 non
728 3482 796 3537 ab
832 3483 1257 3550 exspectatione.
1288 3482 1410 3541 Fiet
1436 3492 1617 3537 autem
1648 3483 1750 3538 hoc
1793 3494 1917 3552 post
1942 3493 2171 3540 mortem

582 3577 790 3636 carus,
820 3573 915 3628 sed
941 3579 1069 3629 ante
1110 3572 1252 3629 diem
1277 3571 1489 3638 judicii.
1518 3573 1575 3628 ln
1606 3572 1696 3627 die
1717 3583 1898 3634 autem
1928 3573 2017 3628 illa
2045 3591 2171 3630 cum

583 3662 785 3719 sederit
825 3660 966 3717 illius
1012 3661 1268 3724 hominis,
1323 3661 1565 3732 perfecte
1617 3671 1673 3718 et
1701 3677 1770 3717 ex
1812 3664 1966 3718 omni
2015 3674 2172 3732 parte

586 3751 915 3813 sedeb‘uuus,
945 3753 1068 3820 quia
1085 3766 1183 3808 nec
1208 3766 1405 3821 corpus
1427 3753 1630 3808 doloris
1652 3767 1813 3808 sensu
1842 3755 2168 3827 turbabitur,

584 3855 688 3896 nec
756 3840 1068 3899 auxiabitur
1109 3841 1305 3898 timore
1354 3843 1567 3907 mortis,
1624 3842 2072 3913 impassibilitatis
2118 3856 2176 3902 et

586 3932 1016 3993 immortalitatis
1068 3934 1270 4004 duplici
1322 3934 1463 3989 stola
1493 3934 2175 4007 gloriﬁcatumﬂiberitjue

586 4022 813 4087 erimus,
862 4025 1005 4091 quod
1061 4023 1129 4084 ad
1164 4025 1401 4081 animam
1446 4024 1705 4094 pertinet,
1760 4027 1828 4081 ab
1885 4037 2170 4097 exspectas

589 4111 737 4165 tione
762 4120 817 4165 et
841 4112 1209 4169 sollicitudine
1231 4114 1507 4181 universa,
1524 4115 1660 4173 nihil
1681 4116 1860 4171 minus
1889 4117 2171 4185 habentes,

591 4201 728 4256 nihil
759 4203 1012 4273 deinceps
1062 4203 1291 4272 periculi
1318 4214 1645 4270 metuentes,
1676 4206 1730 4269 in
1781 4206 2172 4274 perfectissima

592 4292 886 4349 securitate
910 4301 965 4347 et
990 4293 1336 4349 securissima
1385 4295 1735 4364 perisctione.
1766 4314 1785 4345 ι
1820 4296 2122 4362 Sedebitis,
2146 4317 2169 4350 ι

589 4381 699 4455 ιε
729 4382 806 4438 ait
826 4382 1107 4447 Dominus,
1138 4385 1215 4438 ait
1244 4383 1476 4443 Veritas.
1502 4384 1774 4445 Solemnis
1802 4385 1990 4450 sessio,
2020 4397 2175 4457 grata

591 4472 769 4541 quies,
799 4471 954 4541 plena
991 4471 1330 4533 suﬂicientia.
1363 4495 1382 4526 ι
1406 4474 1525 4531 Filii
1558 4474 1862 4539 hominum,
1896 4490 2174 4546 usquequo
2200 4460 2252 4519 ἶ)

591 4565 742 4634 gravi
771 4564 956 4630 corde,
1011 4573 1071 4618 ut
1095 4566 1224 4633 quid
1269 4566 1494 4637 diligitis
1520 4566 1814 4627 vanitatem
1844 4574 1900 4620 et
1935 4567 2179 4635 quaeritis

590 4651 976 4711 mendacium?
1007 4672 1024 4705 ι
1055 4651 1230 4725 (Paul.
1261 4654 1359 4725 tv.)
1398 4653 1638 4709 Gloriam
1667 4653 1832 4718 enim,
1860 4669 1982 4723 quae
2009 4656 2076 4721 ah
2102 4656 2181 4720 in.

593 4743 767 4801 vicem
808 4753 914 4809 est,
970 4746 1234 4814 quaeritis,
1287 4760 1482 4799 vanam
1514 4744 1701 4814 utique
1729 4752 1784 4798 et
1835 4747 2174 4817 mendacem,

568 4833 849 4920 Ιιιιιριιίιιιιι
880 4836 1001 4889 vani
1025 4835 1117 4890 lilii
1144 4836 1446 4897 hominum,
1476 4835 1762 4899 mendaces
1783 4834 1880 4899 lilii
1899 4836 2187 4901 hominum.
2212 4880 2215 4881 ν

570 4916 770 4994 ³(ιιεάι.
800 4926 934 4996 LXI),
990 4937 1045 4981 et
1091 4927 1317 4995 gloriam
1338 4965 1355 4989 ,
1412 4940 1533 4994 qua:
1562 4940 1591 4979 a
1624 4924 1739 4989 solo
1766 4927 1875 4983 Deo
1912 4937 2014 4993 est,
2076 4945 2181 4993 non

598 5017 784 5076 vultis.
813 5018 1037 5086 gloriam
1070 5018 1187 5073 sine
1218 5018 1380 5073 dubio
1414 5026 1718 5075 manentem
1747 5028 1801 5071 et
1838 5034 2041 5075 vcram.
2083 5021 2183 5081 hii.-

600 5106 706 5159 seri
731 5114 787 5159 et
808 5105 1167 5171 miserabiles,
1215 5107 1305 5175 qui
1335 5122 1432 5176 pro
1460 5106 1608 5161 brevi
1652 5106 1923 5175 voluptate
1975 5116 2182 5167 torreri.-

602 5207 709 5251 tem
739 5199 963 5267 perditis
1000 5197 1310 5267 voluptatis,
1364 5210 1415 5253 ct
1448 5199 1689 5254 divinam
1716 5200 2181 5263 vobisinterrumt-

602 5288 729 5356 pilis
759 5289 1215 5353 miscricordiam,
1246 5300 1303 5342 ut
1354 5307 1626 5360 nunquam
1657 5293 1928 5353 sattcmiui
1958 5294 2026 5349 ab
2052 5295 2181 5355 uber

604 5377 757 5433 ribus
784 5378 1172 5433 consolationis
1199 5378 1316 5447 ejus
1345 5379 1361 5442 (
1389 5377 1502 5433 Ira.
1537 5394 1660 5436 ut'I
1688 5380 1728 5452 ).

679 5466 787 5520 Sed
816 5482 884 5522 ne
912 5483 1123 5539 magna:
1148 5468 1525 5539 promissionis
1570 5469 1907 5526 dulcedinem
1934 5472 2178 5544 longani—

608 5558 714 5611 mis
738 5564 1070 5629 exspectatio
1099 5571 1504 5631 eontorqueret,
1532 5566 1728 5619 mentis
1752 5577 1951 5625 nostra
1978 5569 2184 5623 mobili-

610 5654 775 5705 tatem
807 5666 1057 5708 sermone
1090 5663 1351 5725 tcmperat
1401 5654 1648 5712 dulciori.
1693 5655 1855 5713 Novit
1897 5658 2043 5715 enim
2071 5660 2183 5730 ipse

2272 3219 2384 3268 tum
2421 3225 2624 3292 matres
2655 3217 2854 3285 accipit
2895 3232 3075 3274 nemo.
3126 3218 3245 3274 lam
3281 3234 3429 3285 vero,
3483 3224 3528 3277 si
3576 3236 3675 3292 pro
3705 3240 3856 3279 com-

2271 3304 2641 3380 municatione
2696 3307 3097 3375 possessionum
3127 3318 3182 3364 et
3208 3310 3512 3366 animorum
3543 3312 3850 3383 affectione,

2270 3406 2391 3460 quae
2418 3394 2558 3453 inter
2585 3395 2787 3450 electos
2825 3408 2931 3464 est,
2980 3400 3388 3468 promissionem
3418 3405 3559 3459 hanc
3605 3406 3857 3462 volumus

2272 3480 2594 3552 intelligere,
2627 3483 2899 3554 aliquibus
2936 3487 3176 3555 quidem,
3208 3490 3303 3545 sed
3344 3506 3451 3545 non
3481 3495 3731 3549 omnibus
3760 3512 3852 3566 po-

2272 3573 2403 3633 terit
2440 3576 2753 3631 convenire.
2790 3576 3084 3633 Nonnullos
3112 3582 3254 3635 enim
3288 3592 3601 3639 sanctorum
3632 3596 3852 3642 terrena

2273 3664 2377 3719 hac
2398 3674 2454 3719 et
2480 3667 2715 3725 humana
2752 3670 3126 3726 consolatione
3182 3674 3431 3729 novimus
3479 3679 3738 3734 caruisse.
3793 3680 3852 3736 lu

2272 3755 2436 3815 corde
2464 3771 2595 3827 ergo
2618 3766 2675 3812 et
2727 3760 2782 3813 in
2831 3760 3053 3817 homine
3080 3762 3323 3818 interiori
3353 3768 3663 3837 centuplum
3710 3770 3855 3825 istud

2273 3860 2487 3914 quaeras
2512 3862 2735 3904 necesse
2752 3858 2861 3915 est,
2897 3861 2957 3905 ut
2981 3852 3184 3908 habeas
3212 3871 3355 3912 nunc
3373 3859 3588 3926 quidem
3618 3860 3851 3917 fructum

2274 3938 2493 3992 tuumin
2517 3939 3022 4010 sanctiﬁcationem,
3040 3943 3198 4001 fmem
3219 3958 3351 4003 vero
3376 3948 3544 4002 vitam
3569 3960 3850 4006 aeternam.

2345 4025 2447 4093 Qui
2477 4041 2607 4097 ergo
2635 4030 2876 4093 nondum
2907 4034 3213 4104 centuplum
3241 4047 3582 4108 acceperunt,
3611 4051 3857 4096 scruten~

2275 4124 2364 4175 tur
2389 4118 2555 4175 corda
2582 4134 2715 4185 sua,
2768 4128 2826 4175 et
2855 4123 3105 4179 universa
3139 4140 3393 4182 manuum
3422 4142 3641 4184 suarum
3679 4133 3854 4187 studia

2275 4206 2560 4277 diligenter
2585 4210 2917 4278 examinant,
2975 4229 3081 4269 nee
3127 4215 3349 4271 dubium
3396 4221 3528 4289 quin
3577 4222 3856 4278 inveniant

2277 4297 2529 4366 angulum
2567 4308 2627 4354 et
2672 4300 3065 4371 diversorium,
3092 4307 3239 4376 quod
3275 4306 3526 4365 Salvator
3551 4328 3654 4367 non
3684 4314 3853 4368 novit.

2279 4385 2385 4442 Sed
2416 4389 2600 4459 vulpes
2652 4390 2836 4453 foveas
2892 4396 3112 4460 habent,
3165 4407 3220 4452 et
3274 4399 3521 4458 volucres
3547 4403 3668 4458 coeli
3702 4405 3861 4461 nidos‘

2280 4475 2431 4547 (an.
2464 4478 2563 4546 ιιι).
2597 4479 2764 4550 Magis
2789 4494 2969 4539 autem
3005 4486 3301 4555 perﬂectius
3324 4490 3631 4561 relinquant
3650 4496 3853 4563 omnia,

2278 4587 2388 4628 non
2413 4584 2659 4642 quierant
2684 4592 2806 4646 qua:
2844 4593 2939 4634 sua
2972 4590 3118 4646 sunt,
3151 4583 3286 4637 nihil
3317 4585 3420 4639 sibi
3456 4587 3744 4650 retineant,
3775 4589 3859 4644 ni-

2278 4660 2353 4715 ιιιι
2393 4660 2532 4716 aliis.
2567 4664 2707 4718 Sunt
2761 4668 2907 4721 enirn
2935 4668 3182 4740 plerique
3233 4674 3347 4742 qui,
3404 4674 3533 4730 licet
3579 4678 3857 4747 propriam

2278 4753 2657 4832 exultationem
2681 4757 3115 4831 voluptatemque
3134 4763 3266 4819 satis
3290 4764 3612 4835 despiciant,
3636 4771 3860 4840 propin-

2277 4843 2401 4912 quis
2432 4854 2606 4900 tamen
2641 4845 2753 4918 ω
2788 4849 2901 4905 suis
2926 4852 3323 4920 quodammodo
3349 4858 3583 4913 retinent
3605 4860 3745 4927 quod
3772 4861 3861 4916 de»

2283 4934 2516 4993 buerant
2569 4938 2871 5007 reliquisse,
2924 4943 3216 5014 incongrua
3255 4946 3617 5004 sollicitudine
3651 4961 3706 5005 et
3733 4953 3859 5007 reli-

2282 5024 2428 5093 gioni
2481 5028 2755 5083 contraria
2790 5044 2888 5098 pro
2941 5032 3021 5088 eis
3065 5036 3248 5105 utique
3277 5036 3604 5094 laborantes.
3658 5041 3860 5108 Quanti

2280 5115 2425 5173 enim
2457 5119 2863 5185 monachorum,
2901 5123 3027 5177 dum
3057 5127 3370 5192 pereuntibus
3412 5130 3526 5184 suis
3555 5130 3673 5200 ple
3711 5131 3860 5199 justo

2277 5206 2586 5273 consulunt,
2621 5223 2746 5263 suas
2764 5211 2971 5267 animas
2991 5215 3369 5283 perdiderunt?
3394 5218 3533 5289 Ergo
3557 5220 3861 5291 relinqtant

2281 5294 2483 5360 munia,
2510 5296 2681 5353 solum
2710 5311 3004 5368 sequantur
3027 5302 3323 5371 Christum,
3374 5307 3469 5362 soli
3508 5309 3722 5365 Christo
3747 5311 3861 5380 pla-

2284 5401 2409 5443 cere
2435 5393 2786 5456 contendant,
2816 5402 2873 5447 et
2896 5394 3234 5464 beneplacito
3264 5398 3556 5454 voluntatis
3589 5401 3704 5470 ejus
3734 5418 3849 5472 pcr-

2283 5476 2431 5546 vigili
2474 5481 2787 5541 adhaereant
2834 5484 3214 5553 sollicitudine,
3254 5488 3396 5544 haud
3454 5491 3674 5545 dubium
3727 5493 3859 5562 quin

2284 5572 2636 5639 experiantur
2687 5574 2830 5631 illico
2880 5577 3025 5645 quod
3091 5579 3538 5651 relinquentihust
3567 5586 3747 5639 omnia
3804 5596 3862 5642 et

2285 5663 2639 5729 sequentibus
2681 5678 2742 5720 se
2794 5663 3005 5722 Veritas
3061 5668 3347 5738 pollicetur
3385 5686 3401 5726 :
3454 5692 3473 5724 ι
3514 5671 3855 5745 Cenzuplum,
