4184 6478
286 330 396 389 553

1870 327 2116 387 SERMO
2157 331 2224 386 X.

3689 336 3792 394 554

285 455 502 529 inquit,
534 454 771 527 accipiet
806 458 860 512 et
909 455 1085 512 vitam
1115 462 1390 514 aeternam
1437 454 1746 530 possidebit
1782 455 2180 527 (Matth.Aper
2209 469 2481 514 universa
2514 456 2638 528 ejus
2681 457 2896 516 viscera
2926 458 3200 517 vitiorum
3226 457 3489 518 omnium
3526 473 3591 517 ac
3637 475 3798 518 mor-

289 547 437 617 XIX).
477 570 502 591 ι»
535 542 691 603 Illud
730 544 885 601 enim
919 545 982 603 in
1024 545 1116 603 via
1144 545 1422 618 accipitur
1459 546 1530 603 ad
1562 543 1871 611 solatium;
1903 542 2001 600 illa

289 651 425 693 vero
455 634 527 692 ad
562 633 977 691 beatitudinem
1006 634 1067 693 in
1099 635 1281 708 patria
1318 633 1702 708 possidebitur
1745 634 1798 690 in
1834 637 2002 690 aeter-

284 739 449 782 num.
509 723 621 782 Sed
671 723 812 795 quid
861 729 945 780 est
987 726 1328 798 centuplum
1369 723 1543 793 istud,
1578 723 1692 781 nisi
1742 721 2004 781 consola-

285 815 493 883 tiones,
541 812 1010 888 visitationesque
1055 819 1110 872 et
1154 813 1425 888 primitize
1470 813 1727 886 spiritus,
1761 812 1865 886 qui
1904 827 2001 869 su-

284 917 388 974 per
442 900 556 958 mel
611 900 798 959 dulcis
851 908 952 964 est.
1016 902 1129 960 nisi
1183 902 1578 961 testimonium
1636 897 2003 959 conscientia;

286 997 520 1060 nostrae,
562 991 671 1048 nisi
719 991 871 1062 laeta,
913 998 966 1048 et
1010 991 1437 1064 jucundissima
1473 993 1765 1065 justorum
1800 1004 2001 1062 exspe-

285 1082 479 1152 ctatio,
509 1081 625 1140 nisi
670 1083 950 1141 memoria
1000 1083 1374 1142 abundantiae
1425 1081 1723 1142 suavitatis
1773 1079 1898 1150 Dei,
1949 1083 2002 1135 et

286 1187 502 1245 magna
525 1187 662 1231 vere
688 1171 1000 1232 multitudo
1029 1173 1358 1233 dulcedinis
1385 1175 1530 1247 ejus,
1556 1187 1730 1246 quam
1763 1185 1868 1228 nec
1896 1184 1999 1227 ex-

287 1265 487 1338 pertis,
533 1278 764 1321 necesse
811 1270 893 1321 est
941 1264 1149 1334 dicere,
1191 1279 1298 1323 nec
1342 1264 1659 1338 inexpertis
1710 1262 2003 1335 [inexper-

289 1352 404 1423 tus]
453 1349 570 1407 illis
611 1347 804 1406 verbis
848 1350 1173 1422 exprimere
1221 1350 1526 1426 quisquam
1577 1356 1758 1424 potest
1797 1347 1826 1406 ?
1874 1346 2002 1405 Non

293 1444 474 1512 pater,
502 1453 617 1496 non
659 1444 860 1506 mater,
895 1453 1011 1495 non
1041 1438 1268 1508 domus,
1311 1454 1424 1496 non
1471 1455 1624 1513 ager,
1658 1453 1775 1496 non
1817 1435 2002 1507 cibus,

293 1534 397 1585 aut
433 1527 626 1596 vestis,
670 1541 783 1584 non
834 1525 1084 1598 denique
1133 1532 1428 1586 terrenum
1461 1527 1704 1603 aliquid,
1734 1535 1836 1588 aut
1879 1544 2003 1586 cor-

292 1616 507 1690 porale,
563 1615 660 1674 sed
706 1612 874 1687 plane
923 1614 1012 1670 his
1061 1615 1333 1675 omnibus
1373 1616 1788 1691 delectabilius,
1833 1634 2006 1692 super

295 1706 424 1763 haec
451 1703 648 1762 omnia
678 1702 908 1760 dulcius
935 1707 1106 1776 atque
1125 1703 1444 1774 jucundius
1472 1712 1572 1764 est.

2089 544 2216 610 talis
2253 544 2636 618 corruptionis
2683 561 2906 604 venena
2950 546 3198 608 diffudit.
3232 545 3442 607 Contra
3472 549 3581 606 hoc
3617 549 3796 623 igitur

2085 638 2296 696 lethale
2323 638 2484 696 virus
2519 639 2840 698 antidotum
2867 656 2897 698 a
2927 639 3250 698 Christiano
3283 641 3495 715 populo
3521 641 3794 712 sumitur,

2087 726 2367 800 per.quod
2397 726 2712 798 spiritualis
2745 727 2927 786 morbi
2972 729 3294 801 pestilentia
3323 729 3630 788 salubriter
3657 745 3797 788 evo-

2088 821 2295 873 matur.
2345 815 2536 889 Hujus
2585 817 2718 874 novi
2764 817 3103 875 sacramenti
3153 817 3368 876 virtute
3423 818 3793 889 fermentum,

2087 903 2235 962 illud
2289 904 2480 978 [illico]
2531 905 2926 964 condemnataa
2973 904 3272 963 vetustatis
3317 904 3687 977 expellimus,
3733 913 3799 965 ut

2088 992 2158 1051 de
2198 993 2474 1051 servitute
2502 993 2573 1051 ad
2612 993 2933 1052 libertatem
2980 995 3219 1069 spiritus
3261 1003 3316 1054 et
3347 996 3418 1054 ad
3450 1013 3599 1056 nova
3633 1013 3796 1070 rege-

2087 1081 2403 1140 nerationis
2432 1096 2632 1154 azyma
2662 1088 3043 1141 transeamus.

2162 1169 2346 1228 Hodie
2401 1185 2628 1228 sacrum
2683 1171 2936 1230 chrisma
2989 1173 3311 1245 conficitur,
3366 1189 3468 1246 per
3526 1175 3681 1247 quod
3737 1173 3796 1232 in

2090 1258 2258 1316 nobis
2294 1259 2556 1318 omnium
2604 1259 2929 1319 etelestium
2971 1261 3386 1321 charismatum
3420 1264 3797 1323 sanctiﬁcatio

2090 1347 2466 1406 conﬁrmatur
2523 1346 2917 1422 [designatur].
2974 1348 3097 1408 Hoc
3153 1351 3422 1410 videlicet
3473 1351 3620 1411 illud
3675 1369 3798 1410 esse

2090 1447 2517 1498 sacrosanctum
2558 1440 2810 1499 chrisma
2853 1441 3236 1513 cognoscitur,
3267 1442 3421 1517 quod
3471 1457 3589 1500 non
3632 1443 3800 1502 modo

2090 1529 2426 1598 sacerdotes,
2479 1544 2640 1602 reges
2691 1536 2865 1602 atque
2919 1530 3218 1603 prophetas
3270 1529 3444 1588 unxit
3497 1531 3557 1588 in
3608 1530 3798 1590 Veteri

2091 1617 2476 1689 Testamento,
2514 1617 2612 1676 sed
2662 1618 2835 1676 etiam
2895 1623 3119 1677 sanctos
3169 1619 3474 1690 apostolos,
3523 1625 3803 1692 martyres

2091 1713 2147 1762 et
2205 1707 2558 1764 confessores
2619 1706 2994 1765 sanctiﬁcavit
3049 1707 3106 1764 in
3168 1706 3346 1766 Novo.
3409 1706 3594 1766 Hodie
3659 1707 3804 1782 [hoc]

366 1792 477 1852 Cui
516 1807 651 1850 vero
680 1792 762 1849 sic
800 1789 1121 1864 specialiter
1169 1796 1319 1850 totus
1359 1795 1707 1869 evangelicm
1744 1793 2265 1863 lectionisBetiam
2324 1810 2430 1852 nos
2481 1795 2606 1852 oleo
2659 1794 2879 1852 divinae
2937 1795 3163 1854 virtutis
3215 1795 3578 1869 inungimur,
3624 1802 3687 1854 ut
3743 1796 3806 1854 in

292 1896 577 1940 excursus
633 1877 913 1952 assignari
967 1883 1166 1951 potest,
1219 1882 1704 1954 quemadmodum
1754 1881 1899 1956 patri
1953 1887 2007 1940 et

293 1967 569 2040 magistro
633 1971 823 2023 nostro
881 1965 1041 2024 beato
1092 1965 1447 2026 Benedicto'?
1497 1969 1606 2026 Hic
1667 1985 1700 2026 a
1761 1964 2008 2040 pueritia

293 2057 584 2116 mundum
623 2071 758 2115 cum
790 2057 929 2115 ﬂore
963 2056 1216 2129 reliquit,
1259 2064 1313 2114 et
1345 2063 1676 2115 currentem
1712 2054 2006 2114 Christum

291 2161 469 2205 cursu
521 2145 884 2217 rapidissimo
940 2153 1168 2203 secutus
1223 2152 1324 2216 est,
1377 2161 1480 2203 nec
1533 2145 1766 2217 destitit,
1827 2145 2010 2204 donec

291 2241 757 2308 consequeretur.
794 2233 934 2303 Quis
971 2234 1122 2290 inter
1144 2234 1470 2306 judicantes
1509 2234 1823 2293 sublimius
1847 2234 2007 2307 judi-

294 2324 446 2382 cabit
486 2324 513 2382 ?
560 2323 700 2393 Quis
745 2324 824 2382 ita
871 2323 1208 2396 centuplum
1251 2322 1309 2380 in
1370 2324 1476 2381 hac
1531 2325 1644 2382 vita
1697 2325 1945 2398 percepit
1984 2325 2009 2382 ἲ)

293 2413 436 2482 Quis
477 2412 652 2469 vitam
684 2418 959 2469 aeternam
991 2411 1296 2484 gloriosius
1333 2411 1696 2484 possidebit?
1724 2412 1864 2488 Ejus
1899 2413 2008 2486 igi-

296 2510 393 2560 tur
417 2501 826 2560 intercessione
862 2515 983 2559 suaa
1013 2503 1214 2574 gratiae
1251 2501 1570 2575 largitatem
1600 2502 1670 2559 ad
1711 2504 2012 2576 praesentis

295 2592 433 2651 vitae
479 2592 928 2651 consolationem
983 2599 1039 2650 et
1086 2601 1320 2650 aeternae
1366 2594 1804 2666 possessionem,
1845 2593 2012 2652 nobis

295 2683 698 2741 administrare
748 2683 1039 2756 dignetur,
1085 2684 1207 2759 qui.
1247 2684 1419 2752 venit,
1472 2692 1533 2742 ut
1584 2684 1759 2742 vitam
1809 2686 2012 2744 habea-

300 2791 451 2846 mus,
487 2784 541 2833 et
590 2783 654 2834 ut
701 2775 1093 2834 abundantius
1138 2777 1454 2834 habeamus
1506 2781 1678 2849 (Joan.
1726 2779 1806 2852 X),
1846 2779 2015 2838 Jesus

298 2863 562 2922 Christus
631 2865 912 2924 Dominus
979 2871 1187 2934 noster,
1250 2864 1351 2938 qui
1423 2871 1509 2923 est
1563 2866 1898 2926 benedictus
1951 2869 2010 2925 in

299 2952 531 3011 saecula.
566 2953 775 3010 Amen.

981 3022 1226 3083 SERMO
1265 3024 1336 3081 X.

657 3125 717 3172 1N
759 3125 943 3173 CCENA
977 3127 1200 3174 DOMINI.
1236 3120 1414 3184 (XXIV
1444 3117 1645 3186 MART.)

371 3217 581 3289 Hodie,
627 3219 830 3277 fratres
875 3219 1220 3290 charissimi,
1249 3220 1415 3278 dum
1466 3236 1647 3279 ccenae
1694 3219 2014 3279 Dominicae

300 3308 584 3367 solemnia
638 3309 1013 3381 celebramus,
1063 3309 1314 3383 plurima
1364 3309 1647 3370 virtutum
1696 3310 2016 3370 caelestium

303 3405 660 3456 sacramenta
709 3397 1036 3458 recolimus.
1078 3398 1262 3457 Hodie
1309 3415 1562 3473 namque
1605 3399 1867 3458 Salvator
1911 3415 2016 3457 no-

303 3493 437 3561 ster,
479 3488 582 3561 qui
631 3496 798 3562 caput
832 3495 917 3546 est
961 3488 1319 3561 angelorum,
1361 3488 1501 3545 dum
1548 3488 1671 3546 suis
1717 3487 2018 3561 discipulis

301 3576 545 3651 vestigia
578 3577 756 3650 tersit,
787 3594 938 3636 verae
965 3578 1130 3636 nobis
1159 3577 1504 3637 humilitatis
1533 3578 1867 3652 exemplum
1894 3594 2016 3635 ma-

308 3663 516 3722 nifeste
563 3666 882 3738 proposuit,
909 3672 973 3724 ut
999 3666 1154 3741 quod
1192 3665 1473 3739 impendit
1510 3663 1795 3723 Dominus
1821 3664 2015 3724 famu-

307 3751 400 3823 lis,
439 3752 592 3810 servi
651 3769 772 3811 non
830 3754 1218 3828 dedignentur
1275 3751 1550 3811 exhibere
1615 3752 1930 3823 conservis,
1962 3759 2018 3811 et

306 3841 503 3916 pulvis
559 3859 676 3901 non
731 3844 973 3918 deneget
1030 3844 1276 3919 pulveri,
1327 3842 1480 3918 quod
1539 3842 1649 3902 sibi
1702 3859 2019 3917 congruere

311 3936 482 3990 tantae
535 3932 723 3991 visum
775 3939 858 3990 est
908 3933 1208 4008 majestati.
1263 3932 1369 3992 Ubi
1421 3949 1553 3991 cum
1609 3932 1811 3990 Petrus
1854 3933 2018 3991 obse-

310 4021 516 4095 quium
561 4022 845 4095 suscipere
887 4021 1107 4079 summi
1161 4022 1338 4096 [tanti]
1394 4019 1765 4095 Praeceptoris
1796 4021 2018 4079 abnue-

312 4120 413 4183 ret,
448 4119 504 4170 et
551 4113 651 4170 ille
684 4114 871 4170 minas
910 4110 1273 4187 repulsionis,
1308 4111 1420 4169 nisi
1469 4127 1529 4169 se
1570 4110 1752 4169 lavari
1782 4110 2018 4185 permit-

315 4207 470 4273 teret,
527 4202 834 4260 intentaret
891 4202 1257 4260 tremefactus
1309 4201 1538 4260 tandem
1594 4197 1656 4258 et
1702 4200 2022 4258 insistentis

312 4291 554 4366 imperio
609 4292 872 4364 protinus
923 4291 1292 4364 acquiescens
1343 4291 1466 4348 ait:
1517 4314 1543 4338 α
1590 4288 1856 4358 Domine,
1902 4305 2017 4347 non

312 4387 540 4439 tantum
590 4379 760 4453 pedes
800 4394 974 4448 meos,
1026 4379 1124 4436 sed
1171 4386 1225 4436 et
1270 4395 1479 4437 manus
1530 4384 1585 4436 et
1630 4385 1802 4451 caput
1838 4379 2018 4449 (Joan.

313 4477 462 4536 XIII).
519 4490 540 4518 ι
594 4467 659 4524 In
709 4467 924 4540 quibus
979 4468 1180 4541 utique
1228 4467 1418 4523 verbis
1464 4465 1664 4524 beatus
1715 4465 2023 4537 Apostolus

311 4575 483 4633 opera
537 4565 748 4626 nostra,
801 4558 977 4616 simul
1035 4564 1090 4615 et
1133 4556 1524 4630 cogitationes,
1578 4563 1641 4613 ut
1694 4571 1728 4612 a
1777 4555 2024 4613 Domino

311 4647 692 4721 puriticentur
744 4653 916 4721 atque
987 4647 1364 4717 mundentur,
1422 4645 1683 4717 indigere
1749 4644 2018 4716 signavit.

317 4736 616 4810 Siquidem
657 4734 925 4794 manibus
963 4745 1251 4809 operatur,
1289 4735 1659 4807 cogitationes
1707 4742 1898 4792 autem
1948 4749 2018 4789 ex

311 4831 523 4895 mente,
563 4840 694 4898 quae
740 4830 908 4897 caput
944 4831 1026 4882 est
1073 4823 1366 4882 interioris
1416 4823 1692 4893 hominis,
1732 4822 2026 4896 proferun-

311 4922 425 4973 tur.
478 4912 576 4969 47
629 4915 785 4974 Vera
837 4931 973 4988 ergo
1025 4931 1090 4973 ac
1138 4915 1382 4987 perfecta
1425 4912 1692 4986 purgatio
1747 4919 1830 4970 est
1887 4927 2022 4970 cum

311 5003 465 5062 Deus
501 5004 866 5078 omnipotens
902 5021 1019 5062 non
1053 5004 1243 5062 solum
1274 5019 1443 5076 opera
1490 5009 1680 5059 nostra
1722 5001 1941 5058 munda
1969 5005 2024 5058 et

311 5091 679 5151 immaculata
725 5094 987 5164 custodit,
1031 5093 1129 5150 sed
1185 5092 1356 5150 etiam
1403 5105 1606 5164 pravas
1650 5089 2023 5162 cogitationes

311 5197 342 5238 a
368 5181 640 5240 cordibus
669 5183 883 5241 nostris
912 5183 1092 5241 sancti
1118 5181 1368 5256 Spiritus
1387 5180 1679 5238 infusione
1701 5178 1946 5253 repellit.

382 5269 568 5329 Hodie
616 5271 874 5331 Salvator
925 5271 1136 5330 terreni
1185 5269 1348 5342 panis
1395 5284 1459 5325 ac
1502 5268 1626 5326 vini
1671 5267 1920 5341 speciem
1961 5266 2020 5324 in

313 5361 405 5420 sui
477 5363 728 5438 corporis
797 5369 851 5421 et
923 5359 1225 5436 sanguinis
1291 5365 1646 5417 sacramenta
1717 5358 2020 5428 convertit,

315 5453 552 5527 suisque
602 5454 903 5529 discipulis
949 5443 1142 5512 vitali's
1185 5451 1478 5510 alimonia:
1533 5450 1814 5524 pabulum
1857 5450 2023 5508 mini-

316 5542 534 5600 stravit.
568 5541 742 5601 Cibus
773 5543 926 5600 enim
970 5535 1071 5600 ill'e
1107 5541 1338 5612 vetitus,
1371 5555 1546 5615 quem
1577 5539 1804 5612 primus
1851 5539 2022 5597 homo

317 5632 736 5690 intumescente
791 5632 1058 5707 superbia
1107 5638 1162 5689 et
1215 5631 1353 5701 gula
1401 5628 1694 5703 pruriente
1747 5626 2020 5701 percepit,

607 5745 864 5809 PATBOL.
903 5745 1153 5807 CXLIV.

2093 1881 2408 1956 spiritualis
2456 1883 2740 1956 palaestrae
2789 1883 3100 1942 certamine
3144 1883 3518 1942 colluctantes
3560 1884 3631 1943 de
3673 1884 3809 1944 sub-

2093 1971 2232 2029 actis
2256 1979 2429 2045 atque
2472 1973 2748 2030 convictis
2788 1973 3049 2031 hostibus
3094 1971 3536 2045 triumphemus.
3571 1973 3654 2032 De
3689 1988 3806 2047 quo

2093 2059 2379 2118 nimirum
2408 2059 2534 2118 oleo
2566 2061 2838 2133 propheta
2877 2059 3015 2118 dicit
3043 2085 3055 2118 :
3089 2084 3114 2113 ς(
3149 2059 3575 2134 Computrescet
3593 2062 3805 2136 jugum

2093 2164 2128 2206 a
2179 2150 2320 2206 facie
2369 2149 2482 2206 olei
2534 2151 2685 2217 (Isai.
2739 2155 2827 2217 X).
2876 2172 2902 2198 η
2955 2149 3122 2220 Nam,
3169 2165 3303 2207 cum
3335 2166 3436 2222 per
3473 2151 3581 2208 hoc
3620 2150 3808 2209 divini

2095 2236 2422 2294 chrismatis
2491 2243 2914 2294 sacramentum
2986 2237 3267 2296 libertatis
3341 2237 3509 2296 nobis
3571 2237 3812 2312 spiritus

2097 2327 2375 2399 redditur,
2425 2329 2721 2388 servitutis
2767 2329 3025 2402 antiquae
3069 2328 3276 2403 jugum
3323 2329 3383 2387 in
3440 2329 3810 2404 putredinem

2096 2431 2329 2475 necesse
2385 2423 2468 2474 est
2533 2416 2842 2490 redigatur.
2900 2415 3022 2474 Hoc
3084 2418 3427 2492 mysterium
3485 2417 3814 2476 chrismatis

2097 2507 2371 2580 propheta
2425 2505 2608 2564 David
2664 2505 3062 2564 indubitanter
3115 2506 3369 2579 agnovit,
3421 2522 3570 2565 cum.
3617 2507 3816 2565 vultus

2099 2606 2296 2656 nostro
2333 2598 2392 2655 in
2421 2598 2548 2656 oleo
2577 2597 2990 2656 exhilarandos
3020 2613 3142 2656 esse
3173 2597 3424 2656 cantavit
3455 2601 3626 2667 (Psal.
3665 2603 3810 2668 CIII).

2099 2687 2413 2745 Enimvero
2442 2703 2577 2744 cum
2607 2687 2813 2745 mundi
2843 2686 3088 2744 crimina
3125 2686 3348 2745 diluvio
3382 2687 3677 2760 quondam
3705 2702 3812 2745 ex-

2101 2777 2398 2851 piarentur
2427 2775 2608 2833 effuso
2655 2776 2804 2847 (Gen.
2841 2776 2978 2848 vn);
3029 2774 3211 2834 futuri
3251 2776 3514 2834 muneris
3544 2775 3814 2834 columba

2102 2864 2549 2923 similitudinem
2579 2863 2852 2937 praetulit,
2881 2879 3016 2922 cum
3044 2863 3217 2922 olivae
3244 2880 3403 2922 ramo
3423 2879 3621 2938 pacem
3648 2864 3815 2922 terris

2103 2953 2384 3014 redditam
2432 2953 2742 3012 nuntiavit.
2793 2953 2892 3011 Ait
2938 2953 3095 3011 enim
3147 2951 3481 3026 Scriptura:
3538 2980 3558 3005 ιι
3591 2952 3816 3028 Exspe-

2102 3043 2265 3102 ctatis
2317 3049 2510 3102 autem
2558 3042 2710 3100 ultra
2757 3047 2972 3115 septem
3015 3041 3225 3100 diebus
3272 3041 3423 3113 aliis,
3459 3058 3696 3102 rursum
3725 3042 3816 3101 di-

2036 3132 2263 3224 Omisit
2291 3130 2412 3189 Noe
2452 3130 2782 3189 columbam
2811 3146 2886 3188 ex
2929 3146 3078 3188 arca.
3127 3132 3202 3224 ﬁt
3228 3130 3331 3189 illa
3355 3132 3539 3224 _veni_t_
3578 3132 3646 3190 ad
3671 3147 3818 3224 eum

2101 3223 2174 3278 ad
2214 3235 2526 3292 vesperam,
2560 3226 2793 3292 portans
2835 3234 3060 3277 ramum
3109 3217 3280 3277 olivae
3309 3218 3634 3278 virentibus
3666 3218 3822 3277 foliis

2103 3313 2163 3370 in
2210 3327 2308 3369 ore
2338 3326 2444 3369 suo
2476 3312 2629 3380 (Gen.
2671 3316 2816 3380 VIII).
2866 3336 2892 3358 »
2929 3309 2994 3368 In
3034 3310 3344 3368 emissione
3373 3325 3439 3368 ac
3489 3309 3820 3369 reversione

2104 3399 2392 3458 columbae
2421 3397 2780 3471 septenarius
2828 3413 3108 3456 numerus
3146 3397 3398 3470 ponitur,
3430 3398 3572 3472 quia
3602 3405 3818 3473 septem

2104 3504 2226 3547 esse
2276 3487 2472 3561 procul
2523 3485 2701 3544 dubio
2750 3485 2934 3543 sancti
2976 3483 3223 3558 Spiritus
3273 3484 3422 3543 dona
3476 3493 3816 3544 noscuntur.

2105 3577 2443 3651 Vespertina
2475 3591 2608 3633 vero
2652 3576 2792 3633 hora
2834 3573 2905 3632 ad
2946 3589 3137 3633 arcam
3178 3573 3446 3632 columba
3492 3575 3822 3645 revertitur,

2105 3667 2243 3742 quia
2283 3664 2534 3739 Spiritus
2577 3670 2829 3735 sanctus,
2861 3665 2963 3739 qui
3011 3665 3066 3722 in
3121 3663 3325 3722 mundi
3367 3664 3650 3738 principio
3680 3667 3826 3725 fere-

2106 3757 2277 3814 batur
2299 3769 2470 3827 super
2507 3751 2686 3827 aquas
2722 3755 2875 3820 (Gen.
2907 3758 2972 3822 1).
2997 3754 3116 3828 jam
3146 3761 3575 3827 vesperascente
3605 3755 3821 3816 saeculo

2108 3850 2363 3902 sanctam
2397 3841 2639 3915 replevit
2674 3841 3008 3900 Ecclesiam.

2182 3932 2268 3988 Ad
2326 3931 2430 3989 hoc
2487 3931 2661 3988 etiam
2711 3930 2897 3988 divini
2948 3931 3276 3989 chrismatis
3329 3929 3573 4004 pertinet
3627 3947 3821 3991 sacra-

2108 4029 2391 4092 mentum,
2423 4023 2575 4096 quod
2624 4021 2991 4096 omnipotens
3034 4021 3187 4080 Deus
3230 4020 3415 4096 Moysi
3461 4021 3680 4082 famulo
3717 4039 3824 4082 suo

2113 4111 2451 4171 mandatum
2479 4111 2655 4178 dedit,
2685 4118 2748 4169 ut
2779 4113 2969 4169 Aaron
3000 4111 3231 4169 fratrem
3266 4126 3442 4170 suum
3473 4127 3626 4185 aqua
3661 4115 3826 4186 prius

2110 4202 2390 4273 ablueret,
2450 4201 2657 4259 deinde
2710 4216 2811 4274 per
2870 4201 3224 4259 inlusionem
3301 4201 3477 4274 hujus
3537 4201 3828 4276 unguenti

2111 4291 2481 4349 constitueret
2536 4289 2930 4347 sacerdotem:
2975 4311 3002 4342 ‹‹
3035 4291 3250 4355 Aaron,
3303 4289 3512 4364 inquit,
3566 4296 3621 4348 et
3672 4290 3824 4350 ﬁlios

2114 4380 2238 4454 ejus
2284 4393 2466 4451 unges
2516 4376 3014 4452 sanctiticabisque
3058 4393 3174 4445 eos,
3220 4382 3283 4435 ut
3328 4377 3641 4436 sacerdotio
3686 4378 3824 4436 fun-

2114 4471 2323 4538 gantur
2368 4464 2532 4522 mihi.
2571 4463 2737 4522 Filiis
2767 4480 3000 4538 quoque
3034 4464 3209 4522 Israel
3244 4464 3397 4523 dices
3428 4488 3440 4522 :
3472 4464 3594 4523 Hoc
3631 4465 3824 4524 oleum

2113 4556 2400 4614 unctionis
2443 4561 2708 4612 sanctum
2756 4554 2863 4613 erit
2892 4555 3038 4612 mihi
3068 4556 3127 4612 in
3170 4555 3568 4627 generationes
3606 4562 3826 4614 vestras

2106 4647 2306 4704 (Exod.
2369 4652 2546 4710 XXX).
2586 4666 2606 4694 ι
2663 4643 2833 4702 Porro
2879 4652 3092 4713 autem,
3125 4643 3272 4701 sicut
3319 4643 3440 4715 jam
3479 4643 3677 4703 abluto
3722 4660 3824 4719 per

2107 4735 2398 4794 diluvium
2429 4733 2665 4802 mundo,
2691 4751 2821 4792 cum
2848 4735 3021 4793 olivae
3051 4749 3207 4790 ramo
3232 4732 3303 4790 ad
3330 4748 3521 4791 arcam
3551 4734 3824 4793 columba

2108 4823 2434 4894 revertitur,
2480 4822 2560 4880 sic
2604 4823 2777 4880 etiam
2817 4823 3005 4880 Aaron
3054 4836 3203 4894 aqua
3242 4819 3402 4894 prius
3446 4821 3685 4880 ablutus
3712 4829 3816 4893 est,

2109 4911 2316 4968 deinde
2347 4910 2655 4968 chrismate
2698 4916 3029 4983 perunctus,
3063 4915 3126 4964 ut
3154 4906 3224 4963 ad
3264 4907 3648 4965 sacerdotium
3695 4925 3825 4982 pro-

2110 5007 2454 5059 moveretur.
2500 4998 2592 5057 Sic
2627 4999 2799 5056 etiam
2839 5012 2993 5055 nunc
3033 4995 3278 5068 quilibet
3315 4996 3386 5054 ad
3433 4999 3818 5069 regeneratio-

2108 5090 2201 5147 nis
2250 5089 2490 5162 gratiam
2544 5089 2783 5144 veniens
2829 5085 2994 5158 prius
3044 5086 3186 5142 sacri
3243 5085 3600 5158 baptismatis
3642 5086 3820 5146 undis

2108 5177 2511 5252 immergitur,
2562 5182 2625 5233 ut
2679 5175 3043 5248 postmodum
3100 5175 3284 5234 divini
3339 5175 3666 5234 chrismatis
3719 5173 3818 5232 48

2110 5265 2385 5340 mysterio
2437 5264 2827 5335 consignetur.
2877 5261 3033 5321 Illud
3078 5270 3353 5337 praeterea
3404 5265 3620 5335 oleum,
3663 5265 3815 5341 quod

2111 5364 2165 5414 et
2191 5352 2630 5412 tabernaculum
2656 5350 2888 5409 foederis
2913 5359 2967 5408 et
2997 5359 3203 5411 cuncta
3230 5354 3356 5428 ejus
3380 5353 3656 5413 utensilia
3683 5369 3816 5414 con-

2111 5445 2372 5516 secravit,
2433 5444 2539 5501 hoc
2590 5442 2775 5500 divini
2833 5443 3158 5502 chrismatis
3207 5450 3632 5503 sacramentum
3687 5463 3818 5521 per-

2110 5534 2304 5608 spicue
2330 5531 2617 5607 ﬁguravit.
2653 5531 2750 5589 Ait
2779 5532 2937 5590 enim
2981 5531 3261 5590 Dominus
3301 5530 3485 5607 Moysi
3517 5553 3529 5592 :
3565 5559 3592 5583 α
3627 5533 3819 5594 Tolles

2109 5623 2302 5683 oleum
2346 5621 2416 5681 de
2465 5620 2692 5681 olivetis
2733 5636 3003 5680 mensura
3042 5621 3166 5692 hin,
3199 5621 3487 5697 faciesque
3529 5624 3820 5684 unctionis

3464 5737 3533 5799 18
