4184 6488
345 304 447 360 555

957 297 1014 354 S.
1059 297 1274 356 PETRI
1318 294 1638 355 DAMIANI
1677 293 1833 352 OPP.
1881 293 2067 351 PARS
2107 292 2246 353 SEU
2289 295 2536 355 TOMUS
2574 297 2648 354 ΙΙ.
2693 327 2758 339 -
2803 294 3216 355 SERMONES.

3741 299 3850 356 550

345 427 538 485 oleum
586 430 869 491 sanctum,
908 426 1273 495 unguentum
1312 421 1688 494 compositum
1734 433 1902 492 opere
1947 417 2501 490 un-Agina'sancti
2549 419 2798 494 Spiritus
2840 421 2967 479 oleo
3007 427 3144 480 sunt
3179 419 3446 478 condita.
3480 427 3578 485 49
3624 421 3850 492 Quam-

346 515 652 589 guentarii,
685 521 741 572 et
787 527 970 584 unges
1015 527 1080 569 eo
1132 511 1564 568 tabernaculum
1615 507 1950 574 testimonii,
1994 513 2049 564 et

344 620 536 662 arcam
606 600 929 661 testamenti
988 615 1364 673 mensamque
1423 615 1556 657 cum
1610 598 1847 656 basibus
1903 597 2046 668 suis,

349 692 761 751 candelabrum
790 696 844 748 et
868 688 1142 747 utensilia
1164 689 1306 762 ejus,
1335 689 1538 746 altaria
1576 686 2050 760 thymiamatisgt

343 781 681 849 holocausti,
721 786 775 837 et
815 778 1149 838 universam
1181 777 1613 852 supellectilem,
1654 792 1786 852 qua
1816 777 1886 833 ad
1924 777 2048 835 cul-

343 875 469 928 tum
499 885 699 930 eorum
731 867 997 940 pertinet,
1028 866 1527 940 sanctiﬁcabisque
1549 867 1764 935 omnia,
1797 871 1850 924 et
1880 871 2052 924 erunt

347 957 553 1016 Sancta
601 963 971 1025 sanctorum;
1022 954 1123 1028 qui
1181 953 1427 1027 tetigerit
1481 969 1546 1011 ea
1603 954 2052 1014 sanctiticabitur

344 1049 545 1115 (Exod.
583 1051 760 1115 XXX).
803 1070 828 1092 ι»
861 1043 1168 1116 Mysticum
1200 1044 1393 1116 itaque
1429 1043 1700 1114 chrisma,
1729 1044 1877 1117 quod
1915 1051 2054 1102 tunc

339 1134 706 1193 consecrabat
761 1132 1196 1190 tabernaculum
1247 1132 1307 1190 in
1360 1133 1601 1203 deserto,
1650 1148 1809 1191 nunc
1858 1132 2051 1190 Eccle-

337 1224 482 1280 siam
535 1224 597 1281 in
652 1235 802 1279 novo
873 1220 1189 1280 sanctiﬁcat
1247 1227 1601 1280 testamento.
1661 1219 1823 1290 Quod
1879 1221 2051 1278 etiam

342 1315 766 1368 sacramentum
806 1314 946 1368 tunc
985 1307 1228 1368 uberius
1259 1313 1314 1364 et
1350 1308 1636 1380 copiosius
1671 1308 1899 1366 videtur
1937 1309 2052 1365 im-

338 1399 559 1472 pletum
586 1443 599 1468 ,
636 1413 770 1456 cum
819 1396 1169 1470 Redemptor
1211 1404 1404 1454 noster
1455 1397 1526 1456 de
1570 1395 1836 1456 Jordanis
1880 1396 2053 1456 undis

339 1491 656 1564 baptizatus
706 1488 871 1559 exiit,
927 1494 982 1544 et
1026 1488 1236 1560 apertis
1284 1487 1443 1545 caelis
1495 1487 1758 1560 protinus
1802 1487 1863 1544 in
1913 1502 2051 1545 eum

340 1577 592 1652 Spiritus
623 1583 856 1635 sanctus
880 1576 943 1633 in
970 1575 1256 1634 columba
1284 1575 1468 1648 specie
1496 1575 1800 1634 manifesta
1830 1575 2052 1632 visione

338 1667 652 1737 descendit,
692 1681 947 1740 moxque
996 1681 1111 1725 vox
1161 1666 1344 1724 Patris
1381 1666 1693 1724 intonans:
1734 1690 1756 1715 υ
1792 1665 1900 1724 Hic
1945 1671 2049 1736 est,

2131 508 2328 566 obrem
2358 517 2411 566 et
2449 510 2509 567 in
2554 509 2702 568 libro
2734 509 2972 568 Numeri
3018 510 3268 582 legitur:
3307 536 3334 558 κ
3375 509 3522 579 Quia
3563 511 3852 572 circuibat

2133 597 2400 669 populus,
2444 605 2500 655 et
2553 598 2828 671 colligens
2880 614 3092 656 manna
3144 599 3445 671 frangebat
3499 599 3672 670 mola,
3724 601 3852 659 sive

2136 685 2378 743 terrebat
2422 687 2484 743 in
2523 687 2816 757 mortario,
2852 702 3107 760 coquens
3154 687 3215 745 in
3254 687 3388 756 olla,
3420 692 3475 744 et
3519 687 3737 745 faciens
3772 703 3851 745 ex

2133 791 2200 834 eo
2232 775 2469 837 tortulas
2500 779 2717 852 saporis
2745 779 2910 852 quasi
2940 777 3106 851 panis
3135 779 3307 836 oleati
3342 783 3525 844 (Num.
3557 782 3664 847 XI).

2209 863 2381 922 Porro
2423 871 2615 923 autem
2655 867 2818 939 quasi
2859 881 2961 938 per
2991 865 3173 928 multa
3222 866 3284 924 in
3330 866 3562 925 cellario
3610 866 3849 926 Domini

2135 951 2286 1010 dolia
2312 953 2615 1012 transitum
2648 953 2977 1023 habuimus,
3012 962 3077 1013 ut
3104 954 3175 1012 ad
3207 953 3396 1012 solum
3424 953 3700 1024 oleatum,
3729 953 3852 1018 vel.-

2136 1047 2201 1100 ut
2228 1041 2342 1100 olei
2378 1042 2677 1100 vasculum
2712 1043 3016 1115 pervenire
3066 1058 3381 1116 possemus.
3426 1043 3638 1102 Manna
3685 1043 3851 1102 deni-

2135 1145 2270 1202 que,
2301 1144 2416 1202 quo
2455 1129 2614 1203 plebs
2659 1130 2889 1188 vivebat
2935 1130 3272 1200 Israelitica,
3305 1147 3533 1190 sacrum
3577 1131 3851 1204 designa-

2140 1220 2230 1277 bat
2287 1218 2608 1294 eloquium,
2662 1236 2778 1294 quo
2854 1223 3111 1280 nutritur
3161 1228 3216 1278 et
3287 1227 3582 1294 vegetatur
3647 1221 3851 1296 religio

2137 1310 2481 1369 Christiana.
2515 1311 2676 1380 Quod
2711 1312 2912 1387 utique
2953 1313 3230 1372 veraciter
3278 1313 3529 1372 oleatum
3570 1320 3674 1382 est,
3709 1315 3852 1386 quia

2135 1400 2377 1473 mystica
2434 1401 2615 1458 sancti
2675 1400 2923 1474 Spiritus
2973 1407 3059 1460 est
3122 1402 3394 1461 unctione
3449 1417 3846 1476 conspersum.

2137 1487 2466 1546 Notandum
2516 1504 2653 1547 vero
2707 1489 2847 1562 quia
2899 1489 3055 1547 idem
3108 1505 3341 1559 manna,
3391 1490 3544 1562 quod
3591 1490 3650 1548 in
3700 1490 3850 1550 libro

2137 1577 2377 1634 Numeri
2425 1577 2638 1636 dicitur
2673 1578 2948 1649 oleatum,
2973 1578 3034 1636 in
3080 1578 3278 1638 Exodo
3307 1578 3519 1651 legitur
3555 1595 3673 1637 non
3711 1579 3847 1648 olei,

2137 1663 2230 1721 sed
2285 1663 2476 1722 mellis
2520 1666 2712 1738 potius
2755 1667 3027 1726 habuisse
3067 1681 3328 1741 saporem
3361 1686 3372 1724 :
3409 1689 3429 1718 ι
3478 1665 3717 1738 Gustus,
3750 1668 3849 1726 in-

340 1757 554 1830 inquit,
586 1755 770 1819 Filius
802 1771 968 1814 meus
996 1755 1260 1826 dilectus,
1291 1755 1351 1813 in
1395 1771 1510 1828 quo
1552 1741 1698 1812 mihi
1731 1753 2048 1827 complacui
2071 1753 2284 1831 Bquit,
2313 1753 2439 1826 ejus
2478 1761 2599 1814 erat
2625 1757 2789 1827 quasi
2821 1755 3031 1814 simila
3057 1771 3191 1814 cum
3217 1753 3388 1813 melle
3408 1757 3602 1824 (Exod.
3639 1759 3788 1821 XVI).
3818 1779 3845 1808 ››

337 1845 554 1917 (Matth.
601 1846 703 1909 Ill).
738 1866 764 1890 »
811 1841 987 1902 Hunc
1025 1856 1148 1899 esse
1185 1841 1482 1915 perspicue
1517 1840 1918 1914 comprobans,
1950 1839 2044 1898 cui

332 1929 516 1992 David
564 1928 704 1990 olim
749 1929 952 1988 eodem
1003 1928 1224 2002 Spiritu
1276 1930 1541 2001 edoctus,
1573 1929 1804 1990 aiebat:
1863 1951 1884 1978 ι
1921 1928 2045 1985 Un-

330 2021 420 2080 xit
468 2028 520 2079 te
572 2020 856 2083 Dominus
906 2020 1061 2080 Deus
1108 2028 1244 2081 tuus
1302 2021 1427 2079 oleo
1474 2021 1690 2079 latitia
1742 2035 1862 2092 pra
1905 2035 2044 2077 con-

330 2109 581 2168 sortibus
619 2109 733 2168 tuis
778 2111 948 2177 (Psal.
989 2112 1172 2180 XLIv).
1207 2132 1232 2160 ιι
1270 2110 1359 2167 Ex
1397 2109 1498 2167 illo
1541 2125 1678 2168 sane
1723 2117 1863 2166 tunc
1912 2107 2044 2181 Spi-

332 2201 469 2272 ritu,
499 2199 601 2273 qui
648 2207 909 2257 nostrum
951 2216 1182 2272 quoque
1229 2199 1480 2258 chrisma
1526 2216 1681 2258 nunc
1728 2205 2040 2268 consecrat,

333 2296 550 2348 tantam
579 2289 851 2346 virtutem
889 2302 1178 2362 aquarum
1211 2288 1478 2346 omnium
1518 2294 1727 2345 natura
1763 2287 2042 2360 concepit,

330 2389 397 2439 ut
440 2381 499 2438 in
540 2379 993 2451 quibuscunque
1032 2378 1351 2436 fluentibus
1394 2379 1503 2437 sub
1539 2380 1893 2453 professione
1931 2378 2047 2436 dei-

334 2470 458 2529 ﬁca
489 2468 788 2526 Trinitatis
811 2468 1139 2526 abluendus
1178 2468 1574 2543 immergatur,
1607 2470 1843 2542 plenum
1873 2475 2045 2542 atque

331 2560 650 2633 perfectum
689 2575 857 2623 nova
894 2560 1346 2633 regenerationis
1385 2560 1727 2633 mysterium
1761 2559 2044 2618 divinitus

327 2649 655 2723 impleatur.

401 2741 523 2800 Hoc
567 2747 830 2800 nostrum
887 2741 1142 2800 chrisma
1189 2740 1337 2799 illud
1386 2740 1558 2799 etiam
1610 2739 1808 2798 oleum
1859 2739 2043 2813 typice

332 2830 684 2902 designabat,
715 2847 832 2903 quo
876 2830 1156 2889 Dominus
1194 2830 1256 2887 in
1298 2828 1666 2888 tabernaculo
1695 2835 1906 2901 septem
1947 2829 2041 2888 lu-

329 2936 528 2979 cernas
574 2919 805 2993 impleri
851 2935 916 2976 ac
957 2919 1173 2993 jugiter
1217 2919 1416 2976 ardere
1466 2919 1753 2992 praeepit.
1807 2941 1833 2967 α
1885 2917 2042 2976 Pra-

329 3010 455 3083 cipe
479 3053 492 3078 ,
523 3008 750 3082 inquit,
783 3007 920 3065 ﬁliis
970 3008 1181 3076 Israel,
1213 3013 1278 3066 ut
1321 3007 1561 3065 afferant
1599 3007 1700 3064 tibi
1745 3007 1936 3064 oleum
1973 3007 2044 3069 de

329 3099 502 3157 olivis
538 3097 917 3170 purissimum
965 3111 1032 3152 ac
1065 3095 1322 3154 lucidum
1362 3095 1433 3151 ad
1472 3095 1898 3153 concinnandas
1947 3095 2037 3153 lu-
2061 3124 2106 3184 ο

327 3204 528 3248 cernas
548 3187 763 3262 jugiter
791 3193 954 3244 extra
980 3185 1174 3243 velum
1221 3185 1532 3244 testimonii
1570 3186 1630 3242 in
1677 3185 2042 3244 tabernaculo

328 3280 584 3351 fmderis,
642 3283 930 3352 ponetque
985 3293 1081 3334 eas
1133 3277 1324 3334 Aaron
1373 3293 1406 3332 a
1459 3290 1694 3348 vespere
1737 3292 1922 3349 usque
1981 3277 2038 3333 in

331 3386 501 3428 mane
527 3379 720 3427 ceram
763 3366 1028 3436 Domino,
1060 3365 1222 3424 cultu
1262 3364 1497 3438 rituque
1528 3369 1804 3437 perpetuo
1843 3365 1904 3422 in
1941 3380 2042 3435 ge-

329 3458 728 3516 nerationibus
785 3454 991 3512 vestris
1043 3468 1216 3526 super
1268 3449 1674 3510 candelabrum
1722 3449 2040 3508 mundissi-

328 3563 490 3605 mum
544 3553 790 3621 ponetur
851 3559 1076 3617 semper
1126 3543 1186 3599 in
1242 3549 1549 3614 conspectu
1599 3540 1834 3599 Domini
1891 3545 2039 3608 (Lev.

329 3640 526 3704 XXIV).
555 3658 580 3686 ο
627 3634 778 3704 Quid
819 3639 1011 3692 autem
1052 3647 1152 3705 per
1195 3635 1410 3703 septem
1450 3630 1714 3687 lucernas
1753 3631 1813 3687 in
1855 3629 2040 3687 taber—

324 3726 550 3794 naculo,
587 3723 700 3781 nisi
753 3729 970 3794 septem
1027 3719 1427 3792 signiﬁcantur
1479 3717 1751 3776 Ecclesia
1807 3718 1864 3774 in
1923 3733 2042 3776 uno

324 3813 534 3887 populo
563 3811 889 3870 Christiano
914 3811 938 3866 ‘?
966 3809 1031 3867 In
1065 3809 1278 3882 quibus
1322 3808 1600 3866 nimirum
1641 3808 1838 3866 oleum
1868 3807 2042 3880 jube-

2133 1841 2423 1910 Quidnam
2459 1848 2543 1900 est
2584 1844 2738 1916 quod
2765 1843 3062 1915 angelicus
3104 1841 3202 1900 ille
3240 1842 3404 1902 cibus
3446 1844 3609 1916 prius
3635 1843 3848 1903 dicitur

2134 1929 2323 1990 mellis
2374 1931 2713 1988 exhibuisse
2764 1931 3169 2000 dulcedinem,
3204 1938 3259 1990 et
3309 1930 3671 2004 postmodum
3727 1941 3882 1991 non'

2132 2020 2341 2089 mellis,
2375 2018 2473 2078 sed
2507 2017 2619 2077 olei
2649 2019 2964 2091 prabuisse
3002 2019 3366 2090 suavitatem,
3398 2019 3510 2079 nisi
3542 2019 3693 2092 quod
3730 2019 3847 2078 Re-

2131 2107 2392 2181 demptor
2427 2114 2619 2165 noster
2647 2124 2940 2166 sacrarum
2977 2109 3245 2167 omnium
3276 2114 3472 2166 auctor
3499 2114 3554 2166 et
3585 2107 3851 2167 conditor

2135 2196 2582 2271 Scripturarum,
2612 2213 2784 2270 quem
2815 2197 3084 2256 videlicet
3121 2197 3265 2256 illud
3306 2212 3522 2255 manna
3551 2197 3848 2270 principa-

2133 2286 2261 2343 liter
2310 2287 2611 2358 ﬁgurabat,
2652 2293 2709 2343 et
2741 2293 2872 2345 ante
2911 2287 3255 2359 passionem,
3287 2285 3445 2346 velut
3491 2286 3605 2344 mel
3645 2285 3848 2344 dulce-

2129 2375 2327 2433 dinem
2375 2375 2647 2436 exhibuit
2690 2375 3128 2445 miraculorum,
3185 2381 3240 2433 et
3277 2382 3402 2448 post
3448 2375 3848 2433 ascensionem

2132 2478 2294 2521 suam
2329 2469 2602 2536 tanquam
2632 2464 2848 2535 oleum,
2884 2464 2945 2521 in
2974 2463 3286 2536 discipulos
3314 2479 3450 2522 suos
3477 2463 3682 2522 effudit
3705 2463 3844 2536 Spi-

2129 2551 2310 2609 ritum
2345 2553 2652 2610 sanctum?
2684 2553 2829 2620 (Act.
2857 2565 2875 2608 l
2904 2558 2958 2608 et
2986 2557 3073 2620 ll.)
3105 2550 3248 2609 Nam
3274 2550 3438 2625 quasi
3471 2549 3661 2608 mellis
3689 2549 3851 2608 vide-

2131 2646 2225 2698 tur
2250 2640 2583 2712 propinasse
2627 2640 3013 2708 dulcedinem,
3043 2639 3185 2698 dum
3212 2639 3393 2713 signis
3429 2646 3604 2711 atque
3649 2637 3846 2696 virtu-

2130 2729 2284 2788 tibus
2323 2729 2680 2800 coruscavit;
2715 2729 2828 2787 olei
2871 2743 3006 2787 vero
3038 2734 3178 2786 tunc
3211 2727 3553 2786 suavitatem
3593 2726 3843 2798 dedisse,

2127 2836 2261 2878 cum
2292 2821 2352 2878 in
2392 2820 2676 2893 apostolos
2715 2835 2852 2878 suos
2883 2821 3062 2878 sancti
3095 2818 3342 2894 Spiritus
3383 2819 3651 2892 paracleti
3689 2819 3844 2877 dona

2128 2911 2376 2968 diffudit.
2429 2910 2614 2980 Quem
2672 2910 2938 2969 videlicet
2986 2910 3249 2968 ordinem
3305 2909 3528 2984 Moyses
3585 2925 3845 2983 congrue

2130 3001 2331 3072 tenuit,
2361 3015 2494 3058 cum
2518 3001 2581 3058 in
2608 3001 3058 3060 Deuteronomio
3083 3000 3155 3057 de
3180 3007 3356 3074 petra,
3385 3015 3518 3072 qua
3547 3005 3602 3056 et
3625 2998 3842 3057 nihilo-

2128 3091 2324 3148 minus
2365 3106 2581 3148 manna
2611 3096 2752 3162 erat,
2803 3091 2989 3164 typice
3037 3091 3404 3149 decantavit:
3445 3116 3471 3140 «
3516 3089 3838 3161 Suxerunt,

2127 3178 2340 3252 inquit,
2373 3177 2486 3237 mel
2519 3179 2589 3243 de
2618 3185 2775 3252 petra
2819 3187 2874 3236 et
2915 3180 3111 3238 oleum
3141 3178 3214 3238 de
3251 3177 3420 3238 ﬁrma
3463 3184 3619 3252 petra
3658 3182 3842 3256 (Deut.

2125 3273 2344 3338 XXXII).
2380 3289 2407 3321 »
2445 3269 2524 3326 De
2569 3269 2679 3328 hoc
2716 3268 2976 3341 mystica
3021 3267 3310 3328 unctionis
3353 3266 3478 3325 oleo
3521 3282 3730 3340 sponsa
3766 3267 3841 3326 ad

2126 3374 2401 3432 sponsum
2452 3359 2588 3418 dicit
2639 3359 2701 3416 in
2751 3359 2998 3416 Canticis
3035 3377 3048 3414 :
3082 3379 3109 3412 ς(
3157 3357 3530 3430 Unguentum
3579 3357 3839 3416 effusum

2128 3461 2340 3504 nomen
2373 3453 2540 3504 tuum
2572 3449 2750 3516 (Cant.
2775 3451 2837 3513 I).
2873 3467 2892 3495 ι
2925 3446 3305 3518 Unguentum
3323 3443 3564 3517 quidem
3583 3444 3842 3504 eﬂ‘usum

2127 3535 2323 3607 sponsi
2397 3551 2609 3595 nomen
2668 3536 2964 3605 asseritur,
3023 3535 3162 3609 quia
3229 3534 3381 3594 sicut
3436 3549 3470 3592 a
3529 3533 3843 3591 chrismate

2125 3622 2408 3693 Christus,
2463 3624 2542 3681 ita
2589 3629 3004 3698 consequenter
3053 3638 3086 3680 a
3137 3621 3363 3680 Christo
3411 3619 3625 3678 dicitur
3670 3619 3840 3688 Οιπὶτ

2123 3712 2364 3770 stianus.

2197 3800 2344 3870 Quia
2399 3800 2598 3873 igitur,
2645 3799 3024 3871 dilectissimi,
3070 3817 3174 3874 per
3229 3800 3474 3875 gratiam
3528 3799 3842 3859 Salvatoris

326 3910 422 3961 tur
473 3901 864 3960 indesinenter
901 3898 1122 3968 ardere,
1157 3896 1295 3971 quia
1340 3897 1400 3954 in
1447 3895 1540 3954 his
1587 3897 1807 3954 sincera
1850 3895 2040 3953 chari-
2125 3890 2305 3948 nostri
2345 3890 2468 3962 jam
2512 3890 2692 3964 hujus
2747 3890 3074 3948 chrismatis
3111 3889 3472 3963 percepimus
3513 3905 3840 3948 sacramen-

325 3997 428 4062 tas,
458 4006 591 4064 qua
635 4005 734 4062 per
783 3987 1067 4062 Spiritum
1107 3993 1370 4044 sanctum
1407 3985 1596 4057 datur,
1625 3984 1845 4058 gemini
1876 3984 2045 4042 debet
2125 3983 2268 4050 tum,
2297 3979 2437 4052 quia
2473 3978 2594 4050 jam
2626 3978 2801 4050 regia
2838 3977 3134 4049 dignitatis
3177 3993 3523 4050 expressum
3568 3977 3840 4051 praferi-

325 4077 535 4136 amoris
588 4076 722 4149 igne
777 4076 1115 4141 fervescere,
1170 4081 1225 4130 et
1270 4073 1442 4131 claris
1491 4079 1662 4145 atque
1718 4072 2044 4145 conspicuis
2124 4083 2255 4126 mus
2292 4069 2354 4124 in
2398 4068 2586 4125 fronte
2633 4067 3017 4140 signaculum,
3065 4067 3398 4126 studeamus
3441 4067 3521 4134 ita
3568 4065 3841 4134 nobiliter

323 4180 548 4234 semper
586 4163 857 4236 operibus
910 4177 1228 4220 coruscare.
1272 4160 1381 4218 Sed
1435 4175 1568 4216 cum
1619 4174 1737 4216 una
1790 4158 1861 4216 sit
1908 4175 2041 4231 pro-
2125 4157 2322 4215 vivere
2374 4163 2440 4214 ut
2497 4159 2852 4216 conversatio
2903 4163 3098 4215 nostra
3152 4164 3267 4226 tam
3329 4156 3547 4215 divinis
3607 4164 3839 4228 tamque

320 4256 416 4314 cul
460 4253 640 4324 dubio
696 4252 995 4322 catholica,
1041 4249 1388 4310 universalis
1433 4249 1707 4317 Ecclesia,
1746 4249 1892 4306 sicut
1942 4265 2043 4321 per
2123 4244 2446 4318 magniﬁcis
2497 4245 2785 4318 mysteriis
2843 4245 3030 4303 valeat
3085 4245 3448 4304 concordare.
3513 4244 3630 4302 Nos
3681 4245 3838 4302 enim

327 4343 696 4403 Salomonem
745 4340 957 4398 dicitur
992 4363 1002 4396 :
1044 4337 1233 4395 «Una
1281 4346 1364 4396 est
1406 4335 1676 4396 columba
1725 4351 1869 4405 mea,
1922 4351 2037 4393 una
2124 4351 2349 4402 sumus,
2407 4335 2620 4406 quibus
2673 4351 2772 4408 per
2825 4337 3080 4409 primum
3135 4336 3524 4410 apostolorum
3576 4335 3832 4393 dicitur:

319 4432 616 4507 genitricis
643 4447 766 4490 sua
807 4432 979 4500 (Cant.
1017 4430 1139 4498 v1);
1192 4451 1218 4477 η
1255 4427 1397 4500 quid
1435 4433 1540 4494 est,
1569 4424 1722 4498 quod
1762 4425 1822 4482 in
1865 4425 2152 4507 sacrisn-
2213 4424 2330 4482 Vos
2399 4439 2585 4497 genus
2647 4425 2918 4495 electum,
2979 4425 3166 4498 regale
3241 4423 3641 4493 sacerdotium,
3693 4439 3838 4496 gens

318 4523 567 4596 eloquiis
598 4528 816 4594 septem
857 4535 982 4578 esse
1023 4518 1359 4576 referuntur
1399 4517 1692 4584 Ecclesia,
1724 4516 1833 4573 nisi
1874 4515 2033 4590 quia,

319 4627 452 4685 qua
479 4627 595 4670 una
636 4617 719 4669 est
762 4626 864 4682 per
912 4609 1194 4665 unitatem
1241 4605 1394 4675 ﬁdei,
1429 4605 1776 4676 septiformis
1812 4612 1895 4661 est
1934 4619 2038 4676 per

318 4701 552 4759 totidem
585 4700 734 4757 dona
770 4695 1019 4770 Spiritus
1051 4692 1282 4752 sancti?
1316 4693 1422 4749 Ha
1455 4701 1587 4750 sunt
1629 4694 1786 4749 enim
1817 4701 2037 4764 septem

322 4789 439 4847 illa
473 4787 766 4856 mulieres,
798 4800 930 4856 qua
964 4784 1133 4856 juxta
1178 4781 1471 4853 propheta
1507 4779 1840 4836 vaticinium
1885 4795 2039 4837 acce-

318 4896 453 4952 pere
507 4877 699 4934 virum
761 4889 949 4931 unum
1006 4875 1152 4942 (Isai.
1210 4875 1310 4940 Iv).
1372 4869 1471 4925 Vir
1520 4875 1712 4926 autem
1767 4868 2037 4926 Ecclesia

319 4967 600 5027 Christus.
667 4963 788 5021 Hoc
859 4961 1030 5034 plane
1097 4960 1274 5016 sancti
1339 4957 1587 5032 Spiritus
1644 4957 1770 5016 oleo
1833 4967 2038 5016 cuncta

321 5072 617 5117 sacrarum
664 5053 1098 5124 Scripturarum
1141 5048 1350 5121 pabula
1397 5048 1766 5115 condiuntur,
1806 5055 1870 5104 ut
1909 5047 2038 5105 ani-

326 5149 914 5204 marum-nostrarum
945 5139 1161 5195 viscera
1191 5137 1544 5208 saginentur.
1578 5133 1699 5191 Hoc
1723 5135 1916 5192 oleum
1949 5137 2030 5192 vi-

324 5235 534 5292 talibus
567 5231 758 5306 epulis
804 5226 1020 5299 eloquii
1052 5223 1296 5282 coelestls
1332 5225 1595 5282 infusum
1637 5223 1782 5296 sapit
1811 5223 1872 5280 in
1909 5224 2040 5280 fau-

324 5322 486 5380 cibus
513 5323 743 5388 anima,
779 5317 947 5389 cujus
976 5321 1033 5372 et
1063 5315 1424 5372 stomachum
1455 5319 1688 5381 recreat,
1719 5319 1776 5368 et
1804 5319 2039 5384 gustum

328 5409 696 5481 percipientis
737 5404 1030 5464 obdulcat.
1084 5401 1228 5458 Nam
1270 5403 1548 5474 scriptum
1593 5407 1716 5456 est:
1755 5425 1780 5447 «
1825 5399 2043 5456 Littera

325 5499 552 5568 occidit,
583 5498 820 5570 spiritus
865 5500 1061 5552 autem
1111 5492 1464 5562 viviﬁcat(II
1508 5492 1624 5547 Cor.
1672 5491 1768 5560 III).
1815 5513 1840 5537 »ι
1880 5489 2042 5547 Unde

328 5587 633 5645 sciendum
676 5593 760 5643 est
795 5583 932 5657 quia
970 5598 1172 5641 omnes
1212 5594 1506 5640 sacrorum
1552 5578 1918 5640 voluminum
1955 5597 2046 5654 pa-

2129 4520 2345 4584 sancta,
2374 4513 2625 4588 populus
2645 4514 3062 4586 acquisitionis,
3087 4521 3154 4574 ut
3183 4515 3456 4573 virtutem
3481 4512 3838 4572 annuntietis

2126 4605 2250 4677 ejus
2275 4603 2376 4676 qui
2403 4601 2473 4658 de
2514 4602 2765 4661 tenebris
2803 4619 2906 4660 vos
2935 4603 3159 4662 vocavit
3183 4603 3243 4661 in
3274 4601 3612 4660 admirabile
3636 4601 3836 4660 lumen

2126 4707 2301 4773 suum
2349 4695 2394 4762 (Ι
2426 4694 2568 4747 Petr.
2614 4693 2693 4762 Π).
2737 4715 2761 4741 υ
2795 4691 2865 4748 Et
2911 4700 3060 4749 certe
3106 4692 3244 4750 satis
3287 4690 3541 4764 ignobile
3585 4696 3669 4749 est
3725 4688 3836 4747 sub

2126 4781 2403 4838 vitiorum
2447 4780 2772 4838 carnalium
2814 4781 3011 4838 vivere
3054 4782 3352 4850 servitute,
3395 4780 3520 4854 qui,
3569 4779 3686 4837 Deo
3734 4795 3839 4838 nos

2127 4872 2452 4944 adoptante,
2486 4871 2627 4943 regii
2654 4871 2988 4930 obtinemus
3007 4872 3234 4945 generis
3260 4872 3616 4944 dignitatem.
3651 4869 3840 4927 Nimis

2128 4969 2296 5033 turpe
2324 4968 2404 5018 est
2457 4967 2520 5019 ut
2573 4968 2817 5021 terrena
2867 4965 3050 5022 simus
3105 4961 3586 5034 concupiscentia
3635 4959 3836 5030 dediti,

2125 5050 2228 5123 qui
2259 5057 2313 5107 et
2340 5049 2442 5107 Dei
2475 5066 2750 5109 vocamur
2788 5052 2915 5122 ﬁlii,
2945 5060 3000 5110 et
3035 5053 3106 5110 ad
3145 5050 3518 5111 obtinendam
3547 5046 3837 5106 calestem

2127 5138 2522 5195 hareditatem
2575 5154 2675 5210 per
2718 5139 2931 5196 Christi
2974 5139 3217 5212 gratiam
3268 5152 3557 5196 meremur
3601 5133 3833 5193 ascribi.

2127 5228 2320 5295 Plane,
2374 5226 2512 5299 quia
2560 5228 2827 5286 cruciﬁxi
2874 5231 3239 5304 praeceptoris
3291 5244 3396 5287 nos
3443 5232 3663 5285 constat
3713 5238 3837 5282 esse

2125 5315 2458 5389 discipulos,
2511 5315 2754 5388 dignum
2797 5324 2900 5387 est,
2953 5325 3015 5376 ut
3059 5317 3233 5375 etiam
3279 5315 3656 5389 nosmetipsos
3699 5313 3838 5371 huic

2126 5422 2378 5480 nequam
2421 5406 2634 5464 saculo
2680 5407 3424 5480 prabeamus‘exstinctos.
3471 5407 3521 5463 A
3558 5402 3838 5477 portanda

2127 5492 2308 5566 igitur
2353 5509 2520 5553 cruce
2551 5498 2678 5567 post
2728 5493 3071 5566 magistrum
3121 5497 3383 5566 nostrum
3429 5499 3484 5548 et
3519 5488 3837 5548 Dominum

2134 5582 2298 5640 nulla
2342 5597 2450 5640 nos
2494 5582 2712 5656 negotii
2745 5580 3075 5654 temporalis
3102 5595 3240 5639 cura
3273 5578 3606 5654 prapediat,
3635 5575 3842 5635 nullus
