4184 6452
1919 269 2165 334 SEHMO
2210 269 2307 329 ΧΙ.

353 409 514 454 amor
540 399 782 452 terrenae
814 393 1171 465 substantize,
1199 395 1289 453 vel
1322 395 1606 456 illecebrae
1633 395 1880 454 carnalis
1917 401 2141 456 aver-A
2167 395 2293 454 larii
2345 399 2433 469 (f..

355 489 452 541 tat.
488 482 817 554 Dirigamus
857 482 1010 555 fidei,
1044 499 1108 542 ac
1137 484 1459 543 devotionis
1501 491 1709 558 nostrae
1743 483 1942 542 oculos
1970 499 2070 556 per

355 579 590 632 stratam
626 573 764 645 jam,
823 575 1106 649 nobisque
1149 577 1497 650 propositam
1544 577 1699 634 viam
1746 576 1954 643 crucis,
2009 581 2074 633 ut

355 677 459 736 per
506 677 635 720 eam
692 661 992 720 inoffensis
1062 663 1358 734 gressibus
1427 662 1777 734 incedentes,
1821 664 1891 721 ad
1936 677 2072 721 eum

361 766 689 811 mereamur
748 749 844 806 50
891 749 1192 826 attingere,
1247 753 1349 826 qui
1392 760 1589 813 auctor
1641 762 1694 812 et
1743 760 2075 828 provocator

359 847 446 898 est
496 840 567 897 ad
620 839 865 912 gloriam
915 843 1372 902 resurrectionis.
1419 842 1530 912 Qui
1570 859 1705 902 cum
1754 842 1871 901 Deo
1913 841 2077 901 Patre

359 935 416 987 et
445 927 663 1004 Spiritu
689 935 884 988 sancto
909 929 1049 988 vivit
1067 937 1123 989 et
1152 937 1351 1004 regnat
1378 932 1438 990 in
1464 931 1678 990 saecula
1703 932 2073 991 saeculorum.

362 1019 570 1076 Amen.

357 270 459 327 557
1919 270 2165 334 SEHMO
2210 270 2307 329 ΧΙ.
3761 276 3865 334 558

2481 397 2802 470 stellarum]
2852 399 3034 471 ignes,
3086 398 3266 456 solem
3314 399 3538 472 loquor,
3584 401 3781 460 lunam
3812 409 3868 460 et

2157 484 2370 554 stellas,
2425 492 2478 543 et
2543 485 2724 544 multa
2788 486 2897 544 sibi
2968 487 3214 545 detracta
3304 487 3548 548 luminis
3613 490 3868 550 claritate

2159 573 2497 646 multantur,
2535 579 2682 631 terra
2712 573 3096 644 maledicitur,
3125 576 3542 635 condemnatur
3567 577 3869 637 hominum

2157 661 2459 728 successio,
2503 687 2529 710 «
2594 669 2648 720 et
2705 664 2894 720 omnis
2958 669 3237 733 creatura,
3287 665 3455 739 juxta
3508 665 3871 739 Apostolum,

2157 751 2510 825 ingemiscit;
2588 759 2641 810 et
2703 753 2947 826 parturit
3021 759 3188 826 (Rom.
3248 757 3345 828 III).
3399 781 3425 804 »
3489 755 3661 816 Tacet
3721 757 3874 817 Deus

2158 841 2542 916 omnipotens,
2575 848 2630 900 et
2680 842 2954 902 ordinans
2990 845 3115 918 ejus
3153 843 3242 900 51
3287 845 3702 920 omnipotentia
3750 853 3875 906 tan-

2162 935 2277 987 tam
2307 929 2637 987 dissimulat
2687 929 3106 988 confusionem.
3160 931 3417 990 Tandem
3463 933 3718 994 nascitur
3755 933 3876 993 Ma-

2162 1019 2266 1088 ria,
2303 1025 2359 1076 et
2404 1019 2476 1077 ad
2519 1019 2750 1078 nubiles
2797 1036 2980 1079 annos
3036 1021 3336 1092 egrediens
3390 1022 3634 1096 speciem
3689 1023 3881 1082 induit

1006 1092 1032 1117 *
1066 1087 1314 1150 SERMO
1341 1089 1440 1150 ΧΙ.
2165 1105 2500 1182 speciosam,
2538 1123 2670 1182 quze
2713 1109 2900 1183 ipsum
2949 1087 3159 1167 alliciat
3207 1087 3438 1182 Deum;
3465 1116 3521 1169 et
3562 1111 3883 1172 divinitatis

435 1189 509 1234 DE
562 1188 1055 1274 ANNUNTIATIONE_
1085 1190 1445 1274 ΒΕΑΤΙεεῙΜλΕ
1487 1191 1744 1241 VIBGINIS
1781 1192 2008 1240 ΜΑΗΙΛΕ·
2152 1193 2360 1274 oculos
2388 1194 2449 1252 in
2487 1211 2546 1252 se
2583 1201 2897 1254 convertat.
2933 1194 3077 1255 Vide
3113 1195 3253 1273 quid.
3281 1196 3417 1256 inde
3455 1197 3605 1256 dicat
3634 1198 3735 1258 ille
3764 1215 3879 1258 non

1041 1271 1189 1342 (XXV
1223 1271 1424 1338 MART-l
2154 1271 2450 1341 minimus
2489 1282 2817 1355 explorator
2857 1271 3206 1341 secretorum
3246 1283 3347 1341 Dei
3399 1303 3411 1342 :
3465 1310 3492 1334 ‹‹
3532 1285 3709 1357 Audi,
3739 1283 3882 1355 ﬁlia,

439 1371 758 1442 Exsultate,
788 1374 1010 1446 fratres,
1052 1375 1114 1433 in
1146 1374 1411 1444 Domino,
1456 1375 1593 1449 quia
1621 1374 1692 1432 de
1720 1374 1956 1433 domina
1983 1371 2087 1431 illa
2167 1379 2223 1430 et
2252 1372 2406 1442 vide,
2449 1379 2503 1428 et
2536 1371 2752 1429 inclina
2787 1387 2986 1430 aurem
3027 1378 3204 1443 tuam,
3235 1377 3291 1429 et
3327 1372 3665 1431 obliviscere
3701 1390 3883 1448 popu-

367 1476 555 1520 sermo
589 1462 861 1534 succedit,
892 1478 1024 1537 quae
1069 1464 1423 1538 singularem
1464 1464 1521 1521 in
1557 1462 1825 1522 cordibus
1876 1461 2088 1520 nostris
2170 1462 2298 1519 lum
2339 1468 2529 1533 tuum,
2571 1465 2626 1518 et
2662 1462 2900 1519 domum
2937 1461 3116 1534 patris
3161 1461 3268 1519 tui.
3312 1461 3381 1518 Et
3417 1463 3746 1536 concupivit
3785 1479 3888 1521 rex

369 1548 481 1606 sibi
511 1549 765 1606 vindicat
795 1549 1203 1623 principatum.
1246 1551 1386 1609 Haec
1415 1558 1519 1622 est,
1559 1550 1630 1608 ad
1671 1551 1838 1625 cujus
1876 1563 2085 1607 nomen
2171 1551 2434 1608 decorem
2492 1555 2694 1619 tuum,
2753 1551 3030 1624 quoniam
3099 1548 3221 1623 ipse
3271 1555 3355 1606 est
3406 1549 3690 1610 Dominus
3737 1551 3892 1610 Deus

371 1651 579 1710 corpus
625 1637 925 1697 humiliter
965 1639 1279 1709 inclinatis,
1339 1640 1502 1711 cujus
1560 1639 1715 1696 horis
1764 1643 2092 1696 reverenter
2174 1645 2308 1696 tuus
2347 1641 2514 1707 (Psal.
2550 1645 2738 1706 XLIV).
2776 1659 2803 1690 »
2845 1637 3142 1697 Germinat
3190 1639 3369 1713 igitur
3420 1639 3585 1713 virga
3620 1639 3780 1698 Jesse
3823 1639 3894 1697 de

370 1727 656 1796 assistitis,
687 1729 853 1801 cujus
892 1729 1227 1786 memoriam
1266 1724 1480 1803 iugiter
1521 1727 1914 1799 frequentatis.
1952 1726 2091 1783 Haec
2115 1733 2432 1806 Btortuosa
2466 1727 2655 1785 radice
2685 1725 2914 1799 generis
2946 1727 3212 1799 humani,
3245 1735 3301 1786 et
3336 1728 3408 1788 de
3438 1728 3897 1802 patriarcharum

374 1819 478 1882 est,
523 1827 655 1886 quae
694 1814 901 1872 vestris
939 1816 1237 1875 affectibus
1276 1817 1527 1874 suaviter
1566 1815 1924 1882 indulcescit,
1957 1814 2096 1888 quia
2182 1816 2387 1874 arbore
2443 1816 2503 1873 in
2571 1814 2941 1874 altitudinem
2997 1823 3050 1873 et
3107 1816 3513 1876 rectitudinem
3567 1831 3898 1890 erumpens,

379 1915 590 1972 magna
661 1901 974 1960 multitudo
1035 1903 1360 1962 dulcedinis
1415 1905 1559 1977 ejus.
1619 1903 1871 1978 Spiritus
1937 1904 2098 1961 enim
2184 1918 2420 1960 omnem
2459 1902 2684 1976 ignorat
2735 1903 3137 1975 nodositatem,
3180 1902 3432 1962 ﬁliorum
3477 1903 3564 1978 [νη
3605 1902 3900 1975 foliorum]

377 1993 502 2066 ejus
542 2007 715 2066 super
753 1993 866 2051 mel
909 1994 1124 2065 dulcis;
1162 1995 1223 2052 in
1255 2012 1368 2070 qua
1411 1996 1602 2054 dulcis
1641 1996 1920 2055 Dominus
1966 2009 2099 2052 cum
2187 1991 2447 2050 tenebras
2499 1992 2696 2062 nescit,
2753 1992 3046 2050 fructuosa
3091 1995 3178 2064 [f.,
3223 1993 3602 2064 infructuosa]
3654 2006 3902 2066 quzeque

375 2081 538 2138 omni
593 2096 695 2138 sua
740 2081 1045 2141 dulcedine
1095 2086 1443 2157 supervenit.
1507 2086 1650 2144 Cum
1691 2085 1848 2143 enim
1907 2085 2104 2145 fecerit

381 2169 534 2227 Deus
570 2170 766 2228 omnia
805 2187 976 2246 Opera
1015 2189 1118 2230 sua
1160 2173 1327 2231 valde
1370 2173 1520 2232 bona
1550 2176 1696 2246 (Gen.
1732 2177 1792 2248 1),
1832 2175 1940 2232 hoc
1980 2190 2103 2232 me-

378 2257 495 2316 lius
537 2258 688 2327 fecit,
734 2275 1075 2318 consecrans
1127 2261 1237 2319 sibi
1293 2261 1354 2320 in
1403 2278 1468 2319 ea
1519 2260 1948 2321 reclinatorium
2001 2279 2104 2320 au-

380 2361 564 2415 reum,
608 2345 667 2403 in
714 2363 828 2422 qua
872 2348 991 2405 sola
1039 2364 1098 2406 se
1147 2357 1273 2422 post
1328 2349 1612 2407 tumultus
1655 2348 1996 2422 angelorum
2053 2356 2108 2406 et

387 2435 692 2493 hominum
735 2437 1058 2506 reclinaret,
1100 2444 1154 2494 et
1203 2437 1460 2510 requiem
1499 2437 1806 2496 inveniret.
1856 2437 1978 2496 Hoc
2025 2449 2112 2500 est

385 2525 539 2599 quod
584 2532 790 2583 natura
848 2527 1124 2595 miratur,
1193 2535 1485 2584 reveretur
1537 2527 1814 2600 angelus,
1877 2533 2110 2586 veretur

387 2617 594 2684 homo,
661 2616 937 2688 stupescit
991 2617 1235 2685 coelum,
1302 2617 1572 2674 extremit
1630 2625 1798 2686 terra,
1847 2617 2111 2674 infernus

386 2704 682 2762 exhorret.
713 2703 781 2761 In
825 2705 1002 2778 hujus
1039 2712 1204 2763 utero
1244 2705 1509 2777 majestas
1548 2705 1829 2764 Altissimi
1872 2702 2110 2762 mirabi-

391 2791 521 2850 liter
560 2791 890 2865 liquefacta,
942 2793 1090 2854 sicut
1141 2793 1307 2867 adipe
1357 2801 1411 2851 et
1467 2793 1820 2866 pinguedine
1871 2791 2113 2866 replevit

390 2890 586 2952 terras,
645 2884 859 2942 infudit
909 2885 1101 2952 caelos,
1159 2883 1384 2942 inferna
1427 2883 1711 2957 respersit.
1758 2881 1867 2940 Hic
1905 2882 2110 2940 exina-

389 2971 540 3029 nivit
579 2973 951 3046 semetipsum
993 2976 1221 3044 (Philip.
1267 2975 1325 3045 ιι)
1363 2972 1629 3030 excelsus
1676 2978 1732 3030 et
1771 2971 2113 3043 immensus,

2188 2097 2304 2139 non
2359 2081 2546 2140 habet.
2587 2080 2754 2139 Videt
2787 2088 2844 2140 et
2888 2083 3048 2140 ardet
3086 2082 3184 2139 ille
3224 2083 3538 2142 vehemens
3578 2089 3818 2154 amator,
3850 2088 3906 2140 et

2190 2174 2372 2228 totum
2421 2170 2861 2243 epithalamium
2902 2171 2965 2228 in
3000 2170 3273 2229 laudibus
3321 2173 3450 2245 ejus
3488 2171 3770 2238 decantat,
3802 2171 3905 2229 ubi

2191 2258 2494 2314 manifeste
2534 2273 2781 2330 sponsus
2827 2257 3122 2315 inducitur
3165 2259 3390 2332 spirans
3425 2273 3683 2317 amorem
3724 2258 3910 2316 since-

2193 2345 2659 2422 rissimum,.nec
2683 2345 2834 2403 ultra
2867 2345 3066 2403 valens
3095 2345 3466 2405 dissimulare
3491 2347 3648 2422 quod
3676 2348 3907 2421 patitur.

2194 2437 2480 2495 Evocatur
2538 2439 2728 2494 statim
2783 2436 3031 2495 caelestis
3079 2436 3179 2494 ille
3242 2446 3583 2509 conventus,
3633 2445 3689 2497 et
3740 2438 3914 2512 juxta

2193 2527 2529 2600 prophetam
2606 2525 2714 2583 init
2779 2526 2932 2584 Deus
3005 2527 3338 2597 consilium,
3398 2529 3547 2602 cogit
3601 2527 3914 2586 concilium

2196 2617 2344 2685 (Isai.
2380 2615 2522 2684 XVI),
2561 2615 2694 2671 facit
2739 2629 3064 2673 sermonem
3095 2630 3230 2673 cum
3268 2617 3496 2689 angelis
3524 2616 3595 2674 de
3634 2624 3916 2674 restaura-

2199 2701 2353 2759 tione
2381 2718 2602 2772 eorum,
2631 2704 2699 2761 de
2739 2705 3130 2777 redemptione
3179 2707 3506 2776 hominum,
3554 2705 3624 2764 de
3659 2706 3918 2764 elemen-

2199 2796 2391 2848 torum
2418 2791 2810 2862 renovatione,
2843 2808 2910 2850 ac
2938 2793 3055 2851 illis
3087 2794 3454 2868 stupentibus
3483 2802 3539 2853 et
3571 2793 3922 2852 mirantibus

2198 2896 2318 2954 pra;
2360 2881 2594 2954 gaudio,
2641 2881 2713 2939 de
2755 2882 2926 2940 modo
2981 2883 3412 2957 redemptionis.
3472 2884 3543 2941 Et
3594 2883 3786 2940 statim
3849 2881 3919 2942 de

2202 2971 2471 3029 thesauro
2527 2971 2803 3030 divinitas
2848 2971 3044 3030 Mariae
3097 2989 3312 3031 nomen
3357 2972 3669 3044 evolvitur,
3721 2977 3777 3030 et
3820 2987 3922 3047 per

392 3077 724 3156 mensuram
761 3062 994 3132 bonam,
1040 3069 1096 3121 et
1145 3065 1460 3121 confertam
1496 3071 1552 3120 et
1597 3062 1933 3156 coagitatam
1979 3061 2114 3156 mit-
2142 3063 2429 3156 Cipsam,_
2447 3069 2502 3120 et
2541 3063 2600 3120 in
2630 3063 2775 3136 ipsa,
2812 3068 2866 3120 et
2896 3063 2966 3121 de
2993 3063 3136 3138 ipsa,
3167 3072 3224 3122 et
3259 3079 3392 3122 cum
3433 3065 3558 3137 ipsa
3597 3068 3778 3156 totum
3815 3063 3922 3120 hoc

393 3156 520 3208 tens
549 3149 612 3208 in
647 3151 842 3210 sinum
871 3158 1134 3210 nostrum
1167 3154 1320 3220 (Luc.
1344 3156 1445 3222 v1).
1484 3150 1589 3210 Hic
1610 3149 1828 3208 divinis
1853 3149 2121 3207 manibus

395 3245 610 3298 unctus
659 3246 743 3298 est
785 3241 910 3298 oleo
958 3239 1194 3308 lastitize,
1237 3245 1293 3297 et
1333 3240 1482 3298 sicut
1521 3241 1592 3298 ab
1637 3239 1816 3297 altare
1861 3238 1917 3295 in
1959 3253 2122 3294 sum-

396 3344 562 3388 mum
602 3329 930 3403 pontificem
972 3335 1358 3389 consecratus.
1407 3329 1488 3388 De
1531 3329 1639 3386 hoc
1665 3327 1831 3386 altari
1861 3326 1932 3384 ad
1961 3341 2120 3383 aram

399 3415 586 3474 crucis
644 3416 960 3475 ascendens
1018 3417 1246 3491 proprio
1301 3431 1506 3474 cruore
1569 3423 1839 3488 tanquam
1881 3413 2122 3471 alterius

400 3506 630 3580 generis
659 3505 783 3564 oleo
832 3507 1122 3582 perfusus,
1159 3507 1278 3579 jam
1333 3520 1451 3563 non
1499 3505 1685 3563 solum
1735 3513 2122 3572 consecratus,

403 3595 502 3652 sed
541 3601 596 3652 et
633 3609 996 3666 consecrans,
1029 3602 1219 3654 totum
1259 3610 1462 3668 corpus
1487 3593 1773 3651 machinae
1806 3591 2123 3650 mundialis

406 3682 642 3756 largiori
704 3683 986 3758 ligamine
1025 3683 1331 3757 copulavit.
1381 3681 1642 3740 Facessat
1671 3681 1848 3756 igitur
1887 3696 2122 3748 mceror,

411 3771 639 3829 tristitia
688 3771 892 3845 fugiat,
946 3772 1284 3830 eliminetur
1347 3770 1526 3840 dolor,
1577 3786 1782 3828 rancor
1833 3769 2121 3840 abscedat,

406 3865 470 3917 ut
497 3859 666 3917 liceat
696 3875 896 3918 vacare
925 3867 981 3918 et
1019 3859 1216 3918 videre
1255 3875 1387 3918 cum
1420 3858 1615 3932 Moyse
1649 3858 1935 3916 visionem
1972 3858 2123 3915 hanc

407 3949 684 4023 grandem
738 3952 930 4022 (Exod.
992 3953 1094 4023 ιιι),
1150 3949 1398 4024 qualiter
1450 3948 1604 4008 Deus
1645 3949 1708 4006 in
1762 3949 1871 4007 hoc
1921 3954 2123 4006 ventre

409 4040 787 4113 concipiatur,
847 4041 1162 4114 decipiatur
1211 4039 1496 4113 diabolus,
1559 4039 1866 4113 recipiatur
1930 4040 2121 4113 perdi-

411 4137 553 4194 tum,
591 4129 914 4188 indebitum
946 4129 1278 4204 accipiatur.
1315 4129 1524 4188 Totum
1553 4145 1645 4187 me
1679 4129 1850 4186 trahit
1876 4127 2118 4199 affectio,

406 4218 508 4278 sed
543 4219 725 4278 oratio
764 4220 977 4290 deﬁcit,
1003 4228 1056 4277 et
1095 4220 1259 4277 dives
1296 4219 1561 4292 cogitatio
1598 4220 1754 4276 vocis
1791 4226 2121 4292 paupertate

407 4311 804 4370 confunditur.
838 4311 1086 4370 Fervent
1112 4311 1408 4380 interiora,
1442 4315 1497 4368 et
1533 4311 1592 4367 in
1631 4309 1914 4368 undosam
1950 4307 2120 4366 ebul-

2159 3140 2188 3156 ”
2211 3149 2539 3209 faciendum
2567 3151 2913 3221 decernitur,
2943 3156 3008 3210 ut
3034 3151 3183 3210 sicut
3210 3153 3336 3210 sine
3367 3151 3466 3209 illo
3496 3151 3644 3208 nihil
3680 3150 3918 3219 factum,

2204 3239 2284 3298 ita
2316 3239 2441 3297 sine
2468 3238 2567 3298 illa
2597 3239 2748 3297 nihil
2780 3241 3056 3299 refectum
3093 3241 3183 3299 sit.
3228 3239 3501 3300 Traditur
3525 3241 3762 3314 epistola
3806 3240 3919 3298 Ga-

2204 3328 2392 3395 brieli,
2450 3329 2512 3386 in
2565 3343 2680 3402 qua
2753 3329 3024 3386 salutatio
3097 3327 3374 3401 Virginis,
3431 3329 3752 3388 incarnatio
3806 3327 3918 3388 Re-

2205 3417 2536 3488 demptoris,
2598 3416 2804 3474 modus
2856 3417 3288 3489 redemptionis,
3347 3416 3647 3489 plenitudo
3699 3418 3916 3491 gratim,

2203 3504 2404 3578 gloriae
2438 3504 2796 3576 magnitudo,
2827 3504 3137 3563 multitudo
3169 3504 3385 3563 laetitiae
3419 3505 3764 3565 continetur.

2276 3601 2485 3660 Missus
2533 3609 2616 3660 est
2663 3617 2798 3676 ergo
2847 3600 3091 3674 angelus
3131 3601 3360 3660 Gabriel
3407 3619 3441 3660 a
3481 3602 3597 3660 Deo
3625 3603 3696 3660 ad
3729 3601 3921 3678 Virgi-

2203 3707 2358 3761 nem,
2417 3707 2572 3763 quze,
2628 3698 2928 3764 postquam
2980 3690 3033 3747 ei
3092 3689 3314 3748 locutus
3355 3696 3458 3761 est,
3508 3690 3688 3748 sensit
3736 3689 3922 3750 Deum

2206 3780 2330 3838 suis
2366 3779 2640 3853 illapsum
2688 3778 3026 3847 visceribus,
3073 3777 3547 3852 majestatemque
3590 3776 3752 3836 illius
3799 3778 3920 3836 vir-

2203 3867 2415 3943 ginalis
2444 3867 2664 3925 ventris
2703 3866 2982 3925 brevitate
3013 3864 3343 3924 conclusam
3374 3869 3526 3934 (Luc.
3555 3868 3616 3936 1).
3651 3865 3694 3925 0
3723 3873 3923 3924 venter

2203 3957 2470 4015 diffusior
2520 3955 2698 4027 caelis,
2766 3954 2928 4012 terris
2975 3955 3241 4026 amplior,
3292 3957 3552 4030 capacior
3595 3955 3919 4024 elementis,

2203 4046 2303 4120 qui
2334 4052 2514 4102 totum
2543 4045 2759 4103 claudit
2796 4043 2992 4102 omnia
3018 4043 3477 4113 concludentem,
3515 4044 3577 4102 in
3614 4061 3727 4118 quo
3767 4043 3922 4102 Deus

2202 4133 2405 4208 gloria}
2439 4132 2766 4191 reclinatur.
2787 4132 3046 4206 Denique
3075 4141 3128 4190 et
3154 4133 3536 4206 archangelus
3562 4132 3643 4191 ait
3675 4156 3688 4190 :
3722 4155 3747 4182 α
3772 4133 3919 4201 Ave,

2203 4221 2385 4294 gratia
2429 4220 2617 4294 plena,
2651 4220 2934 4279 Dominus
2984 4227 3172 4278 tecum
3222 4223 3444 4295 (Ibid):
3485 4245 3506 4272 ι
3541 4223 3679 4296 quia
3723 4237 3757 4280 a
3803 4221 3919 4281 Deo

2203 4310 2440 4368 electam
2477 4318 2532 4366 et
2562 4309 2946 4381 praeelectam,
2977 4316 3150 4368 totam
3189 4326 3313 4368 eam
3357 4317 3630 4385 rapturus
3656 4318 3776 4370 erat
3805 4311 3917 4370 sibi

409 4399 562 4458 liunt
617 4399 1006 4468 altitudinem,
1070 4400 1168 4457 sed
1235 4399 1518 4472 frigiditas
1578 4397 1796 4472 linguae
1849 4394 2182 4498 cumulosD
2209 4397 2460 4471 Spiritus
2485 4405 2716 4455 sanctus
2746 4403 2797 4455 et
2827 4397 3156 4455 caelestibus
3190 4397 3578 4470 insigniturus
3606 4415 3915 4458 ornamen-

404 4488 701 4560 refrigerat
733 4489 1116 4547 exundantes.

475 4573 624 4644 Quid
656 4583 758 4646 est,
787 4576 1158 4634 beatissima?
1190 4573 1465 4649 Nunquid
1506 4572 1587 4630 ita
1629 4572 1842 4631 sensim
1885 4572 2120 4630 tacitur-

404 4681 518 4724 nus
546 4665 933 4735 obdormiam,
967 4674 1032 4724 ut
1059 4667 1135 4724 ibi
1176 4673 1372 4724 mutus
1415 4665 1548 4735 sim,
1580 4663 1681 4722 ubi
1713 4662 1904 4720 omnis
1930 4661 2119 4734 loqui-

408 4761 502 4813 tur
555 4753 866 4813 creatura?
921 4755 1334 4814 Verumtamen
1408 4769 1525 4812 non
1603 4751 1835 4820 tacebo,
1893 4757 1948 4808 et
2000 4765 2118 4808 non

406 4842 718 4916 quiescam,
750 4843 930 4901 donec
965 4843 1292 4917 egrediatur
1327 4849 1392 4901 ut
1426 4841 1698 4916 splendor
1735 4838 1931 4898 vultus
1963 4844 2116 4908 tuus,

403 4938 460 4988 et
501 4946 688 4990 sermo
725 4933 795 4989 de
835 4939 886 4990 te
925 4938 1256 5005 conceptus,
1297 4932 1350 4990 si
1387 4947 1500 4989 non
1542 4937 1605 4988 ut
1641 4930 1880 5002 lampas,
1914 4927 2119 4986 saltem

403 5028 470 5080 ut
507 5022 756 5081 scintilla
800 5023 1144 5081 accendatur
1172 5026 1319 5089 (Isai.
1349 5022 1513 5091 an).
1543 5019 1734 5078 Movet
1775 5035 1886 5086 me,
1920 5018 2116 5085 fateor,

404 5113 557 5186 quod
594 5115 958 5186 permittente
994 5111 1110 5171 Deo
1153 5119 1386 5184 peccant
1426 5109 1789 5169 rationabiles
1818 5114 2116 5175 creatura),

405 5209 458 5260 et
489 5202 687 5260 multis
727 5217 1018 5262 annorum
1071 5201 1334 5258 millibus
1371 5207 1487 5258 tam
1519 5197 1772 5256 cmlestia
1800 5212 1974 5271 quam
2003 5202 2117 5252 ter-

403 5292 605 5350 restria
629 5291 922 5350 incassum
947 5297 1096 5348 stare
1130 5289 1453 5356 videantur,
1487 5286 1789 5345 servituris
1814 5284 1958 5355 istis,
2001 5283 2119 5342 illis

403 5378 627 5437 dirutis.
654 5378 774 5437 Stat
803 5379 901 5436 illa
931 5392 1139 5449 magna
1166 5375 1368 5434 civitas
1396 5374 1616 5432 civium
1648 5389 1890 5432 suorum
1918 5389 2120 5431 nume-

404 5468 634 5527 rositate
671 5470 952 5539 fraudata,
996 5476 1051 5526 et
1088 5484 1122 5526 a
1157 5465 1519 5525 stellantibus
1557 5463 1783 5537 palatiis
1813 5462 2118 5536 multiplex

409 5556 796 5616 habitantium
829 5557 1134 5617 multitudo
1161 5554 1534 5630 propellitur;
1564 5553 1944 5612 obscurantur
1981 5550 2116 5610 stel-

2209 4489 2455 4547 tis.Jam
2511 4489 2897 4547 consecranda
2944 4496 3064 4547 erat
3097 4489 3157 4546 in
3206 4490 3400 4548 locum
3463 4490 3790 4563 voluptatis,
3849 4491 3919 4548 de

2203 4593 2319 4651 quo
2347 4577 2474 4634 fons
2505 4576 2603 4634 ille
2639 4576 2880 4633 debebat
2920 4577 3246 4647 ascendere,
3275 4578 3380 4651 qui
3422 4577 3757 4638 universam
3801 4585 3918 4637 ter-

2201 4681 2283 4722 ra:
2312 4664 2673 4738 superficiem
2706 4665 2972 4737 irrigaret
3003 4666 3148 4735 (Gen.
3180 4667 3259 4737 ιι).

2277 4754 2426 4813 Satis
2467 4756 2578 4813 huc
2621 4771 2806 4829 usque
2838 4757 3154 4829 sparsimus
3182 4756 3374 4827 verba,
3405 4763 3460 4814 et
3499 4756 3758 4815 volaticis
3793 4774 3913 4817 sero

2205 4845 2478 4904 monibus
2505 4845 2737 4904 diversa
2761 4845 3304 4919 prmseminavimus
3336 4870 3348 4904 :
3382 4863 3540 4905 nunc
3577 4847 3914 4907 insistamus

2203 4933 2314 5001 hic,
2350 4934 2397 4990 si
2425 4934 2567 4991 forte
2595 4932 2818 5008 aliquid
2857 4932 3098 5004 dignum
3130 4931 3336 4991 elicere
3366 4935 3683 4994 valeamus.
3721 4957 3743 4986 α
3774 4935 3912 4994 Flu-

2201 5021 2353 5088 vius,
2387 5020 2467 5077 ait
2515 5019 2826 5092 Scriptura,
2874 5017 3273 5091 egrediebatur
3313 5020 3383 5080 de
3431 5021 3554 5081 loco
3604 5023 3916 5096 voluptatis

2201 5110 2273 5166 ad
2309 5107 2662 5178 irrigandam
2709 5106 3040 5164 universam
3099 5109 3460 5181 superﬁciem
3517 5117 3682 5168 terrae
3741 5130 3753 5169 :
3812 5111 3914 5186 qui

2202 5195 2338 5253 inde
2388 5195 2671 5252 dividitur
2717 5193 2778 5250 in
2823 5198 3073 5266 quatuor
3128 5197 3312 5268 capita
3361 5199 3566 5264 (Ibid.).
3613 5221 3634 5250 ι
3670 5199 3914 5260 Fluvius

2202 5284 2308 5341 iste
2363 5288 2446 5340 est
2499 5280 2650 5338 Deus
2696 5296 2860 5338 meus
2901 5281 3090 5349 Jesus,
3129 5285 3229 5358 qui
3288 5301 3322 5341 a
3369 5285 3596 5345 duobus
3636 5287 3776 5347 locis
3808 5305 3913 5347 vo-

2205 5371 2436 5445 luptatis
2464 5369 2773 5442 egreditur,
2807 5385 2880 5427 ex
2914 5378 3077 5430 utero
3107 5372 3307 5443 Patris,
3336 5389 3410 5431 ex
3444 5381 3606 5433 utero
3634 5376 3912 5451 Virginis.

2206 5459 2369 5518 Unde
2408 5459 2687 5532 Propheta
2720 5477 2732 5516 :
2769 5482 2795 5506 α
2829 5457 3112 5518 Dominus
3149 5460 3303 5520 Deus
3338 5468 3526 5520 noster
3554 5463 3774 5526 ﬂuvius
3800 5467 3921 5540 glo-

2205 5549 2417 5621 riosus,
2458 5547 2736 5606 exsiliens
2778 5548 2837 5605 in
2900 5554 3105 5605 terram
3144 5550 3435 5610 sitientem
3485 5557 3638 5624 (Isai.
3697 5563 3844 5629 LIX).
3887 5584 3915 5609 ι.
