  <div class='ocr_page' id='page_1' title='image "/cluster/home/n/w/nwhite01/storage/ocr_20150623/144/umn.31951002477437p/305.png"; bbox 0 0 4184 6492; ppageno 0'>
   <div class='ocr_carea' id='block_1_1' title="bbox 283 308 387 369">
    <p class='ocr_par' dir='ltr' id='par_1_1' title="bbox 283 308 387 369">
     <span class='ocr_line' id='line_1_1' title="bbox 283 308 387 369; baseline -0.01 -1"><span class='ocrx_word' id='word_1_1' title='bbox 283 308 387 369; x_wconf 75' lang='grc'><strong>559</strong></span> 
     </span>
    </p>
   </div>
   <div class='ocr_carea' id='block_1_2' title="bbox 901 302 3177 369">
    <p class='ocr_par' dir='ltr' id='par_1_2' title="bbox 901 302 3177 369">
     <span class='ocr_line' id='line_1_2' title="bbox 901 302 3177 369; baseline -0.001 -1"><span class='ocrx_word' id='word_1_2' title='bbox 901 310 959 368; x_wconf 88' lang='lat' dir='ltr'><strong>S.</strong></span> <span class='ocrx_word' id='word_1_3' title='bbox 1002 308 1229 369; x_wconf 80' lang='lat' dir='ltr'><strong>PETRI</strong></span> <span class='ocrx_word' id='word_1_4' title='bbox 1267 303 1591 368; x_wconf 75' lang='lat' dir='ltr'><strong>DAMIANI</strong></span> <span class='ocrx_word' id='word_1_5' title='bbox 1630 306 1785 366; x_wconf 93' lang='lat' dir='ltr'><strong>OPP.</strong></span> <span class='ocrx_word' id='word_1_6' title='bbox 1830 305 2021 364; x_wconf 79' lang='lat' dir='ltr'><strong>PARS</strong></span> <span class='ocrx_word' id='word_1_7' title='bbox 2063 303 2201 364; x_wconf 88' lang='lat' dir='ltr'><strong>SEU</strong></span> <span class='ocrx_word' id='word_1_8' title='bbox 2241 302 2493 363; x_wconf 89' lang='lat' dir='ltr'><strong>TOMUS</strong></span> <span class='ocrx_word' id='word_1_9' title='bbox 2530 303 2607 363; x_wconf 84' lang='lat' dir='ltr'><strong>II.</strong></span> <span class='ocrx_word' id='word_1_10' title='bbox 2646 335 2716 348; x_wconf 94' lang='lat'><strong>—</strong></span> <span class='ocrx_word' id='word_1_11' title='bbox 2764 303 3177 366; x_wconf 82' lang='lat' dir='ltr'><strong>SERMONES.</strong></span> 
     </span>
    </p>
   </div>
   <div class='ocr_carea' id='block_1_3' title="bbox 3681 308 3787 368">
    <p class='ocr_par' dir='ltr' id='par_1_3' title="bbox 3681 308 3787 368">
     <span class='ocr_line' id='line_1_3' title="bbox 3681 308 3787 368; baseline 0.019 -2"><span class='ocrx_word' id='word_1_12' title='bbox 3681 308 3787 368; x_wconf 85' lang='lat'><strong>560</strong></span> 
     </span>
    </p>
   </div>
   <div class='ocr_carea' id='block_1_4' title="bbox 282 425 3782 507">
    <p class='ocr_par' dir='ltr' id='par_1_4' title="bbox 282 425 3782 507">
     <span class='ocr_line' id='line_1_4' title="bbox 282 425 3782 507; baseline -0.002 -10"><span class='ocrx_word' id='word_1_13' title='bbox 282 437 388 497; x_wconf 90' lang='lat' dir='ltr'><strong>Sed</strong></span> <span class='ocrx_word' id='word_1_14' title='bbox 450 436 844 496; x_wconf 81' lang='lat' dir='ltr'><strong>ineﬂ‘abilibus</strong></span> <span class='ocrx_word' id='word_1_15' title='bbox 899 434 1243 494; x_wconf 77' lang='lat' dir='ltr'><strong>differentiis</strong></span> <span class='ocrx_word' id='word_1_16' title='bbox 1298 434 1466 507; x_wconf 88' lang='lat' dir='ltr'><strong>longe</strong></span> <span class='ocrx_word' id='word_1_17' title='bbox 1522 435 1686 493; x_wconf 79' lang='lat' dir='ltr'><strong>aliter</strong></span> <span class='ocrx_word' id='word_1_18' title='bbox 1742 448 1775 490; x_wconf 91' lang='lat' dir='ltr'><strong>a</strong></span> <span class='ocrx_word' id='word_1_19' title='bbox 1824 431 2051 491; x_wconf 86' lang='lat' dir='ltr'><strong>PatreA</strong></span> <span class='ocrx_word' id='word_1_20' title='bbox 2077 425 2303 486; x_wconf 79' lang='lat' dir='ltr'><strong>Patrem</strong></span> <span class='ocrx_word' id='word_1_21' title='bbox 2334 426 2635 486; x_wconf 86' lang='lat' dir='ltr'><strong>facientem</strong></span> <span class='ocrx_word' id='word_1_22' title='bbox 2680 432 2855 499; x_wconf 84' lang='lat' dir='ltr'><strong>(Joan.</strong></span> <span class='ocrx_word' id='word_1_23' title='bbox 2893 432 2971 500; x_wconf 89' lang='lat' dir='ltr'><strong>V).</strong></span> <span class='ocrx_word' id='word_1_24' title='bbox 3027 454 3047 481; x_wconf 64' lang='grc' dir='ltr'><strong>κ</strong></span> <span class='ocrx_word' id='word_1_25' title='bbox 3101 429 3410 504; x_wconf 77' lang='lat' dir='ltr'><strong>Egreditur</strong></span> <span class='ocrx_word' id='word_1_26' title='bbox 3457 436 3513 489; x_wconf 90' lang='lat' dir='ltr'><strong>et</strong></span> <span class='ocrx_word' id='word_1_27' title='bbox 3549 432 3782 490; x_wconf 86' lang='lat' dir='ltr'><strong>aterni-</strong></span> 
     </span>
    </p>
   </div>
   <div class='ocr_carea' id='block_1_5' title="bbox 275 522 1988 602">
    <p class='ocr_par' dir='ltr' id='par_1_5' title="bbox 275 522 1988 602">
     <span class='ocr_line' id='line_1_5' title="bbox 275 522 1988 602; baseline -0.004 -15"><span class='ocrx_word' id='word_1_28' title='bbox 275 542 451 602; x_wconf 90' lang='lat' dir='ltr'><strong>quam</strong></span> <span class='ocrx_word' id='word_1_29' title='bbox 479 543 513 585; x_wconf 91' lang='lat' dir='ltr'><strong>a</strong></span> <span class='ocrx_word' id='word_1_30' title='bbox 542 534 725 585; x_wconf 80' lang='lat' dir='ltr'><strong>matre</strong></span> <span class='ocrx_word' id='word_1_31' title='bbox 759 526 1091 600; x_wconf 82' lang='lat' dir='ltr'><strong>egreditur:</strong></span> <span class='ocrx_word' id='word_1_32' title='bbox 1128 527 1265 600; x_wconf 89' lang='lat' dir='ltr'><strong>quia</strong></span> <span class='ocrx_word' id='word_1_33' title='bbox 1303 526 1411 584; x_wconf 92' lang='lat' dir='ltr'><strong>etsi</strong></span> <span class='ocrx_word' id='word_1_34' title='bbox 1466 523 1795 597; x_wconf 85' lang='lat' dir='ltr'><strong>temporalis</strong></span> <span class='ocrx_word' id='word_1_35' title='bbox 1834 522 1988 581; x_wconf 92' lang='lat' dir='ltr'><strong>nati-</strong></span> 
     </span>
    </p>
   </div>
   <div class='ocr_carea' id='block_1_6' title="bbox 274 612 1982 689">
    <p class='ocr_par' dir='ltr' id='par_1_6' title="bbox 274 612 1982 689">
     <span class='ocr_line' id='line_1_6' title="bbox 274 612 1982 689; baseline -0.004 -15"><span class='ocrx_word' id='word_1_36' title='bbox 274 616 421 674; x_wconf 90' lang='lat' dir='ltr'><strong>vitas</strong></span> <span class='ocrx_word' id='word_1_37' title='bbox 467 614 715 689; x_wconf 91' lang='lat' dir='ltr'><strong>gloriosa</strong></span> <span class='ocrx_word' id='word_1_38' title='bbox 791 620 894 684; x_wconf 89' lang='lat' dir='ltr'><strong>est,</strong></span> <span class='ocrx_word' id='word_1_39' title='bbox 962 614 1150 672; x_wconf 92' lang='lat' dir='ltr'><strong>multo</strong></span> <span class='ocrx_word' id='word_1_40' title='bbox 1223 612 1527 687; x_wconf 86' lang='lat' dir='ltr'><strong>gloriosior</strong></span> <span class='ocrx_word' id='word_1_41' title='bbox 1590 617 1671 670; x_wconf 88' lang='lat' dir='ltr'><strong>est</strong></span> <span class='ocrx_word' id='word_1_42' title='bbox 1747 618 1982 669; x_wconf 89' lang='lat' dir='ltr'><strong>aterna.</strong></span> 
     </span>
    </p>
   </div>
   <div class='ocr_carea' id='block_1_7' title="bbox 272 699 1987 776">
    <p class='ocr_par' dir='ltr' id='par_1_7' title="bbox 272 699 1987 776">
     <span class='ocr_line' id='line_1_7' title="bbox 272 699 1987 776; baseline -0.002 -13"><span class='ocrx_word' id='word_1_43' title='bbox 272 704 586 764; x_wconf 86' lang='lat' dir='ltr'><strong>Orantibus</strong></span> <span class='ocrx_word' id='word_1_44' title='bbox 632 703 810 776; x_wconf 85' lang='lat' dir='ltr'><strong>igitur</strong></span> <span class='ocrx_word' id='word_1_45' title='bbox 854 702 1019 762; x_wconf 85' lang='lat' dir='ltr'><strong>vobis</strong></span> <span class='ocrx_word' id='word_1_46' title='bbox 1064 702 1133 761; x_wconf 93' lang='lat' dir='ltr'><strong>de</strong></span> <span class='ocrx_word' id='word_1_47' title='bbox 1179 710 1423 776; x_wconf 87' lang='lat' dir='ltr'><strong>utraque</strong></span> <span class='ocrx_word' id='word_1_48' title='bbox 1459 701 1824 774; x_wconf 81' lang='lat' dir='ltr'><strong>generatione</strong></span> <span class='ocrx_word' id='word_1_49' title='bbox 1858 699 1987 760; x_wconf 88' lang='lat' dir='ltr'><strong>volo</strong></span> 
     </span>
    </p>
   </div>
   <div class='ocr_carea' id='block_1_8' title="bbox 270 791 1987 867">
    <p class='ocr_par' dir='ltr' id='par_1_8' title="bbox 270 791 1987 867">
     <span class='ocr_line' id='line_1_8' title="bbox 270 791 1987 867; baseline -0.002 -15"><span class='ocrx_word' id='word_1_50' title='bbox 270 792 493 867; x_wconf 90' lang='lat' dir='ltr'><strong>aperire</strong></span> <span class='ocrx_word' id='word_1_51' title='bbox 546 791 699 866; x_wconf 89' lang='lat' dir='ltr'><strong>quod</strong></span> <span class='ocrx_word' id='word_1_52' title='bbox 753 792 960 865; x_wconf 86' lang='lat' dir='ltr'><strong>sentio,</strong></span> <span class='ocrx_word' id='word_1_53' title='bbox 1019 807 1135 850; x_wconf 88' lang='lat' dir='ltr'><strong>non</strong></span> <span class='ocrx_word' id='word_1_54' title='bbox 1199 791 1354 866; x_wconf 89' lang='lat' dir='ltr'><strong>quod</strong></span> <span class='ocrx_word' id='word_1_55' title='bbox 1409 791 1630 864; x_wconf 88' lang='lat' dir='ltr'><strong>aliquid</strong></span> <span class='ocrx_word' id='word_1_56' title='bbox 1694 807 1987 866; x_wconf 81' lang='lat' dir='ltr'><strong>exponere</strong></span> 
     </span>
    </p>
   </div>
   <div class='ocr_carea' id='block_1_9' title="bbox 266 879 1985 954">
    <p class='ocr_par' dir='ltr' id='par_1_9' title="bbox 266 879 1985 954">
     <span class='ocr_line' id='line_1_9' title="bbox 266 879 1985 954; baseline -0.001 -14"><span class='ocrx_word' id='word_1_57' title='bbox 266 894 637 954; x_wconf 88' lang='lat' dir='ltr'><strong>prasumam,</strong></span> <span class='ocrx_word' id='word_1_58' title='bbox 679 896 813 939; x_wconf 91' lang='lat' dir='ltr'><strong>cum</strong></span> <span class='ocrx_word' id='word_1_59' title='bbox 865 883 974 939; x_wconf 87' lang='lat' dir='ltr'><strong>hoc</strong></span> <span class='ocrx_word' id='word_1_60' title='bbox 1026 880 1177 939; x_wconf 89' lang='lat' dir='ltr'><strong>ultra</strong></span> <span class='ocrx_word' id='word_1_61' title='bbox 1226 879 1492 938; x_wconf 90' lang='lat' dir='ltr'><strong>omnium</strong></span> <span class='ocrx_word' id='word_1_62' title='bbox 1554 880 1707 938; x_wconf 91' lang='lat' dir='ltr'><strong>Vires</strong></span> <span class='ocrx_word' id='word_1_63' title='bbox 1752 882 1985 953; x_wconf 90' lang='lat' dir='ltr'><strong>(quanto</strong></span> 
     </span>
    </p>
   </div>
   <div class='ocr_carea' id='block_1_10' title="bbox 266 968 1984 1043">
    <p class='ocr_par' dir='ltr' id='par_1_10' title="bbox 266 968 1984 1043">
     <span class='ocr_line' id='line_1_10' title="bbox 266 968 1984 1043; baseline 0.001 -17"><span class='ocrx_word' id='word_1_64' title='bbox 266 970 451 1043; x_wconf 88' lang='lat' dir='ltr'><strong>magis</strong></span> <span class='ocrx_word' id='word_1_65' title='bbox 503 970 716 1040; x_wconf 87' lang='lat' dir='ltr'><strong>meas?)</strong></span> <span class='ocrx_word' id='word_1_66' title='bbox 767 969 860 1038; x_wconf 88' lang='lat' dir='ltr'><strong>sit,</strong></span> <span class='ocrx_word' id='word_1_67' title='bbox 919 977 974 1027; x_wconf 90' lang='lat' dir='ltr'><strong>et</strong></span> <span class='ocrx_word' id='word_1_68' title='bbox 1023 977 1301 1027; x_wconf 85' lang='lat' dir='ltr'><strong>extrema</strong></span> <span class='ocrx_word' id='word_1_69' title='bbox 1352 968 1660 1027; x_wconf 90' lang='lat' dir='ltr'><strong>dementia</strong></span> <span class='ocrx_word' id='word_1_70' title='bbox 1715 968 1789 1026; x_wconf 89' lang='lat' dir='ltr'><strong>sit</strong></span> <span class='ocrx_word' id='word_1_71' title='bbox 1835 968 1984 1027; x_wconf 84' lang='lat' dir='ltr'><strong>vello</strong></span> 
     </span>
    </p>
   </div>
   <div class='ocr_carea' id='block_1_11' title="bbox 266 1054 1983 1128">
    <p class='ocr_par' dir='ltr' id='par_1_11' title="bbox 266 1054 1983 1128">
     <span class='ocr_line' id='line_1_11' title="bbox 266 1054 1983 1128; baseline -0.002 -13"><span class='ocrx_word' id='word_1_72' title='bbox 266 1057 372 1115; x_wconf 85' lang='lat' dir='ltr'><strong>fari</strong></span> <span class='ocrx_word' id='word_1_73' title='bbox 420 1056 754 1125; x_wconf 82' lang='lat' dir='ltr'><strong>inelfabilia,</strong></span> <span class='ocrx_word' id='word_1_74' title='bbox 796 1056 1053 1114; x_wconf 86' lang='lat' dir='ltr'><strong>maxime</strong></span> <span class='ocrx_word' id='word_1_75' title='bbox 1106 1055 1405 1113; x_wconf 88' lang='lat' dir='ltr'><strong>hominem</strong></span> <span class='ocrx_word' id='word_1_76' title='bbox 1454 1054 1807 1128; x_wconf 90' lang='lat' dir='ltr'><strong>imperitum.</strong></span> <span class='ocrx_word' id='word_1_77' title='bbox 1855 1055 1983 1113; x_wconf 89' lang='lat' dir='ltr'><strong>Non</strong></span> 
     </span>
    </p>
   </div>
   <div class='ocr_carea' id='block_1_12' title="bbox 265 1144 1982 1218">
    <p class='ocr_par' dir='ltr' id='par_1_12' title="bbox 265 1144 1982 1218">
     <span class='ocr_line' id='line_1_12' title="bbox 265 1144 1982 1218; baseline -0.001 -13"><span class='ocrx_word' id='word_1_78' title='bbox 265 1146 422 1205; x_wconf 91' lang='lat' dir='ltr'><strong>enim</strong></span> <span class='ocrx_word' id='word_1_79' title='bbox 458 1146 675 1205; x_wconf 90' lang='lat' dir='ltr'><strong>oblitus</strong></span> <span class='ocrx_word' id='word_1_80' title='bbox 701 1161 831 1204; x_wconf 91' lang='lat' dir='ltr'><strong>sum</strong></span> <span class='ocrx_word' id='word_1_81' title='bbox 859 1144 1228 1205; x_wconf 89' lang='lat' dir='ltr'><strong>Salomonem</strong></span> <span class='ocrx_word' id='word_1_82' title='bbox 1257 1144 1542 1204; x_wconf 86' lang='lat' dir='ltr'><strong>dicentem</strong></span> <span class='ocrx_word' id='word_1_83' title='bbox 1574 1164 1586 1203; x_wconf 92' lang='lat'><strong>:</strong></span> <span class='ocrx_word' id='word_1_84' title='bbox 1625 1166 1653 1199; x_wconf 86' lang='lat'>«</span> <span class='ocrx_word' id='word_1_85' title='bbox 1687 1144 1845 1204; x_wconf 87' lang='lat' dir='ltr'><strong>Sicut</strong></span> <span class='ocrx_word' id='word_1_86' title='bbox 1880 1145 1982 1218; x_wconf 90' lang='lat' dir='ltr'><strong>qui</strong></span> 
     </span>
    </p>
   </div>
   <div class='ocr_carea' id='block_1_13' title="bbox 263 1231 1981 1309">
    <p class='ocr_par' dir='ltr' id='par_1_13' title="bbox 263 1231 1981 1309">
     <span class='ocr_line' id='line_1_13' title="bbox 263 1231 1981 1309; baseline 0.001 -16"><span class='ocrx_word' id='word_1_87' title='bbox 263 1236 517 1295; x_wconf 90' lang='lat' dir='ltr'><strong>nimium</strong></span> <span class='ocrx_word' id='word_1_88' title='bbox 548 1237 795 1295; x_wconf 87' lang='lat' dir='ltr'><strong>comedit</strong></span> <span class='ocrx_word' id='word_1_89' title='bbox 831 1236 945 1295; x_wconf 90' lang='lat' dir='ltr'><strong>mel</strong></span> <span class='ocrx_word' id='word_1_90' title='bbox 977 1236 1194 1294; x_wconf 85' lang='lat' dir='ltr'><strong>evomit</strong></span> <span class='ocrx_word' id='word_1_91' title='bbox 1221 1235 1367 1294; x_wconf 90' lang='lat' dir='ltr'><strong>illud</strong></span> <span class='ocrx_word' id='word_1_92' title='bbox 1391 1254 1407 1307; x_wconf 91' lang='lat'><strong>;</strong></span> <span class='ocrx_word' id='word_1_93' title='bbox 1441 1236 1524 1295; x_wconf 90' lang='lat' dir='ltr'><strong>sic</strong></span> <span class='ocrx_word' id='word_1_94' title='bbox 1560 1237 1663 1309; x_wconf 90' lang='lat' dir='ltr'><strong>qui</strong></span> <span class='ocrx_word' id='word_1_95' title='bbox 1692 1231 1787 1290; x_wconf 84' lang='lat'><strong>52</strong></span> <span class='ocrx_word' id='word_1_96' title='bbox 1816 1250 1981 1294; x_wconf 89' lang='lat' dir='ltr'><strong>scru-</strong></span> 
     </span>
    </p>
   </div>
   <div class='ocr_carea' id='block_1_14' title="bbox 266 1325 1975 1399">
    <p class='ocr_par' dir='ltr' id='par_1_14' title="bbox 266 1325 1975 1399">
     <span class='ocr_line' id='line_1_14' title="bbox 266 1325 1975 1399; baseline -0.004 -16"><span class='ocrx_word' id='word_1_97' title='bbox 266 1333 410 1384; x_wconf 91' lang='lat' dir='ltr'><strong>tator</strong></span> <span class='ocrx_word' id='word_1_98' title='bbox 434 1334 520 1384; x_wconf 91' lang='lat' dir='ltr'><strong>est</strong></span> <span class='ocrx_word' id='word_1_99' title='bbox 549 1326 863 1399; x_wconf 88' lang='lat' dir='ltr'><strong>majestatis</strong></span> <span class='ocrx_word' id='word_1_100' title='bbox 881 1327 1241 1399; x_wconf 89' lang='lat' dir='ltr'><strong>opprimetur</strong></span> <span class='ocrx_word' id='word_1_101' title='bbox 1266 1342 1298 1382; x_wconf 88' lang='lat' dir='ltr'><strong>a</strong></span> <span class='ocrx_word' id='word_1_102' title='bbox 1318 1325 1502 1397; x_wconf 83' lang='lat' dir='ltr'><strong>gloria</strong></span> <span class='ocrx_word' id='word_1_103' title='bbox 1523 1329 1702 1395; x_wconf 79' lang='lat' dir='ltr'><strong>(Prov.</strong></span> <span class='ocrx_word' id='word_1_104' title='bbox 1736 1326 1912 1397; x_wconf 85' lang='lat' dir='ltr'><strong>XXV).</strong></span> <span class='ocrx_word' id='word_1_105' title='bbox 1952 1348 1975 1377; x_wconf 73' lang='grc' dir='ltr'><strong><em>ι</em></strong></span> 
     </span>
    </p>
   </div>
   <div class='ocr_carea' id='block_1_15' title="bbox 263 1413 1976 1489">
    <p class='ocr_par' dir='ltr' id='par_1_15' title="bbox 263 1413 1976 1489">
     <span class='ocr_line' id='line_1_15' title="bbox 263 1413 1976 1489; baseline -0.001 -16"><span class='ocrx_word' id='word_1_106' title='bbox 263 1414 345 1473; x_wconf 91' lang='lat' dir='ltr'><strong>De</strong></span> <span class='ocrx_word' id='word_1_107' title='bbox 365 1423 613 1488; x_wconf 89' lang='lat' dir='ltr'><strong>utraque</strong></span> <span class='ocrx_word' id='word_1_108' title='bbox 643 1415 803 1475; x_wconf 83' lang='lat' dir='ltr'><strong>enim</strong></span> <span class='ocrx_word' id='word_1_109' title='bbox 850 1430 950 1489; x_wconf 88' lang='lat' dir='ltr'><strong>per</strong></span> <span class='ocrx_word' id='word_1_110' title='bbox 988 1415 1325 1488; x_wconf 87' lang='lat' dir='ltr'><strong>prophetam</strong></span> <span class='ocrx_word' id='word_1_111' title='bbox 1367 1414 1481 1472; x_wconf 90' lang='lat' dir='ltr'><strong>dici</strong></span> <span class='ocrx_word' id='word_1_112' title='bbox 1512 1423 1651 1488; x_wconf 89' lang='lat' dir='ltr'><strong>puto</strong></span> <span class='ocrx_word' id='word_1_113' title='bbox 1682 1438 1694 1472; x_wconf 90' lang='lat'><strong>:</strong></span> <span class='ocrx_word' id='word_1_114' title='bbox 1730 1440 1755 1463; x_wconf 74' lang='grc' dir='ltr'><strong><em>α</em></strong></span> <span class='ocrx_word' id='word_1_115' title='bbox 1789 1413 1976 1473; x_wconf 90' lang='lat' dir='ltr'><strong>Gene-</strong></span> 
     </span>
    </p>
   </div>
   <div class='ocr_carea' id='block_1_16' title="bbox 258 1500 1977 1576">
    <p class='ocr_par' dir='ltr' id='par_1_16' title="bbox 258 1500 1977 1576">
     <span class='ocr_line' id='line_1_16' title="bbox 258 1500 1977 1576; baseline -0.001 -16"><span class='ocrx_word' id='word_1_116' title='bbox 258 1503 539 1561; x_wconf 86' lang='lat' dir='ltr'><strong>rationem</strong></span> <span class='ocrx_word' id='word_1_117' title='bbox 579 1503 705 1576; x_wconf 89' lang='lat' dir='ltr'><strong>ejus</strong></span> <span class='ocrx_word' id='word_1_118' title='bbox 742 1502 874 1575; x_wconf 87' lang='lat' dir='ltr'><strong>quis</strong></span> <span class='ocrx_word' id='word_1_119' title='bbox 911 1501 1244 1560; x_wconf 81' lang='lat' dir='ltr'><strong>enarrabit?</strong></span> <span class='ocrx_word' id='word_1_120' title='bbox 1275 1503 1422 1574; x_wconf 86' lang='lat' dir='ltr'><strong>(Isai.</strong></span> <span class='ocrx_word' id='word_1_121' title='bbox 1459 1505 1544 1571; x_wconf 93' lang='lat' dir='ltr'><strong>V.)</strong></span> <span class='ocrx_word' id='word_1_122' title='bbox 1577 1522 1605 1555; x_wconf 88' lang='lat'>»</span> <span class='ocrx_word' id='word_1_123' title='bbox 1645 1500 1792 1570; x_wconf 87' lang='lat' dir='ltr'><strong>Quia</strong></span> <span class='ocrx_word' id='word_1_124' title='bbox 1838 1517 1977 1560; x_wconf 88' lang='lat' dir='ltr'><strong>sane</strong></span> 
     </span>
    </p>
   </div>
   <div class='ocr_carea' id='block_1_17' title="bbox 257 1588 1974 1650">
    <p class='ocr_par' dir='ltr' id='par_1_17' title="bbox 257 1588 1974 1650">
     <span class='ocr_line' id='line_1_17' title="bbox 257 1588 1974 1650; baseline -0.001 0"><span class='ocrx_word' id='word_1_125' title='bbox 257 1592 359 1650; x_wconf 88' lang='lat' dir='ltr'><strong>illa</strong></span> <span class='ocrx_word' id='word_1_126' title='bbox 381 1590 569 1650; x_wconf 88' lang='lat' dir='ltr'><strong>Patris</strong></span> <span class='ocrx_word' id='word_1_127' title='bbox 592 1589 905 1649; x_wconf 80' lang='lat' dir='ltr'><strong>ineﬁ‘abilis</strong></span> <span class='ocrx_word' id='word_1_128' title='bbox 930 1598 986 1648; x_wconf 91' lang='lat' dir='ltr'><strong>et</strong></span> <span class='ocrx_word' id='word_1_129' title='bbox 1010 1588 1423 1648; x_wconf 88' lang='lat' dir='ltr'><strong>inaccessibilis</strong></span> <span class='ocrx_word' id='word_1_130' title='bbox 1451 1598 1535 1648; x_wconf 90' lang='lat' dir='ltr'><strong>est</strong></span> <span class='ocrx_word' id='word_1_131' title='bbox 1558 1599 1613 1649; x_wconf 91' lang='lat' dir='ltr'><strong>et</strong></span> <span class='ocrx_word' id='word_1_132' title='bbox 1634 1590 1788 1649; x_wconf 88' lang='lat' dir='ltr'><strong>nulli</strong></span> <span class='ocrx_word' id='word_1_133' title='bbox 1814 1606 1974 1649; x_wconf 91' lang='lat' dir='ltr'><strong>crea-</strong></span> 
     </span>
    </p>
   </div>
   <div class='ocr_carea' id='block_1_18' title="bbox 262 1677 1975 1753">
    <p class='ocr_par' dir='ltr' id='par_1_18' title="bbox 262 1677 1975 1753">
     <span class='ocr_line' id='line_1_18' title="bbox 262 1677 1975 1753; baseline 0.001 -15"><span class='ocrx_word' id='word_1_134' title='bbox 262 1688 409 1738; x_wconf 87' lang='lat' dir='ltr'><strong>tura</strong></span> <span class='ocrx_word' id='word_1_135' title='bbox 439 1679 674 1753; x_wconf 89' lang='lat' dir='ltr'><strong>pervia;</strong></span> <span class='ocrx_word' id='word_1_136' title='bbox 709 1680 819 1737; x_wconf 91' lang='lat' dir='ltr'><strong>hoc</strong></span> <span class='ocrx_word' id='word_1_137' title='bbox 864 1693 1039 1737; x_wconf 91' lang='lat' dir='ltr'><strong>sensu</strong></span> <span class='ocrx_word' id='word_1_138' title='bbox 1074 1677 1240 1737; x_wconf 86' lang='lat' dir='ltr'><strong>credo</strong></span> <span class='ocrx_word' id='word_1_139' title='bbox 1264 1679 1603 1753; x_wconf 86' lang='lat' dir='ltr'><strong>Apostolum</strong></span> <span class='ocrx_word' id='word_1_140' title='bbox 1646 1679 1865 1738; x_wconf 80' lang='lat' dir='ltr'><strong>dixisse</strong></span> <span class='ocrx_word' id='word_1_141' title='bbox 1903 1681 1975 1740; x_wconf 91' lang='lat' dir='ltr'><strong>de</strong></span> 
     </span>
    </p>
   </div>
   <div class='ocr_carea' id='block_1_19' title="bbox 258 1769 448 1828">
    <p class='ocr_par' dir='ltr' id='par_1_19' title="bbox 258 1769 448 1828">
     <span class='ocr_line' id='line_1_19' title="bbox 258 1769 448 1828; baseline -0.005 0"><span class='ocrx_word' id='word_1_142' title='bbox 258 1769 377 1828; x_wconf 92' lang='lat' dir='ltr'><strong>Deo</strong></span> <span class='ocrx_word' id='word_1_143' title='bbox 436 1789 448 1827; x_wconf 93' lang='lat'><strong>:</strong></span> 
     </span>
    </p>
   </div>
   <div class='ocr_carea' id='block_1_20' title="bbox 258 1859 1967 1933">
    <p class='ocr_par' dir='ltr' id='par_1_20' title="bbox 258 1859 1967 1933">
     <span class='ocr_line' id='line_1_20' title="bbox 258 1859 1967 1933; baseline 0.001 -15"><span class='ocrx_word' id='word_1_144' title='bbox 258 1866 305 1933; x_wconf 87' lang='lat'><strong>(1</strong></span> <span class='ocrx_word' id='word_1_145' title='bbox 344 1866 481 1919; x_wconf 88' lang='lat' dir='ltr'><strong>Tim.</strong></span> <span class='ocrx_word' id='word_1_146' title='bbox 513 1865 574 1932; x_wconf 90' lang='lat' dir='ltr'><strong>I),</strong></span> <span class='ocrx_word' id='word_1_147' title='bbox 609 1881 636 1914; x_wconf 83' lang='lat'><strong>»</strong></span> <span class='ocrx_word' id='word_1_148' title='bbox 670 1875 810 1918; x_wconf 90' lang='lat' dir='ltr'><strong>cum</strong></span> <span class='ocrx_word' id='word_1_149' title='bbox 841 1862 1013 1919; x_wconf 86' lang='lat' dir='ltr'><strong>etiam</strong></span> <span class='ocrx_word' id='word_1_150' title='bbox 1045 1859 1308 1933; x_wconf 85' lang='lat' dir='ltr'><strong>puriores</strong></span> <span class='ocrx_word' id='word_1_151' title='bbox 1328 1867 1555 1918; x_wconf 91' lang='lat' dir='ltr'><strong>natura</strong></span> <span class='ocrx_word' id='word_1_152' title='bbox 1583 1866 1736 1919; x_wconf 90' lang='lat' dir='ltr'><strong>tanto</strong></span> <span class='ocrx_word' id='word_1_153' title='bbox 1774 1877 1967 1920; x_wconf 89' lang='lat' dir='ltr'><strong>rever—</strong></span> 
     </span>
    </p>
   </div>
   <div class='ocr_carea' id='block_1_21' title="bbox 257 1948 1968 2023">
    <p class='ocr_par' dir='ltr' id='par_1_21' title="bbox 257 1948 1968 2023">
     <span class='ocr_line' id='line_1_21' title="bbox 257 1948 1968 2023; baseline 0.001 -15"><span class='ocrx_word' id='word_1_154' title='bbox 257 1950 535 2008; x_wconf 89' lang='lat' dir='ltr'><strong>berentur</strong></span> <span class='ocrx_word' id='word_1_155' title='bbox 565 1949 803 2020; x_wconf 89' lang='lat' dir='ltr'><strong>intuitu,</strong></span> <span class='ocrx_word' id='word_1_156' title='bbox 828 1964 932 2006; x_wconf 91' lang='lat' dir='ltr'><strong>nec</strong></span> <span class='ocrx_word' id='word_1_157' title='bbox 968 1948 1188 2022; x_wconf 89' lang='lat' dir='ltr'><strong>possint</strong></span> <span class='ocrx_word' id='word_1_158' title='bbox 1224 1949 1547 2023; x_wconf 88' lang='lat' dir='ltr'><strong>irrumpere</strong></span> <span class='ocrx_word' id='word_1_159' title='bbox 1598 1957 1772 2009; x_wconf 86' lang='lat' dir='ltr'><strong>tanta</strong></span> <span class='ocrx_word' id='word_1_160' title='bbox 1799 1952 1968 2010; x_wconf 90' lang='lat' dir='ltr'><strong>clari-</strong></span> 
     </span>
    </p>
   </div>
   <div class='ocr_carea' id='block_1_22' title="bbox 259 2037 1968 2112">
    <p class='ocr_par' dir='ltr' id='par_1_22' title="bbox 259 2037 1968 2112">
     <span class='ocr_line' id='line_1_22' title="bbox 259 2037 1968 2112; baseline 0.003 -16"><span class='ocrx_word' id='word_1_161' title='bbox 259 2038 388 2097; x_wconf 87' lang='lat' dir='ltr'><strong>tatis</strong></span> <span class='ocrx_word' id='word_1_162' title='bbox 413 2038 855 2112; x_wconf 79' lang='lat' dir='ltr'><strong>abyssum.1pse</strong></span> <span class='ocrx_word' id='word_1_163' title='bbox 875 2037 1049 2096; x_wconf 88' lang='lat' dir='ltr'><strong>etiam</strong></span> <span class='ocrx_word' id='word_1_164' title='bbox 1082 2037 1267 2095; x_wconf 90' lang='lat' dir='ltr'><strong>Filius</strong></span> <span class='ocrx_word' id='word_1_165' title='bbox 1298 2044 1642 2110; x_wconf 89' lang='lat' dir='ltr'><strong>protestatur</strong></span> <span class='ocrx_word' id='word_1_166' title='bbox 1676 2059 1688 2098; x_wconf 91' lang='lat'><strong>:</strong></span> <span class='ocrx_word' id='word_1_167' title='bbox 1724 2064 1751 2091; x_wconf 73' lang='grc' dir='ltr'><strong>α</strong></span> <span class='ocrx_word' id='word_1_168' title='bbox 1786 2040 1968 2102; x_wconf 90' lang='lat' dir='ltr'><strong>Nemo</strong></span> 
     </span>
    </p>
   </div>
   <div class='ocr_carea' id='block_1_23' title="bbox 257 2126 1964 2201">
    <p class='ocr_par' dir='ltr' id='par_1_23' title="bbox 257 2126 1964 2201">
     <span class='ocr_line' id='line_1_23' title="bbox 257 2126 1964 2201; baseline 0.002 -15"><span class='ocrx_word' id='word_1_169' title='bbox 257 2126 420 2186; x_wconf 88' lang='lat' dir='ltr'><strong>novit</strong></span> <span class='ocrx_word' id='word_1_170' title='bbox 459 2126 699 2198; x_wconf 87' lang='lat' dir='ltr'><strong>Filium,</strong></span> <span class='ocrx_word' id='word_1_171' title='bbox 732 2129 847 2185; x_wconf 82' lang='lat' dir='ltr'><strong>nisi</strong></span> <span class='ocrx_word' id='word_1_172' title='bbox 889 2126 1072 2197; x_wconf 87' lang='lat' dir='ltr'><strong>Pater,</strong></span> <span class='ocrx_word' id='word_1_173' title='bbox 1104 2142 1294 2201; x_wconf 91' lang='lat' dir='ltr'><strong>neque</strong></span> <span class='ocrx_word' id='word_1_174' title='bbox 1340 2126 1566 2186; x_wconf 84' lang='lat' dir='ltr'><strong>Patrem</strong></span> <span class='ocrx_word' id='word_1_175' title='bbox 1600 2130 1736 2200; x_wconf 86' lang='lat' dir='ltr'><strong>quis</strong></span> <span class='ocrx_word' id='word_1_176' title='bbox 1786 2129 1964 2201; x_wconf 87' lang='lat' dir='ltr'><strong>novit,</strong></span> 
     </span>
    </p>
   </div>
   <div class='ocr_carea' id='block_1_24' title="bbox 256 2213 1964 2291">
    <p class='ocr_par' dir='ltr' id='par_1_24' title="bbox 256 2213 1964 2291">
     <span class='ocr_line' id='line_1_24' title="bbox 256 2213 1964 2291; baseline 0 -20"><span class='ocrx_word' id='word_1_177' title='bbox 256 2214 370 2273; x_wconf 89' lang='lat' dir='ltr'><strong>nisi</strong></span> <span class='ocrx_word' id='word_1_178' title='bbox 397 2213 606 2286; x_wconf 90' lang='lat' dir='ltr'><strong>Filius,</strong></span> <span class='ocrx_word' id='word_1_179' title='bbox 620 2223 674 2273; x_wconf 89' lang='lat' dir='ltr'><strong>et</strong></span> <span class='ocrx_word' id='word_1_180' title='bbox 693 2214 791 2272; x_wconf 88' lang='lat' dir='ltr'><strong>cui</strong></span> <span class='ocrx_word' id='word_1_181' title='bbox 808 2213 1059 2272; x_wconf 89' lang='lat' dir='ltr'><strong>voluerit</strong></span> <span class='ocrx_word' id='word_1_182' title='bbox 1080 2213 1265 2273; x_wconf 89' lang='lat' dir='ltr'><strong>Filius</strong></span> <span class='ocrx_word' id='word_1_183' title='bbox 1278 2214 1534 2273; x_wconf 89' lang='lat' dir='ltr'><strong>revelare</strong></span> <span class='ocrx_word' id='word_1_184' title='bbox 1552 2217 1768 2287; x_wconf 82' lang='lat' dir='ltr'><strong>(Matth.</strong></span> <span class='ocrx_word' id='word_1_185' title='bbox 1794 2219 1873 2291; x_wconf 89' lang='lat' dir='ltr'><strong>XI)</strong></span> <span class='ocrx_word' id='word_1_186' title='bbox 1897 2242 1910 2275; x_wconf 86' lang='lat'><strong>:</strong></span> <span class='ocrx_word' id='word_1_187' title='bbox 1936 2238 1964 2271; x_wconf 71' lang='grc' dir='ltr'><strong>ι)</strong></span> 
     </span>
    </p>
   </div>
   <div class='ocr_carea' id='block_1_25' title="bbox 256 2300 1967 2375">
    <p class='ocr_par' dir='ltr' id='par_1_25' title="bbox 256 2300 1967 2375">
     <span class='ocr_line' id='line_1_25' title="bbox 256 2300 1967 2375; baseline 0.004 -17"><span class='ocrx_word' id='word_1_188' title='bbox 256 2318 374 2360; x_wconf 89' lang='lat' dir='ltr'><strong>non</strong></span> <span class='ocrx_word' id='word_1_189' title='bbox 436 2302 584 2360; x_wconf 90' lang='lat' dir='ltr'><strong>sicut</strong></span> <span class='ocrx_word' id='word_1_190' title='bbox 639 2309 743 2372; x_wconf 91' lang='lat' dir='ltr'><strong>est,</strong></span> <span class='ocrx_word' id='word_1_191' title='bbox 811 2300 910 2358; x_wconf 91' lang='lat' dir='ltr'><strong>sed</strong></span> <span class='ocrx_word' id='word_1_192' title='bbox 966 2300 1115 2359; x_wconf 87' lang='lat' dir='ltr'><strong>sicut</strong></span> <span class='ocrx_word' id='word_1_193' title='bbox 1167 2316 1367 2374; x_wconf 88' lang='lat' dir='ltr'><strong>capere</strong></span> <span class='ocrx_word' id='word_1_194' title='bbox 1409 2310 1611 2375; x_wconf 86' lang='lat' dir='ltr'><strong>potest,</strong></span> <span class='ocrx_word' id='word_1_195' title='bbox 1665 2303 1759 2361; x_wconf 93' lang='lat' dir='ltr'><strong>cui</strong></span> <span class='ocrx_word' id='word_1_196' title='bbox 1814 2310 1967 2364; x_wconf 91' lang='lat' dir='ltr'><strong>tanta</strong></span> 
     </span>
    </p>
   </div>
   <div class='ocr_carea' id='block_1_26' title="bbox 257 2387 1966 2468">
    <p class='ocr_par' dir='ltr' id='par_1_26' title="bbox 257 2387 1966 2468">
     <span class='ocr_line' id='line_1_26' title="bbox 257 2387 1966 2468; baseline 0.003 -21"><span class='ocrx_word' id='word_1_197' title='bbox 257 2389 517 2462; x_wconf 86' lang='lat' dir='ltr'><strong>dignatio</strong></span> <span class='ocrx_word' id='word_1_198' title='bbox 552 2388 860 2447; x_wconf 90' lang='lat' dir='ltr'><strong>revelatur.</strong></span> <span class='ocrx_word' id='word_1_199' title='bbox 894 2387 1059 2446; x_wconf 87' lang='lat' dir='ltr'><strong>Unde</strong></span> <span class='ocrx_word' id='word_1_200' title='bbox 1079 2396 1134 2446; x_wconf 89' lang='lat' dir='ltr'><strong>et</strong></span> <span class='ocrx_word' id='word_1_201' title='bbox 1163 2387 1264 2446; x_wconf 90' lang='lat' dir='ltr'><strong>illa</strong></span> <span class='ocrx_word' id='word_1_202' title='bbox 1288 2390 1556 2449; x_wconf 89' lang='lat' dir='ltr'><strong>sublimis</strong></span> <span class='ocrx_word' id='word_1_203' title='bbox 1591 2391 1805 2465; x_wconf 89' lang='lat' dir='ltr'><strong>anima,</strong></span> <span class='ocrx_word' id='word_1_204' title='bbox 1833 2410 1966 2468; x_wconf 88' lang='lat' dir='ltr'><strong>qua</strong></span> 
     </span>
    </p>
   </div>
   <div class='ocr_carea' id='block_1_27' title="bbox 193 2476 1967 2555">
    <p class='ocr_par' dir='ltr' id='par_1_27' title="bbox 193 2476 1967 2555">
     <span class='ocr_line' id='line_1_27' title="bbox 193 2476 1967 2555; baseline 0.003 -20"><span class='ocrx_word' id='word_1_205' title='bbox 193 2509 201 2519; x_wconf 70' lang='grc' dir='ltr'><strong><em>ο</em></strong></span> <span class='ocrx_word' id='word_1_206' title='bbox 260 2492 444 2551; x_wconf 87' lang='lat' dir='ltr'><strong>usque</strong></span> <span class='ocrx_word' id='word_1_207' title='bbox 494 2479 561 2536; x_wconf 87' lang='lat' dir='ltr'><strong>ad</strong></span> <span class='ocrx_word' id='word_1_208' title='bbox 619 2477 852 2536; x_wconf 88' lang='lat' dir='ltr'><strong>tertium</strong></span> <span class='ocrx_word' id='word_1_209' title='bbox 905 2476 1117 2535; x_wconf 77' lang='lat' dir='ltr'><strong>calum</strong></span> <span class='ocrx_word' id='word_1_210' title='bbox 1164 2476 1226 2535; x_wconf 89' lang='lat' dir='ltr'><strong>in</strong></span> <span class='ocrx_word' id='word_1_211' title='bbox 1276 2476 1506 2536; x_wconf 88' lang='lat' dir='ltr'><strong>divitias</strong></span> <span class='ocrx_word' id='word_1_212' title='bbox 1556 2479 1757 2554; x_wconf 89' lang='lat' dir='ltr'><strong>gloria</strong></span> <span class='ocrx_word' id='word_1_213' title='bbox 1806 2491 1967 2555; x_wconf 87' lang='lat' dir='ltr'><strong>rapta</strong></span> 
     </span>
    </p>
   </div>
   <div class='ocr_carea' id='block_1_28' title="bbox 254 2564 1965 2639">
    <p class='ocr_par' dir='ltr' id='par_1_28' title="bbox 254 2564 1965 2639">
     <span class='ocr_line' id='line_1_28' title="bbox 254 2564 1965 2639; baseline 0.003 -16"><span class='ocrx_word' id='word_1_214' title='bbox 254 2567 442 2624; x_wconf 81' lang='lat' dir='ltr'><strong>fuerat</strong></span> <span class='ocrx_word' id='word_1_215' title='bbox 494 2568 568 2639; x_wconf 89' lang='lat' dir='ltr'><strong>(II</strong></span> <span class='ocrx_word' id='word_1_216' title='bbox 614 2566 732 2623; x_wconf 87' lang='lat' dir='ltr'><strong>Cor.</strong></span> <span class='ocrx_word' id='word_1_217' title='bbox 775 2567 900 2636; x_wconf 86' lang='lat' dir='ltr'><strong>XII),</strong></span> <span class='ocrx_word' id='word_1_218' title='bbox 942 2564 1125 2623; x_wconf 88' lang='lat' dir='ltr'><strong>dicit:</strong></span> <span class='ocrx_word' id='word_1_219' title='bbox 1163 2587 1190 2617; x_wconf 89' lang='lat'><strong>«</strong></span> <span class='ocrx_word' id='word_1_220' title='bbox 1240 2564 1361 2639; x_wconf 84' lang='lat' dir='ltr'><strong>Ego</strong></span> <span class='ocrx_word' id='word_1_221' title='bbox 1415 2582 1509 2625; x_wconf 89' lang='lat' dir='ltr'><strong>me</strong></span> <span class='ocrx_word' id='word_1_222' title='bbox 1557 2584 1674 2625; x_wconf 91' lang='lat' dir='ltr'><strong>non</strong></span> <span class='ocrx_word' id='word_1_223' title='bbox 1719 2569 1965 2628; x_wconf 90' lang='lat' dir='ltr'><strong>arbitror</strong></span> 
     </span>
    </p>
   </div>
   <div class='ocr_carea' id='block_1_29' title="bbox 252 2654 1966 2731">
    <p class='ocr_par' dir='ltr' id='par_1_29' title="bbox 252 2654 1966 2731">
     <span class='ocr_line' id='line_1_29' title="bbox 252 2654 1966 2731; baseline 0.002 -18"><span class='ocrx_word' id='word_1_224' title='bbox 252 2656 755 2730; x_wconf 85' lang='lat' dir='ltr'><strong>comprehendisse</strong></span> <span class='ocrx_word' id='word_1_225' title='bbox 808 2657 969 2728; x_wconf 82' lang='lat' dir='ltr'><strong>(Phil.</strong></span> <span class='ocrx_word' id='word_1_226' title='bbox 1017 2656 1117 2729; x_wconf 92' lang='lat' dir='ltr'><strong>III).</strong></span> <span class='ocrx_word' id='word_1_227' title='bbox 1182 2679 1204 2707; x_wconf 74' lang='grc' dir='ltr'><strong>ιο</strong></span> <span class='ocrx_word' id='word_1_228' title='bbox 1251 2654 1565 2715; x_wconf 91' lang='lat' dir='ltr'><strong>Verissima</strong></span> <span class='ocrx_word' id='word_1_229' title='bbox 1614 2656 1795 2731; x_wconf 89' lang='lat' dir='ltr'><strong>igitur</strong></span> <span class='ocrx_word' id='word_1_230' title='bbox 1828 2658 1966 2716; x_wconf 84' lang='lat' dir='ltr'><strong>deli-</strong></span> 
     </span>
    </p>
   </div>
   <div class='ocr_carea' id='block_1_30' title="bbox 250 2742 1962 2819">
    <p class='ocr_par' dir='ltr' id='par_1_30' title="bbox 250 2742 1962 2819">
     <span class='ocr_line' id='line_1_30' title="bbox 250 2742 1962 2819; baseline 0.001 -16"><span class='ocrx_word' id='word_1_231' title='bbox 250 2745 395 2803; x_wconf 89' lang='lat' dir='ltr'><strong>nitio</strong></span> <span class='ocrx_word' id='word_1_232' title='bbox 420 2753 502 2803; x_wconf 91' lang='lat' dir='ltr'><strong>est</strong></span> <span class='ocrx_word' id='word_1_233' title='bbox 529 2746 667 2819; x_wconf 90' lang='lat' dir='ltr'><strong>quia</strong></span> <span class='ocrx_word' id='word_1_234' title='bbox 696 2742 857 2801; x_wconf 89' lang='lat' dir='ltr'><strong>illam</strong></span> <span class='ocrx_word' id='word_1_235' title='bbox 884 2742 1196 2817; x_wconf 88' lang='lat' dir='ltr'><strong>gignentis,</strong></span> <span class='ocrx_word' id='word_1_236' title='bbox 1227 2750 1280 2801; x_wconf 92' lang='lat' dir='ltr'><strong>et</strong></span> <span class='ocrx_word' id='word_1_237' title='bbox 1309 2744 1491 2817; x_wconf 88' lang='lat' dir='ltr'><strong>geniti</strong></span> <span class='ocrx_word' id='word_1_238' title='bbox 1531 2746 1962 2818; x_wconf 89' lang='lat' dir='ltr'><strong>generationem</strong></span> 
     </span>
    </p>
   </div>
   <div class='ocr_carea' id='block_1_31' title="bbox 251 2833 1962 2906">
    <p class='ocr_par' dir='ltr' id='par_1_31' title="bbox 251 2833 1962 2906">
     <span class='ocr_line' id='line_1_31' title="bbox 251 2833 1962 2906; baseline 0.001 -13"><span class='ocrx_word' id='word_1_239' title='bbox 251 2834 454 2893; x_wconf 90' lang='lat' dir='ltr'><strong>nullus</strong></span> <span class='ocrx_word' id='word_1_240' title='bbox 499 2834 741 2892; x_wconf 90' lang='lat' dir='ltr'><strong>omnino</strong></span> <span class='ocrx_word' id='word_1_241' title='bbox 786 2841 1044 2906; x_wconf 84' lang='lat' dir='ltr'><strong>penetrat</strong></span> <span class='ocrx_word' id='word_1_242' title='bbox 1090 2833 1440 2892; x_wconf 82' lang='lat' dir='ltr'><strong>intellectus.</strong></span> <span class='ocrx_word' id='word_1_243' title='bbox 1480 2833 1645 2893; x_wconf 84' lang='lat' dir='ltr'><strong>Hanc</strong></span> <span class='ocrx_word' id='word_1_244' title='bbox 1688 2833 1859 2893; x_wconf 90' lang='lat' dir='ltr'><strong>etiam</strong></span> <span class='ocrx_word' id='word_1_245' title='bbox 1891 2836 1962 2895; x_wconf 91' lang='lat' dir='ltr'><strong>de</strong></span> 
     </span>
    </p>
   </div>
   <div class='ocr_carea' id='block_1_32' title="bbox 245 2922 1956 2982">
    <p class='ocr_par' dir='ltr' id='par_1_32' title="bbox 245 2922 1956 2982">
     <span class='ocr_line' id='line_1_32' title="bbox 245 2922 1956 2982; baseline 0.001 -2"><span class='ocrx_word' id='word_1_246' title='bbox 245 2930 428 2981; x_wconf 90' lang='lat' dir='ltr'><strong>matre</strong></span> <span class='ocrx_word' id='word_1_247' title='bbox 460 2922 622 2979; x_wconf 89' lang='lat' dir='ltr'><strong>omni</strong></span> <span class='ocrx_word' id='word_1_248' title='bbox 652 2922 928 2979; x_wconf 89' lang='lat' dir='ltr'><strong>humana</strong></span> <span class='ocrx_word' id='word_1_249' title='bbox 964 2929 1240 2979; x_wconf 87' lang='lat' dir='ltr'><strong>creatura</strong></span> <span class='ocrx_word' id='word_1_250' title='bbox 1285 2936 1413 2979; x_wconf 91' lang='lat' dir='ltr'><strong>reor</strong></span> <span class='ocrx_word' id='word_1_251' title='bbox 1449 2922 1911 2981; x_wconf 82' lang='lat' dir='ltr'><strong>inextricabilem</strong></span> <span class='ocrx_word' id='word_1_252' title='bbox 1943 2942 1956 2982; x_wconf 93' lang='lat'><strong>:</strong></span> 
     </span>
    </p>
   </div>
   <div class='ocr_carea' id='block_1_33' title="bbox 2071 514 3779 592">
    <p class='ocr_par' dir='ltr' id='par_1_33' title="bbox 2071 514 3779 592">
     <span class='ocr_line' id='line_1_33' title="bbox 2071 514 3779 592; baseline 0.004 -20"><span class='ocrx_word' id='word_1_253' title='bbox 2071 520 2200 585; x_wconf 91' lang='lat' dir='ltr'><strong>tate,</strong></span> <span class='ocrx_word' id='word_1_254' title='bbox 2238 516 2377 590; x_wconf 91' lang='lat' dir='ltr'><strong>quia</strong></span> <span class='ocrx_word' id='word_1_255' title='bbox 2429 514 2562 575; x_wconf 89' lang='lat' dir='ltr'><strong>licet</strong></span> <span class='ocrx_word' id='word_1_256' title='bbox 2606 523 2931 590; x_wconf 86' lang='lat' dir='ltr'><strong>generetur,</strong></span> <span class='ocrx_word' id='word_1_257' title='bbox 2977 533 3090 576; x_wconf 89' lang='lat' dir='ltr'><strong>non</strong></span> <span class='ocrx_word' id='word_1_258' title='bbox 3142 524 3225 577; x_wconf 91' lang='lat' dir='ltr'><strong>est</strong></span> <span class='ocrx_word' id='word_1_259' title='bbox 3272 519 3547 592; x_wconf 87' lang='lat' dir='ltr'><strong>posterior</strong></span> <span class='ocrx_word' id='word_1_260' title='bbox 3591 518 3779 580; x_wconf 90' lang='lat' dir='ltr'><strong>Gene-</strong></span> 
     </span>
    </p>
   </div>
   <div class='ocr_carea' id='block_1_34' title="bbox 2067 604 3778 680">
    <p class='ocr_par' dir='ltr' id='par_1_34' title="bbox 2067 604 3778 680">
     <span class='ocr_line' id='line_1_34' title="bbox 2067 604 3778 680; baseline 0.004 -19"><span class='ocrx_word' id='word_1_261' title='bbox 2067 611 2248 674; x_wconf 91' lang='lat' dir='ltr'><strong>rante,</strong></span> <span class='ocrx_word' id='word_1_262' title='bbox 2304 604 2404 662; x_wconf 89' lang='lat' dir='ltr'><strong>sed</strong></span> <span class='ocrx_word' id='word_1_263' title='bbox 2438 604 2608 664; x_wconf 88' lang='lat' dir='ltr'><strong>ambo</strong></span> <span class='ocrx_word' id='word_1_264' title='bbox 2653 606 2831 664; x_wconf 90' lang='lat' dir='ltr'><strong>unius</strong></span> <span class='ocrx_word' id='word_1_265' title='bbox 2876 607 3239 680; x_wconf 88' lang='lat' dir='ltr'><strong>antiquitatis</strong></span> <span class='ocrx_word' id='word_1_266' title='bbox 3282 615 3436 680; x_wconf 91' lang='lat' dir='ltr'><strong>sunt,</strong></span> <span class='ocrx_word' id='word_1_267' title='bbox 3488 609 3534 667; x_wconf 87' lang='lat' dir='ltr'><strong>si</strong></span> <span class='ocrx_word' id='word_1_268' title='bbox 3583 612 3778 668; x_wconf 85' lang='lat' dir='ltr'><strong>tamen</strong></span> 
     </span>
    </p>
   </div>
   <div class='ocr_carea' id='block_1_35' title="bbox 2067 693 3778 774">
    <p class='ocr_par' dir='ltr' id='par_1_35' title="bbox 2067 693 3778 774">
     <span class='ocr_line' id='line_1_35' title="bbox 2067 693 3778 774; baseline 0.004 -22"><span class='ocrx_word' id='word_1_269' title='bbox 2067 693 2332 753; x_wconf 86' lang='lat' dir='ltr'><strong>vocabuli</strong></span> <span class='ocrx_word' id='word_1_270' title='bbox 2364 696 2675 754; x_wconf 87' lang='lat' dir='ltr'><strong>novitatem</strong></span> <span class='ocrx_word' id='word_1_271' title='bbox 2717 712 2833 755; x_wconf 89' lang='lat' dir='ltr'><strong>non</strong></span> <span class='ocrx_word' id='word_1_272' title='bbox 2861 698 3150 757; x_wconf 81' lang='lat' dir='ltr'><strong>exhortes.</strong></span> <span class='ocrx_word' id='word_1_273' title='bbox 3181 696 3342 768; x_wconf 87' lang='lat' dir='ltr'><strong>Quod</strong></span> <span class='ocrx_word' id='word_1_274' title='bbox 3380 698 3510 758; x_wconf 91' lang='lat' dir='ltr'><strong>licet</strong></span> <span class='ocrx_word' id='word_1_275' title='bbox 3546 714 3778 774; x_wconf 91' lang='lat' dir='ltr'><strong>quoquo</strong></span> 
     </span>
    </p>
   </div>
   <div class='ocr_carea' id='block_1_36' title="bbox 2067 782 3778 861">
    <p class='ocr_par' dir='ltr' id='par_1_36' title="bbox 2067 782 3778 861">
     <span class='ocr_line' id='line_1_36' title="bbox 2067 782 3778 861; baseline 0.002 -20"><span class='ocrx_word' id='word_1_276' title='bbox 2067 782 2236 842; x_wconf 91' lang='lat' dir='ltr'><strong>modo</strong></span> <span class='ocrx_word' id='word_1_277' title='bbox 2283 782 2586 857; x_wconf 87' lang='lat' dir='ltr'><strong>signiﬁcet,</strong></span> <span class='ocrx_word' id='word_1_278' title='bbox 2647 800 2780 858; x_wconf 92' lang='lat' dir='ltr'><strong>qua</strong></span> <span class='ocrx_word' id='word_1_279' title='bbox 2829 785 3124 857; x_wconf 91' lang='lat' dir='ltr'><strong>dicuntur,</strong></span> <span class='ocrx_word' id='word_1_280' title='bbox 3167 785 3338 861; x_wconf 87' lang='lat' dir='ltr'><strong>longe</strong></span> <span class='ocrx_word' id='word_1_281' title='bbox 3384 794 3572 846; x_wconf 89' lang='lat' dir='ltr'><strong>tamen</strong></span> <span class='ocrx_word' id='word_1_282' title='bbox 3619 793 3706 845; x_wconf 91' lang='lat' dir='ltr'><strong>est</strong></span> <span class='ocrx_word' id='word_1_283' title='bbox 3744 802 3778 845; x_wconf 89' lang='lat' dir='ltr'><strong>a</strong></span> 
     </span>
    </p>
   </div>
   <div class='ocr_carea' id='block_1_37' title="bbox 2066 871 3776 949">
    <p class='ocr_par' dir='ltr' id='par_1_37' title="bbox 2066 871 3776 949">
     <span class='ocr_line' id='line_1_37' title="bbox 2066 871 3776 949; baseline 0.003 -21"><span class='ocrx_word' id='word_1_284' title='bbox 2066 871 2366 929; x_wconf 84' lang='lat' dir='ltr'><strong>sententia</strong></span> <span class='ocrx_word' id='word_1_285' title='bbox 2423 874 2734 944; x_wconf 86' lang='lat' dir='ltr'><strong>majestate.</strong></span> <span class='ocrx_word' id='word_1_286' title='bbox 2802 872 3112 948; x_wconf 84' lang='lat' dir='ltr'><strong>Egreditur</strong></span> <span class='ocrx_word' id='word_1_287' title='bbox 3173 874 3580 945; x_wconf 89' lang='lat' dir='ltr'><strong>similitudine,</strong></span> <span class='ocrx_word' id='word_1_288' title='bbox 3639 875 3776 949; x_wconf 89' lang='lat' dir='ltr'><strong>quia</strong></span> 
     </span>
    </p>
   </div>
   <div class='ocr_carea' id='block_1_38' title="bbox 2066 959 3777 1038">
    <p class='ocr_par' dir='ltr' id='par_1_38' title="bbox 2066 959 3777 1038">
     <span class='ocr_line' id='line_1_38' title="bbox 2066 959 3777 1038; baseline 0.001 -20"><span class='ocrx_word' id='word_1_289' title='bbox 2066 959 2277 1018; x_wconf 87' lang='lat' dir='ltr'><strong>similis</strong></span> <span class='ocrx_word' id='word_1_290' title='bbox 2319 965 2404 1017; x_wconf 89' lang='lat' dir='ltr'><strong>est</strong></span> <span class='ocrx_word' id='word_1_291' title='bbox 2444 959 2647 1033; x_wconf 91' lang='lat' dir='ltr'><strong>Patris,</strong></span> <span class='ocrx_word' id='word_1_292' title='bbox 2690 960 2872 1019; x_wconf 89' lang='lat' dir='ltr'><strong>Patris</strong></span> <span class='ocrx_word' id='word_1_293' title='bbox 2910 961 3120 1036; x_wconf 87' lang='lat' dir='ltr'><strong>imago,</strong></span> <span class='ocrx_word' id='word_1_294' title='bbox 3159 962 3432 1036; x_wconf 90' lang='lat' dir='ltr'><strong>splendor</strong></span> <span class='ocrx_word' id='word_1_295' title='bbox 3474 962 3675 1038; x_wconf 92' lang='lat' dir='ltr'><strong>gloria</strong></span> <span class='ocrx_word' id='word_1_296' title='bbox 3721 968 3777 1022; x_wconf 88' lang='lat' dir='ltr'><strong>et</strong></span> 
     </span>
    </p>
   </div>
   <div class='ocr_carea' id='block_1_39' title="bbox 2064 1046 3773 1122">
    <p class='ocr_par' dir='ltr' id='par_1_39' title="bbox 2064 1046 3773 1122">
     <span class='ocr_line' id='line_1_39' title="bbox 2064 1046 3773 1122; baseline 0.002 -18"><span class='ocrx_word' id='word_1_297' title='bbox 2064 1046 2250 1120; x_wconf 88' lang='lat' dir='ltr'><strong>ﬁgura</strong></span> <span class='ocrx_word' id='word_1_298' title='bbox 2282 1047 2619 1107; x_wconf 89' lang='lat' dir='ltr'><strong>substantia</strong></span> <span class='ocrx_word' id='word_1_299' title='bbox 2672 1048 2797 1122; x_wconf 88' lang='lat' dir='ltr'><strong>ejus</strong></span> <span class='ocrx_word' id='word_1_300' title='bbox 2841 1050 3018 1121; x_wconf 81' lang='lat' dir='ltr'><strong>(Hebr.</strong></span> <span class='ocrx_word' id='word_1_301' title='bbox 3068 1051 3127 1122; x_wconf 93' lang='lat' dir='ltr'><strong>I).</strong></span> <span class='ocrx_word' id='word_1_302' title='bbox 3187 1050 3493 1122; x_wconf 82' lang='lat' dir='ltr'><strong>Egreditur</strong></span> <span class='ocrx_word' id='word_1_303' title='bbox 3532 1050 3773 1109; x_wconf 89' lang='lat' dir='ltr'><strong>alterni-</strong></span> 
     </span>
    </p>
   </div>
   <div class='ocr_carea' id='block_1_40' title="bbox 2064 1135 3770 1210">
    <p class='ocr_par' dir='ltr' id='par_1_40' title="bbox 2064 1135 3770 1210">
     <span class='ocr_line' id='line_1_40' title="bbox 2064 1135 3770 1210; baseline 0.002 -17"><span class='ocrx_word' id='word_1_304' title='bbox 2064 1140 2196 1206; x_wconf 90' lang='lat' dir='ltr'><strong>tate,</strong></span> <span class='ocrx_word' id='word_1_305' title='bbox 2226 1135 2365 1209; x_wconf 88' lang='lat' dir='ltr'><strong>quia</strong></span> <span class='ocrx_word' id='word_1_306' title='bbox 2400 1135 2553 1194; x_wconf 91' lang='lat' dir='ltr'><strong>alius</strong></span> <span class='ocrx_word' id='word_1_307' title='bbox 2586 1144 2671 1194; x_wconf 91' lang='lat' dir='ltr'><strong>est</strong></span> <span class='ocrx_word' id='word_1_308' title='bbox 2715 1137 2789 1195; x_wconf 83' lang='lat' dir='ltr'><strong>ab</strong></span> <span class='ocrx_word' id='word_1_309' title='bbox 2833 1137 2955 1210; x_wconf 93' lang='lat' dir='ltr'><strong>illo,</strong></span> <span class='ocrx_word' id='word_1_310' title='bbox 2988 1136 3160 1210; x_wconf 89' lang='lat' dir='ltr'><strong>alius,</strong></span> <span class='ocrx_word' id='word_1_311' title='bbox 3207 1138 3353 1209; x_wconf 86' lang='lat' dir='ltr'><strong>dico,</strong></span> <span class='ocrx_word' id='word_1_312' title='bbox 3401 1154 3515 1197; x_wconf 92' lang='lat' dir='ltr'><strong>non</strong></span> <span class='ocrx_word' id='word_1_313' title='bbox 3568 1138 3725 1198; x_wconf 90' lang='lat' dir='ltr'><strong>aliud</strong></span> <span class='ocrx_word' id='word_1_314' title='bbox 3757 1162 3770 1197; x_wconf 91' lang='lat'><strong>:</strong></span> 
     </span>
    </p>
   </div>
   <div class='ocr_carea' id='block_1_41' title="bbox 2066 1223 3771 1302">
    <p class='ocr_par' dir='ltr' id='par_1_41' title="bbox 2066 1223 3771 1302">
     <span class='ocr_line' id='line_1_41' title="bbox 2066 1223 3771 1302; baseline 0.001 -22"><span class='ocrx_word' id='word_1_315' title='bbox 2066 1248 2092 1271; x_wconf 82' lang='lat'><strong><em>«</em></strong></span> <span class='ocrx_word' id='word_1_316' title='bbox 2149 1223 2289 1297; x_wconf 88' lang='lat' dir='ltr'><strong>Ego,</strong></span> <span class='ocrx_word' id='word_1_317' title='bbox 2322 1223 2534 1297; x_wconf 88' lang='lat' dir='ltr'><strong>inquit,</strong></span> <span class='ocrx_word' id='word_1_318' title='bbox 2573 1230 2628 1283; x_wconf 91' lang='lat' dir='ltr'><strong>et</strong></span> <span class='ocrx_word' id='word_1_319' title='bbox 2677 1225 2861 1297; x_wconf 91' lang='lat' dir='ltr'><strong>Pater,</strong></span> <span class='ocrx_word' id='word_1_320' title='bbox 2902 1241 3088 1285; x_wconf 92' lang='lat' dir='ltr'><strong>unum</strong></span> <span class='ocrx_word' id='word_1_321' title='bbox 3133 1241 3337 1286; x_wconf 91' lang='lat' dir='ltr'><strong>sumus</strong></span> <span class='ocrx_word' id='word_1_322' title='bbox 3384 1229 3559 1301; x_wconf 86' lang='lat' dir='ltr'><strong>(Joan.</strong></span> <span class='ocrx_word' id='word_1_323' title='bbox 3606 1231 3685 1302; x_wconf 92' lang='lat' dir='ltr'><strong>X).</strong></span> <span class='ocrx_word' id='word_1_324' title='bbox 3742 1249 3771 1282; x_wconf 80' lang='grc'><strong>»</strong></span> 
     </span>
    </p>
   </div>
   <div class='ocr_carea' id='block_1_42' title="bbox 2070 1313 3778 1392">
    <p class='ocr_par' dir='ltr' id='par_1_42' title="bbox 2070 1313 3778 1392">
     <span class='ocr_line' id='line_1_42' title="bbox 2070 1313 3778 1392; baseline 0.002 -20"><span class='ocrx_word' id='word_1_325' title='bbox 2070 1313 2260 1373; x_wconf 92' lang='lat' dir='ltr'><strong>Unum</strong></span> <span class='ocrx_word' id='word_1_326' title='bbox 2290 1314 2462 1385; x_wconf 83' lang='lat' dir='ltr'><strong>dixit,</strong></span> <span class='ocrx_word' id='word_1_327' title='bbox 2484 1331 2600 1373; x_wconf 91' lang='lat' dir='ltr'><strong>non</strong></span> <span class='ocrx_word' id='word_1_328' title='bbox 2631 1332 2807 1390; x_wconf 90' lang='lat' dir='ltr'><strong>unus,</strong></span> <span class='ocrx_word' id='word_1_329' title='bbox 2837 1317 2976 1392; x_wconf 90' lang='lat' dir='ltr'><strong>quia</strong></span> <span class='ocrx_word' id='word_1_330' title='bbox 3001 1332 3192 1376; x_wconf 91' lang='lat' dir='ltr'><strong>unum</strong></span> <span class='ocrx_word' id='word_1_331' title='bbox 3214 1316 3498 1392; x_wconf 88' lang='lat' dir='ltr'><strong>signiﬁcat</strong></span> <span class='ocrx_word' id='word_1_332' title='bbox 3515 1318 3778 1377; x_wconf 90' lang='lat' dir='ltr'><strong>substan-</strong></span> 
     </span>
    </p>
   </div>
   <div class='ocr_carea' id='block_1_43' title="bbox 2062 1401 3769 1479">
    <p class='ocr_par' dir='ltr' id='par_1_43' title="bbox 2062 1401 3769 1479">
     <span class='ocr_line' id='line_1_43' title="bbox 2062 1401 3769 1479; baseline 0.003 -19"><span class='ocrx_word' id='word_1_333' title='bbox 2062 1401 2159 1460; x_wconf 90' lang='lat' dir='ltr'><strong>tia</strong></span> <span class='ocrx_word' id='word_1_334' title='bbox 2193 1403 2498 1473; x_wconf 90' lang='lat' dir='ltr'><strong>unitatem,</strong></span> <span class='ocrx_word' id='word_1_335' title='bbox 2533 1419 2741 1463; x_wconf 92' lang='lat' dir='ltr'><strong>sumus</strong></span> <span class='ocrx_word' id='word_1_336' title='bbox 2769 1419 2904 1463; x_wconf 88' lang='lat' dir='ltr'><strong>vero</strong></span> <span class='ocrx_word' id='word_1_337' title='bbox 2942 1420 3320 1478; x_wconf 88' lang='lat' dir='ltr'><strong>personarum</strong></span> <span class='ocrx_word' id='word_1_338' title='bbox 3345 1406 3769 1479; x_wconf 90' lang='lat' dir='ltr'><strong>proprietatem.</strong></span> 
     </span>
    </p>
   </div>
   <div class='ocr_carea' id='block_1_44' title="bbox 2064 1489 3773 1566">
    <p class='ocr_par' dir='ltr' id='par_1_44' title="bbox 2064 1489 3773 1566">
     <span class='ocr_line' id='line_1_44' title="bbox 2064 1489 3773 1566; baseline 0.002 -17"><span class='ocrx_word' id='word_1_339' title='bbox 2064 1489 2158 1550; x_wconf 92' lang='lat' dir='ltr'><strong>Sic</strong></span> <span class='ocrx_word' id='word_1_340' title='bbox 2184 1491 2365 1565; x_wconf 90' lang='lat' dir='ltr'><strong>igitur</strong></span> <span class='ocrx_word' id='word_1_341' title='bbox 2393 1499 2448 1550; x_wconf 91' lang='lat' dir='ltr'><strong>et</strong></span> <span class='ocrx_word' id='word_1_342' title='bbox 2472 1492 2641 1566; x_wconf 89' lang='lat' dir='ltr'><strong>longe</strong></span> <span class='ocrx_word' id='word_1_343' title='bbox 2669 1494 3061 1552; x_wconf 79' lang='lat' dir='ltr'><strong>excellentiori</strong></span> <span class='ocrx_word' id='word_1_344' title='bbox 3090 1495 3261 1553; x_wconf 92' lang='lat' dir='ltr'><strong>modo</strong></span> <span class='ocrx_word' id='word_1_345' title='bbox 3288 1494 3360 1552; x_wconf 90' lang='lat' dir='ltr'><strong>de</strong></span> <span class='ocrx_word' id='word_1_346' title='bbox 3390 1493 3555 1553; x_wconf 89' lang='lat' dir='ltr'><strong>Patre</strong></span> <span class='ocrx_word' id='word_1_347' title='bbox 3583 1494 3773 1553; x_wconf 88' lang='lat' dir='ltr'><strong>Filius</strong></span> 
     </span>
    </p>
   </div>
   <div class='ocr_carea' id='block_1_45' title="bbox 2058 1579 3772 1658">
    <p class='ocr_par' dir='ltr' id='par_1_45' title="bbox 2058 1579 3772 1658">
     <span class='ocr_line' id='line_1_45' title="bbox 2058 1579 3772 1658; baseline 0.004 -22"><span class='ocrx_word' id='word_1_348' title='bbox 2058 1579 2357 1653; x_wconf 88' lang='lat' dir='ltr'><strong>egrediens</strong></span> <span class='ocrx_word' id='word_1_349' title='bbox 2412 1580 2661 1641; x_wconf 90' lang='lat' dir='ltr'><strong>inundat</strong></span> <span class='ocrx_word' id='word_1_350' title='bbox 2715 1582 3003 1655; x_wconf 90' lang='lat' dir='ltr'><strong>angelicas</strong></span> <span class='ocrx_word' id='word_1_351' title='bbox 3062 1584 3353 1656; x_wconf 89' lang='lat' dir='ltr'><strong>stationes,</strong></span> <span class='ocrx_word' id='word_1_352' title='bbox 3392 1583 3550 1658; x_wconf 90' lang='lat' dir='ltr'><strong>quia,</strong></span> <span class='ocrx_word' id='word_1_353' title='bbox 3597 1584 3772 1658; x_wconf 79' lang='lat' dir='ltr'><strong>juxta</strong></span> 
     </span>
    </p>
   </div>
   <div class='ocr_carea' id='block_1_46' title="bbox 2061 1667 3766 1746">
    <p class='ocr_par' dir='ltr' id='par_1_46' title="bbox 2061 1667 3766 1746">
     <span class='ocr_line' id='line_1_46' title="bbox 2061 1667 3766 1746; baseline 0.004 -20"><span class='ocrx_word' id='word_1_354' title='bbox 2061 1667 2429 1727; x_wconf 89' lang='lat' dir='ltr'><strong>Salomonem</strong></span> <span class='ocrx_word' id='word_1_355' title='bbox 2456 1715 2471 1742; x_wconf 91' lang='lat'><strong>,</strong></span> <span class='ocrx_word' id='word_1_356' title='bbox 2526 1692 2546 1721; x_wconf 76' lang='grc' dir='ltr'>ι</span> <span class='ocrx_word' id='word_1_357' title='bbox 2589 1670 2715 1729; x_wconf 90' lang='lat' dir='ltr'><strong>fons</strong></span> <span class='ocrx_word' id='word_1_358' title='bbox 2776 1671 3075 1746; x_wconf 89' lang='lat' dir='ltr'><strong>sapientia</strong></span> <span class='ocrx_word' id='word_1_359' title='bbox 3124 1671 3379 1732; x_wconf 89' lang='lat' dir='ltr'><strong>Verbum</strong></span> <span class='ocrx_word' id='word_1_360' title='bbox 3421 1669 3517 1728; x_wconf 84' lang='lat'><strong>53</strong></span> <span class='ocrx_word' id='word_1_361' title='bbox 3565 1672 3667 1731; x_wconf 93' lang='lat' dir='ltr'><strong>Dei</strong></span> <span class='ocrx_word' id='word_1_362' title='bbox 3706 1673 3766 1732; x_wconf 89' lang='lat' dir='ltr'><strong>in</strong></span> 
     </span>
    </p>
   </div>
   <div class='ocr_carea' id='block_1_47' title="bbox 518 1757 3770 1840">
    <p class='ocr_par' dir='ltr' id='par_1_47' title="bbox 518 1757 3770 1840">
     <span class='ocr_line' id='line_1_47' title="bbox 518 1757 3770 1840; baseline -0 -12"><span class='ocrx_word' id='word_1_363' title='bbox 518 1792 538 1822; x_wconf 77' lang='grc' dir='ltr'>ι</span> <span class='ocrx_word' id='word_1_364' title='bbox 607 1769 718 1840; x_wconf 88' lang='lat' dir='ltr'><strong>Qui</strong></span> <span class='ocrx_word' id='word_1_365' title='bbox 776 1770 934 1828; x_wconf 92' lang='lat' dir='ltr'><strong>solus</strong></span> <span class='ocrx_word' id='word_1_366' title='bbox 989 1768 1208 1827; x_wconf 87' lang='lat' dir='ltr'><strong>habitat</strong></span> <span class='ocrx_word' id='word_1_367' title='bbox 1266 1769 1457 1827; x_wconf 88' lang='lat' dir='ltr'><strong>lucem</strong></span> <span class='ocrx_word' id='word_1_368' title='bbox 1514 1757 2304 1837; x_wconf 69' lang='lat' dir='ltr'><strong>inaccessibilemBeXColSiS</strong></span> <span class='ocrx_word' id='word_1_369' title='bbox 2346 1762 2698 1830; x_wconf 48' lang='lat' dir='ltr'><strong>(Ecca-1L»</strong></span> <span class='ocrx_word' id='word_1_370' title='bbox 2748 1761 3108 1822; x_wconf 65' lang='lat' dir='ltr'><strong>Cithal‘fﬁdus</strong></span> <span class='ocrx_word' id='word_1_371' title='bbox 3161 1776 3305 1837; x_wconf 76' lang='lat' dir='ltr'><strong>puer</strong></span> <span class='ocrx_word' id='word_1_372' title='bbox 3333 1763 3403 1821; x_wconf 83' lang='lat' dir='ltr'><strong>de</strong></span> <span class='ocrx_word' id='word_1_373' title='bbox 3453 1762 3564 1821; x_wconf 85' lang='lat' dir='ltr'><strong>hoc</strong></span> <span class='ocrx_word' id='word_1_374' title='bbox 3615 1763 3770 1821; x_wconf 78' lang='lat' dir='ltr'><strong>fonte</strong></span> 
     </span>
    </p>
   </div>
   <div class='ocr_carea' id='block_1_48' title="bbox 2057 1845 3770 1925">
    <p class='ocr_par' dir='ltr' id='par_1_48' title="bbox 2057 1845 3770 1925">
     <span class='ocr_line' id='line_1_48' title="bbox 2057 1845 3770 1925; baseline 0.005 -22"><span class='ocrx_word' id='word_1_375' title='bbox 2057 1845 2227 1920; x_wconf 89' lang='lat' dir='ltr'><strong>pleno</strong></span> <span class='ocrx_word' id='word_1_376' title='bbox 2275 1856 2474 1906; x_wconf 89' lang='lat' dir='ltr'><strong>ventre</strong></span> <span class='ocrx_word' id='word_1_377' title='bbox 2520 1855 2834 1922; x_wconf 89' lang='lat' dir='ltr'><strong>potaverat,</strong></span> <span class='ocrx_word' id='word_1_378' title='bbox 2867 1866 3001 1909; x_wconf 90' lang='lat' dir='ltr'><strong>cum</strong></span> <span class='ocrx_word' id='word_1_379' title='bbox 3047 1850 3303 1910; x_wconf 89' lang='lat' dir='ltr'><strong>diceret:</strong></span> <span class='ocrx_word' id='word_1_380' title='bbox 3342 1878 3367 1902; x_wconf 77' lang='grc' dir='ltr'><strong>α</strong></span> <span class='ocrx_word' id='word_1_381' title='bbox 3394 1852 3561 1925; x_wconf 88' lang='lat' dir='ltr'><strong>Apud</strong></span> <span class='ocrx_word' id='word_1_382' title='bbox 3595 1858 3647 1909; x_wconf 89' lang='lat' dir='ltr'><strong>te</strong></span> <span class='ocrx_word' id='word_1_383' title='bbox 3684 1859 3770 1911; x_wconf 91' lang='lat' dir='ltr'><strong>est</strong></span> 
     </span>
    </p>
   </div>
   <div class='ocr_carea' id='block_1_49' title="bbox 2054 1934 3767 2011">
    <p class='ocr_par' dir='ltr' id='par_1_49' title="bbox 2054 1934 3767 2011">
     <span class='ocr_line' id='line_1_49' title="bbox 2054 1934 3767 2011; baseline 0.005 -20"><span class='ocrx_word' id='word_1_384' title='bbox 2054 1934 2184 1993; x_wconf 91' lang='lat' dir='ltr'><strong>fons</strong></span> <span class='ocrx_word' id='word_1_385' title='bbox 2211 1934 2347 1994; x_wconf 88' lang='lat' dir='ltr'><strong>vita</strong></span> <span class='ocrx_word' id='word_1_386' title='bbox 2379 1939 2547 2005; x_wconf 88' lang='lat' dir='ltr'><strong>(Psal.</strong></span> <span class='ocrx_word' id='word_1_387' title='bbox 2577 1946 2799 2008; x_wconf 87' lang='lat' dir='ltr'><strong>XXXV),</strong></span> <span class='ocrx_word' id='word_1_388' title='bbox 2824 1961 2843 1989; x_wconf 78' lang='grc' dir='ltr'><strong>ι·</strong></span> <span class='ocrx_word' id='word_1_389' title='bbox 2879 1938 3016 2011; x_wconf 89' lang='lat' dir='ltr'><strong>quia</strong></span> <span class='ocrx_word' id='word_1_390' title='bbox 3044 1953 3159 1997; x_wconf 92' lang='lat' dir='ltr'><strong>non</strong></span> <span class='ocrx_word' id='word_1_391' title='bbox 3191 1939 3378 1999; x_wconf 90' lang='lat' dir='ltr'><strong>solum</strong></span> <span class='ocrx_word' id='word_1_392' title='bbox 3411 1945 3473 1998; x_wconf 88' lang='lat' dir='ltr'><strong>tu</strong></span> <span class='ocrx_word' id='word_1_393' title='bbox 3504 1939 3640 2010; x_wconf 85' lang='lat' dir='ltr'><strong>vita,</strong></span> <span class='ocrx_word' id='word_1_394' title='bbox 3669 1941 3767 2000; x_wconf 91' lang='lat' dir='ltr'><strong>sed</strong></span> 
     </span>
    </p>
   </div>
   <div class='ocr_carea' id='block_1_50' title="bbox 2053 2013 3765 2103">
    <p class='ocr_par' dir='ltr' id='par_1_50' title="bbox 2053 2013 3765 2103">
     <span class='ocr_line' id='line_1_50' title="bbox 2053 2013 3765 2103; baseline 0.004 -22"><span class='ocrx_word' id='word_1_395' title='bbox 2053 2029 2108 2081; x_wconf 88' lang='lat' dir='ltr'><strong>et</strong></span> <span class='ocrx_word' id='word_1_396' title='bbox 2153 2022 2338 2082; x_wconf 90' lang='lat' dir='ltr'><strong>Filius</strong></span> <span class='ocrx_word' id='word_1_397' title='bbox 2382 2013 2514 2083; x_wconf 81' lang='lat' dir='ltr'><strong>tutis</strong></span> <span class='ocrx_word' id='word_1_398' title='bbox 2563 2024 2691 2084; x_wconf 89' lang='lat' dir='ltr'><strong>fons</strong></span> <span class='ocrx_word' id='word_1_399' title='bbox 2734 2026 2869 2084; x_wconf 90' lang='lat' dir='ltr'><strong>vita</strong></span> <span class='ocrx_word' id='word_1_400' title='bbox 2912 2032 3014 2085; x_wconf 91' lang='lat' dir='ltr'><strong>est.</strong></span> <span class='ocrx_word' id='word_1_401' title='bbox 3067 2027 3157 2098; x_wconf 90' lang='lat' dir='ltr'><strong>Et,</strong></span> <span class='ocrx_word' id='word_1_402' title='bbox 3199 2032 3262 2087; x_wconf 89' lang='lat' dir='ltr'><strong>ut</strong></span> <span class='ocrx_word' id='word_1_403' title='bbox 3306 2032 3563 2102; x_wconf 89' lang='lat' dir='ltr'><strong>patenter</strong></span> <span class='ocrx_word' id='word_1_404' title='bbox 3618 2026 3765 2103; x_wconf 91' lang='lat' dir='ltr'><strong>quid</strong></span> 
     </span>
    </p>
   </div>
   <div class='ocr_carea' id='block_1_51' title="bbox 2053 2113 3764 2191">
    <p class='ocr_par' dir='ltr' id='par_1_51' title="bbox 2053 2113 3764 2191">
     <span class='ocr_line' id='line_1_51' title="bbox 2053 2113 3764 2191; baseline 0.004 -20"><span class='ocrx_word' id='word_1_405' title='bbox 2053 2113 2351 2187; x_wconf 88' lang='lat' dir='ltr'><strong>sentiebat,</strong></span> <span class='ocrx_word' id='word_1_406' title='bbox 2400 2115 2739 2185; x_wconf 89' lang='lat' dir='ltr'><strong>ostenderet,</strong></span> <span class='ocrx_word' id='word_1_407' title='bbox 2786 2116 3097 2191; x_wconf 85' lang='lat' dir='ltr'><strong>subjuuxit</strong></span> <span class='ocrx_word' id='word_1_408' title='bbox 3146 2138 3158 2176; x_wconf 93' lang='lat'><strong>:</strong></span> <span class='ocrx_word' id='word_1_409' title='bbox 3209 2143 3230 2171; x_wconf 74' lang='grc' dir='ltr'>ι</span> <span class='ocrx_word' id='word_1_410' title='bbox 3285 2118 3354 2177; x_wconf 84' lang='grc' dir='ltr'><strong>ΙΙΙ</strong></span> <span class='ocrx_word' id='word_1_411' title='bbox 3404 2119 3626 2179; x_wconf 90' lang='lat' dir='ltr'><strong>lumine</strong></span> <span class='ocrx_word' id='word_1_412' title='bbox 3663 2125 3764 2180; x_wconf 93' lang='lat' dir='ltr'><strong>tuo</strong></span> 
     </span>
    </p>
   </div>
   <div class='ocr_carea' id='block_1_52' title="bbox 2052 2204 2897 2277">
    <p class='ocr_par' dir='ltr' id='par_1_52' title="bbox 2052 2204 2897 2277">
     <span class='ocr_line' id='line_1_52' title="bbox 2052 2204 2897 2277; baseline -0.001 -15"><span class='ocrx_word' id='word_1_413' title='bbox 2052 2204 2380 2263; x_wconf 89' lang='lat' dir='ltr'><strong>videbimus</strong></span> <span class='ocrx_word' id='word_1_414' title='bbox 2399 2205 2597 2264; x_wconf 91' lang='lat' dir='ltr'><strong>lumen</strong></span> <span class='ocrx_word' id='word_1_415' title='bbox 2624 2208 2832 2277; x_wconf 61' lang='lat' dir='ltr'><strong>(Ibid).</strong></span> <span class='ocrx_word' id='word_1_416' title='bbox 2876 2231 2897 2261; x_wconf 74' lang='grc' dir='ltr'><strong><em>ι</em></strong></span> 
     </span>
    </p>
   </div>
   <div class='ocr_carea' id='block_1_53' title="bbox 2127 2293 3763 2372">
    <p class='ocr_par' dir='ltr' id='par_1_53' title="bbox 2127 2293 3763 2372">
     <span class='ocr_line' id='line_1_53' title="bbox 2127 2293 3763 2372; baseline 0.005 -23"><span class='ocrx_word' id='word_1_417' title='bbox 2127 2314 2148 2343; x_wconf 77' lang='grc' dir='ltr'>ι</span> <span class='ocrx_word' id='word_1_418' title='bbox 2211 2294 2298 2350; x_wconf 86' lang='lat' dir='ltr'><strong>Ad</strong></span> <span class='ocrx_word' id='word_1_419' title='bbox 2354 2293 2711 2367; x_wconf 86' lang='lat' dir='ltr'><strong>irrigandam</strong></span> <span class='ocrx_word' id='word_1_420' title='bbox 2788 2296 3121 2355; x_wconf 88' lang='lat' dir='ltr'><strong>universam</strong></span> <span class='ocrx_word' id='word_1_421' title='bbox 3186 2297 3548 2372; x_wconf 90' lang='lat' dir='ltr'><strong>superﬁciem</strong></span> <span class='ocrx_word' id='word_1_422' title='bbox 3599 2307 3763 2358; x_wconf 88' lang='lat' dir='ltr'><strong>terra</strong></span> 
     </span>
    </p>
   </div>
   <div class='ocr_carea' id='block_1_54' title="bbox 2052 2382 3761 2457">
    <p class='ocr_par' dir='ltr' id='par_1_54' title="bbox 2052 2382 3761 2457">
     <span class='ocr_line' id='line_1_54' title="bbox 2052 2382 3761 2457; baseline 0.004 -18"><span class='ocrx_word' id='word_1_423' title='bbox 2052 2384 2202 2455; x_wconf 88' lang='lat' dir='ltr'><strong>(Gen.</strong></span> <span class='ocrx_word' id='word_1_424' title='bbox 2232 2384 2317 2457; x_wconf 89' lang='lat' dir='ltr'><strong>II).</strong></span> <span class='ocrx_word' id='word_1_425' title='bbox 2356 2409 2381 2433; x_wconf 77' lang='grc' dir='ltr'><strong><em>ιο</em></strong></span> <span class='ocrx_word' id='word_1_426' title='bbox 2417 2382 2697 2452; x_wconf 89' lang='lat' dir='ltr'><strong>Quanam</strong></span> <span class='ocrx_word' id='word_1_427' title='bbox 2726 2393 2876 2444; x_wconf 90' lang='lat' dir='ltr'><strong>terra</strong></span> <span class='ocrx_word' id='word_1_428' title='bbox 2912 2392 2998 2444; x_wconf 92' lang='lat' dir='ltr'><strong>est</strong></span> <span class='ocrx_word' id='word_1_429' title='bbox 3042 2387 3105 2444; x_wconf 90' lang='lat' dir='ltr'><strong>in</strong></span> <span class='ocrx_word' id='word_1_430' title='bbox 3147 2384 3248 2444; x_wconf 91' lang='lat' dir='ltr'><strong>illa</strong></span> <span class='ocrx_word' id='word_1_431' title='bbox 3280 2385 3557 2447; x_wconf 80' lang='lat' dir='ltr'><strong>calorum</strong></span> <span class='ocrx_word' id='word_1_432' title='bbox 3602 2403 3761 2447; x_wconf 89' lang='lat' dir='ltr'><strong>sum-</strong></span> 
     </span>
    </p>
   </div>
   <div class='ocr_carea' id='block_1_55' title="bbox 2050 2474 3762 2553">
    <p class='ocr_par' dir='ltr' id='par_1_55' title="bbox 2050 2474 3762 2553">
     <span class='ocr_line' id='line_1_55' title="bbox 2050 2474 3762 2553; baseline 0.005 -23"><span class='ocrx_word' id='word_1_433' title='bbox 2050 2474 2247 2532; x_wconf 90' lang='lat' dir='ltr'><strong>mitate</strong></span> <span class='ocrx_word' id='word_1_434' title='bbox 2289 2474 2556 2548; x_wconf 89' lang='lat' dir='ltr'><strong>reposita,</strong></span> <span class='ocrx_word' id='word_1_435' title='bbox 2619 2490 2794 2549; x_wconf 89' lang='lat' dir='ltr'><strong>quam</strong></span> <span class='ocrx_word' id='word_1_436' title='bbox 2852 2492 2972 2535; x_wconf 92' lang='lat' dir='ltr'><strong>non</strong></span> <span class='ocrx_word' id='word_1_437' title='bbox 3030 2477 3399 2550; x_wconf 85' lang='lat' dir='ltr'><strong>praterﬂuat,</strong></span> <span class='ocrx_word' id='word_1_438' title='bbox 3458 2484 3514 2537; x_wconf 90' lang='lat' dir='ltr'><strong>et</strong></span> <span class='ocrx_word' id='word_1_439' title='bbox 3564 2478 3762 2553; x_wconf 90' lang='lat' dir='ltr'><strong>irriget</strong></span> 
     </span>
    </p>
   </div>
   <div class='ocr_carea' id='block_1_56' title="bbox 2048 2561 3760 2638">
    <p class='ocr_par' dir='ltr' id='par_1_56' title="bbox 2048 2561 3760 2638">
     <span class='ocr_line' id='line_1_56' title="bbox 2048 2561 3760 2638; baseline 0.004 -20"><span class='ocrx_word' id='word_1_440' title='bbox 2048 2561 2264 2621; x_wconf 87' lang='lat' dir='ltr'><strong>ﬂuvius</strong></span> <span class='ocrx_word' id='word_1_441' title='bbox 2290 2561 2620 2636; x_wconf 85' lang='lat' dir='ltr'><strong>gloriosus?</strong></span> <span class='ocrx_word' id='word_1_442' title='bbox 2650 2564 2917 2638; x_wconf 86' lang='lat' dir='ltr'><strong>Regnum</strong></span> <span class='ocrx_word' id='word_1_443' title='bbox 2947 2566 3222 2625; x_wconf 80' lang='lat' dir='ltr'><strong>calorum</strong></span> <span class='ocrx_word' id='word_1_444' title='bbox 3261 2572 3406 2625; x_wconf 90' lang='lat' dir='ltr'><strong>terra</strong></span> <span class='ocrx_word' id='word_1_445' title='bbox 3432 2566 3760 2626; x_wconf 87' lang='lat' dir='ltr'><strong>viventium</strong></span> 
     </span>
    </p>
   </div>
   <div class='ocr_carea' id='block_1_57' title="bbox 2047 2649 3758 2727">
    <p class='ocr_par' dir='ltr' id='par_1_57' title="bbox 2047 2649 3758 2727">
     <span class='ocr_line' id='line_1_57' title="bbox 2047 2649 3758 2727; baseline 0.005 -21"><span class='ocrx_word' id='word_1_446' title='bbox 2047 2656 2150 2721; x_wconf 89' lang='lat' dir='ltr'><strong>est,</strong></span> <span class='ocrx_word' id='word_1_447' title='bbox 2187 2649 2257 2707; x_wconf 88' lang='lat' dir='ltr'><strong>de</strong></span> <span class='ocrx_word' id='word_1_448' title='bbox 2303 2665 2420 2723; x_wconf 92' lang='lat' dir='ltr'><strong>qua</strong></span> <span class='ocrx_word' id='word_1_449' title='bbox 2458 2650 2596 2709; x_wconf 92' lang='lat' dir='ltr'><strong>dicit</strong></span> <span class='ocrx_word' id='word_1_450' title='bbox 2622 2661 2894 2712; x_wconf 87' lang='lat' dir='ltr'><strong>sanctus:</strong></span> <span class='ocrx_word' id='word_1_451' title='bbox 2934 2676 2955 2705; x_wconf 80' lang='grc' dir='ltr'>ι</span> <span class='ocrx_word' id='word_1_452' title='bbox 2997 2654 3188 2713; x_wconf 91' lang='lat' dir='ltr'><strong>Portio</strong></span> <span class='ocrx_word' id='word_1_453' title='bbox 3217 2670 3368 2727; x_wconf 91' lang='lat' dir='ltr'><strong>mea,</strong></span> <span class='ocrx_word' id='word_1_454' title='bbox 3400 2655 3661 2725; x_wconf 89' lang='lat' dir='ltr'><strong>Domine,</strong></span> <span class='ocrx_word' id='word_1_455' title='bbox 3696 2656 3758 2714; x_wconf 89' lang='lat' dir='ltr'><strong>in</strong></span> 
     </span>
    </p>
   </div>
   <div class='ocr_carea' id='block_1_58' title="bbox 2048 2740 3759 2814">
    <p class='ocr_par' dir='ltr' id='par_1_58' title="bbox 2048 2740 3759 2814">
     <span class='ocr_line' id='line_1_58' title="bbox 2048 2740 3759 2814; baseline 0.005 -19"><span class='ocrx_word' id='word_1_456' title='bbox 2048 2746 2195 2796; x_wconf 88' lang='lat' dir='ltr'><strong>terra</strong></span> <span class='ocrx_word' id='word_1_457' title='bbox 2247 2740 2573 2801; x_wconf 88' lang='lat' dir='ltr'><strong>viventium</strong></span> <span class='ocrx_word' id='word_1_458' title='bbox 2624 2746 2799 2813; x_wconf 83' lang='lat' dir='ltr'><strong>(Psal.</strong></span> <span class='ocrx_word' id='word_1_459' title='bbox 2847 2749 2996 2814; x_wconf 87' lang='lat' dir='ltr'><strong>XIV).</strong></span> <span class='ocrx_word' id='word_1_460' title='bbox 3052 2770 3071 2796; x_wconf 78' lang='grc' dir='ltr'>ι</span> <span class='ocrx_word' id='word_1_461' title='bbox 3116 2744 3187 2803; x_wconf 88' lang='lat' dir='ltr'><strong>Et</strong></span> <span class='ocrx_word' id='word_1_462' title='bbox 3241 2765 3254 2803; x_wconf 91' lang='lat'><strong>:</strong></span> <span class='ocrx_word' id='word_1_463' title='bbox 3299 2771 3324 2795; x_wconf 86' lang='lat'><strong>«</strong></span> <span class='ocrx_word' id='word_1_464' title='bbox 3354 2742 3536 2803; x_wconf 88' lang='lat' dir='ltr'><strong>Credo</strong></span> <span class='ocrx_word' id='word_1_465' title='bbox 3567 2745 3759 2804; x_wconf 88' lang='lat' dir='ltr'><strong>videre</strong></span> 
     </span>
    </p>
   </div>
   <div class='ocr_carea' id='block_1_59' title="bbox 2046 2825 3753 2908">
    <p class='ocr_par' dir='ltr' id='par_1_59' title="bbox 2046 2825 3753 2908">
     <span class='ocr_line' id='line_1_59' title="bbox 2046 2825 3753 2908; baseline 0.005 -25"><span class='ocrx_word' id='word_1_466' title='bbox 2046 2825 2195 2884; x_wconf 91' lang='lat' dir='ltr'><strong>bona</strong></span> <span class='ocrx_word' id='word_1_467' title='bbox 2236 2827 2475 2888; x_wconf 89' lang='lat' dir='ltr'><strong>Domini</strong></span> <span class='ocrx_word' id='word_1_468' title='bbox 2519 2830 2582 2888; x_wconf 93' lang='lat' dir='ltr'><strong>in</strong></span> <span class='ocrx_word' id='word_1_469' title='bbox 2641 2838 2788 2890; x_wconf 91' lang='lat' dir='ltr'><strong>terra</strong></span> <span class='ocrx_word' id='word_1_470' title='bbox 2822 2833 3149 2891; x_wconf 87' lang='lat' dir='ltr'><strong>viventium</strong></span> <span class='ocrx_word' id='word_1_471' title='bbox 3176 2836 3338 2908; x_wconf 86' lang='lat' dir='ltr'><strong>(Psal.</strong></span> <span class='ocrx_word' id='word_1_472' title='bbox 3374 2835 3569 2905; x_wconf 84' lang='lat' dir='ltr'><strong>XXVI).</strong></span> <span class='ocrx_word' id='word_1_473' title='bbox 3607 2857 3627 2883; x_wconf 78' lang='grc' dir='ltr'><strong>υ</strong></span> <span class='ocrx_word' id='word_1_474' title='bbox 3662 2833 3753 2906; x_wconf 90' lang='lat' dir='ltr'><strong>Et,</strong></span> 
     </span>
    </p>
   </div>
   <div class='ocr_carea' id='block_1_60' title="bbox 2050 2915 3756 2996">
    <p class='ocr_par' dir='ltr' id='par_1_60' title="bbox 2050 2915 3756 2996">
     <span class='ocr_line' id='line_1_60' title="bbox 2050 2915 3756 2996; baseline 0.005 -23"><span class='ocrx_word' id='word_1_475' title='bbox 2050 2941 2075 2965; x_wconf 82' lang='lat'><strong><em>«</em></strong></span> <span class='ocrx_word' id='word_1_476' title='bbox 2106 2915 2346 2976; x_wconf 90' lang='lat' dir='ltr'><strong>Placebo</strong></span> <span class='ocrx_word' id='word_1_477' title='bbox 2379 2919 2625 2979; x_wconf 91' lang='lat' dir='ltr'><strong>Domino</strong></span> <span class='ocrx_word' id='word_1_478' title='bbox 2656 2921 2718 2979; x_wconf 90' lang='lat' dir='ltr'><strong>in</strong></span> <span class='ocrx_word' id='word_1_479' title='bbox 2745 2923 2978 2996; x_wconf 87' lang='lat' dir='ltr'><strong>regione</strong></span> <span class='ocrx_word' id='word_1_480' title='bbox 3006 2921 3276 2981; x_wconf 89' lang='lat' dir='ltr'><strong>vivorum</strong></span> <span class='ocrx_word' id='word_1_481' title='bbox 3309 2927 3517 2993; x_wconf 84' lang='lat' dir='ltr'><strong>(CXIV).</strong></span> <span class='ocrx_word' id='word_1_482' title='bbox 3558 2948 3583 2971; x_wconf 71' lang='grc' dir='ltr'><strong>υ</strong></span> <span class='ocrx_word' id='word_1_483' title='bbox 3614 2920 3756 2981; x_wconf 91' lang='lat' dir='ltr'><strong>Irri-</strong></span> 
     </span>
    </p>
   </div>
   <div class='ocr_carea' id='block_1_61' title="bbox 247 3005 3757 3087">
    <p class='ocr_par' dir='ltr' id='par_1_61' title="bbox 247 3005 3757 3087">
     <span class='ocr_line' id='line_1_61' title="bbox 247 3005 3757 3087; baseline 0 -18"><span class='ocrx_word' id='word_1_484' title='bbox 247 3010 472 3081; x_wconf 89' lang='lat' dir='ltr'><strong>Nescio,</strong></span> <span class='ocrx_word' id='word_1_485' title='bbox 530 3018 727 3069; x_wconf 89' lang='lat' dir='ltr'><strong>utrum</strong></span> <span class='ocrx_word' id='word_1_486' title='bbox 778 3008 850 3066; x_wconf 88' lang='lat' dir='ltr'><strong>ab</strong></span> <span class='ocrx_word' id='word_1_487' title='bbox 900 3008 1001 3067; x_wconf 92' lang='lat' dir='ltr'><strong>illa</strong></span> <span class='ocrx_word' id='word_1_488' title='bbox 1052 3008 1459 3067; x_wconf 85' lang='lat' dir='ltr'><strong>excellentiore</strong></span> <span class='ocrx_word' id='word_1_489' title='bbox 1510 3016 1718 3068; x_wconf 90' lang='lat' dir='ltr'><strong>natura</strong></span> <span class='ocrx_word' id='word_1_490' title='bbox 1774 3012 1962 3069; x_wconf 86' lang='lat' dir='ltr'><strong>valeat</strong></span> <span class='ocrx_word' id='word_1_491' title='bbox 2043 3005 2193 3078; x_wconf 83' lang='lat' dir='ltr'><strong>gatio</strong></span> <span class='ocrx_word' id='word_1_492' title='bbox 2240 3007 2362 3066; x_wconf 89' lang='lat' dir='ltr'><strong>hac</strong></span> <span class='ocrx_word' id='word_1_493' title='bbox 2408 3007 2726 3068; x_wconf 90' lang='lat' dir='ltr'><strong>indicibilis</strong></span> <span class='ocrx_word' id='word_1_494' title='bbox 2773 3016 2875 3068; x_wconf 90' lang='lat' dir='ltr'><strong>est.</strong></span> <span class='ocrx_word' id='word_1_495' title='bbox 2928 3010 3303 3071; x_wconf 88' lang='lat' dir='ltr'><strong>Inebriantur</strong></span> <span class='ocrx_word' id='word_1_496' title='bbox 3326 3012 3540 3087; x_wconf 89' lang='lat' dir='ltr'><strong>quippe</strong></span> <span class='ocrx_word' id='word_1_497' title='bbox 3565 3010 3757 3086; x_wconf 90' lang='lat' dir='ltr'><strong>angeli</strong></span> 
     </span>
    </p>
   </div>
   <div class='ocr_carea' id='block_1_62' title="bbox 245 3094 3754 3196">
    <p class='ocr_par' dir='ltr' id='par_1_62' title="bbox 245 3094 3754 3196">
     <span class='ocr_line' id='line_1_62' title="bbox 245 3094 3754 3196; baseline -0.001 -34"><span class='ocrx_word' id='word_1_498' title='bbox 245 3100 676 3175; x_wconf 90' lang='lat' dir='ltr'><strong>comprehendi.</strong></span> <span class='ocrx_word' id='word_1_499' title='bbox 711 3099 853 3170; x_wconf 88' lang='lat' dir='ltr'><strong>Quis</strong></span> <span class='ocrx_word' id='word_1_500' title='bbox 898 3098 1057 3158; x_wconf 91' lang='lat' dir='ltr'><strong>enim</strong></span> <span class='ocrx_word' id='word_1_501' title='bbox 1111 3098 1555 3196; x_wconf 74' lang='lat' dir='ltr'><strong>comprehendat</strong></span> <span class='ocrx_word' id='word_1_502' title='bbox 1593 3099 2011 3196; x_wconf 74' lang='lat' dir='ltr'><strong>conjunctio-C</strong></span> <span class='ocrx_word' id='word_1_503' title='bbox 2040 3094 2127 3196; x_wconf 32' lang='lat' dir='ltr'><strong>ab.</strong></span> <span class='ocrx_word' id='word_1_504' title='bbox 2162 3095 2672 3196; x_wconf 59' lang='lat' dir='ltr'><strong>ubertatedomus</strong></span> <span class='ocrx_word' id='word_1_505' title='bbox 2704 3097 2842 3196; x_wconf 37' lang='lat' dir='ltr'><strong>‘Dei,</strong></span> <span class='ocrx_word' id='word_1_506' title='bbox 2887 3106 2944 3158; x_wconf 90' lang='lat' dir='ltr'><strong>et</strong></span> <span class='ocrx_word' id='word_1_507' title='bbox 2992 3106 3247 3196; x_wconf 75' lang='lat' dir='ltr'><strong>torrente</strong></span> <span class='ocrx_word' id='word_1_508' title='bbox 3279 3099 3588 3196; x_wconf 73' lang='lat' dir='ltr'><strong>voluptatis</strong></span> <span class='ocrx_word' id='word_1_509' title='bbox 3625 3100 3754 3174; x_wconf 88' lang='lat' dir='ltr'><strong>ejus</strong></span> 
     </span>
    </p>
   </div>
   <div class='ocr_carea' id='block_1_63' title="bbox 245 3183 3754 3262">
    <p class='ocr_par' dir='ltr' id='par_1_63' title="bbox 245 3183 3754 3262">
     <span class='ocr_line' id='line_1_63' title="bbox 245 3183 3754 3262; baseline -0 -13"><span class='ocrx_word' id='word_1_510' title='bbox 245 3206 381 3249; x_wconf 89' lang='lat' dir='ltr'><strong>nem</strong></span> <span class='ocrx_word' id='word_1_511' title='bbox 427 3189 616 3247; x_wconf 88' lang='lat' dir='ltr'><strong>carnis</strong></span> <span class='ocrx_word' id='word_1_512' title='bbox 660 3196 716 3247; x_wconf 91' lang='lat' dir='ltr'><strong>et</strong></span> <span class='ocrx_word' id='word_1_513' title='bbox 763 3187 974 3257; x_wconf 87' lang='lat' dir='ltr'><strong>Verbi;</strong></span> <span class='ocrx_word' id='word_1_514' title='bbox 1017 3187 1264 3260; x_wconf 88' lang='lat' dir='ltr'><strong>qualiter</strong></span> <span class='ocrx_word' id='word_1_515' title='bbox 1326 3187 1498 3258; x_wconf 91' lang='lat' dir='ltr'><strong>Deus,</strong></span> <span class='ocrx_word' id='word_1_516' title='bbox 1548 3193 1604 3246; x_wconf 90' lang='lat' dir='ltr'><strong>et</strong></span> <span class='ocrx_word' id='word_1_517' title='bbox 1660 3188 1834 3248; x_wconf 92' lang='lat' dir='ltr'><strong>homo</strong></span> <span class='ocrx_word' id='word_1_518' title='bbox 1892 3183 2010 3248; x_wconf 71' lang='lat' dir='ltr'><strong>in“</strong></span> <span class='ocrx_word' id='word_1_519' title='bbox 2038 3187 2327 3256; x_wconf 88' lang='lat' dir='ltr'><strong>potantur.</strong></span> <span class='ocrx_word' id='word_1_520' title='bbox 2372 3183 2479 3243; x_wconf 88' lang='lat' dir='ltr'><strong>Hic</strong></span> <span class='ocrx_word' id='word_1_521' title='bbox 2518 3186 2659 3261; x_wconf 92' lang='lat' dir='ltr'><strong>quid</strong></span> <span class='ocrx_word' id='word_1_522' title='bbox 2688 3186 2876 3246; x_wconf 90' lang='lat' dir='ltr'><strong>dicam</strong></span> <span class='ocrx_word' id='word_1_523' title='bbox 2907 3188 3120 3258; x_wconf 89' lang='lat' dir='ltr'><strong>nescio,</strong></span> <span class='ocrx_word' id='word_1_524' title='bbox 3148 3188 3284 3262; x_wconf 89' lang='lat' dir='ltr'><strong>quia</strong></span> <span class='ocrx_word' id='word_1_525' title='bbox 3316 3188 3605 3261; x_wconf 89' lang='lat' dir='ltr'><strong>plurimus</strong></span> <span class='ocrx_word' id='word_1_526' title='bbox 3633 3195 3754 3248; x_wconf 90' lang='lat' dir='ltr'><strong>stu-</strong></span> 
     </span>
    </p>
   </div>
   <div class='ocr_carea' id='block_1_64' title="bbox 244 3275 3753 3353">
    <p class='ocr_par' dir='ltr' id='par_1_64' title="bbox 244 3275 3753 3353">
     <span class='ocr_line' id='line_1_64' title="bbox 244 3275 3753 3353; baseline 0 -16"><span class='ocrx_word' id='word_1_527' title='bbox 244 3294 421 3338; x_wconf 91' lang='lat' dir='ltr'><strong>unam</strong></span> <span class='ocrx_word' id='word_1_528' title='bbox 469 3292 769 3350; x_wconf 88' lang='lat' dir='ltr'><strong>personam</strong></span> <span class='ocrx_word' id='word_1_529' title='bbox 807 3275 1156 3334; x_wconf 87' lang='lat' dir='ltr'><strong>conveniant</strong></span> <span class='ocrx_word' id='word_1_530' title='bbox 1190 3275 1364 3334; x_wconf 88' lang='lat' dir='ltr'><strong>salvis</strong></span> <span class='ocrx_word' id='word_1_531' title='bbox 1409 3275 1956 3353; x_wconf 88' lang='lat' dir='ltr'><strong>imperturbatisque</strong></span> <span class='ocrx_word' id='word_1_532' title='bbox 2036 3288 2142 3346; x_wconf 90' lang='lat' dir='ltr'><strong>por</strong></span> <span class='ocrx_word' id='word_1_533' title='bbox 2183 3289 2419 3331; x_wconf 90' lang='lat' dir='ltr'><strong>sensum</strong></span> <span class='ocrx_word' id='word_1_534' title='bbox 2449 3275 2723 3349; x_wconf 89' lang='lat' dir='ltr'><strong>opprimit</strong></span> <span class='ocrx_word' id='word_1_535' title='bbox 2765 3282 2938 3352; x_wconf 90' lang='lat' dir='ltr'><strong>atque</strong></span> <span class='ocrx_word' id='word_1_536' title='bbox 2987 3283 3261 3336; x_wconf 89' lang='lat' dir='ltr'><strong>mentem.</strong></span> <span class='ocrx_word' id='word_1_537' title='bbox 3311 3277 3422 3338; x_wconf 85' lang='lat' dir='ltr'><strong>Ubi</strong></span> <span class='ocrx_word' id='word_1_538' title='bbox 3460 3285 3596 3338; x_wconf 91' lang='lat' dir='ltr'><strong>sunt</strong></span> <span class='ocrx_word' id='word_1_539' title='bbox 3622 3294 3753 3338; x_wconf 87' lang='lat' dir='ltr'><strong>ora-</strong></span> 
     </span>
    </p>
   </div>
   <div class='ocr_carea' id='block_1_65' title="bbox 239 3358 3755 3442">
    <p class='ocr_par' dir='ltr' id='par_1_65' title="bbox 239 3358 3755 3442">
     <span class='ocr_line' id='line_1_65' title="bbox 239 3358 3755 3442; baseline 0.001 -19"><span class='ocrx_word' id='word_1_540' title='bbox 239 3364 683 3442; x_wconf 88' lang='lat' dir='ltr'><strong>proprietatibus</strong></span> <span class='ocrx_word' id='word_1_541' title='bbox 712 3362 1095 3423; x_wconf 83' lang='lat' dir='ltr'><strong>naturarum?</strong></span> <span class='ocrx_word' id='word_1_542' title='bbox 1128 3362 1542 3438; x_wconf 87' lang='lat' dir='ltr'><strong>Unusquisque</strong></span> <span class='ocrx_word' id='word_1_543' title='bbox 1562 3365 1623 3422; x_wconf 87' lang='lat' dir='ltr'><strong>in</strong></span> <span class='ocrx_word' id='word_1_544' title='bbox 1648 3380 1757 3424; x_wconf 90' lang='lat' dir='ltr'><strong>suo</strong></span> <span class='ocrx_word' id='word_1_545' title='bbox 1781 3380 1955 3424; x_wconf 88' lang='lat' dir='ltr'><strong>sensu</strong></span> <span class='ocrx_word' id='word_1_546' title='bbox 2040 3358 2168 3417; x_wconf 87' lang='lat' dir='ltr'><strong>torii</strong></span> <span class='ocrx_word' id='word_1_547' title='bbox 2216 3376 2531 3434; x_wconf 87' lang='lat' dir='ltr'><strong>sermones,</strong></span> <span class='ocrx_word' id='word_1_548' title='bbox 2569 3378 2714 3438; x_wconf 90' lang='lat' dir='ltr'><strong>quos</strong></span> <span class='ocrx_word' id='word_1_549' title='bbox 2763 3363 2825 3421; x_wconf 91' lang='lat' dir='ltr'><strong>in</strong></span> <span class='ocrx_word' id='word_1_550' title='bbox 2862 3365 3092 3422; x_wconf 91' lang='lat' dir='ltr'><strong>fornace</strong></span> <span class='ocrx_word' id='word_1_551' title='bbox 3122 3365 3406 3424; x_wconf 82' lang='lat' dir='ltr'><strong>rhetorica</strong></span> <span class='ocrx_word' id='word_1_552' title='bbox 3436 3366 3628 3425; x_wconf 91' lang='lat' dir='ltr'><strong>omnis</strong></span> <span class='ocrx_word' id='word_1_553' title='bbox 3654 3365 3755 3426; x_wconf 90' lang='lat' dir='ltr'><strong>ille</strong></span> 
     </span>
    </p>
   </div>
   <div class='ocr_carea' id='block_1_66' title="bbox 241 3447 3753 3530">
    <p class='ocr_par' dir='ltr' id='par_1_66' title="bbox 241 3447 3753 3530">
     <span class='ocr_line' id='line_1_66' title="bbox 241 3447 3753 3530; baseline 0.004 -15"><span class='ocrx_word' id='word_1_554' title='bbox 241 3455 529 3527; x_wconf 86' lang='lat' dir='ltr'><strong>abundat;</strong></span> <span class='ocrx_word' id='word_1_555' title='bbox 559 3471 665 3530; x_wconf 93' lang='lat' dir='ltr'><strong>ego</strong></span> <span class='ocrx_word' id='word_1_556' title='bbox 691 3455 841 3513; x_wconf 91' lang='lat' dir='ltr'><strong>hanc</strong></span> <span class='ocrx_word' id='word_1_557' title='bbox 869 3471 1101 3514; x_wconf 92' lang='lat' dir='ltr'><strong>omnem</strong></span> <span class='ocrx_word' id='word_1_558' title='bbox 1132 3472 1370 3514; x_wconf 88' lang='lat' dir='ltr'><strong>sensum</strong></span> <span class='ocrx_word' id='word_1_559' title='bbox 1401 3457 1731 3530; x_wconf 86' lang='lat' dir='ltr'><strong>supergredi</strong></span> <span class='ocrx_word' id='word_1_560' title='bbox 1761 3458 1951 3530; x_wconf 91' lang='lat' dir='ltr'><strong>credo,</strong></span> <span class='ocrx_word' id='word_1_561' title='bbox 2035 3447 2513 3523; x_wconf 64' lang='lat' dir='ltr'><strong>Philosophorum</strong></span> <span class='ocrx_word' id='word_1_562' title='bbox 2558 3451 2832 3510; x_wconf 68' lang='lat' dir='ltr'><strong>oooﬂaVit</strong></span> <span class='ocrx_word' id='word_1_563' title='bbox 2876 3450 3125 3511; x_wconf 55' lang='lat' dir='ltr'><strong>ohoms&#39;?</strong></span> <span class='ocrx_word' id='word_1_564' title='bbox 3155 3452 3265 3511; x_wconf 73' lang='lat' dir='ltr'><strong>Ubi</strong></span> <span class='ocrx_word' id='word_1_565' title='bbox 3312 3460 3449 3513; x_wconf 68' lang='lat' dir='ltr'><strong>sunt</strong></span> <span class='ocrx_word' id='word_1_566' title='bbox 3488 3455 3753 3529; x_wconf 66' lang='lat' dir='ltr'><strong>gigantes</strong></span> 
     </span>
    </p>
   </div>
   <div class='ocr_carea' id='block_1_67' title="bbox 234 3535 3752 3620">
    <p class='ocr_par' dir='ltr' id='par_1_67' title="bbox 234 3535 3752 3620">
     <span class='ocr_line' id='line_1_67' title="bbox 234 3535 3752 3620; baseline 0.001 -18"><span class='ocrx_word' id='word_1_567' title='bbox 234 3551 497 3603; x_wconf 87' lang='lat' dir='ltr'><strong>veterum</strong></span> <span class='ocrx_word' id='word_1_568' title='bbox 542 3543 800 3602; x_wconf 90' lang='lat' dir='ltr'><strong>virorum</strong></span> <span class='ocrx_word' id='word_1_569' title='bbox 842 3542 1099 3617; x_wconf 84' lang='lat' dir='ltr'><strong>vestigiis</strong></span> <span class='ocrx_word' id='word_1_570' title='bbox 1137 3543 1450 3615; x_wconf 88' lang='lat' dir='ltr'><strong>inharens,</strong></span> <span class='ocrx_word' id='word_1_571' title='bbox 1482 3545 1583 3618; x_wconf 90' lang='lat' dir='ltr'><strong>qui</strong></span> <span class='ocrx_word' id='word_1_572' title='bbox 1635 3561 1811 3620; x_wconf 90' lang='lat' dir='ltr'><strong>super</strong></span> <span class='ocrx_word' id='word_1_573' title='bbox 1846 3547 1953 3605; x_wconf 92' lang='lat' dir='ltr'><strong>hoc</strong></span> <span class='ocrx_word' id='word_1_574' title='bbox 2033 3552 2068 3594; x_wconf 77' lang='lat' dir='ltr'><strong>a</strong></span> <span class='ocrx_word' id='word_1_575' title='bbox 2110 3535 2324 3595; x_wconf 69' lang='lat'><strong>83301110</strong></span> <span class='ocrx_word' id='word_1_576' title='bbox 2375 3538 2683 3609; x_wconf 64' lang='lat' dir='ltr'><strong>nominati,</strong></span> <span class='ocrx_word' id='word_1_577' title='bbox 2732 3537 2836 3613; x_wconf 87' lang='lat' dir='ltr'><strong>qui</strong></span> <span class='ocrx_word' id='word_1_578' title='bbox 2887 3538 2958 3597; x_wconf 77' lang='lat' dir='ltr'><strong>ab</strong></span> <span class='ocrx_word' id='word_1_579' title='bbox 3015 3538 3184 3598; x_wconf 72' lang='lat' dir='ltr'><strong>initio</strong></span> <span class='ocrx_word' id='word_1_580' title='bbox 3247 3541 3484 3600; x_wconf 75' lang='lat' dir='ltr'><strong>fuerth</strong></span> <span class='ocrx_word' id='word_1_581' title='bbox 3535 3547 3752 3600; x_wconf 75' lang='lat' dir='ltr'><strong>statura</strong></span> 
     </span>
    </p>
   </div>
   <div class='ocr_carea' id='block_1_68' title="bbox 237 3625 3753 3706">
    <p class='ocr_par' dir='ltr' id='par_1_68' title="bbox 237 3625 3753 3706">
     <span class='ocr_line' id='line_1_68' title="bbox 237 3625 3753 3706; baseline 0 -16"><span class='ocrx_word' id='word_1_582' title='bbox 237 3648 406 3691; x_wconf 89' lang='lat' dir='ltr'><strong>sanas</strong></span> <span class='ocrx_word' id='word_1_583' title='bbox 436 3639 493 3690; x_wconf 89' lang='lat' dir='ltr'><strong>et</strong></span> <span class='ocrx_word' id='word_1_584' title='bbox 521 3632 895 3690; x_wconf 86' lang='lat' dir='ltr'><strong>inconcussas</strong></span> <span class='ocrx_word' id='word_1_585' title='bbox 920 3632 1233 3690; x_wconf 86' lang='lat' dir='ltr'><strong>sententias</strong></span> <span class='ocrx_word' id='word_1_586' title='bbox 1270 3632 1648 3706; x_wconf 90' lang='lat' dir='ltr'><strong>reliquerunt.</strong></span> <span class='ocrx_word' id='word_1_587' title='bbox 2033 3639 2271 3699; x_wconf 78' lang='lat' dir='ltr'><strong>magna,</strong></span> <span class='ocrx_word' id='word_1_588' title='bbox 2320 3625 2566 3685; x_wconf 82' lang='lat' dir='ltr'><strong>scientes</strong></span> <span class='ocrx_word' id='word_1_589' title='bbox 2614 3626 2872 3700; x_wconf 79' lang='lat' dir='ltr'><strong>bellum,</strong></span> <span class='ocrx_word' id='word_1_590' title='bbox 2925 3627 3267 3702; x_wconf 79' lang='lat' dir='ltr'><strong>languentes</strong></span> <span class='ocrx_word' id='word_1_591' title='bbox 3319 3630 3469 3689; x_wconf 85' lang='lat' dir='ltr'><strong>circa</strong></span> <span class='ocrx_word' id='word_1_592' title='bbox 3530 3645 3753 3704; x_wconf 84' lang='lat' dir='ltr'><strong>pugnas</strong></span> 
     </span>
    </p>
   </div>
   <div class='ocr_carea' id='block_1_69' title="bbox 304 3712 3752 3798">
    <p class='ocr_par' dir='ltr' id='par_1_69' title="bbox 304 3712 3752 3798">
     <span class='ocr_line' id='line_1_69' title="bbox 304 3712 3752 3798; baseline 0.003 -17"><span class='ocrx_word' id='word_1_593' title='bbox 304 3724 395 3783; x_wconf 89' lang='lat' dir='ltr'><strong>Ad</strong></span> <span class='ocrx_word' id='word_1_594' title='bbox 447 3729 746 3797; x_wconf 87' lang='lat' dir='ltr'><strong>paternam</strong></span> <span class='ocrx_word' id='word_1_595' title='bbox 809 3722 987 3796; x_wconf 86' lang='lat' dir='ltr'><strong>igitur</strong></span> <span class='ocrx_word' id='word_1_596' title='bbox 1070 3722 1496 3796; x_wconf 85' lang='lat' dir='ltr'><strong>generationem</strong></span> <span class='ocrx_word' id='word_1_597' title='bbox 1567 3733 1945 3798; x_wconf 87' lang='lat' dir='ltr'><strong>recurrentes,</strong></span> <span class='ocrx_word' id='word_1_598' title='bbox 2032 3712 2390 3773; x_wconf 65' lang='lat' dir='ltr'><strong>Verborum?</strong></span> <span class='ocrx_word' id='word_1_599' title='bbox 2416 3715 2695 3790; x_wconf 75' lang='grc' dir='ltr'><strong>Νυηαιιῑά</strong></span> <span class='ocrx_word' id='word_1_600' title='bbox 2734 3731 2853 3775; x_wconf 74' lang='lat' dir='ltr'><strong>non</strong></span> <span class='ocrx_word' id='word_1_601' title='bbox 2885 3716 3182 3776; x_wconf 62' lang='grc' dir='ltr'><strong>ωθκίωυε</strong></span> <span class='ocrx_word' id='word_1_602' title='bbox 3216 3716 3313 3776; x_wconf 69' lang='lat' dir='ltr'><strong>illo</strong></span> <span class='ocrx_word' id='word_1_603' title='bbox 3349 3719 3529 3793; x_wconf 60' lang='lat' dir='ltr'><strong>gigas:</strong></span> <span class='ocrx_word' id='word_1_604' title='bbox 3562 3719 3752 3778; x_wconf 67' lang='lat' dir='ltr'><strong>Plato‘</strong></span> 
     </span>
    </p>
   </div>
   <div class='ocr_carea' id='block_1_70' title="bbox 222 3803 3753 3887">
    <p class='ocr_par' dir='ltr' id='par_1_70' title="bbox 222 3803 3753 3887">
     <span class='ocr_line' id='line_1_70' title="bbox 222 3803 3753 3887; baseline 0.003 -16"><span class='ocrx_word' id='word_1_605' title='bbox 222 3828 418 3887; x_wconf 67' lang='lat' dir='ltr'><strong>locum</strong></span> <span class='ocrx_word' id='word_1_606' title='bbox 455 3812 789 3887; x_wconf 85' lang='lat' dir='ltr'><strong>voluptatis,</strong></span> <span class='ocrx_word' id='word_1_607' title='bbox 834 3809 1060 3872; x_wconf 87' lang='lat' dir='ltr'><strong>Patrem</strong></span> <span class='ocrx_word' id='word_1_608' title='bbox 1107 3828 1229 3872; x_wconf 87' lang='lat' dir='ltr'><strong>esse</strong></span> <span class='ocrx_word' id='word_1_609' title='bbox 1265 3828 1585 3886; x_wconf 87' lang='lat' dir='ltr'><strong>censemus,</strong></span> <span class='ocrx_word' id='word_1_610' title='bbox 1617 3830 1750 3874; x_wconf 90' lang='lat' dir='ltr'><strong>cum</strong></span> <span class='ocrx_word' id='word_1_611' title='bbox 1796 3816 1949 3876; x_wconf 91' lang='lat' dir='ltr'><strong>Deus</strong></span> <span class='ocrx_word' id='word_1_612' title='bbox 2030 3819 2164 3861; x_wconf 78' lang='lat' dir='ltr'><strong>Dom</strong></span> <span class='ocrx_word' id='word_1_613' title='bbox 2210 3803 2434 3878; x_wconf 60' lang='lat' dir='ltr'><strong>loquor,</strong></span> <span class='ocrx_word' id='word_1_614' title='bbox 2483 3804 2557 3863; x_wconf 73' lang='lat' dir='ltr'><strong>ab</strong></span> <span class='ocrx_word' id='word_1_615' title='bbox 2599 3806 2891 3866; x_wconf 60' lang='lat' dir='ltr'><strong>intellectu</strong></span> <span class='ocrx_word' id='word_1_616' title='bbox 2939 3814 3051 3865; x_wconf 61' lang='lat' dir='ltr'><strong>tam</strong></span> <span class='ocrx_word' id='word_1_617' title='bbox 3108 3808 3439 3882; x_wconf 67' lang='grc' dir='ltr'><strong>Ρυτίεείωω</strong></span> <span class='ocrx_word' id='word_1_618' title='bbox 3496 3809 3753 3869; x_wconf 65' lang='lat' dir='ltr'><strong>veritatis</strong></span> 
     </span>
    </p>
   </div>
   <div class='ocr_carea' id='block_1_71' title="bbox 223 3893 1970 3978">
    <p class='ocr_par' dir='ltr' id='par_1_71' title="bbox 223 3900 1949 3978">
     <span class='ocr_line' id='line_1_71' title="bbox 223 3900 1949 3978; baseline 0.003 -19"><span class='ocrx_word' id='word_1_619' title='bbox 223 3901 467 3961; x_wconf 89' lang='lat' dir='ltr'><strong>illocalis</strong></span> <span class='ocrx_word' id='word_1_620' title='bbox 505 3902 595 3971; x_wconf 91' lang='lat' dir='ltr'><strong>sit,</strong></span> <span class='ocrx_word' id='word_1_621' title='bbox 639 3902 738 3960; x_wconf 91' lang='lat' dir='ltr'><strong>sed</strong></span> <span class='ocrx_word' id='word_1_622' title='bbox 773 3900 1110 3960; x_wconf 88' lang='lat' dir='ltr'><strong>eﬂicientias</strong></span> <span class='ocrx_word' id='word_1_623' title='bbox 1146 3916 1362 3970; x_wconf 90' lang='lat' dir='ltr'><strong>rerum,</strong></span> <span class='ocrx_word' id='word_1_624' title='bbox 1395 3901 1508 3960; x_wconf 90' lang='lat' dir='ltr'><strong>nisi</strong></span> <span class='ocrx_word' id='word_1_625' title='bbox 1547 3920 1648 3976; x_wconf 94' lang='lat' dir='ltr'><strong>per</strong></span> <span class='ocrx_word' id='word_1_626' title='bbox 1685 3905 1949 3978; x_wconf 86' lang='lat' dir='ltr'><strong>vulgatos</strong></span> 
     </span>
    </p>
   </div>
   <div class='ocr_carea' id='block_1_72' title="bbox 2061 3893 3749 3978">
    <p class='ocr_par' dir='ltr' id='par_1_72' title="bbox 2063 3893 3749 3971">
     <span class='ocr_line' id='line_1_72' title="bbox 2063 3893 3749 3971; baseline 0.004 -20"><span class='ocrx_word' id='word_1_627' title='bbox 2063 3893 2304 3968; x_wconf 91' lang='lat' dir='ltr'><strong>epulsus</strong></span> <span class='ocrx_word' id='word_1_628' title='bbox 2337 3893 2471 3953; x_wconf 89' lang='lat' dir='ltr'><strong>est?</strong></span> <span class='ocrx_word' id='word_1_629' title='bbox 2500 3894 2780 3969; x_wconf 90' lang='lat' dir='ltr'><strong>Nunquid</strong></span> <span class='ocrx_word' id='word_1_630' title='bbox 2807 3910 2925 3954; x_wconf 91' lang='lat' dir='ltr'><strong>non</strong></span> <span class='ocrx_word' id='word_1_631' title='bbox 2955 3896 3234 3955; x_wconf 89' lang='lat' dir='ltr'><strong>acerrimo</strong></span> <span class='ocrx_word' id='word_1_632' title='bbox 3275 3898 3487 3957; x_wconf 89' lang='lat' dir='ltr'><strong>mentis</strong></span> <span class='ocrx_word' id='word_1_633' title='bbox 3514 3897 3749 3971; x_wconf 85' lang='lat' dir='ltr'><strong>ingenio</strong></span> 
     </span>
    </p>
   </div>
   <div class='ocr_carea' id='block_1_73' title="bbox 224 3984 3749 4067">
    <p class='ocr_par' dir='ltr' id='par_1_73' title="bbox 224 3984 3749 4067">
     <span class='ocr_line' id='line_1_73' title="bbox 224 3984 3749 4067; baseline 0.001 -25"><span class='ocrx_word' id='word_1_634' title='bbox 224 4007 542 4063; x_wconf 67' lang='lat' dir='ltr'><strong>sermones,</strong></span> <span class='ocrx_word' id='word_1_635' title='bbox 583 3991 874 4064; x_wconf 77' lang='lat' dir='ltr'><strong>explicare</strong></span> <span class='ocrx_word' id='word_1_636' title='bbox 921 4007 1037 4050; x_wconf 82' lang='lat' dir='ltr'><strong>non</strong></span> <span class='ocrx_word' id='word_1_637' title='bbox 1088 4006 1415 4065; x_wconf 74' lang='lat' dir='ltr'><strong>possumus,</strong></span> <span class='ocrx_word' id='word_1_638' title='bbox 1453 3991 1523 4051; x_wconf 85' lang='lat' dir='ltr'><strong>In</strong></span> <span class='ocrx_word' id='word_1_639' title='bbox 1576 3995 1699 4067; x_wconf 82' lang='lat' dir='ltr'><strong>ipso</strong></span> <span class='ocrx_word' id='word_1_640' title='bbox 1752 4002 1947 4055; x_wconf 70' lang='lat' dir='ltr'><strong>autem</strong></span> <span class='ocrx_word' id='word_1_641' title='bbox 2028 3990 2286 4057; x_wconf 84' lang='lat' dir='ltr'><strong>tangens,</strong></span> <span class='ocrx_word' id='word_1_642' title='bbox 2304 3984 2404 4043; x_wconf 93' lang='lat' dir='ltr'><strong>sed</strong></span> <span class='ocrx_word' id='word_1_643' title='bbox 2423 4000 2540 4044; x_wconf 92' lang='lat' dir='ltr'><strong>non</strong></span> <span class='ocrx_word' id='word_1_644' title='bbox 2564 3985 3232 4062; x_wconf 85' lang='lat' dir='ltr'><strong>attingensdivinitatem</strong></span> <span class='ocrx_word' id='word_1_645' title='bbox 3251 3988 3355 4047; x_wconf 91' lang='lat' dir='ltr'><strong>Dei</strong></span> <span class='ocrx_word' id='word_1_646' title='bbox 3375 3988 3749 4048; x_wconf 89' lang='lat' dir='ltr'><strong>dicit:Unum</strong></span> 
     </span>
    </p>
   </div>
   <div class='ocr_carea' id='block_1_74' title="bbox 225 4073 3749 4156">
    <p class='ocr_par' dir='ltr' id='par_1_74' title="bbox 225 4073 3749 4156">
     <span class='ocr_line' id='line_1_74' title="bbox 225 4073 3749 4156; baseline 0.003 -16"><span class='ocrx_word' id='word_1_647' title='bbox 225 4096 463 4140; x_wconf 85' lang='lat' dir='ltr'><strong>omnem</strong></span> <span class='ocrx_word' id='word_1_648' title='bbox 494 4079 844 4152; x_wconf 89' lang='lat' dir='ltr'><strong>voluptatem</strong></span> <span class='ocrx_word' id='word_1_649' title='bbox 894 4095 1017 4137; x_wconf 88' lang='lat' dir='ltr'><strong>esse</strong></span> <span class='ocrx_word' id='word_1_650' title='bbox 1063 4079 1341 4153; x_wconf 90' lang='lat' dir='ltr'><strong>intelligit</strong></span> <span class='ocrx_word' id='word_1_651' title='bbox 1379 4082 1481 4155; x_wconf 91' lang='lat' dir='ltr'><strong>qui</strong></span> <span class='ocrx_word' id='word_1_652' title='bbox 1532 4082 1666 4155; x_wconf 87' lang='lat' dir='ltr'><strong>legit</strong></span> <span class='ocrx_word' id='word_1_653' title='bbox 1703 4084 1944 4156; x_wconf 88' lang='lat' dir='ltr'><strong>Aposto-</strong></span> <span class='ocrx_word' id='word_1_654' title='bbox 2024 4073 2246 4143; x_wconf 62' lang='lat' dir='ltr'><strong>inveni:</strong></span> <span class='ocrx_word' id='word_1_655' title='bbox 2308 4075 2464 4146; x_wconf 78' lang='grc' dir='ltr'><strong>(111οά</strong></span> <span class='ocrx_word' id='word_1_656' title='bbox 2515 4081 2719 4134; x_wconf 67' lang='grc' dir='ltr'><strong>ευυείθ</strong></span> <span class='ocrx_word' id='word_1_657' title='bbox 2771 4083 3069 4150; x_wconf 60' lang='lat' dir='ltr'><strong>operetur;</strong></span> <span class='ocrx_word' id='word_1_658' title='bbox 3112 4082 3169 4135; x_wconf 65' lang='grc' dir='ltr'><strong>εἴ</strong></span> <span class='ocrx_word' id='word_1_659' title='bbox 3215 4076 3396 4148; x_wconf 61' lang='lat' dir='ltr'><strong>oliuo:</strong></span> <span class='ocrx_word' id='word_1_660' title='bbox 3442 4092 3543 4151; x_wconf 69' lang='lat' dir='ltr'><strong>Por</strong></span> <span class='ocrx_word' id='word_1_661' title='bbox 3594 4075 3749 4151; x_wconf 75' lang='lat' dir='ltr'><strong>quod</strong></span> 
     </span>
    </p>
   </div>
   <div class='ocr_carea' id='block_1_75' title="bbox 228 4161 3752 4245">
    <p class='ocr_par' dir='ltr' id='par_1_75' title="bbox 228 4161 3752 4245">
     <span class='ocr_line' id='line_1_75' title="bbox 228 4161 3752 4245; baseline -0.001 -18"><span class='ocrx_word' id='word_1_662' title='bbox 228 4171 351 4228; x_wconf 91' lang='lat' dir='ltr'><strong>lum</strong></span> <span class='ocrx_word' id='word_1_663' title='bbox 404 4168 728 4226; x_wconf 87' lang='lat' dir='ltr'><strong>dicentem:</strong></span> <span class='ocrx_word' id='word_1_664' title='bbox 764 4191 789 4215; x_wconf 82' lang='grc'><strong>‹‹</strong></span> <span class='ocrx_word' id='word_1_665' title='bbox 842 4166 1123 4236; x_wconf 89' lang='lat' dir='ltr'><strong>Quoniam</strong></span> <span class='ocrx_word' id='word_1_666' title='bbox 1165 4185 1238 4226; x_wconf 87' lang='lat' dir='ltr'><strong>ex</strong></span> <span class='ocrx_word' id='word_1_667' title='bbox 1291 4170 1440 4242; x_wconf 91' lang='lat' dir='ltr'><strong>ipso,</strong></span> <span class='ocrx_word' id='word_1_668' title='bbox 1490 4179 1545 4229; x_wconf 90' lang='lat' dir='ltr'><strong>et</strong></span> <span class='ocrx_word' id='word_1_669' title='bbox 1590 4188 1691 4245; x_wconf 92' lang='lat' dir='ltr'><strong>per</strong></span> <span class='ocrx_word' id='word_1_670' title='bbox 1728 4172 1939 4245; x_wconf 76' lang='lat' dir='ltr'><strong>ipsum,</strong></span> <span class='ocrx_word' id='word_1_671' title='bbox 2025 4169 2232 4219; x_wconf 87' lang='lat' dir='ltr'><strong>cuncta</strong></span> <span class='ocrx_word' id='word_1_672' title='bbox 2277 4161 2642 4235; x_wconf 87' lang='lat' dir='ltr'><strong>efﬁciuntur;</strong></span> <span class='ocrx_word' id='word_1_673' title='bbox 2703 4164 2934 4223; x_wconf 91' lang='lat' dir='ltr'><strong>tertium</strong></span> <span class='ocrx_word' id='word_1_674' title='bbox 2970 4172 3165 4224; x_wconf 88' lang='lat' dir='ltr'><strong>autem</strong></span> <span class='ocrx_word' id='word_1_675' title='bbox 3203 4166 3472 4225; x_wconf 89' lang='lat' dir='ltr'><strong>invenire</strong></span> <span class='ocrx_word' id='word_1_676' title='bbox 3511 4180 3625 4224; x_wconf 93' lang='lat' dir='ltr'><strong>non</strong></span> <span class='ocrx_word' id='word_1_677' title='bbox 3655 4180 3752 4240; x_wconf 90' lang='lat' dir='ltr'><strong>po-</strong></span> 
     </span>
    </p>
   </div>
   <div class='ocr_carea' id='block_1_76' title="bbox 223 4251 3749 4330">
    <p class='ocr_par' dir='ltr' id='par_1_76' title="bbox 223 4251 3749 4330">
     <span class='ocr_line' id='line_1_76' title="bbox 223 4251 3749 4330; baseline 0 -17"><span class='ocrx_word' id='word_1_678' title='bbox 223 4267 279 4317; x_wconf 90' lang='lat' dir='ltr'><strong>et</strong></span> <span class='ocrx_word' id='word_1_679' title='bbox 327 4257 390 4315; x_wconf 91' lang='lat' dir='ltr'><strong>in</strong></span> <span class='ocrx_word' id='word_1_680' title='bbox 430 4256 552 4328; x_wconf 90' lang='lat' dir='ltr'><strong>ipso</strong></span> <span class='ocrx_word' id='word_1_681' title='bbox 597 4261 733 4312; x_wconf 90' lang='lat' dir='ltr'><strong>sunt</strong></span> <span class='ocrx_word' id='word_1_682' title='bbox 771 4254 969 4311; x_wconf 91' lang='lat' dir='ltr'><strong>omnia</strong></span> <span class='ocrx_word' id='word_1_683' title='bbox 1015 4260 1185 4323; x_wconf 85' lang='lat' dir='ltr'><strong>(Rom.</strong></span> <span class='ocrx_word' id='word_1_684' title='bbox 1214 4262 1322 4326; x_wconf 87' lang='lat' dir='ltr'><strong>XI),</strong></span> <span class='ocrx_word' id='word_1_685' title='bbox 1353 4282 1377 4305; x_wconf 77' lang='grc' dir='ltr'><strong>ι»</strong></span> <span class='ocrx_word' id='word_1_686' title='bbox 1427 4265 1482 4316; x_wconf 88' lang='lat' dir='ltr'><strong>et</strong></span> <span class='ocrx_word' id='word_1_687' title='bbox 1508 4258 1693 4316; x_wconf 89' lang='lat' dir='ltr'><strong>alium</strong></span> <span class='ocrx_word' id='word_1_688' title='bbox 1734 4275 1809 4317; x_wconf 86' lang='lat' dir='ltr'><strong>ex</strong></span> <span class='ocrx_word' id='word_1_689' title='bbox 1840 4259 1941 4318; x_wconf 89' lang='lat' dir='ltr'><strong>illo</strong></span> <span class='ocrx_word' id='word_1_690' title='bbox 2029 4251 2155 4310; x_wconf 79' lang='lat' dir='ltr'><strong>tui?</strong></span> <span class='ocrx_word' id='word_1_691' title='bbox 2182 4251 2355 4311; x_wconf 82' lang='lat' dir='ltr'><strong>Recte</strong></span> <span class='ocrx_word' id='word_1_692' title='bbox 2384 4253 2454 4310; x_wconf 93' lang='lat' dir='ltr'><strong>de</strong></span> <span class='ocrx_word' id='word_1_693' title='bbox 2483 4252 2704 4326; x_wconf 88' lang='lat' dir='ltr'><strong>Spiritu</strong></span> <span class='ocrx_word' id='word_1_694' title='bbox 2737 4261 2931 4314; x_wconf 89' lang='lat' dir='ltr'><strong>sancto</strong></span> <span class='ocrx_word' id='word_1_695' title='bbox 2960 4255 3203 4326; x_wconf 88' lang='lat' dir='ltr'><strong>inscius,</strong></span> <span class='ocrx_word' id='word_1_696' title='bbox 3232 4254 3335 4330; x_wconf 92' lang='lat' dir='ltr'><strong>qui</strong></span> <span class='ocrx_word' id='word_1_697' title='bbox 3362 4254 3450 4313; x_wconf 94' lang='lat' dir='ltr'><strong>illi</strong></span> <span class='ocrx_word' id='word_1_698' title='bbox 3479 4270 3592 4314; x_wconf 91' lang='lat' dir='ltr'><strong>non</strong></span> <span class='ocrx_word' id='word_1_699' title='bbox 3629 4259 3749 4313; x_wconf 91' lang='lat' dir='ltr'><strong>erat</strong></span> 
     </span>
    </p>
   </div>
   <div class='ocr_carea' id='block_1_77' title="bbox 223 4340 3747 4421">
    <p class='ocr_par' dir='ltr' id='par_1_77' title="bbox 223 4340 3747 4421">
     <span class='ocr_line' id='line_1_77' title="bbox 223 4340 3747 4421; baseline -0.001 -16"><span class='ocrx_word' id='word_1_700' title='bbox 223 4344 492 4405; x_wconf 88' lang='lat' dir='ltr'><strong>duodeno</strong></span> <span class='ocrx_word' id='word_1_701' title='bbox 525 4342 685 4416; x_wconf 90' lang='lat' dir='ltr'><strong>apice</strong></span> <span class='ocrx_word' id='word_1_702' title='bbox 722 4340 989 4399; x_wconf 91' lang='lat' dir='ltr'><strong>similiter</strong></span> <span class='ocrx_word' id='word_1_703' title='bbox 1018 4348 1373 4401; x_wconf 90' lang='lat' dir='ltr'><strong>cructantem</strong></span> <span class='ocrx_word' id='word_1_704' title='bbox 1409 4364 1421 4402; x_wconf 91' lang='lat'><strong>:</strong></span> <span class='ocrx_word' id='word_1_705' title='bbox 1458 4365 1483 4397; x_wconf 90' lang='lat'><strong>«</strong></span> <span class='ocrx_word' id='word_1_706' title='bbox 1521 4344 1703 4404; x_wconf 91' lang='lat' dir='ltr'><strong>Omne</strong></span> <span class='ocrx_word' id='word_1_707' title='bbox 1740 4345 1939 4406; x_wconf 91' lang='lat' dir='ltr'><strong>datum</strong></span> <span class='ocrx_word' id='word_1_708' title='bbox 2021 4340 2278 4412; x_wconf 87' lang='lat' dir='ltr'><strong>infusus,</strong></span> <span class='ocrx_word' id='word_1_709' title='bbox 2325 4343 2426 4417; x_wconf 91' lang='lat' dir='ltr'><strong>qui</strong></span> <span class='ocrx_word' id='word_1_710' title='bbox 2471 4350 2801 4403; x_wconf 90' lang='lat' dir='ltr'><strong>sanctarum</strong></span> <span class='ocrx_word' id='word_1_711' title='bbox 2842 4345 3267 4406; x_wconf 87' lang='lat' dir='ltr'><strong>revelationum</strong></span> <span class='ocrx_word' id='word_1_712' title='bbox 3323 4346 3595 4421; x_wconf 89' lang='lat' dir='ltr'><strong>magister</strong></span> <span class='ocrx_word' id='word_1_713' title='bbox 3642 4350 3747 4417; x_wconf 86' lang='lat' dir='ltr'><strong>est,</strong></span> 
     </span>
    </p>
   </div>
   <div class='ocr_carea' id='block_1_78' title="bbox 224 4429 3747 4543">
    <p class='ocr_par' dir='ltr' id='par_1_78' title="bbox 224 4429 3747 4543">
     <span class='ocr_line' id='line_1_78' title="bbox 224 4429 3747 4543; baseline 0.001 -52"><span class='ocrx_word' id='word_1_714' title='bbox 224 4433 529 4543; x_wconf 69' lang='lat' dir='ltr'><strong>optimum,</strong></span> <span class='ocrx_word' id='word_1_715' title='bbox 559 4437 614 4489; x_wconf 90' lang='lat' dir='ltr'><strong>et</strong></span> <span class='ocrx_word' id='word_1_716' title='bbox 652 4445 825 4543; x_wconf 58' lang='lat' dir='ltr'><strong>omne</strong></span> <span class='ocrx_word' id='word_1_717' title='bbox 880 4429 1099 4543; x_wconf 73' lang='lat' dir='ltr'><strong>donum</strong></span> <span class='ocrx_word' id='word_1_718' title='bbox 1136 4430 1453 4543; x_wconf 70' lang='lat' dir='ltr'><strong>perfectum</strong></span> <span class='ocrx_word' id='word_1_719' title='bbox 1502 4432 1835 4543; x_wconf 39' lang='lat' dir='ltr'><strong>desursum:</strong></span> <span class='ocrx_word' id='word_1_720' title='bbox 1852 4443 1938 4494; x_wconf 89' lang='lat' dir='ltr'><strong>est</strong></span> <span class='ocrx_word' id='word_1_721' title='bbox 1961 4430 2125 4543; x_wconf 71' lang='lat' dir='ltr'><strong>uni</strong></span> <span class='ocrx_word' id='word_1_722' title='bbox 2153 4431 2371 4543; x_wconf 63' lang='lat' dir='ltr'><strong>revelat</strong></span> <span class='ocrx_word' id='word_1_723' title='bbox 2412 4432 2593 4543; x_wconf 77' lang='lat' dir='ltr'><strong>Paulo</strong></span> <span class='ocrx_word' id='word_1_724' title='bbox 2636 4450 2768 4509; x_wconf 87' lang='lat' dir='ltr'><strong>qua</strong></span> <span class='ocrx_word' id='word_1_725' title='bbox 2809 4436 3016 4543; x_wconf 61' lang='lat' dir='ltr'><strong>genius</strong></span> <span class='ocrx_word' id='word_1_726' title='bbox 3047 4437 3381 4543; x_wconf 40' lang='lat' dir='ltr'><strong>.nonjidit,</strong></span> <span class='ocrx_word' id='word_1_727' title='bbox 3414 4437 3566 4543; x_wconf 69' lang='lat' dir='ltr'><strong>sicut</strong></span> <span class='ocrx_word' id='word_1_728' title='bbox 3591 4436 3747 4543; x_wconf 66' lang='lat' dir='ltr'><strong>idem</strong></span> 
     </span>
    </p>
   </div>
   <div class='ocr_carea' id='block_1_79' title="bbox 223 4517 3746 4599">
    <p class='ocr_par' dir='ltr' id='par_1_79' title="bbox 223 4517 3746 4599">
     <span class='ocr_line' id='line_1_79' title="bbox 223 4517 3746 4599; baseline 0.001 -17"><span class='ocrx_word' id='word_1_729' title='bbox 223 4521 575 4583; x_wconf 89' lang='lat' dir='ltr'><strong>descendens</strong></span> <span class='ocrx_word' id='word_1_730' title='bbox 613 4536 647 4577; x_wconf 89' lang='lat' dir='ltr'><strong>a</strong></span> <span class='ocrx_word' id='word_1_731' title='bbox 688 4519 851 4578; x_wconf 91' lang='lat' dir='ltr'><strong>Patre</strong></span> <span class='ocrx_word' id='word_1_732' title='bbox 901 4517 1199 4577; x_wconf 91' lang='lat' dir='ltr'><strong>luminum</strong></span> <span class='ocrx_word' id='word_1_733' title='bbox 1245 4523 1373 4593; x_wconf 85' lang='lat' dir='ltr'><strong>(Jac.</strong></span> <span class='ocrx_word' id='word_1_734' title='bbox 1404 4524 1460 4595; x_wconf 73' lang='grc' dir='ltr'><strong>ι).</strong></span> <span class='ocrx_word' id='word_1_735' title='bbox 1505 4547 1530 4571; x_wconf 68' lang='grc' dir='ltr'><strong>η</strong></span> <span class='ocrx_word' id='word_1_736' title='bbox 1585 4521 1715 4598; x_wconf 85' lang='lat' dir='ltr'><strong>Ipse</strong></span> <span class='ocrx_word' id='word_1_737' title='bbox 1762 4525 1936 4584; x_wconf 76' lang='lat' dir='ltr'><strong>etiam</strong></span> <span class='ocrx_word' id='word_1_738' title='bbox 1962 4517 2337 4593; x_wconf 79' lang='lat' dir='ltr'><strong>“Apostolus</strong></span> <span class='ocrx_word' id='word_1_739' title='bbox 2381 4522 2666 4594; x_wconf 89' lang='lat' dir='ltr'><strong>gloriatur</strong></span> <span class='ocrx_word' id='word_1_740' title='bbox 2701 4548 2712 4582; x_wconf 89' lang='lat'><strong>:</strong></span> <span class='ocrx_word' id='word_1_741' title='bbox 2752 4546 2773 4575; x_wconf 77' lang='grc' dir='ltr'>ι</span> <span class='ocrx_word' id='word_1_742' title='bbox 2810 4524 3008 4598; x_wconf 91' lang='lat' dir='ltr'><strong>Nobis,</strong></span> <span class='ocrx_word' id='word_1_743' title='bbox 3042 4524 3254 4599; x_wconf 90' lang='lat' dir='ltr'><strong>inquit,</strong></span> <span class='ocrx_word' id='word_1_744' title='bbox 3288 4524 3566 4584; x_wconf 87' lang='lat' dir='ltr'><strong>revelavit</strong></span> <span class='ocrx_word' id='word_1_745' title='bbox 3592 4526 3746 4586; x_wconf 90' lang='lat' dir='ltr'><strong>Deus</strong></span> 
     </span>
    </p>
   </div>
   <div class='ocr_carea' id='block_1_80' title="bbox 222 4608 3743 4686">
    <p class='ocr_par' dir='ltr' id='par_1_80' title="bbox 222 4608 3743 4686">
     <span class='ocr_line' id='line_1_80' title="bbox 222 4608 3743 4686; baseline 0.003 -15"><span class='ocrx_word' id='word_1_746' title='bbox 222 4611 406 4671; x_wconf 91' lang='lat' dir='ltr'><strong>Filius</strong></span> <span class='ocrx_word' id='word_1_747' title='bbox 434 4609 617 4669; x_wconf 91' lang='lat' dir='ltr'><strong>dicit:</strong></span> <span class='ocrx_word' id='word_1_748' title='bbox 657 4632 684 4663; x_wconf 83' lang='lat'><strong>«</strong></span> <span class='ocrx_word' id='word_1_749' title='bbox 726 4609 866 4667; x_wconf 84' lang='lat' dir='ltr'><strong>Hac</strong></span> <span class='ocrx_word' id='word_1_750' title='bbox 896 4616 980 4667; x_wconf 88' lang='lat' dir='ltr'><strong>est</strong></span> <span class='ocrx_word' id='word_1_751' title='bbox 1019 4609 1135 4666; x_wconf 92' lang='lat' dir='ltr'><strong>vita</strong></span> <span class='ocrx_word' id='word_1_752' title='bbox 1172 4617 1387 4668; x_wconf 87' lang='lat' dir='ltr'><strong>aterna</strong></span> <span class='ocrx_word' id='word_1_753' title='bbox 1417 4619 1478 4670; x_wconf 91' lang='lat' dir='ltr'><strong>ut</strong></span> <span class='ocrx_word' id='word_1_754' title='bbox 1519 4622 1861 4686; x_wconf 89' lang='lat' dir='ltr'><strong>cognoscant</strong></span> <span class='ocrx_word' id='word_1_755' title='bbox 1885 4622 1937 4674; x_wconf 91' lang='lat' dir='ltr'><strong>te</strong></span> <span class='ocrx_word' id='word_1_756' title='bbox 2025 4610 2070 4678; x_wconf 66' lang='grc' dir='ltr'><strong>(Ι</strong></span> <span class='ocrx_word' id='word_1_757' title='bbox 2106 4609 2223 4666; x_wconf 66' lang='lat'><strong>001‘-</strong></span> <span class='ocrx_word' id='word_1_758' title='bbox 2266 4610 2345 4680; x_wconf 83' lang='lat' dir='ltr'><strong>II)-</strong></span> <span class='ocrx_word' id='word_1_759' title='bbox 2397 4635 2424 4658; x_wconf 75' lang='lat'><strong><em>”</em></strong></span> <span class='ocrx_word' id='word_1_760' title='bbox 2472 4608 2578 4668; x_wconf 78' lang='grc' dir='ltr'><strong>Ρθι·</strong></span> <span class='ocrx_word' id='word_1_761' title='bbox 2623 4611 2786 4685; x_wconf 66' lang='lat' dir='ltr'><strong>Cloio.</strong></span> <span class='ocrx_word' id='word_1_762' title='bbox 2838 4611 3153 4686; x_wconf 77' lang='grc' dir='ltr'><strong>Αροείοιθτ</strong></span> <span class='ocrx_word' id='word_1_763' title='bbox 3214 4637 3240 4661; x_wconf 66' lang='grc' dir='ltr'><strong>«τ</strong></span> <span class='ocrx_word' id='word_1_764' title='bbox 3302 4611 3411 4671; x_wconf 75' lang='lat' dir='ltr'><strong>Per</strong></span> <span class='ocrx_word' id='word_1_765' title='bbox 3462 4611 3743 4686; x_wconf 75' lang='lat' dir='ltr'><strong>Spiritum</strong></span> 
     </span>
    </p>
   </div>
   <div class='ocr_carea' id='block_1_81' title="bbox 218 4699 3738 4778">
    <p class='ocr_par' dir='ltr' id='par_1_81' title="bbox 218 4699 3738 4778">
     <span class='ocr_line' id='line_1_81' title="bbox 218 4699 3738 4778; baseline 0 -17"><span class='ocrx_word' id='word_1_766' title='bbox 218 4702 409 4761; x_wconf 89' lang='lat' dir='ltr'><strong>solum</strong></span> <span class='ocrx_word' id='word_1_767' title='bbox 459 4716 664 4759; x_wconf 87' lang='lat' dir='ltr'><strong>verum</strong></span> <span class='ocrx_word' id='word_1_768' title='bbox 712 4700 897 4758; x_wconf 89' lang='lat' dir='ltr'><strong>Deum</strong></span> <span class='ocrx_word' id='word_1_769' title='bbox 947 4703 1124 4769; x_wconf 85' lang='lat' dir='ltr'><strong>(Joan.</strong></span> <span class='ocrx_word' id='word_1_770' title='bbox 1167 4706 1338 4768; x_wconf 87' lang='lat' dir='ltr'><strong>XVII).</strong></span> <span class='ocrx_word' id='word_1_771' title='bbox 1381 4723 1403 4752; x_wconf 78' lang='grc' dir='ltr'><strong><em>ι</em></strong></span> <span class='ocrx_word' id='word_1_772' title='bbox 1451 4701 1711 4775; x_wconf 86' lang='lat' dir='ltr'><strong>Cognitio</strong></span> <span class='ocrx_word' id='word_1_773' title='bbox 1760 4704 1938 4778; x_wconf 88' lang='lat' dir='ltr'><strong>igitur</strong></span> <span class='ocrx_word' id='word_1_774' title='bbox 2023 4713 2195 4756; x_wconf 85' lang='lat' dir='ltr'><strong>suum</strong></span> <span class='ocrx_word' id='word_1_775' title='bbox 2224 4699 2425 4772; x_wconf 74' lang='grc' dir='ltr'><strong>(Ιόἰάι),</strong></span> <span class='ocrx_word' id='word_1_776' title='bbox 2463 4721 2485 4751; x_wconf 74' lang='grc' dir='ltr'><strong>ι»</strong></span> <span class='ocrx_word' id='word_1_777' title='bbox 2533 4715 2649 4758; x_wconf 88' lang='lat' dir='ltr'><strong>non</strong></span> <span class='ocrx_word' id='word_1_778' title='bbox 2683 4716 2786 4774; x_wconf 85' lang='lat' dir='ltr'><strong>per</strong></span> <span class='ocrx_word' id='word_1_779' title='bbox 2812 4701 3081 4774; x_wconf 86' lang='lat' dir='ltr'><strong>spiritum</strong></span> <span class='ocrx_word' id='word_1_780' title='bbox 3125 4708 3408 4773; x_wconf 88' lang='lat' dir='ltr'><strong>nostrum,</strong></span> <span class='ocrx_word' id='word_1_781' title='bbox 3442 4717 3618 4777; x_wconf 89' lang='lat' dir='ltr'><strong>quem</strong></span> <span class='ocrx_word' id='word_1_782' title='bbox 3648 4718 3738 4761; x_wconf 91' lang='lat' dir='ltr'><strong>se-</strong></span> 
     </span>
    </p>
   </div>
   <div class='ocr_carea' id='block_1_82' title="bbox 222 4786 3738 4861">
    <p class='ocr_par' dir='ltr' id='par_1_82' title="bbox 222 4786 3738 4861">
     <span class='ocr_line' id='line_1_82' title="bbox 222 4786 3738 4861; baseline -0 -11"><span class='ocrx_word' id='word_1_783' title='bbox 222 4792 423 4861; x_wconf 91' lang='lat' dir='ltr'><strong>Patris,</strong></span> <span class='ocrx_word' id='word_1_784' title='bbox 457 4791 573 4848; x_wconf 89' lang='lat' dir='ltr'><strong>vita</strong></span> <span class='ocrx_word' id='word_1_785' title='bbox 610 4797 824 4848; x_wconf 85' lang='lat' dir='ltr'><strong>aterna</strong></span> <span class='ocrx_word' id='word_1_786' title='bbox 869 4797 986 4861; x_wconf 87' lang='lat' dir='ltr'><strong>est;</strong></span> <span class='ocrx_word' id='word_1_787' title='bbox 1028 4797 1082 4847; x_wconf 89' lang='lat' dir='ltr'><strong>et</strong></span> <span class='ocrx_word' id='word_1_788' title='bbox 1125 4789 1224 4847; x_wconf 90' lang='lat' dir='ltr'><strong>ubi</strong></span> <span class='ocrx_word' id='word_1_789' title='bbox 1272 4790 1386 4848; x_wconf 89' lang='lat' dir='ltr'><strong>vita</strong></span> <span class='ocrx_word' id='word_1_790' title='bbox 1414 4798 1648 4861; x_wconf 86' lang='lat' dir='ltr'><strong>aterna,</strong></span> <span class='ocrx_word' id='word_1_791' title='bbox 1676 4793 1756 4852; x_wconf 88' lang='lat' dir='ltr'><strong>ibi</strong></span> <span class='ocrx_word' id='word_1_792' title='bbox 1782 4810 1936 4853; x_wconf 82' lang='lat' dir='ltr'><strong>sem—</strong></span> <span class='ocrx_word' id='word_1_793' title='bbox 2021 4786 2139 4845; x_wconf 88' lang='lat' dir='ltr'><strong>cuti</strong></span> <span class='ocrx_word' id='word_1_794' title='bbox 2189 4787 2541 4861; x_wconf 81' lang='lat' dir='ltr'><strong>phiIOSOphi,</strong></span> <span class='ocrx_word' id='word_1_795' title='bbox 2584 4796 2642 4848; x_wconf 89' lang='lat' dir='ltr'><strong>et</strong></span> <span class='ocrx_word' id='word_1_796' title='bbox 2680 4789 2901 4848; x_wconf 90' lang='lat' dir='ltr'><strong>seducti</strong></span> <span class='ocrx_word' id='word_1_797' title='bbox 2952 4798 3091 4851; x_wconf 90' lang='lat' dir='ltr'><strong>sunt</strong></span> <span class='ocrx_word' id='word_1_798' title='bbox 3128 4797 3183 4850; x_wconf 91' lang='lat' dir='ltr'><strong>et</strong></span> <span class='ocrx_word' id='word_1_799' title='bbox 3217 4793 3596 4851; x_wconf 83' lang='lat' dir='ltr'><strong>seduxerunt.</strong></span> <span class='ocrx_word' id='word_1_800' title='bbox 3633 4789 3738 4849; x_wconf 91' lang='lat' dir='ltr'><strong>Ille</strong></span> 
     </span>
    </p>
   </div>
   <div class='ocr_carea' id='block_1_83' title="bbox 223 4877 3737 4958">
    <p class='ocr_par' dir='ltr' id='par_1_83' title="bbox 223 4877 3737 4958">
     <span class='ocr_line' id='line_1_83' title="bbox 223 4877 3737 4958; baseline 0 -18"><span class='ocrx_word' id='word_1_801' title='bbox 223 4883 446 4956; x_wconf 87' lang='lat' dir='ltr'><strong>piterna</strong></span> <span class='ocrx_word' id='word_1_802' title='bbox 477 4882 760 4955; x_wconf 85' lang='lat' dir='ltr'><strong>voluptas,</strong></span> <span class='ocrx_word' id='word_1_803' title='bbox 792 4881 927 4953; x_wconf 89' lang='lat' dir='ltr'><strong>quia</strong></span> <span class='ocrx_word' id='word_1_804' title='bbox 957 4881 1218 4953; x_wconf 89' lang='lat' dir='ltr'><strong>gignitur</strong></span> <span class='ocrx_word' id='word_1_805' title='bbox 1258 4880 1328 4940; x_wconf 90' lang='lat' dir='ltr'><strong>de</strong></span> <span class='ocrx_word' id='word_1_806' title='bbox 1368 4889 1530 4939; x_wconf 89' lang='lat' dir='ltr'><strong>utero</strong></span> <span class='ocrx_word' id='word_1_807' title='bbox 1564 4881 1748 4940; x_wconf 90' lang='lat' dir='ltr'><strong>Patris</strong></span> <span class='ocrx_word' id='word_1_808' title='bbox 1785 4883 1937 4943; x_wconf 87' lang='lat' dir='ltr'><strong>Deus</strong></span> <span class='ocrx_word' id='word_1_809' title='bbox 2023 4883 2217 4936; x_wconf 87' lang='lat' dir='ltr'><strong>noster</strong></span> <span class='ocrx_word' id='word_1_810' title='bbox 2248 4877 2645 4953; x_wconf 88' lang='lat' dir='ltr'><strong>philosophus,</strong></span> <span class='ocrx_word' id='word_1_811' title='bbox 2675 4880 2777 4954; x_wconf 92' lang='lat' dir='ltr'><strong>qui</strong></span> <span class='ocrx_word' id='word_1_812' title='bbox 2815 4897 2987 4956; x_wconf 90' lang='lat' dir='ltr'><strong>super</strong></span> <span class='ocrx_word' id='word_1_813' title='bbox 3026 4898 3212 4955; x_wconf 88' lang='lat' dir='ltr'><strong>senes,</strong></span> <span class='ocrx_word' id='word_1_814' title='bbox 3244 4890 3298 4942; x_wconf 90' lang='lat' dir='ltr'><strong>et</strong></span> <span class='ocrx_word' id='word_1_815' title='bbox 3326 4899 3499 4958; x_wconf 90' lang='lat' dir='ltr'><strong>super</strong></span> <span class='ocrx_word' id='word_1_816' title='bbox 3537 4898 3737 4941; x_wconf 90' lang='lat' dir='ltr'><strong>omnes</strong></span> 
     </span>
    </p>
   </div>
   <div class='ocr_carea' id='block_1_84' title="bbox 222 4967 3737 5047">
    <p class='ocr_par' dir='ltr' id='par_1_84' title="bbox 222 4967 3737 5047">
     <span class='ocr_line' id='line_1_84' title="bbox 222 4967 3737 5047; baseline 0 -17"><span class='ocrx_word' id='word_1_817' title='bbox 222 4971 293 5030; x_wconf 91' lang='lat' dir='ltr'><strong>de</strong></span> <span class='ocrx_word' id='word_1_818' title='bbox 345 4972 484 5042; x_wconf 90' lang='lat' dir='ltr'><strong>Deo,</strong></span> <span class='ocrx_word' id='word_1_819' title='bbox 542 4968 740 5029; x_wconf 91' lang='lat' dir='ltr'><strong>lumen</strong></span> <span class='ocrx_word' id='word_1_820' title='bbox 794 4971 864 5028; x_wconf 90' lang='lat' dir='ltr'><strong>de</strong></span> <span class='ocrx_word' id='word_1_821' title='bbox 922 4970 1165 5039; x_wconf 87' lang='lat' dir='ltr'><strong>lumine,</strong></span> <span class='ocrx_word' id='word_1_822' title='bbox 1213 4970 1283 5029; x_wconf 91' lang='lat' dir='ltr'><strong>de</strong></span> <span class='ocrx_word' id='word_1_823' title='bbox 1334 4971 1584 5031; x_wconf 91' lang='lat' dir='ltr'><strong>Domino</strong></span> <span class='ocrx_word' id='word_1_824' title='bbox 1627 4970 1932 5032; x_wconf 89' lang='lat' dir='ltr'><strong>Dominus.</strong></span> <span class='ocrx_word' id='word_1_825' title='bbox 2023 4968 2289 5026; x_wconf 91' lang='lat' dir='ltr'><strong>docentes</strong></span> <span class='ocrx_word' id='word_1_826' title='bbox 2327 4983 2386 5025; x_wconf 89' lang='lat' dir='ltr'><strong>se</strong></span> <span class='ocrx_word' id='word_1_827' title='bbox 2432 4967 2723 5027; x_wconf 87' lang='lat' dir='ltr'><strong>intellexit</strong></span> <span class='ocrx_word' id='word_1_828' title='bbox 2769 4973 2938 5041; x_wconf 88' lang='lat' dir='ltr'><strong>(Psal.</strong></span> <span class='ocrx_word' id='word_1_829' title='bbox 2971 4976 3202 5043; x_wconf 71' lang='lat' dir='ltr'><strong>CXVIII),</strong></span> <span class='ocrx_word' id='word_1_830' title='bbox 3231 4973 3372 5046; x_wconf 91' lang='lat' dir='ltr'><strong>quid</strong></span> <span class='ocrx_word' id='word_1_831' title='bbox 3412 4988 3587 5047; x_wconf 90' lang='lat' dir='ltr'><strong>super</strong></span> <span class='ocrx_word' id='word_1_832' title='bbox 3627 4973 3737 5031; x_wconf 90' lang='lat' dir='ltr'><strong>hoc</strong></span> 
     </span>
    </p>
   </div>
   <div class='ocr_carea' id='block_1_85' title="bbox 222 5058 3734 5137">
    <p class='ocr_par' dir='ltr' id='par_1_85' title="bbox 222 5058 3734 5137">
     <span class='ocr_line' id='line_1_85' title="bbox 222 5058 3734 5137; baseline 0 -17"><span class='ocrx_word' id='word_1_833' title='bbox 222 5061 529 5135; x_wconf 83' lang='lat' dir='ltr'><strong>Egreditur</strong></span> <span class='ocrx_word' id='word_1_834' title='bbox 554 5068 748 5118; x_wconf 88' lang='lat' dir='ltr'><strong>autem</strong></span> <span class='ocrx_word' id='word_1_835' title='bbox 792 5059 1107 5130; x_wconf 87' lang='lat' dir='ltr'><strong>identitate,</strong></span> <span class='ocrx_word' id='word_1_836' title='bbox 1145 5061 1284 5133; x_wconf 90' lang='lat' dir='ltr'><strong>quia</strong></span> <span class='ocrx_word' id='word_1_837' title='bbox 1314 5062 1466 5119; x_wconf 91' lang='lat' dir='ltr'><strong>idem</strong></span> <span class='ocrx_word' id='word_1_838' title='bbox 1510 5069 1614 5132; x_wconf 88' lang='lat' dir='ltr'><strong>est,</strong></span> <span class='ocrx_word' id='word_1_839' title='bbox 1644 5062 1796 5136; x_wconf 90' lang='lat' dir='ltr'><strong>quod</strong></span> <span class='ocrx_word' id='word_1_840' title='bbox 1827 5062 1935 5122; x_wconf 88' lang='lat' dir='ltr'><strong>Pa-</strong></span> <span class='ocrx_word' id='word_1_841' title='bbox 2022 5058 2286 5129; x_wconf 90' lang='lat' dir='ltr'><strong>senserit,</strong></span> <span class='ocrx_word' id='word_1_842' title='bbox 2337 5058 2646 5118; x_wconf 87' lang='lat' dir='ltr'><strong>audiamus</strong></span> <span class='ocrx_word' id='word_1_843' title='bbox 2703 5079 2716 5118; x_wconf 93' lang='lat'><strong>:</strong></span> <span class='ocrx_word' id='word_1_844' title='bbox 2765 5081 2793 5113; x_wconf 83' lang='grc'><strong>‹‹</strong></span> <span class='ocrx_word' id='word_1_845' title='bbox 2846 5061 3086 5135; x_wconf 85' lang='lat' dir='ltr'><strong>Bigans,</strong></span> <span class='ocrx_word' id='word_1_846' title='bbox 3132 5062 3343 5137; x_wconf 89' lang='lat' dir='ltr'><strong>inquit,</strong></span> <span class='ocrx_word' id='word_1_847' title='bbox 3397 5071 3620 5122; x_wconf 89' lang='lat' dir='ltr'><strong>montes</strong></span> <span class='ocrx_word' id='word_1_848' title='bbox 3663 5061 3734 5121; x_wconf 89' lang='lat' dir='ltr'><strong>de</strong></span> 
     </span>
    </p>
   </div>
   <div class='ocr_carea' id='block_1_86' title="bbox 225 5148 3731 5221">
    <p class='ocr_par' dir='ltr' id='par_1_86' title="bbox 225 5148 3731 5221">
     <span class='ocr_line' id='line_1_86' title="bbox 225 5148 3731 5221; baseline 0 -13"><span class='ocrx_word' id='word_1_849' title='bbox 225 5160 328 5210; x_wconf 87' lang='lat' dir='ltr'><strong>ter.</strong></span> <span class='ocrx_word' id='word_1_850' title='bbox 374 5151 535 5210; x_wconf 91' lang='lat' dir='ltr'><strong>Idem</strong></span> <span class='ocrx_word' id='word_1_851' title='bbox 570 5149 719 5221; x_wconf 92' lang='lat' dir='ltr'><strong>dico,</strong></span> <span class='ocrx_word' id='word_1_852' title='bbox 768 5150 1089 5207; x_wconf 91' lang='lat' dir='ltr'><strong>secundum</strong></span> <span class='ocrx_word' id='word_1_853' title='bbox 1132 5150 1532 5221; x_wconf 75' lang='lat' dir='ltr'><strong>substantiam,</strong></span> <span class='ocrx_word' id='word_1_854' title='bbox 1564 5167 1682 5209; x_wconf 91' lang='lat' dir='ltr'><strong>non</strong></span> <span class='ocrx_word' id='word_1_855' title='bbox 1725 5167 1937 5209; x_wconf 90' lang='lat' dir='ltr'><strong>secun-</strong></span> <span class='ocrx_word' id='word_1_856' title='bbox 2022 5148 2417 5219; x_wconf 90' lang='lat' dir='ltr'><strong>superioribus</strong></span> <span class='ocrx_word' id='word_1_857' title='bbox 2473 5148 2594 5206; x_wconf 91' lang='lat' dir='ltr'><strong>suis</strong></span> <span class='ocrx_word' id='word_1_858' title='bbox 2647 5152 2818 5218; x_wconf 85' lang='lat' dir='ltr'><strong>(Psal.</strong></span> <span class='ocrx_word' id='word_1_859' title='bbox 2877 5155 3018 5221; x_wconf 89' lang='lat' dir='ltr'><strong>Clll).</strong></span> <span class='ocrx_word' id='word_1_860' title='bbox 3068 5176 3094 5199; x_wconf 81' lang='grc'><strong><em>››</em></strong></span> <span class='ocrx_word' id='word_1_861' title='bbox 3148 5150 3231 5209; x_wconf 94' lang='lat' dir='ltr'><strong>De</strong></span> <span class='ocrx_word' id='word_1_862' title='bbox 3287 5149 3731 5209; x_wconf 89' lang='lat' dir='ltr'><strong>sublimioribus</strong></span> 
     </span>
    </p>
   </div>
   <div class='ocr_carea' id='block_1_87' title="bbox 225 5235 3730 5314">
    <p class='ocr_par' dir='ltr' id='par_1_87' title="bbox 225 5235 3730 5314">
     <span class='ocr_line' id='line_1_87' title="bbox 225 5235 3730 5314; baseline 0.001 -21"><span class='ocrx_word' id='word_1_863' title='bbox 225 5235 366 5295; x_wconf 92' lang='lat' dir='ltr'><strong>dum</strong></span> <span class='ocrx_word' id='word_1_864' title='bbox 415 5252 737 5312; x_wconf 88' lang='lat' dir='ltr'><strong>personam.</strong></span> <span class='ocrx_word' id='word_1_865' title='bbox 790 5236 1099 5311; x_wconf 84' lang='lat' dir='ltr'><strong>Egreditur</strong></span> <span class='ocrx_word' id='word_1_866' title='bbox 1136 5244 1193 5295; x_wconf 90' lang='lat' dir='ltr'><strong>et</strong></span> <span class='ocrx_word' id='word_1_867' title='bbox 1234 5238 1580 5312; x_wconf 72' lang='lat' dir='ltr'><strong>aequalitate,</strong></span> <span class='ocrx_word' id='word_1_868' title='bbox 1625 5238 1762 5314; x_wconf 91' lang='lat' dir='ltr'><strong>quia</strong></span> <span class='ocrx_word' id='word_1_869' title='bbox 1813 5237 1937 5312; x_wconf 92' lang='lat' dir='ltr'><strong>pari</strong></span> <span class='ocrx_word' id='word_1_870' title='bbox 2023 5235 2238 5309; x_wconf 91' lang='lat' dir='ltr'><strong>quippe</strong></span> <span class='ocrx_word' id='word_1_871' title='bbox 2275 5235 2498 5309; x_wconf 89' lang='lat' dir='ltr'><strong>angelis</strong></span> <span class='ocrx_word' id='word_1_872' title='bbox 2539 5236 2719 5302; x_wconf 90' lang='lat' dir='ltr'><strong>docet.</strong></span> <span class='ocrx_word' id='word_1_873' title='bbox 2751 5238 2853 5312; x_wconf 88' lang='lat' dir='ltr'><strong>qui</strong></span> <span class='ocrx_word' id='word_1_874' title='bbox 2885 5254 2999 5297; x_wconf 92' lang='lat' dir='ltr'><strong>non</strong></span> <span class='ocrx_word' id='word_1_875' title='bbox 3028 5254 3127 5310; x_wconf 93' lang='lat' dir='ltr'><strong>per</strong></span> <span class='ocrx_word' id='word_1_876' title='bbox 3155 5238 3457 5313; x_wconf 89' lang='lat' dir='ltr'><strong>speculum</strong></span> <span class='ocrx_word' id='word_1_877' title='bbox 3486 5240 3550 5298; x_wconf 90' lang='lat' dir='ltr'><strong>in</strong></span> <span class='ocrx_word' id='word_1_878' title='bbox 3582 5239 3730 5298; x_wconf 90' lang='lat' dir='ltr'><strong>ani-</strong></span> 
     </span>
    </p>
   </div>
   <div class='ocr_carea' id='block_1_88' title="bbox 228 5323 3730 5401">
    <p class='ocr_par' dir='ltr' id='par_1_88' title="bbox 228 5323 3730 5401">
     <span class='ocr_line' id='line_1_88' title="bbox 228 5323 3730 5401; baseline 0.001 -19"><span class='ocrx_word' id='word_1_879' title='bbox 228 5326 645 5399; x_wconf 89' lang='lat' dir='ltr'><strong>omnipotentia</strong></span> <span class='ocrx_word' id='word_1_880' title='bbox 725 5325 956 5401; x_wconf 84' lang='lat' dir='ltr'><strong>respicit</strong></span> <span class='ocrx_word' id='word_1_881' title='bbox 1030 5324 1435 5399; x_wconf 85' lang='lat' dir='ltr'><strong>Generantem,</strong></span> <span class='ocrx_word' id='word_1_882' title='bbox 1508 5344 1643 5387; x_wconf 92' lang='lat' dir='ltr'><strong>cum</strong></span> <span class='ocrx_word' id='word_1_883' title='bbox 1716 5327 1931 5398; x_wconf 91' lang='lat' dir='ltr'><strong>omnia,</strong></span> <span class='ocrx_word' id='word_1_884' title='bbox 2021 5330 2241 5396; x_wconf 90' lang='lat' dir='ltr'><strong>gmate,</strong></span> <span class='ocrx_word' id='word_1_885' title='bbox 2287 5323 2387 5382; x_wconf 92' lang='lat' dir='ltr'><strong>sed</strong></span> <span class='ocrx_word' id='word_1_886' title='bbox 2432 5324 2576 5383; x_wconf 88' lang='lat' dir='ltr'><strong>facie</strong></span> <span class='ocrx_word' id='word_1_887' title='bbox 2619 5326 2691 5385; x_wconf 93' lang='lat' dir='ltr'><strong>ad</strong></span> <span class='ocrx_word' id='word_1_888' title='bbox 2734 5325 2936 5386; x_wconf 84' lang='lat' dir='ltr'><strong>faciem</strong></span> <span class='ocrx_word' id='word_1_889' title='bbox 2975 5328 3162 5401; x_wconf 90' lang='lat' dir='ltr'><strong>ipsam</strong></span> <span class='ocrx_word' id='word_1_890' title='bbox 3200 5327 3304 5386; x_wconf 91' lang='lat' dir='ltr'><strong>Dei</strong></span> <span class='ocrx_word' id='word_1_891' title='bbox 3347 5328 3730 5389; x_wconf 87' lang='lat' dir='ltr'><strong>substantiam</strong></span> 
     </span>
    </p>
   </div>
   <div class='ocr_carea' id='block_1_89' title="bbox 229 5413 3352 5491">
    <p class='ocr_par' dir='ltr' id='par_1_89' title="bbox 229 5413 3352 5491">
     <span class='ocr_line' id='line_1_89' title="bbox 229 5413 3352 5491; baseline 0.001 -18"><span class='ocrx_word' id='word_1_892' title='bbox 229 5428 362 5487; x_wconf 86' lang='lat' dir='ltr'><strong>qua</strong></span> <span class='ocrx_word' id='word_1_893' title='bbox 409 5421 589 5487; x_wconf 88' lang='lat' dir='ltr'><strong>potest</strong></span> <span class='ocrx_word' id='word_1_894' title='bbox 634 5414 817 5485; x_wconf 89' lang='lat' dir='ltr'><strong>Pater,</strong></span> <span class='ocrx_word' id='word_1_895' title='bbox 855 5414 1033 5490; x_wconf 89' lang='lat' dir='ltr'><strong>possit</strong></span> <span class='ocrx_word' id='word_1_896' title='bbox 1067 5421 1123 5472; x_wconf 90' lang='lat' dir='ltr'><strong>et</strong></span> <span class='ocrx_word' id='word_1_897' title='bbox 1167 5414 1371 5486; x_wconf 87' lang='lat' dir='ltr'><strong>Filius,</strong></span> <span class='ocrx_word' id='word_1_898' title='bbox 1416 5416 1565 5475; x_wconf 90' lang='lat' dir='ltr'><strong>sicut</strong></span> <span class='ocrx_word' id='word_1_899' title='bbox 1600 5417 1722 5489; x_wconf 90' lang='lat' dir='ltr'><strong>ipse</strong></span> <span class='ocrx_word' id='word_1_900' title='bbox 1766 5422 1936 5475; x_wconf 88' lang='lat' dir='ltr'><strong>testa-</strong></span> <span class='ocrx_word' id='word_1_901' title='bbox 2023 5413 2353 5474; x_wconf 91' lang='lat' dir='ltr'><strong>luminibus</strong></span> <span class='ocrx_word' id='word_1_902' title='bbox 2378 5414 2684 5475; x_wconf 83' lang='lat' dir='ltr'><strong>indefessis</strong></span> <span class='ocrx_word' id='word_1_903' title='bbox 2710 5423 2964 5491; x_wconf 88' lang='lat' dir='ltr'><strong>spectant</strong></span> <span class='ocrx_word' id='word_1_904' title='bbox 2991 5419 3035 5489; x_wconf 88' lang='grc' dir='ltr'><strong>(Ι</strong></span> <span class='ocrx_word' id='word_1_905' title='bbox 3057 5420 3173 5476; x_wconf 88' lang='lat' dir='ltr'><strong>Cor.</strong></span> <span class='ocrx_word' id='word_1_906' title='bbox 3204 5421 3352 5489; x_wconf 88' lang='lat' dir='ltr'><strong>XIII).</strong></span> 
     </span>
    </p>
   </div>
   <div class='ocr_carea' id='block_1_90' title="bbox 227 5501 1936 5578">
    <p class='ocr_par' dir='ltr' id='par_1_90' title="bbox 227 5501 1936 5578">
     <span class='ocr_line' id='line_1_90' title="bbox 227 5501 1936 5578; baseline 0.002 -17"><span class='ocrx_word' id='word_1_907' title='bbox 227 5510 322 5561; x_wconf 89' lang='lat' dir='ltr'><strong>tur</strong></span> <span class='ocrx_word' id='word_1_908' title='bbox 357 5520 368 5559; x_wconf 92' lang='lat'><strong>:</strong></span> <span class='ocrx_word' id='word_1_909' title='bbox 416 5526 441 5550; x_wconf 76' lang='grc' dir='ltr'><strong>α</strong></span> <span class='ocrx_word' id='word_1_910' title='bbox 473 5501 678 5561; x_wconf 89' lang='lat' dir='ltr'><strong>Omnia</strong></span> <span class='ocrx_word' id='word_1_911' title='bbox 709 5520 841 5578; x_wconf 88' lang='lat' dir='ltr'><strong>qua</strong></span> <span class='ocrx_word' id='word_1_912' title='bbox 882 5504 1014 5562; x_wconf 82' lang='lat' dir='ltr'><strong>facit</strong></span> <span class='ocrx_word' id='word_1_913' title='bbox 1058 5501 1247 5576; x_wconf 88' lang='lat' dir='ltr'><strong>Pater,</strong></span> <span class='ocrx_word' id='word_1_914' title='bbox 1276 5503 1411 5562; x_wconf 91' lang='lat' dir='ltr'><strong>facit</strong></span> <span class='ocrx_word' id='word_1_915' title='bbox 1444 5510 1501 5563; x_wconf 91' lang='lat' dir='ltr'><strong>et</strong></span> <span class='ocrx_word' id='word_1_916' title='bbox 1533 5503 1719 5564; x_wconf 89' lang='lat' dir='ltr'><strong>Filius</strong></span> <span class='ocrx_word' id='word_1_917' title='bbox 1765 5529 1777 5564; x_wconf 87' lang='lat'><strong>:</strong></span> <span class='ocrx_word' id='word_1_918' title='bbox 1831 5521 1936 5564; x_wconf 88' lang='lat' dir='ltr'><strong>nec</strong></span> 
     </span>
    </p>
   </div>
   <div class='ocr_carea' id='block_1_91' title="bbox 229 5589 1937 5667">
    <p class='ocr_par' dir='ltr' id='par_1_91' title="bbox 229 5589 1937 5667">
     <span class='ocr_line' id='line_1_91' title="bbox 229 5589 1937 5667; baseline 0.002 -19"><span class='ocrx_word' id='word_1_919' title='bbox 229 5596 413 5665; x_wconf 88' lang='lat' dir='ltr'><strong>potest</strong></span> <span class='ocrx_word' id='word_1_920' title='bbox 462 5589 646 5649; x_wconf 89' lang='lat' dir='ltr'><strong>Filius</strong></span> <span class='ocrx_word' id='word_1_921' title='bbox 703 5593 886 5652; x_wconf 88' lang='lat' dir='ltr'><strong>facere</strong></span> <span class='ocrx_word' id='word_1_922' title='bbox 945 5591 1288 5667; x_wconf 88' lang='lat' dir='ltr'><strong>quidquam,</strong></span> <span class='ocrx_word' id='word_1_923' title='bbox 1343 5589 1459 5652; x_wconf 84' lang='lat' dir='ltr'><strong>nisi</strong></span> <span class='ocrx_word' id='word_1_924' title='bbox 1512 5591 1668 5664; x_wconf 91' lang='lat' dir='ltr'><strong>quod</strong></span> <span class='ocrx_word' id='word_1_925' title='bbox 1727 5591 1937 5652; x_wconf 89' lang='lat' dir='ltr'><strong>Viderit</strong></span> 
     </span>
    </p>
   </div>
   <div class='ocr_carea' id='block_1_92' title="bbox 2099 5501 3723 5582">
    <p class='ocr_par' dir='ltr' id='par_1_92' title="bbox 2099 5501 3723 5582">
     <span class='ocr_line' id='line_1_92' title="bbox 2099 5501 3723 5582; baseline 0.001 -20"><span class='ocrx_word' id='word_1_926' title='bbox 2099 5502 2410 5575; x_wconf 86' lang='lat' dir='ltr'><strong>Sequitur:</strong></span> <span class='ocrx_word' id='word_1_927' title='bbox 2442 5525 2464 5553; x_wconf 74' lang='grc' dir='ltr'>ι</span> <span class='ocrx_word' id='word_1_928' title='bbox 2500 5501 2613 5570; x_wconf 89' lang='lat' dir='ltr'><strong>Qui</strong></span> <span class='ocrx_word' id='word_1_929' title='bbox 2641 5503 2778 5563; x_wconf 90' lang='lat' dir='ltr'><strong>inde</strong></span> <span class='ocrx_word' id='word_1_930' title='bbox 2806 5505 3089 5564; x_wconf 92' lang='lat' dir='ltr'><strong>dividitur</strong></span> <span class='ocrx_word' id='word_1_931' title='bbox 3115 5506 3177 5563; x_wconf 90' lang='lat' dir='ltr'><strong>in</strong></span> <span class='ocrx_word' id='word_1_932' title='bbox 3207 5513 3453 5582; x_wconf 91' lang='lat' dir='ltr'><strong>quatuor</strong></span> <span class='ocrx_word' id='word_1_933' title='bbox 3471 5505 3670 5580; x_wconf 88' lang='lat' dir='ltr'><strong>capita.</strong></span> <span class='ocrx_word' id='word_1_934' title='bbox 3703 5527 3723 5555; x_wconf 77' lang='grc' dir='ltr'><strong><em>ι</em></strong></span> 
     </span>
    </p>
   </div>
   <div class='ocr_carea' id='block_1_93' title="bbox 2025 5591 3728 5671">
    <p class='ocr_par' dir='ltr' id='par_1_93' title="bbox 2025 5591 3728 5671">
     <span class='ocr_line' id='line_1_93' title="bbox 2025 5591 3728 5671; baseline 0 -19"><span class='ocrx_word' id='word_1_935' title='bbox 2025 5591 2095 5652; x_wconf 89' lang='lat' dir='ltr'><strong>In</strong></span> <span class='ocrx_word' id='word_1_936' title='bbox 2124 5608 2261 5667; x_wconf 89' lang='lat' dir='ltr'><strong>qua</strong></span> <span class='ocrx_word' id='word_1_937' title='bbox 2285 5599 2533 5669; x_wconf 88' lang='lat' dir='ltr'><strong>quatuor</strong></span> <span class='ocrx_word' id='word_1_938' title='bbox 2569 5595 2753 5668; x_wconf 89' lang='lat' dir='ltr'><strong>capita</strong></span> <span class='ocrx_word' id='word_1_939' title='bbox 2790 5594 3050 5655; x_wconf 88' lang='lat' dir='ltr'><strong>dicamus</strong></span> <span class='ocrx_word' id='word_1_940' title='bbox 3086 5595 3359 5662; x_wconf 87' lang='lat' dir='ltr'><strong>breviter,</strong></span> <span class='ocrx_word' id='word_1_941' title='bbox 3392 5596 3530 5671; x_wconf 86' lang='lat' dir='ltr'><strong>quia</strong></span> <span class='ocrx_word' id='word_1_942' title='bbox 3554 5610 3728 5670; x_wconf 80' lang='lat' dir='ltr'><strong>gran-</strong></span> 
     </span>
    </p>
   </div>
  </div>
