4184 6470
396 365 495 427 561
1967 367 2092 428 SBE

2177 367 2215 427 Ο
2251 368 2349 427 ΧΙ.
3807 369 3915 428 562

395 490 484 549 dis
519 488 687 548 nobis
725 491 898 545 restat
935 486 1046 545 via.
1094 485 1158 545 In
1201 485 1659 558 admirationem,
1692 505 1805 564 qua
1854 496 1965 549 tota
2002 491 2379 566 ob-Agulari
2427 496 2595 566 partu
2647 492 2921 552 divinitas
2966 494 3279 553 humanata
3331 494 3562 568 sigillat.
3602 494 3713 553 Ubi
3749 510 3906 553 nunc

393 587 582 653 stupet
632 576 731 635 illa
775 575 1006 650 dignior
1055 582 1311 634 creatura
1363 578 1433 633 de
1483 578 1763 637 Creatoris
1819 579 1998 652 gloria
2061 584 2117 637 et
2197 581 2574 640 Aristotelicaa
2626 581 2958 639 subtilitatis
3007 581 3251 640 facunda
3299 581 3568 656 quidem,
3607 582 3706 641 sed
3749 583 3902 640 infe-

390 671 593 747 gloriae
628 668 866 728 ratione.
899 666 966 725 In
988 667 1315 742 puritatem,
1343 669 1480 743 quia
1507 685 1622 728 non
1650 671 1710 728 in
1742 686 1875 728 vase
1907 676 2114 731 testeo,
2196 669 2386 727 cunda
2432 668 2797 744 loquacitas?
2831 666 2891 728 Si
2923 671 3156 744 peperit,
3195 685 3326 729 cum
3372 671 3496 728 viro
3547 669 3904 728 concubuit?

392 760 484 819 vel
529 756 832 832 fragilitate
859 755 1278 830 complexionis
1316 756 1589 815 humanae
1626 758 1831 816 bibunt
1880 760 1951 817 de
1992 764 2114 816 tor-
2201 755 2367 828 Velit,
2398 757 2560 826 nolit,
2594 757 2836 816 vertitur
2862 757 2921 814 in
2955 759 3217 816 habitum
3256 757 3520 830 privatio,
3553 773 3660 815 nec
3686 758 3901 817 astrin-

389 857 549 910 rente
607 847 954 922 voluptatis,
1009 847 1107 905 sed
1162 852 1380 905 remoto
1433 848 1768 915 velamine,
1829 849 2113 907 hauriunt
2193 847 2350 917 gitur
2404 845 2714 903 dialecticis
2770 847 3032 905 terminis
3089 846 3351 904 omnium
3409 845 3765 917 terminator,
3830 846 3898 904 ad

389 953 571 1011 aquas
615 936 677 995 in
725 934 934 1010 gaudio
964 933 1034 992 de
1064 934 1320 995 fontibus
1353 934 1664 995 Salvatoris
1693 938 1838 1009 (Isai.
1882 939 2004 1008 xu).
2041 937 2108 994 In
2191 936 2357 1005 cujus
2398 933 2705 1008 imperium
2741 935 2888 1008 parit
2936 943 3162 1007 natura,
3193 935 3478 992 desuescit
3521 935 3898 996 consuetudo.

390 1027 723 1094 satietatem,
760 1027 894 1098 quia
938 1028 992 1082 et
1025 1024 1075 1081 si
1129 1024 1191 1082 in
1226 1040 1358 1083 eum
1394 1025 1719 1084 desiderant
1764 1027 2104 1102 prospicere,

391 1121 584 1174 tamen
639 1128 755 1170 non
810 1109 1158 1169 desiderium
1207 1110 1619 1182 necessitatem,
1676 1113 1768 1170 vel
1804 1115 2108 1171 necessitas

393 1201 688 1262 miseriam
732 1200 974 1271 inducit,
1013 1199 1112 1257 sed
1153 1199 1494 1259 mirabiliori
1543 1200 1728 1267 modo,
1771 1208 1825 1259 et
1883 1218 2109 1275 semper

390 1291 739 1358 desiderant,
772 1296 835 1347 ut
869 1304 1095 1362 semper
1125 1289 1424 1361 satientur,
1457 1297 1512 1349 et
1542 1307 1767 1366 semper
1805 1292 2101 1361 satiantur,

389 1386 456 1440 ut
503 1395 729 1454 semper
773 1377 1116 1436 desiderent.
1154 1376 1221 1435 In
1277 1379 1658 1448 securitatem,
1699 1379 1838 1454 quia
1885 1381 1954 1437 de
2001 1397 2103 1439 sua

389 1470 693 1530 stabilitate
748 1469 911 1538 certi,
963 1467 1317 1542 perennibus
1363 1467 1590 1542 gaudiis
1648 1469 2099 1542 immerguntur,

387 1551 782 1632 exspectantes
822 1555 1046 1615 beatam
1076 1571 1257 1628 spem,
1299 1562 1354 1613 et
1382 1557 1694 1614 adventum
1732 1555 1932 1629 glorias
1979 1572 2102 1615 ma-

388 1649 490 1725 gni
540 1649 642 1708 Dei
694 1652 818 1720 (Tit.
849 1648 927 1719 11),
986 1646 1218 1721 quando
1264 1646 1364 1703 fiet
1404 1662 1589 1705 unum
1637 1647 1789 1704 ovile
1841 1655 1896 1704 et
1949 1663 2102 1706 unus

387 1743 578 1813 pastor
635 1739 807 1810 (Joan.
853 1736 936 1808 X),
981 1743 1036 1794 et
1090 1751 1341 1809 superna
1396 1734 1494 1793 illa
1545 1735 1910 1794 Hierusalem
1961 1752 2100 1795 con-

2191 1023 2495 1097 Egreditur
2522 1025 2692 1082 etiam
2732 1041 2864 1084 cum
2897 1025 3171 1085 claritate.
3207 1025 3484 1083 Nascente
3523 1026 3736 1100 quippe
3773 1027 3893 1098 illo,

2188 1115 2460 1188 sepelitur
2500 1116 2688 1173 omnis
2720 1117 2819 1175 illa
2854 1117 3214 1176 stellantium
3271 1116 3562 1174 luminum
3608 1117 3898 1176 luminosa

2188 1204 2483 1271 serenitas,
2515 1212 2569 1260 et
2599 1205 2760 1261 stella
2788 1206 3083 1264 candidior
3118 1207 3498 1266 lucidioribus
3532 1206 3711 1265 radiis
3742 1223 3898 1280 prae-

2189 1293 2508 1351 scintillans
2539 1302 2712 1352 totam
2755 1296 2863 1352 sibi
2893 1295 3023 1352 coeli
3067 1297 3214 1370 rapit
3263 1296 3628 1371 positionem.
3670 1298 3894 1356 Ambu-

2187 1379 2309 1439 lant
2339 1397 2499 1455 reges
2531 1384 2588 1440 in
2616 1383 2918 1456 splendore
2945 1391 3104 1442 ortus
3129 1386 3253 1458 ejus
3279 1389 3429 1453 (Isai.
3463 1389 3586 1456 LX),
3617 1386 3894 1459 quoniam

2185 1488 2313 1530 ecce
2373 1489 2535 1545 reges
2583 1475 2908 1547 congregati
2955 1481 3110 1545 sunt,
3145 1483 3544 1533 convenerunt
3581 1476 3642 1532 in
3685 1492 3892 1535 unum.

2184 1561 2300 1636 Ipsi
2338 1561 2599 1621 videntes
2627 1563 2710 1620 sic
2741 1563 2921 1621 Deum
2965 1568 3020 1621 et
3063 1564 3358 1622 hominem
3399 1571 3742 1628 nascentem,
3775 1582 3895 1625 ma~

2183 1657 2329 1710 trem
2377 1657 2432 1709 et
2485 1652 2779 1726 Virginem
2821 1653 3155 1727 parientem,
3186 1655 3452 1712 admirati
3480 1662 3634 1727 sunt,
3665 1664 3897 1715 contur-

2182 1739 2301 1798 bati
2356 1746 2512 1812 sunt,
2570 1742 2842 1800 commoti
2898 1750 3052 1815 sunt,
3108 1751 3318 1802 tremor
3368 1743 3744 1816 apprehendit
3801 1760 3896 1804 eos

390 1827 884 1915 summabitur‘in
931 1826 1204 1915 idipsum.
1241 1825 1333 1884 Sic
1370 1826 1572 1915 influit
1604 1827 1834 1915 tluvius
1856 1828 1962 1897 iste
2000 1843 2157 1915 perB
2185 1834 2352 1900 (Psal.
2395 1834 2578 1902 XLVII)
2616 1831 2679 1890 in
2735 1838 3024 1890 tantorum
3067 1832 3195 1891 luce
3240 1831 3672 1893 miraculorum.
3716 1835 3894 1909 Egre-

386 1915 674 1991 angelicas
712 1912 988 1974 ofﬁcinas.
1025 1911 1136 1971 Sed
1166 1913 1292 1970 haec
1319 1913 1516 1972 omnia
1544 1913 1685 1971 ﬁdes
1715 1913 1882 1986 capit,
1919 1911 2147 1972 nescit~
2182 1918 2341 1975 ditur
2367 1925 2420 1975 et
2459 1933 2589 1977 cum
2630 1926 2984 1992 paupertate,
3024 1918 3160 1993 quia
3209 1920 3420 1993 pannis
3471 1920 3770 1979 vilissimis
3801 1922 3893 1980 in-

389 2006 554 2075 ratio,
583 2003 910 2062 intellectus
936 2002 1161 2074 ignorat
1195 2002 1508 2060 humanus.
1549 2002 1690 2060 Hzec
1728 2009 1864 2061 sunt
1895 2003 2100 2063 fortas-

386 2093 466 2151 sis
502 2092 602 2151 illa
630 2099 894 2165 quatuor,
925 2105 1057 2162 quae
1101 2104 1201 2146 vas
1255 2088 1549 2147 electionis
1598 2089 1748 2148 felici
1792 2098 2097 2166 quaterna-

385 2181 472 2240 rio
510 2180 570 2239 in
617 2178 870 2253 Epistola
917 2177 988 2235 ad
1033 2177 1309 2234 Hebraeos
1355 2177 1584 2250 dividit,
1631 2178 1874 2238 dicens:
1918 2203 1938 2232 ιι
1973 2183 2098 2240 Non

382 2270 700 2330 accessistis
723 2266 820 2323 54
843 2269 915 2328 ad
960 2275 1217 2328 montem
1250 2268 1596 2340 fumantem,
1648 2269 1746 2328 sed
1804 2269 1874 2328 ad
1927 2287 2097 2330 mon-

387 2366 500 2418 tem
540 2359 703 2426 Sion,
735 2361 806 2415 ad
842 2357 1205 2416 Hierusalem
1257 2358 1544 2415 civitatem
1591 2357 1688 2414 Dei
1727 2359 1996 2430 viventis,
2027 2361 2099 2418 ad

385 2449 703 2508 multorum
753 2448 1003 2506 millium
1049 2447 1388 2520 angelorum
1437 2447 1844 2522 frequentiam,
1871 2450 1943 2506 ad
1990 2450 2097 2507 Ec-

381 2543 617 2601 clesiam
653 2540 1087 2616 primitivorum
1117 2538 1388 2612 scriptam
1418 2537 1479 2595 in
1509 2538 1685 2597 caelis.
1730 2563 1751 2588 ο

456 2630 624 2688 Nunc
658 2625 1028 2700 accingamus
1069 2641 1174 2684 nos
1203 2625 1274 2682 ad
1300 2625 1619 2683 videndum
1655 2627 1903 2700 qualiter
1931 2644 2096 2702 egre-

383 2719 573 2778 diatur
612 2717 684 2775 de
733 2715 986 2788 Virgine,
1017 2713 1154 2788 quia
1186 2713 1435 2787 egressio
1483 2715 1593 2772 ista
1620 2715 1845 2774 dulcior
1874 2723 1929 2772 et
1954 2717 2097 2774 affe-

385 2807 634 2867 ctuosior
658 2807 1030 2864 esthumauaa
1043 2804 1311 2874 miseriae,
1335 2819 1469 2878 quae
1488 2805 1845 2863 intuentium
1869 2813 2094 2878 pectora

383 2895 657 2964 concutit,
713 2893 918 2950 irrorat
971 2891 1185 2962 oculos,
1246 2898 1301 2948 et
1348 2890 1529 2950 beatis
1584 2892 1840 2951 fontibus
1895 2894 2094 2952 vultus

383 2979 706 3040 amantium
733 2976 1118 3052 superfundit.
1152 2977 1258 3035 Hic
1286 2977 1478 3035 locum
1508 2979 1821 3052 voluptatis
1861 2987 2089 3037 uterum

383 3067 579 3127 Mariae
606 3065 885 3138 intelligo,
917 3065 981 3121 in
1019 3080 1134 3140 quo
1159 3065 1479 3123 cumulavit
1506 3081 1706 3123 omnes
1731 3065 1964 3125 delicias
1992 3069 2092 3125 de-

381 3155 647 3215 liciarum
679 3154 982 3223 Dominus,
1012 3154 1084 3211 de
1117 3156 1284 3226 cujus
1326 3153 1549 3212 deliciis
1583 3151 1833 3228 Spiritus
1861 3162 2092 3215 sanctus

380 3244 753 3304 admiratorio
796 3257 1058 3302 sermone
1103 3241 1162 3299 in
1203 3243 1416 3301 amoris
1445 3243 1676 3302 Gantico
1713 3243 1794 3301 sic
1826 3251 2044 3302 eructat
2073 3239 2146 3302 :u

385 3360 412 3384 α
441 3333 583 3405 Qum
610 3338 696 3392 est
723 3334 850 3405 ista,
883 3347 1018 3405 qum
1053 3331 1310 3390 ascendit
1360 3333 1432 3390 de
1477 3332 1696 3391 deserto
1745 3333 1966 3392 deliciis
1999 3336 2086 3391 af-

379 3424 614 3485 ﬂuens?
643 3426 814 3498 (Cant.
848 3425 951 3496 v1.)
993 3442 1020 3475 »
1055 3421 1332 3498 Nunquid
1371 3423 1433 3480 in
1479 3424 1702 3496 angelis
1737 3424 2084 3498 voluptatem

378 3514 550 3574 habet
577 3514 932 3586 Altissimus,
962 3515 1022 3572 in
1059 3512 1276 3590 quibus
1306 3512 1427 3586 ipse
1457 3511 1666 3586 reperit
1696 3515 2031 3586 pravitatem
2063 3515 2089 3570 ‘?

377 3604 656 3680 Nunquid
710 3604 773 3663 in
829 3603 1282 3674 constellatione,
1314 3601 1400 3662 vel
1436 3602 1843 3661 scintillatione
1893 3603 2089 3662 stella-

381 3711 534 3764 rum,
567 3709 816 3767 quarum
848 3693 979 3753 aliae
1010 3697 1432 3751 convertuntur
1472 3691 1533 3748 in
1560 3691 1926 3765 sanguinem,
1957 3691 2090 3748 aliae

379 3783 592 3842 cadunt
620 3782 690 3840 de
717 3782 884 3853 cmlo,
909 3781 1042 3840 alias
1070 3781 1132 3838 in
1161 3781 1424 3838 tenebras
1455 3779 1840 3838 obscurantur
1867 3779 1895 3837 ?
1923 3779 2089 3838 Nun-

378 3872 522 3947 quid
550 3874 612 3930 in
637 3887 787 3944 aere,
822 3870 913 3929 vel
941 3871 1092 3946 igne,
1117 3869 1209 3928 vel
1243 3869 1430 3928 ventis
1450 3871 1478 3924 τ
1509 3869 1911 3943 Nequaquam,
1945 3871 2086 3943 quia

384 3983 405 4012 ι
438 3976 552 4020 non
609 3961 672 4019 in
716 3960 850 4033 igne
901 3959 1205 4030 Dominus,
1239 3973 1355 4016 non
1388 3957 1446 4014 in
1476 3957 1861 4016 commotione
1889 3957 2086 4015 Domi-

379 4064 512 4122 nus,
545 4065 662 4109 non
698 4049 759 4106 in
792 4047 998 4122 spiritu
1043 4046 1330 4105 Dominus
1378 4047 1478 4118 (ΠΙ
1499 4050 1630 4115 Reg.
1670 4048 1824 4117 XIX),
1859 4067 1881 4096 ι
1911 4046 1960 4104 si
1988 4063 2089 4104 ve-

382 4154 486 4197 rax
534 4145 620 4197 est
654 4137 751 4195 ille
797 4137 900 4210 qui
946 4150 1121 4194 curru
1154 4135 1345 4208 igneo,
1380 4141 1434 4192 et
1464 4134 1629 4208 equis
1659 4134 1846 4207 igneis
1876 4141 1962 4192 est
1994 4150 2088 4193 as-

381 4232 649 4301 sumptus
696 4226 758 4284 in
798 4224 1006 4284 coelum
1045 4226 1151 4292 (1V
1175 4227 1305 4293 Reg.
1338 4226 1420 4291 11).
1452 4221 1736 4295 Nunquid
1787 4222 1849 4279 in
1897 4222 2084 4296 aquis,

380 4317 481 4376 ubi
533 4318 732 4376 furens
777 4322 832 4375 et
883 4320 1171 4374 tortuosus
1216 4314 1534 4373 Leviatban
1586 4315 1952 4385 immoratur,
1988 4322 2088 4374 aut

378 4404 440 4463 in
490 4410 656 4474 terra,
693 4420 825 4479 quas
863 4405 970 4463 sub
1008 4403 1308 4462 maledicto
1354 4402 1498 4462 Adae
1545 4404 1742 4478 spinas
1787 4403 1995 4462 emittit
2033 4409 2088 4460 et

2183 2009 2414 2065 volutus
2457 2013 2511 2063 et
2551 2007 2791 2080 praesepi
2821 2007 3133 2065 durissimo
3172 2007 3482 2066 reclinatus
3511 2011 3656 2077 (Luc.
3690 2010 3746 2079 II)
3771 2027 3888 2082 jam

2179 2109 2253 2152 ex
2308 2101 2443 2152 tunc
2493 2095 2869 2152 sanctissimis
2917 2094 3194 2153 membris
3235 2095 3416 2168 legem
3464 2097 3726 2170 martyrii
3754 2113 3892 2170 prm-

2179 2182 2409 2256 figebat.
2464 2181 2771 2256 Egreditur
2827 2183 3064 2254 occulte,
3121 2185 3258 2258 quia
3325 2183 3738 2243 subtilissrmus
3792 2186 3892 2246 ille

2177 2274 2471 2332 fraudium
2502 2272 2874 2345 investigator
2891 2273 2963 2330 ab
2989 2273 3296 2333 altitudine
3327 2279 3500 2332 tanta;
3535 2273 3892 2347 dignationis

2179 2361 2530 2420 excluditur.
2566 2361 2718 2419 Hinc
2754 2367 2838 2419 est
2881 2360 3036 2434 quod
3079 2361 3371 2436 ambiguis
3421 2361 3890 2421 altercationibus

2178 2452 2446 2526 fatigatus
2468 2498 2481 2521 ,
2511 2467 2668 2510 nunc
2703 2451 2874 2510 illum
2910 2456 3118 2520 tentat,
3153 2467 3312 2509 nunc
3351 2456 3634 2508 tentatum
3670 2450 3884 2512 Filium

2176 2539 2422 2612 appellat
2478 2540 2785 2608 Altissimi,
2820 2555 2974 2598 nunc
3019 2539 3254 2597 instruit
3301 2555 3553 2610 crucem,
3587 2555 3745 2597 nunc
3784 2541 3888 2597 de-

2175 2629 2366 2699 struit,
2423 2628 2710 2686 mandatis
2753 2644 2853 2703 per
2890 2627 3197 2686 mulierem
3232 2625 3327 2682 55
3383 2635 3725 2686 consuetum
3777 2629 3887 2686 sibi

2175 2732 2456 2791 organum
2493 2741 2504 2775 :
2543 2741 2564 2768 α
2601 2717 2761 2775 Nibil
2792 2717 2915 2788 tibi,
2953 2722 3007 2774 et
3039 2717 3195 2790 justo
3232 2715 3320 2773 illi
3357 2718 3572 2788 (Matth.
3612 2727 3823 2788 XXVII).
3858 2737 3883 2766 ιι

2250 2806 2527 2881 Sequitur
2558 2827 2568 2864 :
2609 2831 2629 2857 α
2664 2807 2750 2864 Ad
2779 2805 3131 2878 irrigandam
3163 2804 3494 2863 universam
3523 2804 3886 2878 superﬁciem

2174 2900 2363 2952 terras.
2421 2920 2445 2943 »
2493 2895 2579 2951 Ad
2627 2899 2908 2952 terrenam
2954 2895 3246 2952 miseriam
3283 2893 3648 2968 expiandum,
3702 2909 3880 2967 quam

2174 2986 2343 3044 nobis
2383 2986 2444 3044 in
2483 2985 2876 3044 basreditatem
2911 2986 3136 3060 primus
3183 2984 3284 3043 ille
3336 2990 3592 3058 peccator
3625 2985 3883 3061 relique-

2174 3083 2278 3133 rat.
2321 3075 2465 3135 Volo
2519 3081 2582 3132 ut
2618 3075 2930 3147 Apostolus
2974 3075 3068 3132 hic
3108 3090 3244 3133 eum
3280 3074 3446 3146 mihi,
3480 3075 3629 3132 sicut
3688 3079 3742 3132 et
3781 3089 3886 3132 su-

2177 3163 2393 3236 perius,
2437 3165 2494 3220 in
2556 3171 2802 3237 quatuor
2844 3163 3029 3237 capita
3067 3162 3396 3235 distribuat,
3446 3163 3583 3238 quia
3625 3164 3885 3222 securius

2175 3253 2299 3325 ejus
2348 3253 2767 3325 expositionem
2805 3253 3079 3325 suscipio.
3119 3277 3145 3301 «
3173 3251 3282 3322 Qui
3327 3254 3508 3311 factus
3539 3257 3642 3322 est,
3671 3251 3882 3326 inquit,

2172 3337 2338 3395 nobis
2401 3339 2698 3412 sapientia,
2741 3339 2985 3412 justitia,
3035 3339 3406 3397 sanctificatio
3459 3344 3515 3396 et
3568 3338 3882 3412 redemptio

2171 3425 2214 3495 (Ι
2243 3428 2361 3484 Cor.
2391 3433 2447 3497 Ι).
2482 3448 2503 3477 ι
2549 3426 2637 3483 Ad
2679 3442 2783 3484 nos
2820 3427 3033 3499 quippe
3083 3428 3344 3495 veniens,
3395 3427 3498 3499 qui
3541 3443 3774 3486 eramus
3817 3428 3878 3485 in

2170 3530 2414 3582 carcere,
2447 3515 2633 3588 primo
2681 3515 2944 3574 omnium
2984 3515 3244 3573 tenebras
3284 3515 3626 3588 ignorantiae
3669 3521 3880 3574 nostras

2169 3606 2391 3680 depulit
2444 3606 2568 3664 luce
2618 3607 2914 3677 sapientiae
2964 3622 3122 3673 suae,
3179 3605 3389 3663 deinde
3442 3622 3544 3680 per
3590 3605 3874 3680 justitiam

2169 3711 2303 3767 quae
2357 3711 2430 3752 ex
2482 3694 2595 3751 ﬁde
2622 3703 2706 3752 est
2753 3699 2919 3768 (Rom.
2955 3697 3034 3766 X),
3070 3693 3241 3752 solvit
3294 3693 3461 3752 funes
3513 3703 3876 3767 peccatorum

2172 3788 2520 3853 nostrorum,
2567 3781 2930 3840 sanctificans
2985 3797 3090 3840 nos
3141 3781 3202 3838 in
3254 3797 3360 3840 suo
3412 3797 3668 3855 corpore,
3719 3780 3875 3838 redi-

2168 3886 2332 3928 mens
2367 3870 2430 3927 in
2479 3874 2729 3944 corporis
2779 3871 3058 3944 passione.
3109 3895 3134 3920 α
3164 3870 3450 3928 Dominus
3497 3870 3656 3928 enim
3705 3869 3877 3928 solvit

2168 3958 2538 4033 compeditos,
2583 3959 2864 4018 1))[ηἱηιιε
2913 3959 3201 4018 illuminat
3242 3975 3421 4017 czecos
3462 3961 3630 4031 (Psal.
3675 3960 3873 4031 CXLV),

2168 4050 2480 4108 sanctificat
2518 4050 2950 4107 tabernaculum
2991 4064 3163 4108 suum
3190 4051 3353 4122 (Psal.
3384 4050 3560 4120 XLV);
3592 4047 3663 4106 de
3697 4063 3874 4104 manu

2168 4140 2411 4198 redemit
2463 4139 2662 4196 inimi":
2714 4141 2884 4206 (Psal.
2918 4140 3034 4209 CV).
3074 4159 3100 4191 »
3133 4137 3443 4208 Dividitur,
3476 4145 3530 4195 et
3563 4137 3621 4195 in
3652 4135 3875 4210 patien-

2172 4229 2330 4297 tiam,
2360 4244 2475 4303 qua
2503 4237 2824 4302 pecca'ores
2853 4227 3130 4297 sustinet;
3169 4226 3230 4284 in
3264 4224 3738 4297 misericordiam,
3763 4240 3878 4299 qua

2170 4317 2514 4391 pmnitentes
2573 4317 2761 4385 fovi-t;
2819 4315 2880 4373 in
2939 4315 3296 4387 largitatem,
3355 4331 3468 4389 qua
3523 4315 3881 4388 proficientes

2169 4406 2407 4475 exaltat;
2445 4406 2504 4462 in
2536 4406 2957 4477 fortitudinem,
2992 4421 3107 4478 qua
3135 4405 3414 4462 exaltatos
3444 4412 3763 4464 conservat.
3797 4405 3878 4463 De

381 4493 677 4553 tribulos?
705 4493 832 4552 Non
879 4499 961 4552 est
1004 4493 1163 4552 locus
1210 4492 1542 4565 voluptatis,
1573 4493 1687 4550 nisi
1719 4498 1920 4551 uterus
1951 4491 2084 4548 Vir-
2112 4497 2283 4568 _hoc
2339 4497 2590 4555 secundo
2639 4497 3003 4568 quaternario
3058 4501 3169 4553 toto
3215 4495 3321 4552 hoc
3367 4495 3624 4553 adventu
3671 4501 3878 4553 vestrae

378 4598 553 4657 ginis.

451 4671 539 4730 Ex
589 4671 696 4729 boc
739 4669 1028 4745 egreditur
1066 4683 1198 4728 cum
1256 4667 1633 4739 humanitate,
1667 4668 1805 4743 quia
1847 4669 2088 4728 vestitus

377 4761 565 4821 cilicio
613 4769 824 4820 nostra)
865 4760 1226 4819 mortalitatis
1273 4760 1524 4818 visibilis
1576 4761 1851 4819 humanis
1905 4759 2088 4818 oculis

375 4853 659 4929 apparuit,
696 4861 749 4911 et
777 4853 848 4911 de
878 4851 1117 4925 Virgine
1164 4853 1406 4925 virgam,
1440 4851 1510 4908 de
1555 4851 1703 4910 libro
1743 4857 1938 4909 autem
1986 4868 2085 4925 ge-

375 4944 691 5004 nerationis
732 4943 947 5002 lineam
993 4943 1230 5012 faciens,
1264 4942 1585 5001 divinitatis
1627 4943 1866 5002 hamum
1915 4943 2085 5001 inne-

375 5034 523 5103 xuit,
566 5049 738 5109 quem
773 5047 942 5092 carne
969 5032 1195 5106 operuit
1227 5033 1521 5107 virginali,
1551 5040 1614 5092 ut
1643 5034 1813 5093 draco
1841 5050 2086 5108 magnus

371 5120 599 5180 illectus
632 5121 698 5178 ad
733 5136 964 5179 carnem
1008 5121 1227 5179 ferrum
1271 5121 1457 5178 divini
1494 5121 1758 5180 numinis
1793 5121 2084 5180 subsenti-

372 5214 475 5266 ret.
516 5207 821 5282 Egreditur
858 5216 912 5266 et
963 5223 1094 5267 cum
1153 5207 1421 5280 novitate,
1477 5209 1612 5283 quia
1669 5225 1971 5284 nunquam
2005 5211 2086 5268 sic

370 5305 541 5356 natus
597 5305 682 5356 est
730 5299 923 5368 homo,
965 5298 1113 5356 sicut
1156 5297 1278 5371 ipse
1318 5298 1590 5357 nascitur.
1640 5298 1871 5356 Primus
1928 5299 2084 5356 enim

370 5388 544 5446 homo
593 5387 779 5460 primo
817 5388 888 5446 de
935 5393 1086 5447 terra
1119 5388 1418 5458 formatur,
1449 5387 1722 5458 secundo,
1763 5388 1975 5446 mulier
2009 5405 2085 5447 ex

369 5475 496 5548 ejus
546 5476 719 5534 latere
776 5477 1109 5548 fabricatur,
1166 5478 1333 5536 tertio
1391 5477 1531 5536 Cain
1575 5479 2084 5538 consuetudinario

369 5565 570 5624 ordine
621 5567 892 5625 nascendi
930 5568 1188 5642 gignitur
1237 5567 1310 5625 ab
1361 5572 1625 5640 utroque.
1666 5566 1838 5626 Solus
1877 5568 1981 5627 iste
2015 5567 2084 5627 de

371 5654 490 5713 sola
522 5655 744 5727 virgine
773 5656 1042 5730 nascitur,
1077 5663 1131 5715 et
1162 5656 1420 5731 Virginis
1449 5661 1680 5715 uterum
1711 5672 1859 5717 novo
1886 5664 1941 5714 et
1970 5657 2084 5717 sin-

2112 4562 2514 4643 Dfraternitati
2559 4562 2962 4643 confabulatus
2993 4600 3146 4648 sum,
3183 4600 3284 4657 per
3320 4584 3631 4641 ﬂuminum
3669 4583 3877 4642 decur-

2174 4673 2393 4732 sionem
2421 4680 2477 4731 et
2511 4674 2817 4732 nominum
2844 4673 3371 4746 interpretationem
3414 4670 3653 4728 moralia
3683 4671 3880 4746 mysti-

2172 4765 2254 4821 cis
2284 4764 2671 4822 internectens
2697 4781 2709 4831 ;
2737 4772 2933 4822 utrum
2965 4762 3184 4836 aliquid
3223 4762 3417 4834 digne,
3460 4775 3562 4818 vos
3593 4759 3874 4819 videritis.

2172 4854 2389 4913 Verum
2433 4869 2548 4912 non
2586 4853 2783 4912 omnia
2830 4868 3136 4926 possumus
3167 4851 3435 4925 praesenti
3487 4865 3752 4908 sermone
3778 4866 3876 4908 co-

2169 4949 2405 5012 arctare,
2436 4942 2734 5000 fastidium
2774 4943 3078 5000 evitantes.

2243 5031 2360 5101 Ego
2389 5029 2570 5088 habeo
2609 5036 2852 5103 quatuor
2881 5029 3065 5102 capita
3104 5028 3360 5089 dulciora
3404 5026 3714 5103 prioribus,
3745 5042 3878 5100 quas

2170 5118 2424 5177 fortassis
2452 5117 2658 5178 vestris
2689 5117 2959 5176 cordibus
2998 5119 3240 5176 suavius
3274 5117 3730 5191 complacebunt.
3767 5115 3878 5174 Do-

2168 5207 2365 5264 minus
2419 5206 2575 5264 enim
2633 5215 2822 5265 noster
2872 5205 3127 5264 elevatus
3182 5206 3242 5263 in
3291 5221 3480 5273 cruce,
3524 5201 3876 5278 largissimas

2169 5294 2468 5368 sanguinis
2524 5295 2711 5352 undas
2765 5311 2796 5350 a
2851 5300 3096 5368 quatuor
3145 5295 3235 5352 sui
3302 5293 3554 5366 corporis
3615 5291 3876 5366 partibus

2167 5385 2559 5443 abundantius
2596 5387 2806 5445 emisit.
2851 5385 3047 5457 Spinis
3092 5387 3245 5443 enim
3301 5383 3690 5457 pungentibus
3743 5397 3876 5442 san-

2167 5475 2487 5534 ctissimum
2536 5485 2704 5550 caput
2755 5478 2923 5535 nivea
2973 5476 3192 5535 cervice
3245 5475 3549 5543 reﬂexum,
3596 5480 3650 5531 et
3695 5471 3876 5531 clavis

2164 5567 2338 5642 pedes
2364 5572 2419 5625 et
2449 5583 2674 5635 manus,
2710 5576 2764 5626 et
2796 5569 2994 5628 lancea
3037 5568 3188 5628 latus
3230 5568 3354 5643 ejus
3397 5568 3875 5628 transverberan-

2168 5657 2336 5728 tibus,
2387 5657 2672 5732 pretiosus
2727 5658 2966 5732 sanguis
3016 5659 3276 5730 emicuit,
3319 5659 3486 5735 cujus
3539 5657 3872 5732 aspersione
