4184 6450
298 350 405 410 563
920 356 977 413 S.
1023 354 1239 414 PETRI
1282 355 1602 414 DAMIANI
1643 354 1799 413 OPP.
1847 354 2038 414 PARS
2079 355 2218 415 SEU
2259 354 2508 416 TOMUS
2549 355 2621 414 II.
2662 387 2730 400 —
2771 348 3184 416 SERMONES.
3691 350 3791 410 564

291 473 474 549 judex
507 474 774 533 transivit
811 476 868 533 in
909 483 1144 549 patrem,
1176 475 1357 535 iratus
1386 477 1447 534 in
1479 478 1696 547 mitem,
1733 478 1793 535 in
1827 478 2002 535 mise-
2023 479 2260 546 A(Psal.
2296 484 2540 546 XXXIV).
2562 500 2588 527 π
2620 477 2688 535 Et
2708 477 2830 550 ipse
2861 473 3081 532 Filius:
3117 499 3142 522 ‹‹
3173 473 3299 530 Non
3329 488 3531 547 quare
3559 475 3799 547 gloriam

299 563 606 621 ricordiam
659 564 858 636 virga,
917 565 1216 638 captivitas
1281 565 1337 622 in
1398 583 1686 625 coronam.
1747 566 2008 623 Christus
2091 584 2317 640 meam;
2350 576 2435 626 est
2465 567 2565 642 qui
2600 573 2838 640 quaerat,
2870 572 2925 622 et
2948 563 3169 637 judicet
3197 564 3368 635 (Joan.
3410 566 3549 636 VIII).
3585 592 3610 615 υ

295 669 430 727 ergo
478 653 607 711 fons
648 653 854 723 latens,
895 661 947 711 et
985 655 1241 714 occultus
1272 656 1332 714 in
1371 656 1570 726 caelis;
1615 657 1741 714 fons
1787 664 2004 730 patens,
2097 665 2102 668 '
2163 659 2227 715 In
2275 658 2562 732 plerisque
2608 673 2784 714 sacrae
2825 655 3136 728 Scripturaa
3184 654 3323 712 locis
3374 657 3513 715 ordo
3566 655 3801 731 quidam

297 750 354 800 et
391 751 623 815 apertus
661 743 720 800 in
768 743 951 799 terris.
989 741 1112 800 Illic
1158 743 1227 799 de
1268 752 1426 802 utero
1464 743 1664 813 Patris,
1707 744 1801 801 hic
1844 760 2006 815 egre-
2083 747 2438 820 judiciorum
2482 747 2554 803 ab
2601 746 2726 818 ipso
2765 744 2880 802 Deo
2929 743 3157 801 institui
3211 743 3440 802 videtur
3481 751 3535 802 et
3566 746 3800 806 servari.

297 831 459 891 ditur
501 832 572 890 de
615 839 778 890 utero
829 831 1106 905 Virginis.
1141 833 1269 891 Illic
1309 833 1512 891 vivens
1561 841 1769 892 terram
1809 835 2008 906 irrigat
2089 834 2334 904 Quidam
2367 835 2457 891 vir
2484 834 2751 906 simplex,
2793 840 2846 890 et
2878 839 3066 889 rectus
3092 847 3158 888 ac
3189 831 3401 888 timens
3435 832 3641 904 Deum,
3669 849 3803 891 cum

300 920 644 989 viventium,
676 921 770 977 hic
801 921 1054 978 moriens
1085 929 1292 980 terram
1334 923 1728 981 morientium.
1762 924 1887 981 Illic
1917 925 2004 982 di-
2089 922 2316 994 expleto
2365 921 2550 979 oﬂicio
2599 920 2882 978 matutino
2939 919 3308 991 egrederetur
3346 936 3418 978 ex
3457 921 3714 990 ecclesia,
3748 925 3804 977 et

297 1009 517 1068 viditur
555 1009 613 1066 in
669 1011 1100 1084 quaternarium
1151 1013 1582 1082 admirabilem;
1636 1015 1729 1070 hic
1778 1013 1838 1071 in
1879 1014 2008 1072 dul-
2087 1009 2444 1082 adiscipulis
2476 1017 2802 1081 rogaretur:
2836 1007 2984 1076 Quid
3023 1007 3240 1066 audisti
3294 1011 3356 1067 in
3410 1009 3667 1080 ecclesia,
3700 1026 3803 1082 pa-

299 1111 442 1154 cem.
469 1096 668 1155 Dulcis
699 1097 998 1167 Dominus,
1041 1097 1229 1156 dulcis
1259 1099 1514 1170 domina,
1554 1101 1693 1174 quia
1721 1101 1818 1158 ille
1855 1101 2009 1159 Deus
2089 1105 2171 1156 ter
2196 1098 2223 1155 ‘I
2252 1098 2606 1172 Respondit:
2645 1095 2901 1166 Quatuor
2944 1095 3167 1166 audivi,
3203 1111 3308 1154 sex
3355 1096 3567 1156 notavi.
3607 1096 3801 1156 Subti-

296 1202 464 1246 meus
495 1187 888 1246 misericordia
915 1204 1062 1258 mea,
1103 1189 1226 1247 haec
1265 1189 1499 1247 domina
1528 1206 1653 1246 mea
1684 1191 2007 1248 misericor-
2086 1187 2158 1245 lis
2202 1188 2371 1259 plane
2415 1186 2708 1258 responsio
2759 1185 2868 1244 fuit
2907 1192 2960 1242 et
3005 1184 3213 1243 ﬁdelis.
3257 1185 3514 1254 Quatuor
3552 1201 3804 1260 namque

299 1276 414 1334 diae
442 1284 622 1350 porta.
656 1277 837 1336 Ducat
869 1293 971 1336 nos
1009 1286 1192 1336 mater
1221 1278 1291 1336 ad
1337 1279 1572 1346 Filium,
1610 1280 1731 1337 lilia
1778 1281 1848 1338 ad
1897 1281 2008 1338 Pa-
2085 1275 2401 1333 versiculos
2468 1273 2680 1332 Psalmi
2725 1272 2934 1331 decimi
2982 1273 3169 1332 octavi
3210 1273 3498 1343 audierat,
3539 1274 3796 1333 scilicet:

300 1371 464 1436 trem,
502 1381 711 1440 sponsa
746 1367 818 1424 ad
856 1383 1156 1440 sponsum,
1194 1367 1297 1441 qui
1327 1374 1411 1425 est
1442 1367 1772 1428 benedictus
1811 1370 1870 1427 in
1901 1389 2012 1430 δεε-
2087 1388 2108 1417 ι
2147 1366 2270 1424 Lex
2307 1365 2540 1423 Domini
2569 1365 2939 1422 immaculata
2986 1371 3327 1422 convertens
3362 1365 3588 1422 animas
3628 1367 3799 1433 (Psal.

298 1453 451 1512 cula.
483 1456 696 1513 Amen.
948 1525 957 1526 ί
2085 1453 2308 1524 CXVIII),
2341 1477 2366 1501 ››
2400 1460 2454 1510 et
2485 1460 2596 1510 tres
2631 1451 2795 1522 alios,
2834 1450 2937 1526 qui
2965 1456 3313 1526 sequuntur,
3343 1450 3406 1508 in
3443 1451 3662 1524 quibus
3695 1465 3800 1508 sex

937 1525 1184 1586 SERMO
1240 1526 1366 1585 ΧΠ.
2088 1547 2377 1612 notantur,
2406 1557 2538 1614 quae
2575 1547 2748 1599 sunt:
2784 1525 2899 1610 lex,
2933 1525 3348 1609 testimonium,
3375 1539 3622 1612 justitia,
3658 1555 3806 1612 prae-

494 1621 568 1668 DE
611 1623 1089 1672 RESUHBECTIONE
1132 1627 1357 1673 DOMINI.
1386 1617 1575 1688 (XXVII
1606 1626 1811 1694 MART.)
2087 1640 2338 1706 ceptum,
2375 1632 2563 1701 timor,
2599 1628 2835 1703 judicia.
2870 1628 2938 1687 In
2970 1629 3059 1687 his
3092 1630 3297 1703 partim
3338 1645 3620 1702 personas,
3663 1644 3802 1702 quas

303 1715 486 1790 Super
535 1717 679 1778 illud
737 1719 990 1808 psal..I'I,:
1025 1725 1323 1808 Postula‘vf'.
1359 1727 1576 1808 Pqtrem
1625 1747 1819 1798 meum,
1855 1736 2006 1795 dedit
2088 1724 2147 1782 in
2183 1722 2317 1796 jure
2344 1729 2482 1780 sunt
2510 1720 2867 1788 necessariae,
2905 1719 3113 1790 partim
3154 1725 3316 1777 actus
3364 1733 3566 1808 eorum
3601 1717 3804 1791 expri-

825 1796 1192 1863 mihz"gentes.
1224 1796 1488 1855 Alleluia.
1684 1874 1687 1876 _
1802 1796 1810 1798 _
2023 1833 2069 1892 Β
2090 1819 2350 1870 muntur.
2385 1809 2477 1868 Na:

2155 1819 2350 1870 untur.
2385 1809 2530 1868 Nam
2557 1816 2612 1868 et
2639 1809 2934 1878 Dominus,
2970 1808 3070 1881 qui
3102 1808 3288 1882 judex
3318 1814 3423 1877 est,
3465 1813 3519 1865 et
3554 1805 3672 1879 lex,
3711 1822 3802 1865 se-

373 1893 435 1990 Si
475 1897 850 1990 consulamus
894 1899 1245 1990 adjutorium
1294 1901 1379 1976 [f.,
1421 1905 1794 1987 auditorium]
1832 1917 2016 1990 juris.
2100 1902 2355 1960 cundum
2383 1915 2561 1974 quam
2587 1900 2898 1990 judicatur,
2927 1906 2982 1956 et
3007 1897 3265 1990 cilicium
3295 1898 3669 1990 testiumsub
3699 1900 3806 1990 hoc

300 1985 655 2058 peritorum,
707 1987 960 2061 primum
1013 1987 1248 2061 capituli
1301 1991 1576 2063 propositi
1632 1985 1880 2064 verbum
1935 2012 2018 2070 sic
2099 1991 2355 2056 nomine,
2396 1989 2812 2058 testimonium,
2857 1987 3062 2047 actoris
3111 2002 3340 2062 quoque
3385 1993 3440 2045 et
3479 1988 3560 2046 rei
3602 1987 3804 2046 merita

297 2072 642 2166 describitur
697 2094 726 2166 :7
765 2075 1051 2166 postulare
1111 2084 1195 2134 est
1243 2079 1594 2140 desiderium
1656 2103 1828 2150 suum
1853 2141 1869 2166 ,
1924 2099 2017 2156 vel
2099 2096 2200 2154 per
2229 2081 2337 2136 hoc
2375 2093 2608 2146 nomen,
2643 2075 2904 2152 justitiee,
2930 2075 3290 2166 designatur.
3333 2075 3478 2133 Nam
3509 2082 3563 2166 et
3602 2077 3805 2166 merita

296 2162 470 2220 amici
497 2164 591 2222 sui
619 2163 679 2221 in
708 2165 842 2254 jure
872 2164 1023 2254 apud
1050 2181 1206 2254 eum,
1240 2168 1342 2241 qui
1367 2170 1754 2240 jurisdictioni
1786 2162 2012 2254 ρι-ὼρδι,
2099 2183 2403 2226 causarum
2454 2167 2705 2239 partium
2740 2165 3053 2254 assertione
3097 2166 3450 2237 panduntur.
3513 2163 3806 2223 Sententia

301 2266 611 2322 exponere,
658 2251 750 2308 vel
787 2249 1024 2310 alterius
1067 2253 1348 2313 desiderio
1401 2249 1806 2327 contradicere:
1842 2249 2020 2335 Actus
2095 2254 2308 2328 Ιυάίείδ
2341 2255 2452 2311 SUb
2502 2254 2608 2311 hoc
2645 2253 2903 2323 nomines
2935 2259 3285 2325 Praeceptum
3316 2271 3331 2322 ἓ
3372 2254 3718 2310 accusatoris
3751 2255 3806 2309 εἴ

303 2338 408 2437 iste
435 2338 723 2436 'publicus
771 2347 978 2437 est,net.
1014 2348 1095 2399 est
1139 2342 1390 2402 oiIicium
1437 2347 1872 2431 advocatorum,
1915 2367 2018 2437 qui
2099 2343 2456 2402 exsecutoris
2505 2341 2710 2409 oﬂicia,
2738 2341 2966 2399 duobus
3012 2340 3234 2398 ultimis
3279 2340 3638 2412 nominibus,
3674 2356 3806 2414 quae

299 2426 569 2500 gloriosae
597 2428 754 2486 vocis
781 2427 981 2486 conﬁsi
1013 2430 1357 2503 munimine,
1400 2435 1556 2508 lapsa
1598 2426 2018 2518 erigunt,vfa‘ti-
2100 2439 2254 2502 sunt:
2309 2431 2481 2490 timor
2527 2438 2583 2488 οῖ
2623 2430 2863 2505 Ῑιιάἱίείίι,
2912 2430 3261 2489 ίοάίοειηῑὶιῐκ
3303 2431 3572 2505 Ουὶηειιιθ
3617 2433 3809 2504 Priora

301 2521 431 2589 gata
480 2524 764 2589 reparant,
799 2534 904 2576 nec
934 2519 1132 2578 minus
1168 2521 1474 2593 provident
1526 2527 1781 2592 humano
1815 2543 2015 2608 generi
2099 2524 2256 2581 binis
2297 2522 2701 2580 accedentibus
2752 2521 3110 2589 innituntur,
3173 2529 3402 2578 sextum
3461 2518 3804 2594 quadrinis:

299 2607 570 2704 quam-si
620 2607 838 2682 clypeis
877 2605 972 2663 56
1013 2616 1068 2666 et
1120 2611 1445 2672 thoracibus
1495 2633 1617 2677 sese
1658 2605 2020 2704 patriamque
2105 2635 2125 2662 ι
2166 2611 2289 2667 Lex
2319 2608 2945 2704 Dominiimniaculata
2981 2615 3323 2704 convertens
3354 2608 3598 2667 animas.
3631 2606 3801 2665 Testi~

301 2693 634 2753 defendant.
1660 2693 1673 2694 ί
1921 2693 1942 2704 ⁸
2101 2699 2365 2758 monium
2411 2696 2646 2754 Domini
2688 2695 2875 2764 fidele,
2909 2695 3246 2769 sapientiam
3281 2703 3560 2769 praestans
3594 2711 3807 2768 parvu-

374 2784 442 2842 In
475 2785 870 2880 exsequendo
923 2794 1054 2880 actu
1105 2790 1212 2847 isto
1258 2794 1548 2855 attendere
1595 2800 1875 2862 debemus
1916 2807 2019 2880 qui
2099 2791 2188 2848 liS-
2226 2789 2475 2848 ιῙΠδῐίῖίίθ
2529 2785 3390 2880 mmini"BCI‘P’HIMiIiC‘mteS
3418 2785 3806 2880 09rda°_1_)m‘

305 2873 572 2948 postulet,
627 2889 824 2946 quem,
885 2875 1008 2947 ubi,
1053 2883 1108 2933 et
1159 2879 1299 2952 quid
1357 2885 1620 2954 postulet,
1690 2873 2018 2954 Αάνοοειίυε
2103 2885 2330 2952 ceptum
2373 2876 2604 2935 Domini
2644 2875 2925 2942 lucidum,
2972 2874 3316 2933 illuminans
3352 2875 3567 2934 oculos.
3610 2874 3810 2932 Timor

309 2964 559 3055 postulat
582 2965 838 3055 judicem
872 2966 931 3055 in
954 2966 1087 3039 jure
1117 2984 1234 3026 rem
1261 2985 1450 3044 suam,
1485 2975 1573 3032 vel
1603 2977 1713 3036 sibi
1743 2983 2015 3055 postulat,
2102 2965 2198 3022 57
2231 2966 2464 3055 Domini
2514 2972 2745 3055 εδηειυε
2793 2980 3138 3055 Permane“
3179 2964 3240 3055 In
3271 2964 3554 3055 εευϐυἶιιῐῐι
3585 2960 3803 3055 εω-ουιᾷ·

305 3053 529 3110 actione
568 3053 870 3126 proposita.
903 3053 970 3112 In
1012 3057 1236 3127 negotio
1273 3063 1542 3132 praesenti
1591 3066 1898 3127 advocatus
1937 3052 2021 3130 est
2099 3056 2324 3115 JUdiCia
2365 3053 2596 3113 Domini
2646 3069 2780 3111 Vera
2827 3054 3135 3136 iustiﬁcata
3174 3053 3233 3111 in
3278 3054 3601 3127 δθωθῑίρεᾶι
3645 3052 3809 3110 Πεδί-

300 3141 819 3246 ,ρῒπὶεῐυεςβιιᾱεκ
868 3143 1266 3246 ΒΘΗΒΙΡᾶῐΘΞς
1315 3155 1369 3205 et
1413 3149 1570 3210 locus
1602 3154 1753 3227 juris
1793 3160 2015 3232 patibu-
2040 3145 2602 3246 Cderabilia‘sllllel‘
2644 3159 2875 3213 aurum:
2917 3150 2981 3246 εἴ·
3022 3142 3269 3246 lapidem
3301 3143 3615 3246 Ρνῗξίρῗξλω
3656 3140 3809 3246 Em“

309 3232 430 3290 lum
473 3233 690 3303 crucis;
736 3249 827 3292 res
865 3235 1145 3306 postulata
1183 3237 1435 3298 Ecclesia
1467 3242 1538 3300 de
1571 3229 1876 3320 gentibus;
1913 3267 2018 3308 no-
2041 3229 2084 3246 ν
2107 3243 2250 3305 tum,
2280 3242 2336 3291 εί
2376 3233 2633 3292 ἀυιείονὶι
2667 3247 2844 3320 ,ευ-[ξεν
2873 3232 2983 3290 [1161
3017 3239 3071 3290 et
3109 3233 3307 3320 favgm
3351 3234 3498 3320 (Ιρἱά
3522 3236 3562 3320 )_-
3597 3251 3623 3282 »
3658 3229 3812 3286 Prae-

309 3335 445 3380 men
471 3321 732 3393 actionis,
773 3324 967 3398 petitio
998 3325 1365 3386 haereditatis.
1402 3317 1809 3396 RectelJesum
1853 3317 2019 3398 Chri-
2102 3323 2216 3380 fata
2256 3337 2393 3380 sane
2447 3318 2679 3377 Domini
2718 3317 2992 3376 dicunt“?
3023 3333 3163 3378 9539-
3207 3317 3307 3376 Εεῖ
3344 3318 3499 3375 enim
3531 3318 3645 3385 Ῑθκν
3681 3328 3813 3388 αυεθ

307 3415 462 3468 stum
511 3407 759 3502 dicimus
796 3413 1156 3502 advocatum.
1194 3415 1356 3474 Unde
1380 3418 1633 3480 Joannes
1671 3444 1682 3482 :
1715 3445 1742 3477 «
1779 3424 1837 3484 Si
1888 3428 2022 3502 quis
2102 3426 2229 3502 110117
2247 3417 2331 3502 φεῖ
2364 3407 2617 3502 Π-φῐῐιίηξς
2653 3411 2715 3464 Ut
2751 3407 2984 3502 Ρίῗεοδῐίν
3026 3406 3096 3502 de
3126 3421 3252 3502 filia
3286 3406 3422 3502 ςῖίεὶῒ
3453 3403 3761 3502 ΑΡοδῖοωε
3797 3422 3809 3459 τ

309 3497 646 3572 peccaverit,
677 3499 1016 3559 advocatum
1059 3501 1339 3563 habemus
1368 3509 1522 3579 apud
1565 3510 1789 3572 Patrem
1821 3495 2020 3573 Doini-
2106 3522 2133 3554 ε(
2165 3500 2344 3558 Video
2370 3499 2541 3556 aliam
2581 3497 2759 3570 legem
2802 3497 2861 3554 in
2894 3497 3169 3554 membris
3202 3495 3362 3564 ωθίε»
3395 3500 3811 3569 repugnantem

308 3602 452 3679 num
499 3587 698 3679 Jesum
745 3589 1075 3661 Christum;
1106 3593 1226 3666 ipse
1274 3603 1357 3654 est
1386 3599 1710 3672 propitiatio
1757 3621 1858 3676 pro
1889 3621 1956 3679 pe

2157 3588 2216 3661 gi
2245 3586 2459 3644 mentis
2495 3601 2638 3643 meae
2677 3591 2733 3642 et
2773 3584 3157 3657 captivantem
3199 3599 3288 3641 me
3321 3584 3382 3642 in
3415 3583 3538 3657 lege
3575 3581 3809 3655 peccati,

308 3677 448 3736 catis
497 3678 709 3767 nostris
755 3683 806 3749 (Ι
844 3683 1000 3737 Joan.
1040 3687 1121 3751 II).
1156 3703 1183 3735 ι)
1215 3668 1544 3746 Advocatus
1583 3691 1689 3749 iste
1723 3668 1874 3767 apud
1890 3668 1960 3754 Ῥη

2158 3694 2238 3735 .ιὶῐέ
2265 3682 2349 3734 est
2374 3676 2432 3732 in
2468 3674 2744 3732 membris
2777 3675 2917 3731 meis
2949 3678 3118 3743 (Rom.
3150 3675 3270 3744 VII).
3307 3696 3332 3722 ι»
3375 3670 3521 3730 Sunt
3548 3677 3604 3728 et
3636 3668 3810 3742 justi«

311 3771 456 3854 trem
503 3765 856 3824 desiderium
905 3784 1080 3828 suum
1127 3775 1415 3844 exposuit,
1445 3778 1676 3847 quando
1707 3757 1810 3854 pro
1838 3781 2024 3841 salute
2106 3767 2201 3824 ῐίῖθ
2250 3766 2544 3833 humanae:
2580 3765 2650 3820 de
2699 3763 2913 3838 (imbus
2957 3762 3168 3820 dicm"
3197 3780 3207 3818 ⁵
3258 3783 3279 3812 ‘
3313 3761 3526 3854 omne?
3574 3757 3815 3854 iustitia"

308 3853 554 3912 humani
582 3854 812 3924 generis
836 3856 1062 3916 oblatus
1083 3865 1186 3930 est,
1209 3861 1348 3934 quia
1370 3861 1491 3936 ipse
1514 3850 1848 3940 voluitllsa.
1879 3883 1960 3928 LII:

2161 3863 2319 3914 )strze
2365 3863 2638 3927 tanquam
2685 3868 2910 3926 pannus
2951 3856 3322 3908 menstruatae
3375 3853 3521 3919 (Isai.
3560 3850 3741 3916 LXIV).
3784 3869 3813 3898 ιι

311 3942 672 4004 Desiderium
729 3947 854 4020 ejus
899 3955 982 4006 est
1041 3948 1200 4007 salus
1257 3959 1468 4023 nostra,
1517 3971 1693 4028 quam
1731 3938 1807 4015 in
1857 3975 1963 4017 cru

2164 3953 2258 4006 unt
2297 3953 2351 4004 et
2388 3952 2666 4019 praseepta
2711 3945 2988 4011 humana,
3030 3941 3246 4016 quibus
3294 3942 3494 4000 Petrus
3537 3938 3816 3999 obedien-

309 4030 510 4088 sitiens
561 4048 746 4104 usque
795 4035 856 4090 in
898 4035 1075 4096 ﬁnem
1119 4052 1253 4096 suos
1298 4039 1508 4111 legitur
1537 4043 1813 4104 dilexisse
1847 4050 2022 4117 (Joan.
2107 4039 2246 4097 dum
2297 4053 2413 4095 non
2466 4052 2589 4094 esse
2639 4034 2816 4093 ἀίείῑε
2869 4057 2889 4086 ι
2939 4032 3202 4105 Οδθάίνθι
3257 4033 3552 4107 inquiens,
3601 4033 3822 4103 οβονίεί

312 4123 462 4208 XIII).
501 4117 613 4176 Sed
639 4127 694 4176 et
725 4122 830 4179 hoc
866 4121 1218 4183 desiderium
1266 4128 1586 4188 amicorum
1641 4133 1768 4203 fuit,
1810 4134 2027 4208 quibus
2109 4130 2293 4204 magis
2322 4129 2436 4187 Deo
2464 4143 2639 4202 quam
2664 4123 3005 4185 hominibus
3031 4128 3178 4195 (Act.
3209 4128 3291 4194 V).
3320 4149 3344 4174 ι
3381 4123 3582 4182 Timor
3608 4121 3822 4195 quippe

311 4207 501 4265 dixit:
537 4234 560 4256 «
592 4209 721 4267 Jam
753 4226 868 4268 non
907 4211 1091 4269 dicam
1123 4230 1224 4272 vos
1252 4231 1467 4288 servos,
1503 4220 1599 4276 sed
1625 4207 1859 4294 amicos,
1891 4223 2027 4297 quia
2110 4220 2406 4277 humanus
2444 4234 2477 4275 a
2513 4215 2759 4275 Domino
2799 4213 3157 4288 reprobatur.
3202 4212 3368 4272 Unde
3404 4211 3484 4270 ait
3516 4237 3526 4266 :
3575 4233 3594 4262 α
3633 4209 3823 4269 Nolite

313 4313 516 4357 servus
544 4299 723 4356 nescit
757 4299 897 4372 quid
935 4300 1105 4359 faciat
1152 4302 1426 4363 dominus
1470 4308 1616 4380 ejus.
1675 4309 1788 4368 Vos
1833 4319 2026 4370 autem
2113 4307 2313 4366 timere
2359 4321 2456 4364 eos
2489 4307 2592 4380 qui
2622 4304 2888 4362 occidunt
2921 4318 3145 4375 corpus,
3186 4301 3442 4360 animam
3479 4304 3672 4359 autem
3703 4312 3819 4355 non

310 4384 438 4443 dixi
483 4385 718 4457 amicos,
765 4385 898 4459 quia
945 4388 1140 4446 omnia
1191 4406 1324 4464 quae
1369 4393 1568 4451 audivi
1617 4411 1652 4452 a
1694 4396 1856 4456 Patre
1899 4414 2029 4458 meo
2111 4402 2355 4474 possunt
2383 4396 2641 4456 occidere
2671 4397 2892 4467 (Matth.
2928 4399 3008 4461 X).
3050 4419 3068 4443 ι

312 4484 445 4536 nota
473 4479 581 4537 feci
614 4477 777 4536 vobis
807 4482 984 4548 (Joan.
1019 4484 1148 4550 XV).
1186 4507 1210 4530 ››
1245 4481 1388 4543 Item
1420 4508 1431 4541 :
1469 4507 1494 4534 α
1529 4483 1802 4561 Majorem
1833 4489 2089 4561 chari-“
2183 4488 2249 4546 In
2283 4485 2584 4560 propositis
2613 4488 2808 4542 autem
2839 4479 3142 4540 versiculis
3179 4479 3376 4538 omnia
3402 4479 3678 4537 dicuntur
3699 4491 3822 4534 esse

312 4575 484 4627 tatem
528 4583 700 4626 nemo
743 4542 932 4640 habet,
986 4542 1162 4644 quam
1214 4578 1274 4630 ut
1323 4542 1802 4635 animami's‘uanm
1838 4542 2249 4651 ponatDDei:
2632 4571 2848 4630 scilicet
2902 4569 2995 4626 lex
3062 4568 3199 4626 bina
3243 4568 3414 4626 habet
3463 4564 3817 4632 accidentia,

312 4657 445 4734 quis
489 4672 592 4730 pro
633 4656 835 4715 amicis
885 4657 1009 4716 suis
1039 4660 1239 4732 (Ibid).
1273 4681 1299 4712 »
1336 4662 1763 4724 Convenienter
1803 4665 2028 4725 Patrem
2111 4684 2247 4742 quae
2287 4669 2424 4723 sunt
2473 4660 2876 4727 immaculata;
2923 4662 3265 4716 convertens
3303 4657 3546 4727 animas,
3589 4655 3711 4712 sive
3749 4653 3821 4710 de

316 4747 562 4822 postulat
608 4746 710 4820 qui
749 4763 976 4820 semper
1018 4750 1330 4809 exauditus
1360 4759 1460 4810 est.
1495 4753 1640 4810 Nam
1670 4762 1723 4813 et
1760 4757 1936 4830 vulgo
1975 4764 2030 4817 et
2112 4757 2235 4827 lege
2275 4752 2559 4824 intelligas
2590 4746 2858 4817 naturali,
2897 4747 2986 4804 vel
3026 4748 3254 4821 scripta,
3285 4761 3387 4804 seu
3426 4744 3551 4818 lege
3593 4742 3814 4817 gratia}.

315 4837 626 4912 vulgariter
653 4837 862 4896 dicitur
897 4858 908 4896 :
939 4842 1170 4897 Securus
1207 4843 1363 4899 vadit
1399 4846 1473 4898 ad
1497 4847 1764 4916 placitum
1794 4851 1892 4917 qui
1919 4866 2028 4920 pa-
2114 4842 2442 4916 Unicuique
2475 4837 2630 4896 enim
2665 4838 2871 4894 harum
2905 4836 3080 4894 trium
3121 4835 3316 4908 legum
3345 4878 3358 4904 ,
3393 4833 3607 4890 scilicet
3649 4838 3817 4889 uatu-

314 4937 447 4986 trem
485 4929 643 4984 habet
664 4927 928 4996 judicent.
957 4927 1038 4985 De
1068 4945 1134 4988 eo
1164 4946 1415 5005 namque
1448 4932 1610 4991 Pater
1635 4934 1786 4992 dixit
1817 4958 1828 4992 :
1868 4960 1892 4984 α
1919 4935 2027 4993 Hic
2113 4933 2240 5003 rali,
2271 4931 2496 5004 scriptze
2521 4934 2575 4986 et
2601 4927 2712 4998 legi
2744 4927 2942 4999 gratiae
2971 4927 3095 4983 hinc
3125 4924 3239 4981 duo
3268 4923 3640 4981 conveniunt.
3671 4920 3814 4978 Nam

315 5029 402 5080 est
426 5018 612 5078 Filius
643 5032 804 5076 meus
835 5017 1095 5085 dilectus,
1126 5020 1183 5075 in
1211 5036 1328 5092 quo
1362 5021 1504 5079 mihi
1533 5023 1680 5080 bene
1705 5024 2026 5096 complacui
2110 5021 2479 5080 immaculata
2507 5018 2674 5075 debet
2709 5032 2833 5074 esse
2878 5023 2933 5075 et
2969 5023 3309 5073 convertens
3355 5015 3601 5072 animas.
3634 5014 3814 5071 Natu-

317 5115 536 5185 (Matth.
568 5123 628 5169 III
660 5115 715 5165 et
746 5111 915 5181 XVII).
955 5131 974 5158 ιο
1011 5110 1157 5167 Nam
1199 5127 1335 5170 cum
1384 5113 1566 5173 Filius
1602 5115 1862 5188 ejusdem
1890 5116 2025 5174 sub~
2111 5110 2248 5169 ralis
2295 5110 2388 5166 lex
2433 5109 2556 5165 haec
2603 5106 2716 5164 duo
2770 5105 3015 5163 habebat
3067 5109 3370 5178 praecepta.
3418 5125 3437 5153 ιι
3491 5101 3653 5172 Quod
3711 5101 3812 5160 tibi

313 5210 541 5268 stantia:
585 5205 658 5264 sit
705 5221 840 5264 cum
877 5211 1054 5278 patre,
1105 5205 1167 5263 in
1206 5212 1411 5264 natura
1459 5207 1691 5281 quidem
1746 5209 2024 5279 humana,
2110 5202 2236 5259 ﬁeri
2289 5215 2401 5257 non
2448 5197 2555 5268 vis,
2590 5195 2691 5254 alii
2730 5211 2802 5254 ne
2845 5195 3085 5263 ieceris;
3128 5201 3184 5252 et
3221 5194 3374 5268 quod
3406 5194 3510 5251 tibi
3547 5193 3636 5250 vis
3665 5192 3813 5263 ﬁeri,

317 5315 492 5372 quam
521 5296 632 5355 sibi
667 5293 1040 5368 personaliter
1068 5291 1278 5365 univit,
1311 5296 1557 5367 postulat
1588 5313 1686 5369 pro
1719 5297 1904 5366 nobis,
1934 5297 2026 5354 vel
2109 5290 2210 5348 alii
2264 5289 2436 5346 facias
2490 5289 2636 5360 (TOb-
2690 5288 2785 5356 1V)-
2849 5309 2869 5335 ι
2928 5285 3068 5354 Qua?
3124 5291 3262 5342 sunt
3317 5299 3433 5341 ΠΟΠ
3480 5284 3716 5372 οὺθεεθςν
3760 5287 3816 5338 El

315 5386 524 5458 allegat
578 5384 889 5457 propitium
931 5380 1211 5456 judicem,
1243 5388 1298 5439 et
1325 5386 1595 5458 propositi
1628 5387 1716 5445 sui
1758 5385 2026 5444 desiderii
2107 5380 2396 5454 prodesse.
2447 5379 2514 5435 Et
2551 5379 2659 5435 hoc
2697 5382 2982 5452 quantum
3023 5374 3094 5432 ad
3134 5374 3410 5446 primum,
3450 5372 3665 5431 scilicet
3705 5371 3814 5428 im-

319 5474 485 5534 nobis
514 5475 763 5532 fructum
801 5479 1067 5546 reportat.
1112 5471 1227 5529 Nec
1264 5473 1586 5546 incongrue
1625 5475 1848 5534 Patrem
1879 5475 2024 5533 dici-
2111 5470 2431 5538 maculata;
2490 5475 2771 5543 quantum
2840 5464 2910 5521 ad
2980 5462 3338 5532 secundum,
3393 5486 3413 5512 ι
3478 5466 3815 5520 convertens

321 5577 471 5632 mus,
510 5578 645 5621 cum
676 5563 734 5620 in
767 5578 1008 5635 persona
1044 5561 1178 5620 Filii
1212 5560 1491 5636 PrOpheta
1523 5562 1671 5620 dicat
1701 5588 1712 5622 :
1746 5585 1772 5617 ι(
1798 5563 2022 5636 iudica,
2109 5559 2352 5616 animas.
2393 5579 2418 5609 »
2451 5556 2516 5613 In
2554 5555 2742 5629 primo
2774 5568 2887 5612 non
2931 5550 3186 5610 malefica
3211 5594 3226 5621 ,
3256 5551 3316 5608 in
3351 5549 3604 5611 secundo
3635 5549 3810 5607 bene-

317 5649 578 5720 Domine,
634 5658 900 5708 nocentes
958 5667 1083 5721 me,
1137 5666 1410 5726 expugna
1471 5650 1879 5726 impugnantes
1933 5668 2025 5710 me
2109 5652 2250 5719 ﬁca;
2308 5649 2368 5706 in
2421 5648 2605 5720 primo
2659 5646 2782 5703 sine
2844 5641 3065 5701 macula
3122 5640 3383 5712 malitiae,
3442 5641 3499 5698 in
3553 5639 3813 5698 secundo
