4184 6462
383 320 490 380 565

1939 323 2186 385 SERMO
2222 325 2349 385 XII.

3795 325 3900 386 566

377 449 718 506 convertens
744 441 970 502 animas
998 441 1074 500 ad
1095 443 1618 504 mansuetudinem
1648 445 2087 506 benevolentia.
2111 448 2342 510 AUnde
2370 449 2557 508 illud:
2597 470 2618 502 ι
2667 449 2928 507 Lucerna
2953 448 3199 522 pedibus
3239 447 3384 507 meis
3410 449 3658 507 verbum
3695 453 3893 519 tuum,

378 534 523 593 Nam
534 549 669 593 cum
681 539 797 590 tres
810 530 1102 590 naturales
1119 531 1393 604 potentia
1410 533 1594 591 insint
1609 535 1842 607 anima,
1854 538 2094 608 scilicet,

374 623 484 694 ira,
517 623 684 694 ratio,
712 619 1201 694 concupiscentia,
1235 622 1701 694 concupiscentia
1731 625 1862 683 data
1893 633 2000 695 est,
2033 633 2099 686 ut

378 710 666 771 movearis
691 711 763 769 ad
791 709 1178 784 appetendum
1213 725 1347 782 qua
1378 710 1481 767 tibi
1524 710 1686 770 licita
1716 720 1892 784 sunt;
1921 715 1999 773 ita
2025 716 2096 774 ad

377 797 807 873 indignandum
833 804 1032 855 contra
1064 811 1129 854 ea
1168 811 1306 870 qua
1333 795 1538 856 illicita
1565 806 1740 872 sunt;
1794 801 1937 860 ratio
1968 802 2098 860 data

380 895 467 946 est
493 887 556 946 in
586 887 846 946 medium
875 884 1152 942 cohibens
1179 891 1234 942 et
1260 884 1514 958 dirigens
1543 893 1886 962 utrumque,
1924 908 1995 949 ne
2021 893 2098 950 ita

342 976 534 1036 .uttra
577 974 853 1033 terminos
905 972 1008 1030 ira
1059 978 1376 1040 moveatur,
1418 981 1472 1030 et
1510 991 1584 1034 ne
1635 978 2098 1050 concupiscentia

379 1071 604 1138 appetat
634 1063 856 1122 illicita.
900 1061 1103 1136 Itaque
1131 1061 1231 1120 lex
1278 1063 1579 1133 naturalis,
1623 1075 1913 1138 quantum
1944 1070 2006 1128 in
2038 1087 2098 1130 se

379 1162 486 1226 est,
526 1161 612 1213 est
648 1152 1038 1212 immaculata.
1072 1152 1197 1209 Lex
1227 1167 1459 1226 quoque
1489 1154 1698 1228 scripta
1728 1157 2099 1218 immaculata

381 1252 468 1304 est
512 1251 568 1302 et
603 1249 947 1302 convertens
990 1241 1234 1300 animas.
1277 1240 1679 1315 Immaculata,
1725 1246 1784 1304 id
1827 1238 1928 1316 est,
1972 1249 2099 1308 sine

382 1333 646 1394 sordibus
691 1331 1056 1403 idololatria,
1094 1338 1438 1390 convertens
1476 1332 1701 1392 animas
1734 1337 1806 1394 ad
1836 1338 2096 1396 servien-

382 1423 523 1484 dum
569 1423 726 1494 Deo;
763 1423 921 1497 quod
972 1428 1197 1480 tantum
1235 1420 1348 1480 ﬁlii
1400 1421 1578 1480 Israel
1619 1424 1919 1484 faciebant.
1975 1428 2093 1485 Lex

383 1517 578 1572 autem
633 1510 833 1584 gratia
883 1524 1082 1568 revera
1119 1515 1204 1568 est
1243 1509 1613 1569 immaculata
1662 1518 1718 1569 et
1757 1522 2098 1574 convertens

380 1602 624 1661 animas.
666 1601 810 1658 Nam
850 1605 906 1658 et
941 1599 1198 1658 Ecclesia
1237 1599 1363 1673 lege
1392 1600 1664 1660 ducitur:
1691 1603 1916 1663 Dicitur
1940 1606 2098 1664 enim

382 1703 507 1749 esse
548 1689 675 1748 sine
706 1688 954 1758 macula,
999 1692 1054 1745 et
1088 1703 1232 1760 ruga
1277 1690 1501 1760 (Ephes.
1553 1695 1656 1761 V);
1702 1692 1827 1749 sine
1872 1693 2098 1751 macula

2181 543 2237 595 et
2291 536 2490 596 lumen
2525 537 2753 595 semitis
2799 537 2942 595 meis
2983 539 3147 608 (Psal.
3201 538 3427 608 CXVIII).
3483 557 3504 589 ι
3565 536 3635 594 Et
3682 536 3886 596 beatus

2181 625 2383 685 Petrus
2405 645 2419 684 :
2451 647 2471 678 α
2489 626 2595 684 Cui
2621 625 2974 694 benefacitis,
2992 625 3204 698 inquit,
3225 624 3584 684 attendentes
3605 630 3881 699 tanquam

2179 713 2431 772 lucerna
2459 713 2671 773 lucenti
2709 715 2766 771 in
2807 712 3119 785 caliginoso
3147 711 3269 772 loco
3299 717 3373 784 (II
3398 717 3548 771 Patr.
3581 717 3643 782 1).
3679 735 3706 763 υ
3750 710 3885 771 Sin-

2177 801 2452 877 gulariter
2479 811 2676 861 autem
2705 801 2934 877 ponitur
2972 807 3347 874 praeceptum,
3389 801 3665 876 quamvis
3701 801 3886 860 multa

2179 891 2295 949 sint
2337 899 2652 964 pracepta:
2701 893 2856 965 quia,
2900 897 2964 948 ut
3004 890 3085 947 ait
3129 889 3438 961 Gregorius
3477 893 3652 959 (Hom.
3699 888 3769 947 27
3827 892 3888 945 in

2177 983 2481 1049 Evangel.),
2515 988 2861 1053 praceptum
2889 979 3121 1038 Domini
3161 984 3218 1036 et
3250 993 3438 1036 unum
3465 985 3571 1049 est,
3609 985 3667 1036 et
3699 978 3884 1036 multa

2181 1072 2347 1134 sunt;
2399 1067 2581 1126 multa
2620 1076 2846 1141 propter
2890 1067 3282 1126 diversitatem
3322 1067 3553 1139 operis;
3596 1081 3782 1125 unum
3823 1067 3887 1124 in

2181 1155 2372 1212 radice
2397 1156 2715 1216 charitatis.

2255 1263 2284 1296 «
2326 1243 2523 1302 Timor
2557 1245 2790 1304 Domini
2829 1250 3058 1303 sanctus
3110 1259 3456 1317 permanens
3493 1244 3558 1303 in
3605 1245 3887 1305 saculum

2179 1333 2376 1392 saculi
2404 1336 2566 1406 (Psal.
2605 1337 2722 1405 cx).
2760 1353 2786 1387 »
2826 1333 3076 1392 Excluso
3106 1334 3361 1390 humano
3388 1333 3620 1404 timore,
3654 1333 3748 1392 hic
3777 1348 3886 1390 no-

2154 1425 2330 1480 ..tatur
2381 1421 2597 1493 ﬁlialis,
2659 1422 2780 1480 sive
2833 1428 3041 1480 castus.
3096 1421 3162 1479 In
3231 1421 3357 1491 hoc,
3413 1423 3568 1494 quod
3622 1422 3879 1480 dicitur:

2183 1510 2353 1568 timor
2401 1509 2632 1568 Domini
2689 1515 2940 1580 sanctus,
2997 1507 3344 1582 intelligitur
3415 1515 3644 1578 castus;
3697 1515 3752 1566 et
3800 1514 3884 1566 est

2180 1599 2417 1660 initium
2461 1597 2759 1673 sapientia
2795 1599 2967 1657 timor
3005 1596 3258 1656 Domini.
3299 1596 3461 1666 Quod
3501 1603 3696 1654 autem
3736 1596 3885 1654 dici-

2183 1699 2314 1749 tur:
2343 1705 2687 1766 permanens
2729 1689 2793 1748 in
2840 1689 3124 1749 sacqum
3160 1686 3386 1758 saculi,
3441 1685 3679 1744 tilialem
3729 1683 3882 1743 desi-

382 1777 659 1848 criminis,
701 1778 827 1836 sine
863 1791 1006 1849 ruga
1044 1775 1453 1834 simulationis.
1494 1777 1683 1836 Etiam
1719 1780 1815 1838 lex
1847 1789 2340 1864 evange-Bgnat.

381 1866 494 1926 lica
521 1873 606 1927 est
638 1867 765 1925 sine
797 1881 990 1925 errore
1023 1865 1282 1934 haresis,
1316 1874 1664 1927 convertens
1690 1870 1916 1930 animas
1949 1872 2096 1930 sim-

380 1953 624 2026 pliciter,
669 1961 725 2012 et
760 1954 971 2012 directe
1010 1953 1138 2011 sine
1186 1954 1460 2027 ﬁgmento
1503 1956 1846 2030 hypocrisis.
1886 1960 2093 2018 Atten-

381 2043 502 2101 dite
547 2041 760 2114 gradus
808 2042 968 2114 istos,
1015 2041 1152 2114 quia
1189 2042 1378 2115 prima
1414 2043 1514 2102 lex
1560 2052 1645 2103 est
1680 2045 2091 2120 immaculata;

383 2131 656 2200 secunda,
709 2130 922 2204 magis;
973 2129 1136 2189 tertia
1171 2131 1452 2204 maxima,
1512 2133 1595 2191 sic
1649 2141 1705 2192 et
1756 2145 2094 2196 convertens

380 2219 626 2281 animas.

455 2307 879 2367 Testimonium
898 2309 1134 2368 Domini
1159 2309 1300 2368 bina
1321 2309 1492 2369 habet
1515 2311 1851 2384 accidentia,
1879 2313 2095 2373 scilicet

385 2395 572 2467 ﬁdele,
621 2395 962 2468 sapientiam
1009 2403 1287 2470 prastans
1336 2398 1615 2471 parvulis.
1668 2399 2092 2460 Testimonium

383 2483 615 2543 Domini
647 2483 878 2555 dicitur,
909 2498 1278 2558 quacunque
1301 2485 1362 2544 in
1391 2486 1618 2560 scriptis
1648 2487 1860 2546 sanctis
1892 2490 2092 2549 testifi-

381 2579 546 2633 catur
570 2573 872 2652 Dominus,
903 2582 1006 2632 aut
1033 2575 1372 2647 promittens
1391 2583 1494 2636 aut
1514 2575 1872 2651 praecipiens.
1903 2580 2092 2638 Conti-

384 2670 598 2722 nentur
625 2663 818 2737 itaque
850 2663 1179 2723 testimonia
1215 2665 1278 2722 in
1327 2665 1626 2738 promissis
1665 2672 1720 2724 et
1769 2671 2088 2742 praceptis,

378 2754 516 2828 quia
529 2771 664 2828 qua
681 2754 978 2827 promittit,
1002 2754 1176 2812 solvit
1190 2753 1312 2813 sive
1325 2754 1346 2828 j
1355 2755 1497 2813 ustis
1517 2757 1779 2829 pramia,
1797 2758 1922 2816 sive
1939 2759 2092 2832 inju-

377 2844 484 2903 stis
510 2851 806 2903 tormenta.
843 2842 1196 2916 Sapientiam
1219 2850 1494 2918 praestans
1521 2845 1799 2918 parvulis,
1822 2847 1882 2905 in
1911 2864 2091 2922 quan-

377 2937 502 2989 tum
522 2935 605 2988 est
629 2929 970 3004 pracipiens
983 2948 999 3000 ;
1025 2931 1161 3004 quia
1184 2932 1288 3005 qui
1315 2931 1542 3005 parvuli
1567 2938 1705 2991 sunt
1729 2935 1988 3007 scientia,
2013 2953 2087 2994 ex

376 3019 674 3092 praceptis
709 3019 946 3078 Domini
972 3018 1299 3078 redduntur
1329 3021 1634 3094 sapientes,
1665 3027 1728 3079 ut
1777 3021 1858 3080 ibi
1893 3029 2086 3082 osten-

373 3108 566 3168 ditur:
598 3129 626 3164 «
657 3110 709 3167 A
739 3108 1025 3167 mandatis
1049 3109 1164 3168 tuis
1192 3108 1480 3168 intellexi.
1514 3133 1534 3160 ι
1565 3111 1666 3169 Est
1691 3111 1889 3184 itaque
1919 3112 2086 3171 ﬁdele

372 3197 774 3256 testimonium
821 3196 1056 3257 Domini
1104 3198 1164 3255 in
1210 3197 1620 3270 explanatione
1665 3207 2079 3273 praceptorum

370 3288 518 3362 ejus.
544 3287 611 3345 In
632 3288 824 3361 primo
842 3287 1104 3361 intellige
1128 3283 1225 3341 58
1250 3289 1658 3362 promissiones
1683 3296 1738 3347 et
1759 3290 2080 3349 commina-

372 3376 592 3448 tiones;
628 3376 691 3434 in
721 3377 977 3436 secundo
1002 3377 1441 3450 prohibitiones.
1478 3376 1674 3435 Fidele
1703 3383 1806 3448 est,
1833 3379 2079 3452 promit-

373 3465 500 3524 tens
547 3471 604 3524 et
647 3465 1040 3536 comminans;
1081 3464 1421 3539 sapientiam
1465 3471 1748 3538 prastans
1794 3466 2073 3539 parvulis,

369 3553 685 3627 prohibens
717 3560 774 3611 et
808 3553 1171 3627 pracipiens.

437 3643 692 3702 Justitia
738 3643 970 3702 Domini
1007 3643 1163 3702 binis
1199 3648 1622 3702 convertuntur
1658 3643 2072 3714 accidentibus,

367 3751 502 3810 qua
528 3740 686 3807 sunt,
716 3741 904 3808 recta,
935 3734 1290 3794 latiﬁcantes
1319 3733 1509 3794 corda.
1541 3733 1790 3793 Iustitia
1816 3735 2071 3805 Domini,

363 3836 536 3896 opera
570 3823 866 3896 justorum
891 3845 903 3880 :
931 3822 1091 3880 unde
1121 3828 1177 3880 et
1206 3822 1316 3895 ipsi
1351 3821 1493 3894 justi
1532 3821 1916 3896 appellantur.
1961 3821 2071 3881 Sed

364 3912 642 3972 dicuntur
672 3927 795 3971 esse
824 3910 1076 3981 Domini,
1107 3911 1264 3985 quia,
1303 3932 1325 3963 ι
1359 3926 1532 3969 omne
1553 3911 1754 3970 datum
1787 3911 2073 3986 optimum

362 4007 418 4060 et
479 4015 652 4060 omne
701 4000 925 4059 donum
967 4001 1287 4074 perfectum
1333 3999 1642 4058 desursum
1688 4005 1792 4069 est,
1832 3999 2070 4059 descen-

361 4088 506 4147 dens
551 4104 584 4147 a
620 4089 783 4148 Patre
821 4089 1115 4148 luminum
1146 4092 1282 4154 (Jac.
1318 4093 1380 4157 1).
1417 4110 1444 4138 ι
1474 4086 1624 4156 Quid
1663 4087 1824 4145 enim
1871 4087 2067 4162 habes,

360 4191 397 4236 ο
454 4177 646 4246 homo,
684 4176 861 4250 quod
915 4191 1034 4234 non
1086 4173 1407 4248 accepisti?
1453 4174 1498 4246 (I
1549 4176 1667 4232 Cor.
1730 4176 1832 4247 Iv.)
1884 4175 2064 4235 Item:

368 4289 391 4316 κ
425 4264 621 4325 Gratia
646 4263 749 4323 Dei
779 4280 911 4324 sum
939 4264 1001 4323 id
1026 4263 1181 4339 quod
1211 4278 1344 4322 sum
1372 4263 1416 4336 (Ι
1441 4265 1558 4320 Cor.
1611 4263 1738 4336 xv).
1773 4283 1800 4317 »
1849 4263 1932 4322 Ea
1959 4281 2068 4323 au-

363 4361 478 4413 tem
524 4369 697 4428 opera
747 4354 989 4428 justitia
1056 4352 1331 4427 appellari
1408 4357 1667 4426 possunt,
1741 4368 1875 4428 qua
1957 4355 2070 4413 ﬁde

358 4450 676 4502 nascuntur
725 4448 782 4502 et
819 4442 1126 4502 dilectione
1170 4449 1670 4500 consummantur.
1716 4442 1863 4501 Nam
1917 4443 2069 4501 sicut

2245 1872 2472 1933 Judicia
2518 1887 2655 1930 vero
2707 1869 2938 1929 Domini
2989 1881 3097 1926 suo
3140 1865 3510 1939 quaternario
3561 1865 3876 1923 vehuntur.

2177 1967 2324 2027 Sunt
2384 1975 2534 2031 vera,
2612 1959 2923 2030 justiﬁcata
2972 1957 3034 2013 in
3088 1955 3412 2026 semetipsa,
3469 1951 3876 2011 desiderabilia

2173 2068 2347 2128 super
2375 2063 2584 2108 aurum
2611 2052 2667 2104 et
2692 2045 2939 2117 lapidem
2971 2041 3282 2117 pretiosum
3320 2041 3592 2110 multum,
3618 2038 3879 2128 dulciora

2173 2126 2346 2216 super
2385 2137 2501 2195 mel
2538 2141 2593 2192 et
2633 2134 2852 2191 favum.
2901 2131 3129 2189 Judicia
3165 2129 3398 2188 Domini
3445 2135 3582 2187 sunt
3625 2126 3876 2185 retribu-

2175 2232 2378 2300 tiones,
2416 2225 2628 2299 quibus
2667 2221 2759 2280 vel
2807 2220 3076 2294 reprobos
3116 2221 3303 2294 punit,
3342 2219 3434 2278 vel
3465 2219 3652 2292 justos
3687 2232 3881 2277 remu-

2172 2329 2352 2380 nerat.
2390 2319 2472 2376 Ea
2507 2313 2779 2391 quamvis
2813 2313 2927 2370 sint
2965 2327 3116 2385 sape
3144 2311 3387 2380 occulta,
3421 2325 3646 2384 semper
3683 2315 3874 2367 tamen

2175 2426 2310 2470 vera
2335 2411 2504 2473 sunt;
2535 2409 2592 2462 et
2607 2404 2780 2477 j'usta,
2815 2399 3114 2459 veritatem
3139 2399 3280 2474 justi
3301 2397 3516 2472 judicis
3555 2397 3870 2471 sequentia.

2174 2502 2324 2561 Sunt
2388 2494 2695 2571 justiﬁcata
2742 2492 2803 2549 in
2855 2491 3181 2563 semetipsa,
3241 2505 3360 2547 non
3415 2489 3564 2546 sicut
3623 2489 3879 2545 humana

2164 2588 2403 2664 judicia,
2453 2600 2584 2660 qua
2615 2581 2852 2640 aliunde
2898 2581 3244 2650 formantur,
3281 2578 3430 2635 sicut
3466 2592 3539 2634 ex
3583 2575 3876 2648 allegatio-

2172 2677 2345 2735 nibus
2376 2674 2802 2738 advocatorum,
2846 2671 2902 2724 et
2935 2682 3010 2724 ex
3051 2664 3505 2739 depositionibus
3544 2664 3778 2721 testium
3822 2667 3877 2718 et

2169 2761 2599 2823 recitationibus
2673 2759 3213 2816 instrumentorum.
3288 2751 3451 2810 Unde
3505 2756 3562 2808 et
3618 2765 3720 2823 per
3770 2751 3879 2807 hoc

2169 2868 2322 2925 sape
2360 2849 2646 2907 falluntur
2675 2845 2919 2919 judices,
2961 2849 3016 2899 et
3049 2841 3318 2916 quamvis
3353 2840 3494 2898 ordo
3531 2837 3874 2912 judiciarius

2168 2945 2446 3006 servetur,
2498 2949 2923 3007 nonnunquam
2959 2937 3148 2989 tamen
3191 2929 3472 2987 innocens
3517 2929 3868 2987 condemna-

2169 3036 2281 3097 tur,
2339 3033 2395 3085 et
2450 3038 2660 3083 nocens
2715 3019 3050 3079 absolvitur.
3106 3017 3337 3076 Judicia
3386 3023 3580 3075 autem
3635 3015 3739 3074 Dei
3795 3030 3866 3073 ex

2169 3117 2489 3191 semetipsis
2529 3111 3000 3189 justificationcm
3038 3107 3348 3182 accipiunt,
3405 3108 3552 3165 sicut
3599 3121 3702 3180 per
3738 3119 3868 3180 pro-

2168 3209 2400 3283 phetam
2443 3203 2689 3261 dicitur:
2726 3199 2906 3259 «Non
2963 3198 3285 3257 secundum
3331 3195 3618 3254 visionem
3671 3193 3872 3254 oculo-

2169 3312 2300 3355 rum
2331 3293 2632 3368 judicabit,
2681 3305 2789 3348 nec
2821 3289 3140 3347 secundum
3189 3285 3459 3344 auditum
3497 3283 3730 3344 aurium
3773 3300 3869 3342 ar-

2164 3390 2323 3460 guet,
2357 3383 2455 3441 sed
2481 3378 2758 3453 judicabit
2793 3379 2856 3435 in
2894 3375 3120 3450 justitia
3156 3390 3455 3448 pauperes,
3485 3379 3542 3432 et
3569 3377 3774 3446 arguet
3805 3374 3867 3431 in

2165 3476 2434 3551 aquitate
2492 3487 2593 3546 pro
2651 3469 2970 3527 mansuetis
3021 3473 3188 3524 terra
3247 3467 3397 3534 (Isai.
3461 3468 3572 3551 XI).
3628 3483 3678 3551 »γ
3719 3462 3868 3522 Sunt

2163 3550 2354 3622 autem
2405 3557 2826 3629 desiderabilia,
2874 3556 2933 3612 id
2994 3561 3096 3623 est,
3152 3551 3464 3611 desiderari
3521 3550 3866 3623 dignissima

2163 3665 2336 3723 super
2372 3647 2605 3706 divitias
2631 3653 2685 3702 et
2714 3641 2966 3702 delicias.
3009 3639 3078 3698 In
3120 3655 3262 3699 auro
3297 3647 3353 3697 et
3392 3638 3582 3710 lapide
3618 3640 3864 3712 pretioso

2160 3738 2419 3811 intellige
2460 3735 2726 3804 divitias;
2766 3732 2830 3788 in
2872 3730 3064 3800 melle,
3093 3735 3149 3786 et
3179 3729 3308 3785 favo
3337 3726 3596 3786 delicias.
3628 3727 3861 3785 Divitia

2159 3833 2354 3884 autem
2386 3824 2642 3882 maxime
2681 3818 3085 3891 intelliguntur
3111 3816 3173 3874 in
3201 3815 3448 3888 pecunia
3483 3822 3538 3872 et
3585 3814 3859 3888 potentia.

2159 3912 2255 3970 59
2295 3915 2400 3973 Per
2432 3913 2682 3987 lapidem
2721 3909 3061 3983 pretiosum,
3103 3919 3218 3979 quo
3245 3910 3504 3978 potentes
3551 3909 3608 3961 et
3640 3902 3863 3961 nobiles

2157 4008 2422 4073 utuntur,
2467 4003 2650 4075 gloria
2703 3999 2993 4072 polentia.
3043 3995 3218 4054 Porro
3262 3993 3482 4050 divitia
3538 3991 3672 4051 alia
3725 4007 3862 4051 cum

2156 4091 2490 4151 difﬁcultate
2554 4088 2955 4162 acquiruntur,
3011 4083 3142 4142 alia
3193 4084 3321 4141 sine
3377 4080 3732 4141 dillicultate.
3789 4079 3854 4137 In

2157 4180 2348 4250 melle,
2376 4179 2527 4252 quod
2554 4176 2845 4251 liquidum
2880 4182 2965 4232 est
3001 4173 3242 4243 delicia,
3283 4180 3339 4230 et
3371 4171 3695 4242 voluptates
3735 4168 3860 4226 sine

2154 4269 2368 4328 labore.
2410 4269 2478 4326 In
2510 4268 2660 4336 favo,
2703 4265 2857 4339 quod
2901 4265 3017 4320 mel
3056 4270 3111 4321 et
3151 4277 3341 4320 ceram
3370 4259 3628 4320 continet
3657 4259 3853 4330 simul,

2153 4357 2474 4430 voluptates
2510 4370 2648 4414 cum
2675 4352 3030 4412 difﬁcultate.

2223 4446 2367 4504 Ecce
2416 4445 2653 4519 quidam
2709 4443 2882 4501 ludus
2920 4439 3266 4514 judiciarius
3302 4438 3553 4498 occurrit
3587 4436 3754 4494 nobis
3793 4436 3854 4493 in

359 4533 486 4593 sine
546 4535 660 4592 fide
713 4533 1070 4607 impossibile
1131 4539 1216 4591 est
1272 4546 1628 4607 quemquam
1680 4532 1905 4604 placere
1950 4512 2130 4591 DeoD
2155 4512 2464 4608 Scripturis
2493 4532 2679 4591 Deum
2724 4512 2947 4589 Patrem
2984 4533 3420 4603 repraesentans.
3461 4527 3651 4584 Locus
3684 4525 3853 4598 juris,

357 4624 538 4698 (Hebr.
595 4625 677 4697 II),
726 4625 808 4682 ita
853 4631 909 4683 et
964 4624 1108 4682 ﬁdes
1166 4623 1290 4681 sine
1345 4622 1620 4697 operibus
1692 4629 1924 4682 mortua
1982 4630 2067 4699 est

357 4717 496 4784 (Jac.
545 4719 629 4783 ll).
667 4713 835 4772 Fides
866 4719 1082 4784 autem,
1121 4727 1254 4788 qua
1304 4728 1408 4786 per
1449 4710 1822 4771 dilectionem
1861 4729 2064 4786 opera-

356 4805 471 4874 tur,
514 4807 572 4860 et
602 4803 830 4876 prolicit
854 4809 908 4861 et
946 4801 1160 4861 sufﬁcit
1190 4800 1262 4859 ad
1290 4800 1554 4860 salutem.
1588 4801 1697 4860 Ha
1726 4808 1867 4861 sunt
1887 4802 2063 4876 justi-

357 4890 454 4948 tia
503 4891 738 4950 Domini
784 4896 973 4962 recta,
1029 4890 1384 4950 latiﬁcantes
1427 4891 1598 4949 corda
1644 4907 1746 4964 per
1801 4906 2063 4950 serenam

353 4980 793 5040 conscientiam.

426 5072 781 5144 Praecptum
831 5070 987 5130 binis
1027 5071 1239 5145 gaudet
1275 5071 1688 5131 accidentibus.
1742 5072 1842 5132 Est
1902 5074 2060 5132 enim

353 5162 639 5232 lucidum,
692 5159 1038 5223 illuminans
1077 5161 1275 5220 oculos
1324 5178 1400 5220 ex
1449 5163 1542 5222 sui
1575 5164 1854 5223 doctrina.
1913 5163 2061 5224 Sunt

352 5253 567 5327 quippe
586 5252 855 5326 quadam
878 5251 1087 5322 lucida,
1114 5257 1170 5309 et
1192 5265 1306 5310 non
1327 5249 1727 5310 illuminantia
1754 5270 1769 5322 ;
1803 5259 1868 5312 ut
1891 5254 2060 5312 carbo

353 5343 481 5402 sine
545 5342 777 5401 ﬂamma
849 5341 1077 5400 lucidus
1141 5347 1244 5410 est,
1311 5354 1428 5397 non
1484 5341 1677 5399 tamen
1739 5341 2055 5401 illuminat.

353 5431 616 5491 Flamma
667 5433 792 5491 sine
844 5433 1091 5490 carbone
1131 5437 1188 5488 et
1233 5430 1383 5487 lucet
1424 5435 1480 5487 et
1524 5428 1844 5489 illuminat.
1905 5431 2060 5491 Pra-

352 5526 582 5596 ceptum
612 5522 848 5581 Domini
876 5521 1136 5582 lucidum
1173 5526 1257 5578 est
1302 5519 1430 5578 sine
1459 5519 1799 5578 confusione
1835 5528 2060 5582 senten-

354 5613 603 5681 tiarum;
657 5614 951 5673 illuminat
999 5613 1196 5673 oculos
1248 5628 1319 5670 ex
1362 5611 1660 5670 inlusione
1717 5615 2055 5686 gratiarum.

2147 4624 2208 4682 in
2239 4639 2355 4696 quo
2385 4623 2714 4681 Advocatus
2761 4629 2954 4678 noster
2992 4619 3263 4691 postulat,
3301 4614 3626 4690 patibulum
3664 4613 3852 4672 crucis

2145 4713 2276 4772 fuit.
2305 4712 2451 4770 Cum
2480 4709 2640 4768 enim
2672 4726 2742 4768 ex
2775 4709 2963 4768 officio
2992 4723 3100 4766 suo
3126 4704 3386 4764 advocati
3409 4703 3659 4761 habeant
3681 4709 3852 4772 stare,

2147 4802 2266 4875 ipse
2293 4817 2408 4860 non
2435 4807 2612 4871 stans,
2645 4801 2744 4858 sed
2776 4805 2888 4858 toto
2914 4812 3150 4872 corpore
3176 4801 3416 4853 extenso
3449 4793 3512 4850 in
3538 4791 3698 4866 ligno
3725 4807 3854 4850 cru-

2144 4892 2247 4963 cis,
2308 4891 2464 4964 apud
2510 4890 2736 4949 Patrem
2777 4905 2878 4961 pro
2930 4886 3096 4945 nobis
3141 4883 3431 4959 allegavit,
3490 4882 3849 4942 desiderium

2146 4998 2323 5041 suum
2358 4987 2412 5040 et
2444 4980 2762 5038 amicorum
2805 4991 3044 5038 suorum
3083 4989 3402 5049 exponens,
3443 4979 3500 5031 et
3535 4970 3851 5030 adversarii

2144 5071 2429 5130 desiderio
2480 5069 2874 5130 contradicens
2924 5081 3111 5140 usque
3157 5065 3229 5122 ad
3274 5062 3492 5138 proprii
3547 5059 3851 5133 sanguinis

2145 5162 2508 5221 effusionem.
2550 5159 2696 5218 Rem
2727 5173 2891 5217 suam
2929 5157 3198 5230 postulat,
3225 5153 3286 5213 id
3315 5159 3399 5212 est
3433 5168 3616 5227 genus
3649 5152 3853 5210 huma-

2144 5267 2308 5321 num,
2337 5251 2490 5325 quod
2519 5250 2641 5325 ipse
2677 5249 2911 5319 creavit,
2945 5247 3114 5320 cujus
3148 5262 3351 5304 verum
3389 5242 3714 5303 dominium
3743 5245 3848 5303 ha-

2145 5343 2331 5401 bebat.
2385 5342 2696 5400 Ecclesiam
2747 5341 2818 5398 dc
2866 5337 3136 5413 gentibus
3205 5335 3462 5394 converti
3517 5333 3849 5408 postulavit,

2147 5437 2422 5506 tanquam
2452 5430 2717 5505 proprius
2749 5430 2933 5487 nares
2958 5425 3308 5486 hareditatis
3341 5424 3676 5498 petitionem
3709 5439 3844 5498 pro-

2145 5537 2386 5598 ponens,
2431 5526 2488 5578 et
2518 5520 2578 5577 in
2613 5520 3029 5593 possessionem
3056 5517 3128 5576 de
3147 5516 3278 5589 jure
3305 5513 3458 5573 mitti
3484 5514 3839 5575 desiderans.

2145 5613 2347 5672 Petilio
2387 5617 2579 5670 autem
2622 5608 2972 5670 hareditatis
2998 5623 3072 5666 ex
3102 5607 3304 5667 ordine
3337 5612 3391 5665 et
3429 5605 3681 5679 regulari
3709 5605 3844 5681 jure
