4184 6452
341 264 449 326 567

959 269 1018 329 S.
1057 270 1281 330 PETRI
1319 270 1641 333 DAMIANI
1678 273 1835 333 OPP.
1881 272 2071 335 PARS
2112 270 2253 333 SEU
2291 273 2541 334 TOMUS
2582 275 2654 335 II.
2699 308 2763 319 —
2805 274 3221 336 SERMONES.

3731 280 3841 340 568

341 392 686 470 proponitur
727 393 1007 452 adversus
1043 408 1177 451 eum
1223 394 1324 468 qui
1366 395 1615 468 possidet
1652 412 1756 471 pro
1795 397 2044 467 haerede,
2067 401 2406 472 Atanquam
2437 406 2562 472 post
2590 400 2862 458 hibernas
2898 397 3214 459 furentium
3240 367 3839 459 ventorumnivium-

347 482 438 541 vel
496 496 842 556 possessore.
894 479 1003 538 Pro
1056 480 1287 540 haerede
1338 483 1588 553 possidet
1639 485 1744 559 qui
1804 483 1941 543 dicit
1995 502 2054 544 se

344 570 633 629 hmredem
670 584 814 631 esse.
846 582 981 626 cum
1013 582 1131 626 non
1162 570 1272 639 sit;
1316 586 1419 642 pro
1452 587 1773 645 possessore
1805 574 2053 647 possidet

342 656 494 730 quis,
546 670 676 714 cum
717 654 882 712 nullo
920 654 1089 713 titulo
1126 664 1307 729 potest
1356 659 1506 715 tueri
1547 674 1712 716 suam
1750 660 2053 733 possessio-

345 759 503 810 nem,
553 742 677 817 qui,
736 742 785 800 si
842 742 1175 816 requiratiJr
1230 760 1409 819 quare
1462 748 1766 819 possideat,
1822 750 2049 807 nullam

340 831 516 890 aliam
555 846 787 889 causam
826 831 1053 904 allegat,
1096 831 1211 888 nisi
1249 833 1389 906 quia
1432 835 1515 893 sic
1556 837 1836 908 possideo.
1878 837 2050 896 Recte

342 927 537 979 autem
568 919 864 993 proposuit
892 918 1178 979 Dominus
1210 929 1400 979 noster
1427 923 1706 983 adversus
1728 925 2044 998 diabolum,

343 1012 444 1086 qui
494 1010 887 1069 haereditatem
927 1010 1162 1069 Domini
1204 1027 1307 1085 pro
1356 1028 1678 1086 possessore
1724 1015 2049 1090 possidebat

342 1099 637 1173 malignus
663 1097 875 1172 praedo.
906 1097 986 1156 De
1017 1114 1133 1172 quo
1165 1100 1475 1173 propheta:
1504 1126 1525 1154 α
1562 1103 1665 1162 Vaa
1690 1104 1792 1179 qui
1822 1104 2045 1177 praeda-

341 1189 442 1262 ris,
472 1203 667 1248 nonne
690 1189 814 1262 ipse
838 1188 1230 1262 praedaberis?
1256 1194 1403 1262 (1εαὶ.
1437 1194 1678 1266 xxxm.)
1707 1213 1736 1247 »

410 1274 477 1334 In
500 1276 610 1334 hac
638 1274 1029 1345 advocatione,
1060 1273 1184 1333 sive
1208 1276 1593 1350 postulatione
1632 1278 1909 1338 Advocati
1939 1294 2044 1338 no-

336 1367 438 1427 stri
468 1366 728 1424 maxime
753 1365 965 1439 gaudet
994 1366 1246 1425 Ecclesia
1274 1366 1369 1426 die
1395 1370 1828 1430 resurrectionis
1852 1371 2047 1431 Domi-

339 1454 508 1525 nicaa,
538 1453 679 1527 quia
707 1452 1038 1512 Advocatus
1064 1454 1397 1527 postulavit,
1445 1458 1582 1532 quia
1620 1460 1901 1531 postulata
1927 1459 2042 1517 im-

336 1541 601 1617 petravit,
633 1542 772 1615 quia
798 1541 1100 1616 impetrata
1124 1541 1378 1603 obtinuit
1406 1553 1460 1604 et
1490 1547 1761 1620 possedit.
1795 1548 1937 1607 Inde
1959 1554 2044 1607 est

335 1632 489 1711 quod
518 1631 818 1707 tripliciter
843 1632 1077 1692 laudem
1110 1635 1431 1710 subjungit.
1468 1637 1850 1697 Introducens
1883 1639 2041 1698 enim

338 1721 556 1779 Filium
595 1720 927 1796 loquentem
955 1721 1026 1779 ad
1056 1720 1306 1795 Patrem,
1334 1729 1390 1782 et
1412 1724 1738 1785 dicentem:
1769 1749 1791 1779 α
1835 1726 2041 1786 Postu-

332 1807 451 1868 lavi
493 1807 720 1867 Patrem
776 1823 1012 1877 meum;
1058 1833 1085 1860 υ
1131 1810 1384 1870 Ecclesia
1431 1814 1825 1887 respondetur
1884 1815 2041 1873 Alle-

334 1896 473 1970 luia,
507 1918 536 1950 ι»
562 1896 622 1956 id
645 1903 749 1967 est,
779 1902 887 1954 Deo
915 1899 1125 1964 laudes,
1164 1900 1301 1974 quia
1334 1901 1651 1973 postulasti.
1684 1904 1857 1962 Item:
1880 1928 1900 1953 ι
1939 1904 2043 1963 De-

326 1987 411 2046 dit
442 1987 587 2046 mihi
616 1995 834 2061 gentes.
868 2008 897 2043 »
924 1988 994 2046 Et
1017 1991 1319 2063 respondet
1344 1991 1622 2052 Ecclesia:
1645 2016 1667 2045 c
1701 1993 1983 2065 Alleluia;
2010 2015 2038 2049 »

331 2077 388 2136 id
424 2083 528 2149 est,
559 2081 666 2135 Deo
697 2079 919 2143 laudes,”
940 2078 1077 2151 quia
1106 2079 1440 2153 impetrasti.
1474 2082 1620 2140 Item
1648 2101 1661 2140 :
1694 2102 1721 2135 ‹(
1751 2083 1821 2141 In
1848 2084 2041 2142 hatre-

328 2163 565 2224 ditatem
602 2166 751 2223 mibi
789 2169 962 2237 (Psal.
1015 2171 1100 2236 II).
1137 2190 1162 2217 υ
1202 2167 1530 2242 Respondet
1570 2189 1582 2227 :
1625 2191 1654 2223 α
1684 2168 1976 2241 Alleluia;
2014 2193 2039 2221 ι

329 2253 469 2327 quia
491 2253 796 2313 obtinuisti
828 2261 883 2311 et
911 2256 1237 2327 possedisti.

402 2340 814 2398 Consociemur
840 2341 1020 2415 igitur
1044 2350 1099 2401 et
1124 2357 1231 2401 nos
1262 2343 1325 2400 in
1353 2343 1506 2404 hanc
1536 2345 1765 2406 laudem
1798 2347 2040 2406 univer-

331 2426 469 2485 salis
515 2426 806 2499 Ecclesiae,
846 2435 910 2487 ut
942 2445 1078 2488 cum
1118 2430 1317 2490 electis
1365 2433 1425 2492 in
1470 2434 1869 2494 baereditatem
1923 2436 2039 2496 Do-

333 2514 479 2573 mini
507 2515 799 2587 intraturi,
835 2518 901 2575 ad
947 2521 1425 2580 resurrectionem
1465 2524 1699 2583 Domini
1736 2526 2040 2599 pervenire

331 2604 631 2663 valeamus
668 2613 942 2682 perpetuo
979 2608 1257 2681 gavisuri.
1293 2610 1458 2681 Quod
1496 2613 1620 2688 ipse
1649 2622 1921 2690 praestare
1957 2617 2040 2677 di-

328 2700 537 2767 gnetur
562 2694 665 2769 qui
693 2696 838 2754 vivit
865 2703 919 2755 et
953 2706 1153 2772 regnat
1182 2715 1287 2774 per
1314 2701 1509 2761 omnia
1535 2704 1751 2763 saecula
1789 2707 2037 2766 saeculo-

328 2796 480 2841 rum.
514 2784 723 2841 Amen.

324 3024 542 3106 ἔξω.
577 3022 918 3106 Ser/mode
949 3022 1029 3106 S._
1054 3022 1312 3106 Georgio
1354 3038 1670 3106 martyre.

324 3104 508 3186 XX_V.
557 3102 846 3186 Sermo!
875 3103 1053 3186 de_S.
1087 3102 1300 3166 Marco
1346 3102 1767 3186 evangelista.
1872 3112 1877 3115 ’

406 3182 633 3245 Sermo
661 3181 723 3242 ll
749 3182 826 3243 de
867 3184 1108 3246 eodem.

415 3260 643 3324 Sermo
679 3260 776 3323 111
801 3263 878 3324 de
905 3263 1152 3325 eodem.

325 3342 595 3427 XXYIII.
635 3340 862 3427 S_e_rz_no
887 3342 922 3405 Ι
944 3343 1021 3427 de
1054 3341 1124 3405 S.
1170 3342 1363 3407 Vitale
1387 3354 1706 3427 martyre.

406 3422 635 3487 Sermo
663 3420 731 3484 II
751 3422 827 3485 de
848 3425 1092 3487 eodem.

903 3526 999 3586 60
1030 3530 1279 3595 SERMO
1302 3535 1462 3596 XIII.

604 3613 681 3662 DE
699 3614 749 3661 S.
772 3612 1029 3662 GEORGIO
1054 3617 1356 3666 MARTYBE.
1390 3617 1402 3675 ί
1411 3621 1565 3668 XXIII
1593 3614 1749 3679 APR.)

397 3681 692 3742 Hodierna
737 3681 1035 3756 festivitas,
1080 3686 1470 3761 dilectissimi,
1506 3690 1794 3764 paschalis
1835 3689 2036 3766 glorias

328 3771 591 3831 laetitiam
628 3771 907 3847 geminat,
944 3777 1001 3831 et
1044 3774 1209 3835 velut
1245 3779 1492 3850 pretiosa
1529 3793 1753 3851 gemma
1795 3794 2034 3851 aurum,

323 3862 421 3922 cui
463 3862 839 3937 imprimitur,
878 3866 1082 3926 decore
1119 3871 1336 3945 proprii
1391 3871 1718 3944 splendoris
1764 3871 2032 3931 illustrat.

326 3952 473 4022 Apte
500 3950 781 4010 nimirum
807 3952 916 4012 hoc
939 3954 1306 4027 potissimum
1332 3964 1585 4034 tempore
1604 3959 1768 4018 beato
1792 3958 2036 4033 Georgio

322 4053 658 4100 concessum
693 4049 779 4100 est
806 4043 1184 4120 triumphare,
1219 4049 1472 4123 quando,
1497 4055 1782 4108 transacta
1812 4050 2035 4109 hiema-

326 4128 399 4188 lis
426 4129 796 4190 inclementia
830 4133 1099 4205 turbinis,
1133 4139 1312 4196 austri
1351 4139 1549 4197 fomite
1587 4140 1856 4211 resoluto,
1904 4141 2036 4198 laeta

330 4224 477 4277 terra
544 4218 807 4278 alacriter
869 4223 1137 4295 parturit,
1191 4231 1247 4283 et
1297 4226 1735 4299 erumpentibus
1792 4227 2037 4286 diversis

326 4307 638 4366 herbarum
665 4314 839 4384 atque
879 4309 1153 4369 arborum
1189 4312 1450 4377 ﬂoribus,
1496 4321 1770 4388 tanquam
1806 4315 2033 4375 adoles—

326 4402 512 4471 cente,
548 4404 613 4456 ut
650 4397 730 4457 ita
765 4398 989 4474 loquar,
1020 4408 1186 4460 aetate
1219 4401 1499 4475 pubescit.
1541 4401 1822 4478 Georgius
1849 4404 2034 4480 siqui-

2136 504 2252 562 que
2290 490 2584 564 procellas,
2621 491 2922 550 oraculum
2965 492 3071 549 hoc
3099 489 3316 548 divina;
3348 490 3559 548 meruit
3586 492 3839 551 vocatio-

2136 579 2228 635 nis
2274 578 2520 638 audire:
2562 600 2589 632 «
2623 579 2790 648 Veni,
2841 580 3050 655 inquit,
3107 579 3373 637 columba
3420 594 3566 650 mea,
3632 596 3839 654 sponsa

2135 680 2283 736 mea,
2312 666 2560 725 formosa
2586 684 2748 738 mea;
2791 668 2909 741 jam
2953 668 3140 725 hiems
3169 667 3416 740 transiit,
3454 666 3644 725 imber
3672 668 3836 740 abiit,

2134 760 2190 811 et
2220 756 2484 827 recessit;
2518 756 2686 815 ﬂores
2724 766 3113 830 apparuerunt
3142 757 3202 815 in
3233 764 3384 814 terra
3418 761 3648 826 nostra;
3693 763 3840 814 tem-

2132 859 2243 918 pus
2271 846 2586 916 putationis
2615 847 2852 904 advenit
2881 849 3061 921 (Cant.
3114 847 3195 916 II).
3239 870 3258 896 -
3306 844 3482 903 Plane
3518 845 3590 902 de
3628 844 3838 903 militia

2133 931 2443 991 translatus
2480 943 2564 992 est
2596 935 2657 993 in
2705 934 2993 1005 militiam,
3043 935 3183 1008 quia
3231 933 3443 992 terreni
3490 933 3836 1004 tribunatus,

2132 1041 2247 1099 quo
2302 1025 2669 1099 fungebatur,
2725 1027 2978 1086 ofﬁcium
3045 1025 3390 1084 Christianas
3442 1024 3667 1082 militiae
3713 1040 3839 1099 pro-

2130 1113 2381 1172 fessione
2416 1115 2682 1185 mutavit,
2723 1120 2797 1185 et,
2836 1122 2902 1174 ut
2945 1131 3141 1173 revera
3181 1121 3452 1172 strenuus
3480 1112 3649 1170 miles
3675 1112 3837 1185 prius

2130 1203 2326 1260 omnia
2373 1218 2478 1261 sua
2526 1204 2875 1276 pauperibus
2918 1203 3200 1274 tribuens,
3255 1202 3541 1261 sarcinam
3588 1206 3835 1261 terrente

2129 1290 2418 1349 facultatis
2442 1292 2647 1365 abjecit
2665 1309 2682 1363 ;
2723 1291 2921 1366 sicque
2957 1291 3125 1363 liber,
3158 1296 3212 1349 et
3241 1290 3566 1364 expeditus,
3604 1305 3670 1347 ac
3697 1289 3835 1348 ﬁdei

2134 1378 2307 1437 lorica
2354 1381 2702 1453 praacinctus
2749 1380 2812 1439 in
2851 1381 3038 1455 ipsam
3083 1380 3247 1439 densi
3286 1378 3617 1438 Certaminis
3651 1379 3835 1438 aciem

2134 1468 2392 1527 fervidus
2420 1484 2482 1527 se
2514 1468 2722 1529 Christi
2758 1469 2998 1529 bellator
3031 1469 3337 1541 immersit,
3364 1473 3591 1528 servato
3620 1465 3836 1525 scilicet

2127 1556 2353 1628 ordine,
2394 1562 2463 1614 ut
2501 1572 2697 1616 rerum
2738 1557 2964 1632 pondus
3009 1564 3144 1615 ante
3182 1556 3513 1631 deponeret,
3554 1560 3728 1628 atque
3757 1553 3838 1612 ita

2127 1644 2494 1719 postmodum
2567 1646 2639 1704 ad
2711 1661 2979 1722 campum
3033 1645 3364 1705 certaminis
3418 1642 3840 1719 imperterritus

2063 1752 2110 1813 Β
2130 1732 2434 1807 prosiliret.

2200 1820 2366 1880 Unde
2392 1826 2479 1879 est
2507 1821 2658 1895 quod
2694 1822 2756 1880 in
2794 1822 2919 1896 lege
2954 1821 3308 1896 praecipitur,
3335 1826 3402 1880 ut
3423 1822 3597 1881 homo
3626 1820 3836 1880 formi-

2123 1910 2381 1981 dolosus,
2423 1917 2481 1970 et
2517 1911 2685 1970 corde
2722 1912 2933 1986 pavido
2972 1929 3089 1972 non
3128 1913 3455 1986 egrediatur
3488 1914 3561 1971 ab
3590 1912 3834 1983 bellum,

2124 2000 2224 2059 sed
2263 2000 2451 2073 vadat,
2493 2001 2707 2077 inquit,
2738 2008 2794 2060 et
2822 2008 3146 2061 revertatur
3187 2003 3258 2061 ad
3303 2011 3511 2061 terram
3540 2019 3726 2073 suam,
3759 2018 3835 2060 ne

2122 2103 2331 2163 pavere
2369 2090 2538 2147 faciat
2588 2090 2759 2148 corda
2801 2091 3046 2149 fratrum
3094 2106 3356 2160 suorum,
3408 2090 3558 2150 sicut
3603 2096 3658 2148 et
3710 2091 3835 2164 ipse

2121 2177 2460 2249 perterritus
2512 2185 2596 2236 est
2634 2182 2808 2248 (Deut.
2857 2179 2984 2252 xx).
3031 2177 3254 2248 Quibus
3299 2179 3580 2237 nimirum
3639 2179 3834 2237 verbis

2123 2265 2345 2340 liquido
2388 2268 2768 2341 perdocemur
2806 2269 2942 2343 quia
2971 2284 3074 2341 pro
3105 2267 3438 2326 defensione
3476 2268 3610 2326 fidei
3649 2267 3830 2326 dimi-

2119 2369 2247 2415 care
2284 2356 2504 2415 fortiter
2550 2363 2607 2415 et
2638 2357 2849 2416 idonee
2886 2364 3185 2433 nequeunt
3227 2356 3328 2432 qui
3368 2356 3560 2415 adhuc
3614 2356 3837 2415 nudari

2125 2446 2366 2505 terrenis
2420 2448 2628 2521 opibus
2681 2449 3129 2522 pertimescunt;
3185 2446 3659 2520 tolerabiliusque
3712 2453 3830 2517 est,

2124 2542 2188 2594 ut
2260 2536 2497 2595 domum
2552 2535 2979 2609 quodammodo
3044 2536 3348 2593 redeuntes
3396 2533 3731 2604 ignobiliter
3778 2540 3836 2592 et

2121 2623 2387 2683 imbelles
2419 2623 2641 2694 vivant,
2681 2640 2856 2697 quam
2897 2639 3093 2682 secum
3121 2630 3179 2680 et
3205 2623 3350 2681 alios
3375 2637 3408 2679 a
3436 2620 3833 2696 triumphandi

2120 2715 2303 2790 gloria
2333 2729 2437 2787 per
2479 2713 2782 2786 degeneris
2809 2712 3078 2786 exempla
3107 2713 3330 2770 timoris
3369 2719 3647 2771 avertant.
3684 2711 3830 2770 Bea-

2120 2810 2214 2864 tus
2248 2818 2384 2862 vero
2423 2801 2704 2875 Georgius
2749 2801 2929 2859 sancti
2971 2800 3221 2874 Spiritus
3257 2801 3392 2874 igne
3419 2817 3744 2872 succensus,
3772 2807 3830 2858 et

2119 2890 2339 2950 vexillo
2366 2889 2556 2948 crucis
2586 2888 3121 2962 inexpugnabiliter
3148 2889 3560 2962 praemunitus,
3589 2890 3668 2948 sic
3693 2904 3828 2948 cum

2117 2979 2324 3054 iniquo
2355 2994 2485 3053 rege
2515 2994 2857 3053 congressus
2882 2984 2986 3047 est,
3014 2985 3079 3037 ut
3105 2985 3162 3036 et
3192 2979 3534 3053 iniquorum
3564 2979 3826 3039 omnium

2124 3068 2443 3144 principem
2480 3066 2539 3124 in
2576 3065 2819 3125 satellite
2848 3068 3121 3138 vinceret,
3164 3073 3219 3126 et
3248 3068 3318 3126 ad
3348 3068 3639 3141 agendum
3665 3068 3828 3126 forti-

2128 3165 2211 3216 ter
2239 3154 2453 3213 Christi
2480 3154 2735 3213 militum
2768 3155 2996 3214 animos
3021 3156 3303 3215 incitaret.
3338 3155 3409 3214 Et
3435 3156 3671 3230 quidem
3699 3155 3830 3213 Dio-

2123 3246 2407 3305 cletianus
2437 3250 2576 3303 tunc
2608 3245 2939 3318 imperator,
2972 3244 3123 3303 sicut
3147 3246 3209 3303 in
3242 3246 3520 3319 descripta
3546 3245 3831 3319 passionis

2123 3335 2249 3409 ejus
2306 3333 2587 3408 reperitur
2636 3334 2894 3406 historia,
2952 3335 3120 3410 cujus
3195 3351 3279 3407 os,
3349 3334 3519 3409 juxta
3584 3332 3829 3393 Psalmi-

2124 3428 2294 3493 stam,
2354 3420 2759 3479 maledictione
2813 3422 3051 3496 plenum
3103 3430 3248 3495 erat,
3319 3430 3377 3482 et
3440 3420 3831 3480 amaritudine

2125 3509 2245 3583 61,
2305 3516 2359 3568 et
2410 3509 2520 3569 sub
2573 3509 2774 3584 lingua
2833 3513 2958 3586 ejus
3018 3512 3179 3571 labor
3234 3517 3289 3570 et
3351 3512 3512 3571 dolor
3565 3511 3667 3584 qui
3739 3526 3828 3568 se-

2123 3599 2290 3658 debat
2343 3612 2478 3657 cum
2539 3597 2820 3657 divitibus
2888 3599 2949 3657 in
3020 3599 3279 3672 occultis,
3353 3607 3417 3659 ut
3487 3598 3830 3658 interficeret

2123 3688 2514 3757 innocentem,
2585 3686 2873 3745 insidians
2923 3688 3090 3761 quasi
3144 3688 3235 3747 leo
3283 3688 3345 3747 in
3396 3688 3672 3761 spelunca
3725 3703 3829 3746 sua

2125 3777 2289 3849 (Psal.
2337 3778 2417 3848 v),
2465 3776 2653 3850 primo
2699 3778 2865 3851 quasi
2906 3777 3313 3836 vestimentum
3377 3778 3504 3837 ovis
3546 3777 3829 3837 subdolus

2125 3860 2337 3931 induit,
2391 3867 2447 3919 et
2484 3860 2569 3919 sic
2596 3862 2844 3936 quadam
2876 3869 2996 3920 arte
3027 3864 3295 3922 versutia;
3325 3879 3391 3922 ac
3423 3863 3626 3923 fucatis
3660 3862 3827 3920 blam-

2123 3949 2519 4009 dimentorum
2569 3950 2857 4009 coloribus
2901 3949 3071 4008 illum
3119 3950 3361 4010 suadere
3405 3951 3661 4009 tentavit.
3714 3948 3827 4009 Sed

2123 4055 2258 4098 cum
2298 4038 2547 4113 insignis
2576 4038 2791 4097 athleta
2830 4038 3065 4108 Christi,
3114 4040 3445 4112 spumantia
3480 4055 3555 4099 ex
3599 4039 3827 4114 antiqui

2125 4133 2406 4207 serpentis
2433 4149 2533 4192 ore
2562 4148 2785 4191 venena
2814 4140 3224 4205 contemneret,
3255 4140 3313 4190 et
3337 4148 3454 4191 non
3487 4132 3612 4205 jam
3653 4131 3826 4206 primi

2123 4222 2378 4296 parentis
2420 4222 2727 4294 originem,
2776 4221 2875 4279 sed
2913 4222 3151 4281 secundi
3190 4220 3381 4296 potius
3424 4219 3483 4277 in
3522 4235 3582 4277 se
3624 4219 3824 4277 vivere

2122 4310 2321 4369 titulos
2363 4310 2799 4381 demonstraret,
2849 4310 3112 4383 protinus
3150 4309 3250 4367 ille
3298 4315 3570 4382 tanquam
3620 4307 3826 4380 sagitta

2122 4400 2193 4459 de
2222 4399 2449 4459 Satanae
2489 4400 2755 4473 pharetra
2784 4399 3073 4473 prodiens,
3113 4398 3430 4456 immanem
3476 4397 3682 4471 lupum
3719 4395 3825 4470 qui

324 4486 453 4545 dem
500 4460 727 4560 'Graece,
774 4460 930 4546 terra
966 4460 1141 4548 cultor
1179 4460 1602 4549 Latinoﬂsonat
1635 4460 2327 4570 eloqu‘iofquinlatebat
2371 4460 2617 4562 aperuit,
2672 4493 2727 4546 et
2897 4460 3201 4545 inferenda
3244 4487 3472 4545 diversa
3518 4460 3823 4558 primarum

326 4574 625 4645 nimirum,
661 4577 836 4650 juxta
869 4577 963 4637 sui
1016 4579 1362 4654 praesagium
1399 4580 1674 4653 nominis,
1717 4597 1829 4640 non
1863 4583 2032 4641 modo

324 4679 447 4723 suae
509 4667 717 4725 mentis
766 4683 970 4742 agrum
1024 4669 1342 4742 spiritualis
1397 4672 1659 4729 exercitii
1710 4671 2034 4747 disciplinis

322 4752 597 4824 excoluit,
625 4754 723 4813 sed
752 4763 804 4813 et
837 4764 1047 4816 sanctae
1069 4756 1485 4818 exhortationis
1509 4767 1565 4817 et
1593 4760 1704 4833 piae
1731 4761 2035 4835 correptio-

326 4839 417 4899 nis
442 4857 672 4901 vomere
704 4850 987 4904 terrenam
1021 4845 1277 4906 ultorum
1315 4846 1487 4905 corda
1523 4848 1817 4922 proscidit,
1858 4849 2032 4907 vitio-

322 4944 572 5004 rumque
600 4931 872 5005 vepribus
903 4934 1103 5005 erutis,
1138 4934 1387 4993 fecunda
1415 4935 1475 4993 in
1506 4934 1591 4994 eis
1622 4935 1903 4994 virtutum
1937 4952 2030 4995 ar-

321 5015 487 5076 busta
517 5017 814 5091 plantavit.

392 5103 596 5164 Merito
646 5105 822 5181 igitur
867 5106 1040 5165 hodie
1094 5108 1245 5166 beati
1293 5109 1468 5183 hujus
1513 5109 1787 5185 martyris
1836 5111 2032 5169 anima

319 5197 446 5264 post
487 5199 787 5253 cruentam
830 5193 1028 5254 furiosi
1068 5194 1348 5269 principis
1392 5197 1632 5267 rabiem,
1681 5204 1804 5272 post
1840 5199 2030 5257 carni-

326 5282 501 5342 ficum
532 5287 785 5346 feraliter
822 5286 1189 5346 saevientium
1226 5285 1669 5357 immanitatem,
1718 5295 1843 5362 post
1883 5288 2030 5346 dila-

321 5374 495 5431 cerati
548 5377 801 5450 corporis
858 5376 1146 5450 exquisita
1201 5376 1502 5450 supplicia,
1560 5383 1684 5449 post
1742 5376 1913 5449 ignis,
1966 5393 2032 5435 ac

322 5459 481 5534 ferri,
513 5463 675 5536 picis,
721 5472 778 5523 et
815 5465 1116 5541 sulphuris
1155 5464 1359 5538 iniqua
1391 5470 1693 5534 tormenta,
1726 5471 1852 5538 post
1900 5479 2029 5522 ver-

318 5544 522 5607 berum
580 5549 833 5625 denique
890 5553 1108 5628 plagas,
1186 5557 1311 5627 post
1380 5566 1675 5610 carcerum
1740 5552 2023 5623 tenebras,

2118 4578 2399 4653 supplicia
2439 4582 2678 4635 cruenta
2706 4576 2889 4633 bestia
2917 4576 3171 4635 feraliter
3205 4575 3493 4635 ebullivit.
3529 4573 3824 4633 Glomera-

2119 4668 2191 4725 tis
2217 4667 2412 4737 itaque
2437 4664 2808 4723 carnificibus
2836 4664 3036 4723 beatus
3066 4671 3280 4739 martyr
3303 4662 3655 4733 extenditur,
3688 4676 3823 4720 ver-

2116 4756 2350 4814 beribus
2380 4754 2660 4825 tunditur,
2683 4753 2846 4812 duris
2866 4753 3125 4812 caedibus
3151 4754 3424 4812 laniatur.
3452 4753 3673 4811 Dehinc
3700 4756 3821 4808 rota

2117 4844 2323 4920 gladiis
2342 4848 2559 4903 armata
2574 4844 2860 4918 profertur
2880 4844 2941 4901 in
2963 4844 3243 4914 medium,
3260 4851 3325 4903 ut
3338 4844 3556 4902 circum
3574 4842 3821 4915 ligatum

2120 4933 2390 5007 martyris
2433 4947 2639 5006 corpus
2673 4938 2828 4990 tanto
2867 4931 3160 4991 crudelius
3198 4940 3412 5004 quanto
3442 4929 3826 5004 multiplicius

2116 5021 2452 5096 perforetur.
2485 5021 2709 5079 Artifex
2739 5020 3009 5096 [artiﬁcis]
3034 5020 3314 5079 nimirum
3344 5021 3559 5088 feritas,
3593 5034 3745 5077 nova
3771 5024 3827 5076 et

2119 5111 2414 5186 exquisita
2440 5126 2746 5185 poenarum
2777 5112 3003 5170 invenit
3031 5117 3394 5185 argumenta,
3421 5118 3477 5170 et
3504 5108 3577 5168 ad
3605 5109 3827 5167 satian-

2117 5200 2250 5258 dam
2282 5201 2371 5259 sui
2411 5200 2627 5260 furoris
2665 5201 2887 5260 rabiem
2922 5200 3363 5275 philosophatur
3396 5200 3458 5258 in
3494 5198 3828 5258 excedenda

2116 5289 2472 5347 crudelitatis
2500 5289 2775 5347 humanae
2807 5304 3099 5358 mensura,
3132 5289 3406 5361 ignorans
3431 5287 3649 5346 scilicet
3686 5286 3827 5360 quia

2115 5377 2434 5449 pretiosum
2468 5376 2674 5435 nitoris
2700 5379 2991 5451 conspicui
3029 5377 3410 5447 margaritum
3436 5374 3588 5434 vivis
3615 5374 3825 5447 utique

2116 5481 2381 5540 supernae
2424 5465 2788 5525 Hierusalem
2833 5466 3120 5541 lapidibus
3169 5465 3563 5551 inferendum,
3605 5468 3825 5539 quanto

2115 5553 2422 5628 asperioris
2470 5553 2626 5613 limae
2665 5554 3002 5614 scabredine
3042 5553 3133 5612 vel
3181 5553 3376 5613 mallei
3411 5552 3682 5613 tunsione
3724 5567 3821 5626 po-
