4184 6448
212 300 324 361 569

1737 294 1987 356 SERMO
2025 295 2185 356 XIII.

3611 293 3720 352 570

211 423 378 492 litur,
429 426 587 481 tanto
628 418 961 496 praclarius
1017 418 1296 478 redditur.
1359 419 1569 478 Aderat
1612 419 1784 494 plane
1828 421 2221 486 su-Aberbas
2275 428 2328 480 et
2383 421 2542 496 ligna
2598 422 2879 497 pomifera
2947 420 3320 496 germinaret,
3376 435 3442 478 ac
3506 418 3719 480 deinde

212 526 434 585 pernus
469 516 524 569 et
562 509 874 569 invisibilis
914 509 1162 580 Arbiter,
1206 509 1304 582 qui
1345 511 1415 568 ad
1465 525 1588 568 sua
1629 509 1923 582 dispensa-

2013 518 2264 584 segetum
2330 513 2551 571 fructus
2608 513 2851 572 afferret.
2917 511 3149 585 Separat
3197 511 3371 568 etiam
3433 526 3590 569 nunc
3644 510 3717 568 ab

211 600 395 658 tionis
448 599 773 669 arbitrium,
814 605 870 656 et
929 597 1062 654 hinc
1102 613 1310 656 manus
1364 599 1672 670 impiorum
1724 598 1930 656 savire
2012 599 2204 656 electis
2257 600 2376 657 suis
2426 603 2804 675 reproborum
2851 602 3111 660 turbines
3148 598 3621 672 persequentium
3665 605 3720 655 et

211 687 588 760 permitteret,
650 693 704 745 et
748 685 883 742 inde
920 699 1212 757 gemmam
1263 701 1428 742 suam
1473 685 1750 743 inviolata
1797 702 1926 758 pro-

212 776 359 849 pria
396 773 698 832 soliditatis
734 772 1058 845 integritate
1106 780 1374 830 servaret.
1417 771 1527 842 Qui
1570 781 1623 830 et
1673 773 1720 831 si
1771 789 1927 830 mar-

214 864 360 938 tyris
419 865 510 924 sui
579 864 840 922 membra
907 863 1247 920 carnificum
1324 863 1594 921 manibus
1672 863 1923 930 tradidit,

210 955 471 1014 animam
521 962 710 1012 tamen
773 952 1214 1026 inexpugnabili
1263 951 1397 1010 fidei
1441 969 1570 1010 arce
1612 953 1924 1012 subnixam

210 1043 504 1102 indefesso
560 1042 929 1117 protectionis
993 1058 1114 1100 sua
1185 1041 1513 1098 munimine
1589 1042 1920 1100 custodivit.

210 1134 333 1192 Nec
370 1133 441 1191 ad
487 1133 593 1191 hoc
639 1149 736 1191 eos
783 1131 1044 1205 permisit
1081 1132 1363 1204 attingere
1402 1130 1554 1204 quod
1610 1132 1834 1202 latebat,
1864 1132 1924 1189 id

212 1221 407 1279 solum
443 1221 527 1278 eis
573 1219 855 1294 objiciens
892 1219 1044 1294 quod
1088 1219 1451 1278 extrinsecus
1495 1222 1839 1294 apparebat;
1870 1229 1924 1278 et

209 1315 489 1387 tanquam
551 1326 719 1384 aqua
791 1309 1021 1383 diluvii,
1081 1325 1271 1367 arcam
1356 1311 1591 1385 quidem
1661 1311 1923 1387 undique

209 1403 643 1475 circumﬂuere,
688 1418 794 1461 nec
837 1409 1024 1460 tamen
1083 1408 1345 1476 poterant
1388 1404 1590 1463 intima
1622 1412 1921 1478 penetrare

208 1491 369 1560 (Gen.
400 1495 523 1561 VII).

283 1581 447 1641 Dicat
495 1582 692 1654 itaque
732 1581 934 1640 beatus
973 1581 1271 1655 Georgius,
1313 1583 1506 1642 dicat:
1552 1610 1578 1636 α
1622 1584 1746 1644 Nisi
1784 1589 1922 1662 quia

207 1670 494 1730 Dominus
545 1677 664 1729 erat
709 1670 770 1728 in
812 1671 1000 1742 nobis,
1051 1687 1186 1730 cum
1242 1673 1612 1747 insurgerent
1656 1676 1922 1736 homines

208 1761 270 1818 in
316 1775 447 1832 nos,
494 1760 732 1819 forsitan
790 1761 956 1819 vivos
991 1759 1370 1833 deglutissent
1408 1779 1512 1823 nos

209 1857 471 1911 sceretur
520 1851 681 1910 furor
727 1866 930 1911 eorum
972 1852 1280 1911 adversum
1314 1869 1438 1925 nos,
1485 1856 1718 1916 forsitan
1771 1864 1929 1924 velut

207 1954 361 2012 aqua
416 1938 804 1998 absorbuisset
866 1955 970 1997 nos
1029 1944 1199 2008 (Psal.
1245 1948 1476 2012 CXXIII).
1522 1970 1540 1994 ι»
1585 1947 1724 2005 Hac
1793 1960 1929 2010 sunt

209 2027 482 2085 videlicet
523 2043 716 2101 aqua,
757 2027 827 2085 de
869 2027 1081 2100 quibus
1122 2045 1220 2102 per
1260 2030 1621 2092 Psalmistam
1667 2035 1929 2099 Salvator

207 2120 330 2177 ait:
396 2142 420 2168 α
459 2118 703 2178 Salvum
739 2134 834 2176 me
877 2119 984 2190 fac,
1022 2119 1285 2190 Domine,
1339 2123 1618 2195 quoniam
1673 2127 1927 2188 intrave-

210 2209 350 2261 runt
377 2219 549 2277 aqua
586 2219 775 2277 usque
809 2204 880 2261 ad
926 2205 1179 2262 animam
1219 2221 1405 2264 meam
1445 2211 1609 2282 (Psal.
1643 2216 1749 2287 XI).
1785 2239 1811 2266 ι»
1857 2219 1928 2276 Ει

207 2305 310 2364 per
343 2289 592 2348 Jonam:
649 2313 675 2340 α
709 2290 1004 2366 Projecisti
1057 2307 1167 2361 me,
1203 2293 1415 2366 inquit,
1458 2298 1516 2352 in
1569 2301 1925 2371 profundum

207 2380 266 2436 in
312 2379 484 2436 corde
531 2381 726 2452 maris,
775 2386 832 2438 et
864 2380 1079 2438 ﬂumen
1125 2381 1506 2443 circumdedit
1536 2403 1669 2458 me;
1725 2406 1928 2452 omnes

209 2466 466 2540 gurgites
515 2467 619 2538 tui,
675 2475 729 2526 et
780 2469 990 2527 ﬂuctus
1043 2470 1130 2528 tui
1183 2487 1359 2544 super
1417 2489 1511 2532 me
1575 2481 1929 2540 transierunt

209 2559 352 2624 (Ion.
392 2561 480 2625 II).
519 2579 540 2607 ι
593 2557 702 2617 Sed
754 2558 844 2615 his
896 2559 1066 2632 aquis
1123 2565 1178 2616 et
1226 2561 1391 2630 mari,
1439 2563 1614 2635 juxta
1667 2567 1923 2642 Scriptu-

209 2659 331 2701 ram
391 2643 672 2704 Dominus
723 2647 1036 2705 terminum
1090 2646 1506 2722 circumposuit
1554 2657 1728 2722 (Psal.
1781 2662 1923 2728 CIII),

211 2733 352 2807 quia
386 2735 704 2792 secundum
745 2735 1186 2808 dispensationis
1223 2752 1348 2795 sua
1399 2754 1756 2813 mensuram,
1805 2761 1924 2803 non

210 2825 536 2884 secundum
598 2825 987 2898 perversitatis
1047 2825 1321 2884 humana
1375 2829 1922 2906 concupiscentiam,

2011 689 2171 762 quasi
2218 690 2475 747 furentes
2522 700 2738 749 coercet
2791 693 3039 764 impetus
3087 695 3506 763 tempestatum,
3548 703 3715 761 quos,

2009 786 2064 836 et
2091 780 2138 836 si
2170 780 2359 838 furere
2389 797 2573 856 usque
2599 783 2668 839 ad
2718 781 3033 860 in‘ﬂigenda
3064 782 3401 854 corporibus
3435 784 3716 836 tormenta

2009 869 2287 938 concedit,
2347 884 2419 926 ne
2484 878 2671 927 tamen
2739 871 2962 928 animas
3032 869 3263 937 ladant,
3329 868 3546 926 invicta
3617 883 3714 924 eos

2009 963 2178 1030 atque
2240 956 2507 1030 pervigili
2573 959 2794 1016 brachii
2863 959 2954 1016 sui
3037 957 3384 1031 protectione
3450 955 3716 1024 custodit,

2009 1043 2429 1118 quodammodo
2481 1044 2679 1102 dicens
2739 1046 2882 1104 mari
2929 1066 2940 1103 :
2991 1045 3118 1109 Huc
3175 1059 3358 1116 usque
3398 1045 3615 1109 venies,
3659 1047 3716 1097 et

2009 1148 2127 1190 non
2186 1133 2451 1203 [rocedes
2489 1135 2762 1208 amplius,
2801 1143 2856 1193 et
2910 1135 3006 1192 hic
3053 1134 3380 1205 confringes
3428 1137 3715 1189 tumentes

2006 1222 2216 1280 ﬂuctus
2247 1230 2392 1293 tuos,
2423 1239 2488 1280 ac
2527 1225 2576 1280 si
2608 1233 2862 1296 patenter
2893 1226 3060 1294 dicat,
3102 1241 3285 1299 usque
3316 1223 3384 1280 ad
3417 1219 3718 1279 inferenda

2007 1313 2341 1384 corporibus
2371 1319 2423 1370 te
2466 1321 2748 1370 tormenta
2798 1315 2996 1372 relaxo
3019 1337 3032 1383 ;
3065 1330 3136 1371 ne
3174 1318 3367 1372 autem
3417 1324 3602 1382 usque
3643 1309 3715 1364 ad

2007 1401 2262 1459 animam
2287 1401 2536 1460 cumulis
2566 1402 3086 1459 intumescentibus
3111 1402 3381 1475 proﬂuas,
3408 1399 3552 1473 legis
3575 1413 3716 1455 mea

2006 1489 2109 1547 tibi
2158 1490 2319 1548 littus
2357 1505 2602 1564 oppono,
2648 1498 2713 1548 ut
2751 1491 2889 1548 dum
2934 1491 3118 1548 furori
3159 1492 3447 1548 ﬂuctuum
3478 1497 3713 1546 tuorum

2005 1580 2168 1638 littus
2210 1580 2498 1655 objicitur,
2540 1587 2690 1638 terra
2727 1580 2915 1638 cordis
2953 1581 3024 1638 ad
3071 1580 3412 1654 proferenda
3457 1577 3714 1635 fructum

2005 1671 2266 1745 germina
2295 1672 2471 1730 libera
2505 1671 2887 1746 relinquatur.

1566 1786 1578 1823 :
1627 1781 1760 1824 cum
1805 1767 1990 1844 ira-B
2079 1764 2148 1821 Et
2206 1764 2345 1838 quia
2407 1763 2708 1836 Georgius,
2765 1768 2830 1821 ut
2880 1762 3146 1835 superius
3207 1759 3488 1828 diximus,
3545 1762 3711 1814 terra

2009 1851 2194 1911 cultor
2241 1851 2606 1925 exprimitur,
2650 1859 2800 1909 recte
2838 1852 2947 1909 hoc
2979 1849 3300 1922 allegorica
3337 1847 3540 1918 figura
3584 1859 3716 1916 my-

2008 1939 2246 1997 sterium
2303 1938 2492 1996 eidem
2549 1937 2881 1996 beatissimo
2932 1935 3173 2008 martyri
3231 1939 3545 2006 coaptatur.
3605 1929 3715 1988 Cui

2009 2027 2243 2100 scilicet,
2283 2035 2337 2085 et
2390 2028 2438 2085 si
2485 2043 2671 2101 usque
2723 2027 2793 2084 ad
2851 2026 3009 2085 littus
3057 2025 3246 2083 carnis
3297 2020 3714 2097 persecutionis

2007 2116 2218 2173 ﬂuctus
2275 2115 2562 2186 efferbuit,
2618 2115 3029 2172 solidissimam
3079 2119 3272 2170 tamen
3325 2109 3539 2168 anima
3589 2112 3716 2182 ejus

2012 2210 2216 2262 terram
2271 2205 2521 2278 procella
2568 2205 2935 2278 tempestuosi
2975 2204 3227 2263 turbinis
3267 2219 3384 2260 non
3435 2199 3713 2268 involvit;

2008 2309 2113 2351 nec
2160 2309 2296 2352 eum
2344 2309 2552 2366 vorago
2598 2294 2784 2367 pelagi
2836 2294 3076 2351 furentis
3105 2291 3402 2350 absorbuit
3440 2289 3543 2362 qui
3595 2289 3718 2361 spei

2008 2399 2131 2442 sua
2159 2383 2474 2442 anchoram
2509 2399 2623 2440 non
2661 2381 2720 2440 in
2759 2385 2944 2456 putris
2983 2399 3172 2441 arena
3211 2378 3525 2439 subsicivio
3566 2378 3716 2450 [suc-

2007 2471 2221 2541 ciduo],
2281 2468 2379 2526 sed
2435 2469 2494 2525 in
2555 2469 2841 2527 soliditate
2896 2478 3072 2544 petra
3127 2484 3260 2543 qua
3315 2466 3581 2524 Christus
3635 2471 3720 2522 est

2007 2561 2055 2631 (I
2107 2559 2223 2615 Cor.
2280 2557 2365 2628 X),
2419 2556 2566 2614 ﬁxit.
2622 2557 2774 2614 Hinc
2829 2565 2912 2614 est
2963 2558 3231 2630 profecto,
3286 2553 3442 2628 quod
3493 2551 3715 2609 Veritas

2007 2646 2126 2704 ait:
2173 2669 2196 2694 «ι
2228 2645 2337 2714 Qui
2385 2645 2550 2703 audit
2603 2646 2779 2704 verba
2833 2661 2958 2703 mea
3018 2652 3072 2702 et
3123 2645 3255 2702 facit
3307 2659 3393 2714 ea,
3452 2640 3718 2716 similabo

2007 2751 2142 2793 eum
2171 2735 2296 2792 viro
2334 2735 2622 2808 prudenti,
2653 2737 2753 2807 qui
2785 2735 3092 2793 aditicavit
3121 2733 3357 2790 domum
3398 2744 3567 2788 suam
3613 2745 3713 2787 su-

2005 2841 2109 2900 pra
2163 2831 2403 2898 petram.
2445 2824 2743 2883 Venerunt
2795 2825 3050 2894 ﬂamina,
3106 2823 3394 2880 ﬂaverunt
3444 2819 3604 2878 venti
3663 2825 3718 2875 et

212 2913 485 2987 reprobos
510 2912 568 2970 in
603 2912 810 2971 electos
836 2929 972 2972 suos
1002 2913 1210 2972 savire
1238 2915 1538 2988 permittit.
2005 2915 2372 2988 impegerth
2409 2913 2468 2970 in
2505 2913 2739 2971 domum
2793 2912 2978 2982 illam,
3026 2918 3081 2969 et
3125 2926 3245 2980 non
3292 2907 3525 2978 cecidit;
3577 2906 3714 2964 fun-

283 3008 435 3067 Hinc
475 3015 559 3068 est
601 3008 758 3068 enim
801 3008 955 3083 quod
1001 3007 1064 3066 in
1107 3009 1317 3067 mundi
1360 3013 1646 3072 nascentis
1683 3013 1924 3072 exordio
2005 3004 2134 3062 data
2167 3003 2320 3062 erlim
2361 3008 2482 3060 erat
2509 3017 2681 3075 supra
2719 3009 2937 3090 βεηαλφ
2977 3002 3204 3090 (Matth.
3245 3010 3350 3068 VII.
3381 2999 3513 3053 Luc-
3546 2998 3653 3090 Vi):
3685 3014 3712 3090 )3

215 3112 374 3155 mare
415 3097 571 3156 Deus
609 3081 910 3156 divisit—ab
943 3097 1103 3155 arida
1149 3099 1306 3169 (Gen.
1338 3098 1393 3171 1).
1439 3097 1589 3168 Quid
1633 3101 1789 3160 enim
1824 3117 1925 3175 per
1946 3092 2154 3175 nVere
2202 3091 2453 3165 insignis
2497 3091 2591 3147 hic
2639 3090 2807 3147 miles
2855 3087 3067 3146 Christi
3106 3102 3277 3160 supra
3318 3091 3534 3158 petram
3559 3081 3714 3175 _ﬁdei

214 3185 557 3260 mysterium
591 3202 770 3255 mare,
802 3185 918 3250 nisi
957 3185 1226 3259 reprobos
1258 3187 1544 3260 homines,
1571 3195 1628 3247 et
1659 3171 1924 3249 infideles
1946 3171 1991 3200 υ
2014 3201 2135 3243 sua
2193 3184 2567 3242 fundamenta
2625 3180 2940 3252 constituit,
2999 3179 3104 3253 qui
3166 3176 3394 3253 pramii
3467 3171 3716 3231 caelestis

211 3275 490 3347 insinuat,
521 3276 625 3350 qui
660 3276 946 3334 nimirum
969 3274 1218 3350 quadam
1255 3275 1504 3336 carnalis
1551 3277 1774 3352 ingenii
1810 3279 1922 3336 sai-
2012 3272 2227 3331 intuitu
2285 3272 2475 3329 minas
2533 3270 2863 3344 principum
2913 3270 3145 3341 sprevit,
3203 3267 3353 3323 male
3405 3261 3713 3321 blandien-

211 3365 421 3437 sugine
467 3364 682 3436 callidi,
714 3365 813 3422 sed
867 3363 1018 3423 odiis
1060 3379 1127 3422 ac
1183 3362 1231 3422 si
1278 3363 1623 3423 multatibus
1670 3365 1924 3424 invicem
2011 3364 2154 3422 tium
2244 3361 2657 3436 promissiones
2731 3358 2932 3429 irrisit,
3011 3356 3351 3414 carnificum
3433 3359 3715 3411 tormenta

215 3452 597 3513 inveniuntur
645 3467 870 3526 semper
915 3453 1119 3523 amari,
1165 3458 1220 3511 et
1265 3454 1423 3512 velut
1465 3469 1621 3512 mare
1678 3455 1924 3512 diversis
2010 3451 2370 3525 contempsit,
2416 3452 2656 3520 ferrum,
2695 3449 2878 3520 ignes,
2923 3445 3145 3519 gladios
3185 3459 3251 3502 ac
3295 3443 3526 3500 diversa
3575 3456 3715 3513 sup-

217 3542 600 3602 tentationum
656 3541 889 3600 ﬂatibus
945 3542 1369 3613 intumescunt,
1425 3542 1923 3616 cupiditatumque
2009 3541 2318 3616 pliciorum
2409 3553 2619 3612 genera
2709 3535 2940 3594 invicta
3028 3531 3318 3607 patientia
3424 3528 3718 3601 majestate

216 3629 534 3688 carnalium
598 3627 863 3702 procellis
919 3644 986 3686 ac
1045 3630 1480 3703 tempestatibus
1534 3628 1923 3703 quatiuntur?
2006 3630 2265 3690 calcavit.

213 3719 358 3791 Quid
401 3735 537 3778 vero
564 3719 744 3792 arida,
784 3720 899 3779 nisi
936 3719 1192 3778 animam
1222 3719 1484 3793 designat
1532 3719 1747 3778 fontem
1787 3719 1922 3778 ﬁdei
2080 3721 2253 3780 Hunc
2288 3717 2534 3778 calestis
2572 3714 2793 3773 militia
2845 3713 3200 3781 bellatorem,
3239 3711 3442 3768 fratres
3492 3705 3714 3766 charis-

213 3809 526 3878 sitientem,
556 3809 648 3868 vel
694 3809 764 3868 ad
811 3815 1127 3868 creatorem
1165 3825 1340 3868 suum
1379 3811 1603 3869 ardenti
1640 3810 1923 3869 desiderio
2010 3807 2167 3878 simi,
2196 3821 2314 3864 non
2353 3808 2574 3861 tantum
2607 3800 2986 3894 admiremur,
3033 3798 3130 3894 sed
3170 3797 3342 3894 etiam
3371 3795 3710 3894 imitemur;

214 3895 310 3954 62
350 3907 624 3973 tanquam
653 3899 964 3958 sitibundis
1002 3899 1270 3960 faucibus
1298 3901 1668 3960 anhelantem
1697 3900 1725 3958 ἵ)
1759 3900 1924 3958 Unde
2009 3899 2070 3956 in
2096 3896 2242 3955 illud
2271 3893 2515 3952 caelestis
2551 3891 2750 3966 gloria
2778 3889 3085 3964 pramium
3109 3889 3228 3960 jam
3261 3885 3497 3959 spiritus
3523 3885 3713 3957 eriga—

216 3993 273 4046 et
309 3989 576 4062 quadam
620 3990 818 4048 anima
855 3990 960 4050 hac
1009 3991 1101 4050 siti
1155 3991 1396 4050 feliciter
1445 3993 1626 4063 arida,
1668 3998 1924 4051 astuans
2010 3993 2126 4058 tur,
2154 3991 2219 4044 ut
2243 3984 2385 4041 dum
2411 3983 2473 4039 in
2503 3981 2630 4053 ejus
2657 3977 3140 4052 contemplatione
3174 3991 3273 4034 cor
3301 3975 3551 4063 ﬁgimus,
3595 3988 3712 4030 non

219 4073 533 4133 clamavit:
601 4099 620 4128 ι
658 4075 855 4136 Sitivit
907 4078 1103 4137 anima
1157 4094 1284 4137 mea
1329 4079 1401 4137 ad
1455 4062 1638 4138 Deum
1695 4078 1920 4152 vivum,
2010 4087 2370 4140 moveamur,
2400 4078 2598 4128 utrum
2645 4066 2904 4125 mundus
2944 4065 3296 4124 lenocinator
3336 4062 3603 4131 arrideat,
3635 4076 3704 4118 an

215 4165 449 4240 quando
488 4167 715 4224 veniam
757 4173 813 4224 et
839 4169 1122 4242 apparebo
1167 4176 1301 4228 ante
1332 4169 1536 4228 faciem
1568 4168 1721 4228 Dei?
1749 4173 1920 4237 (Psal.

216 4259 418 4324 XXXI.)
463 4278 489 4306 ιο
552 4256 640 4312 Ab
688 4255 848 4315 arida
899 4273 1036 4332 ergo
1117 4273 1273 4316 mare
1327 4258 1626 4328 dividitur,
1691 4260 1924 4333 quando

213 4344 368 4404 Deus
412 4345 777 4418 omnipotens
823 4362 857 4404 a
904 4362 965 4404 se
1015 4347 1333 4406 sitientium
1393 4349 1768 4423 reproborum
1811 4350 1922 4407 im-

213 4441 381 4508 petus
423 4435 706 4508 reprimit,
741 4443 798 4494 et
831 4442 1110 4511 tanquam
1157 4437 1320 4495 littus
1364 4437 1608 4496 marinis
1651 4437 1924 4496 ﬂuctibus

2009 4170 2159 4222 certe
2210 4162 2411 4220 minax
2479 4155 2924 4216 adversitatibus
2976 4155 3201 4225 fremat,
3259 4152 3511 4210 dicentes
3578 4166 3715 4209 cum

2013 4255 2306 4314 Psalmista
2352 4272 2364 4310 :
2405 4276 2430 4300 ‹‹
2474 4251 2634 4310 Sicut
2671 4243 2765 4302 63
2807 4249 3058 4308 tenebra
3103 4248 3248 4322 ejus,
3288 4247 3367 4304 ita
3408 4251 3464 4303 et
3511 4244 3711 4302 lumen

2011 4344 2135 4416 ejus
2167 4347 2331 4414 (Ῑλειιλί.
2361 4346 2680 4412 CXXXVIII).
2717 4363 2743 4387 »
2787 4337 3135 4396 Mundemus
3168 4335 3362 4406 itaque
3399 4347 3524 4402 nos,
3550 4331 3719 4405 juxta

2014 4431 2182 4490 Pauli
2219 4437 2590 4503 praceptum,
2623 4428 2696 4485 ab
2732 4427 2893 4484 omni
2930 4425 3397 4498 iniquinamento
3431 4419 3619 4477 carnis
3661 4423 3716 4474 et

210 4493 428 4595 objicit,
460 4493 600 4582 (lum
635 4493 1349 4584 conatibusji'ervescentis
1951 4493 1994 4550 Π
2011 4493 2246 4594 spiritus
2285 4522 2362 4586 (II
2397 4493 2513 4576 Cor.
2565 4493 2692 4586 vII),
2733 4521 2798 4572 ut
2843 4515 2905 4572 in
2946 4493 3094 4571 illud
3149 4507 3521 4569 beatitudinis
3569 4512 3717 4595 tem-

210 4611 531 4669 deraminis
576 4611 824 4670 limitem
864 4613 1005 4686 ﬁgit.
1046 4613 1208 4683 Quod
1247 4615 1499 4688 profecto
1536 4614 1639 4672 illa
1674 4613 1776 4671 Dei
1807 4628 1925 4672 vox

210 4697 432 4772 probat,
497 4713 611 4772 qua
665 4699 815 4756 dixit
865 4719 877 4757 :
946 4699 1142 4770 «Quis
1192 4700 1475 4759 conclusit
1527 4699 1688 4759 ostiis
1745 4715 1923 4770 mare,

208 4786 444 4861 quando
481 4787 838 4860 erumpebat,
871 4788 1036 4863 quasi
1073 4791 1144 4847 de
1175 4790 1352 4848 vulva
1397 4790 1709 4864 procedens
1735 4791 1761 4844 ?
1807 4792 1926 4858 (Job

209 4881 502 4945 XXXVIII.)
535 4877 605 4934 Et
629 4877 804 4951 paulo
833 4884 994 4951 post:
1032 4901 1058 4932 α
1084 4879 1452 4938 Circumdedi
1483 4881 1628 4939 illud
1662 4880 1927 4939 terminis

213 4964 378 5035 meis,
407 4971 463 5022 et
504 4965 669 5039 posui
710 4973 948 5037 vectem,
991 4974 1046 5025 et
1073 4969 1239 5040 ostia,
1269 4976 1323 5027 et
1356 4969 1523 5027 dixi:
1581 4970 1771 5044 Usque
1813 4970 1927 5028 huc

209 5053 430 5123 venies,
473 5060 529 5111 et
566 5069 684 5112 non
727 5057 997 5128 procedes
1034 5056 1310 5130 amplius,
1351 5065 1405 5115 et
1457 5059 1550 5116 hic
1597 5059 1927 5131 confringes

210 5149 503 5202 tumentes
545 5145 755 5205 ﬂuctus
794 5153 922 5205 tuos
962 5148 1158 5219 (Ibid).
1193 5169 1217 5196 ν
1265 5147 1576 5206 Enimvero
1628 5155 1777 5207 recte
1828 5164 1928 5221 per

211 5248 374 5292 mare
409 5248 507 5292 cor
545 5234 705 5307 pravi
749 5235 1004 5293 hominis
1050 5233 1402 5309 designatur,
1448 5237 1602 5311 quod
1661 5236 1929 5294 videlicet

215 5321 410 5378 furore
455 5327 542 5378 est
581 5323 904 5396 turbidum,
934 5323 1080 5382 rixis
1115 5339 1401 5394 amarum,
1433 5324 1680 5384 elatione
1725 5340 1928 5398 super-

214 5410 329 5469 bia
364 5411 676 5485 tumidum,
716 5413 962 5488 caligine
991 5413 1298 5472 malitiosa
1337 5414 1556 5472 fraudis
1594 5415 1925 5474 obscurum.

215 5497 519 5572 Separavit
567 5515 703 5574 ergo
745 5507 882 5560 tunc
917 5501 1074 5561 Deus
1115 5518 1270 5560 mare
1323 5508 1379 5560 et
1423 5502 1676 5561 minaces
1721 5503 1931 5561 ﬂuctus

211 5586 286 5646 ab
331 5585 710 5648 inundatione
747 5594 914 5648 terra
951 5591 1320 5666 compescuit,
1361 5596 1426 5649 ut
1474 5596 1622 5650 terra
1675 5590 1930 5648 virentes

2009 4593 2196 4681 plum,
2231 4607 2325 4664 cui
2362 4621 2518 4663 nunc
2555 4604 2736 4661 aciem
2768 4601 2980 4659 mentis
3031 4599 3410 4665 intendimus,
3442 4593 3712 4668 quando—

2010 4713 2124 4772 que
2159 4695 2331 4753 etiam
2371 4691 2598 4765 ingredi
2630 4704 2970 4748 mereamur.
3007 4686 3160 4744 Hinc
3207 4692 3290 4742 est
3334 4683 3490 4755 quod
3521 4683 3714 4772 Aaron

2011 4769 2172 4860 prius
2208 4800 2357 4856 aqua
2385 4783 2632 4852 lavatur,
2659 4787 2715 4837 et
2755 4780 2835 4837 sic
2869 4777 3235 4853 postmodum
3280 4769 3713 4860 tabernaculum

2013 4859 2438 4932 sacrificaturus
2466 4870 2792 4945 ingreditur
2825 4869 3022 4937 (Exod.
3058 4869 3236 4935 XXX).
3282 4863 3360 4920 De
3392 4876 3508 4936 quo
3538 4859 3710 4917 nimi-

2013 4978 2144 5022 rum
2176 4964 2320 5020 bene
2349 4961 2420 5019 ad
2454 4959 2689 5034 Moysen
2719 4957 2918 5015 divina
2948 4971 3083 5013 voce
3115 4951 3451 5028 pracipitur
3482 4967 3494 5006 :
3536 4970 3555 4997 α
3593 4946 3712 5004 Tu-

2013 5053 2161 5122 nica,
2211 5051 2425 5126 inquit,
2479 5047 2774 5114 vestietur,
2825 5042 3199 5102 feminalibus
3247 5038 3420 5098 lineis
3468 5034 3715 5096 verenda

2014 5142 2240 5210 celabit,
2298 5141 2625 5214 accingetur
2667 5152 2808 5195 zona
2855 5134 3028 5200 linea,
3068 5132 3312 5190 cidarim
3351 5130 3564 5188 lineam
3605 5126 3717 5183 im-

2016 5238 2187 5306 ponet
2215 5230 2404 5304 capiti.
2437 5229 2575 5287 Hac
2603 5227 2759 5284 enim
2802 5224 3141 5280 vestimenta
3168 5226 3309 5279 sunt
3329 5214 3718 5306 sanctatqui-

2015 5303 2258 5379 buscum
2335 5319 2486 5377 lotus
2536 5320 2741 5387 fuerat,
2789 5314 3064 5372 induetur
3100 5315 3240 5384 (Lev.
3295 5307 3436 5378 XVI).
3473 5330 3490 5354 ι
3547 5303 3720 5374 Quis-

2017 5409 2148 5484 quis
2173 5407 2328 5465 enim
2361 5405 2416 5462 in
2454 5401 2821 5462 tabernaculo
2862 5397 3094 5468 Christi,
3128 5396 3282 5471 quod
3323 5399 3408 5452 est
3447 5391 3719 5460 Ecclesia,

2016 5495 2388 5569 semetipsum
2435 5490 2550 5548 Deo
2599 5490 2916 5549 sacriﬁcare
2970 5485 3284 5553 contendit,
3337 5497 3568 5541 necesse
3618 5490 3722 5552 est,

2018 5594 2081 5646 ut
2128 5592 2431 5660 postquam
2476 5579 2701 5640 lavacro
2748 5578 2892 5638 sacri
2940 5578 3113 5636 fontis
3168 5574 3446 5646 abluitur,
3478 5570 3721 5632 diversis
