4184 6456
497 297 599 357 571

1110 298 1168 357 s.
1210 299 1433 360 PETRI
1470 298 1793 359 DAMIANI
1829 298 1986 359 ore.
2031 287 2223 360 PARS
2264 297 2405 359 SEU
2442 295 2696 357 TOMUS
2734 297 2808 358 II.
2854 328 2922 344 -
2960 295 3373 358 SERMONES.

3887 297 4002 357 572

495 425 669 483 etiam
722 425 1000 484 virtutum
1054 425 1313 486 vestibus
1364 427 1658 498 induatur,
1719 427 1866 486 sicut
1910 423 2539 501 scriptumAredemit,
2575 423 2743 483 Jesus
2791 423 3052 483 Christus
3103 422 3386 483 Dominus
3440 425 3650 495 noster,
3699 423 3802 496 qui
3855 423 3998 481 cum

497 520 582 570 est
638 532 651 570 ε
709 535 734 563 α
785 512 1108 571 Sacerdotes
1161 514 1247 571 tui
1317 516 1638 574 induantur
1686 514 1971 588 justitiam
2019 519 2195 584 (Psal.

498 607 740 671 CXXXI),
771 623 798 654 »
855 610 1135 676 quatenus
1182 603 1284 675 qui
1335 604 1394 661 in
1437 604 1660 662 Christo
1695 620 1795 676 per
1845 604 2197 678 baptismum

500 705 687 748 novus
720 691 895 748 homo
935 691 1273 760 renascitur,
1320 708 1437 750 non
1471 694 1592 766 jam
1632 691 1903 764 pelliceas
1952 693 2195 763 tunicas,

501 779 864 836 mortalitatis
915 779 1178 836 videlicet
1233 780 1452 838 indices
1503 782 1726 848 vestiat,
1783 782 1884 838 sed
1943 783 2198 854 deposito

497 868 675 924 veteri
715 867 946 925 homine
984 883 1200 925 novum
1242 868 1466 939 induat,
1503 877 1557 926 et
1595 870 1655 927 in
1701 887 1766 928 eo
1814 885 1916 944 per
1961 871 2198 928 munda

495 955 945 1014 conversationis
991 956 1249 1014 studium
1291 957 1604 1015 innovatus
1657 958 1833 1015 vivat.
1878 957 1950 1016 Et
1988 965 2194 1015 notan-

494 1043 638 1103 dum
684 1047 837 1119 quod
871 1061 1070 1103 omnes
1116 1045 1234 1103 illa
1295 1054 1479 1104 vestes
1539 1047 1711 1103 linea
1766 1046 2194 1114 discribuntur;

494 1134 685 1193 linum
743 1134 953 1209 quippe
1007 1135 1078 1192 ad
1135 1135 1440 1191 candorem
1498 1150 1629 1192 cum
1689 1135 1878 1192 labore
1931 1136 2190 1208 perduci-

499 1229 612 1291 tur,
659 1226 715 1278 et
767 1222 1050 1281 virtutum
1103 1224 1218 1280 vita
1266 1239 1381 1281 non
1439 1223 1760 1297 acquiritur
1815 1222 1922 1280 sub
1977 1231 2198 1296 torpore

493 1312 747 1384 desidia,
806 1314 902 1371 sed
955 1313 1018 1371 in
1073 1313 1372 1372 laboriosa
1433 1313 1622 1386 potius
1693 1312 1970 1370 exercitio
2024 1312 2195 1371 disci-

491 1401 686 1476 plina.

564 1490 859 1548 Purilicati
891 1490 1088 1564 igitur,
1117 1489 1498 1561 dilectissimi,
1531 1505 1632 1564 per
1661 1491 1799 1549 novi
1838 1490 2197 1564 baptismatis

492 1586 937 1649 sacramentum,
991 1580 1303 1638 induamur
1351 1597 1455 1638 nos
1506 1581 1662 1637 linea
1711 1580 1924 1649 tunica,
1959 1586 2017 1637 ut
2068 1594 2197 1637 can-

494 1668 600 1726 dor
661 1683 767 1725 nos
816 1675 1028 1726 sancta
1069 1668 1520 1726 conversationis
1563 1675 1822 1726 exornet.
1879 1667 2194 1724 Feminali-

491 1757 603 1814 bus
629 1757 880 1816 verenda
907 1766 1191 1830 tegantur,
1225 1765 1288 1816 ut
1315 1758 1454 1816 dum
1495 1760 1752 1816 honesta
1793 1758 1929 1814 vita
1967 1763 2196 1829 tegmen
2221 1785 2267 1845 B

2279 515 2396 573 Deo
2436 515 2599 572 Patre
2631 518 2686 570 et
2729 511 2949 586 Spiritu
2975 519 3169 571 sancto
3197 513 3345 572 vivit
3373 515 3429 570 et
3459 515 3659 586 regnat
3692 511 3756 570 in
3779 512 4000 571 sacula

2280 601 2653 662 saculorum.
2681 601 2892 660 Amen.

2922 687 3169 748 SERMO
3199 687 3356 750 XIV.

2504 794 2544 839 Ῑ.
2569 794 2643 840 DE
2670 794 2716 838 S.
2750 791 2950 839 MARCO
2977 789 3400 838 EVANGELISTA.
3432 781 3587 848 (XXV
3613 782 3772 847 APR.)

2347 872 2549 940 Hodie,
2591 869 2974 940 dilectissimi,
3025 868 3185 927 velut
3223 868 3504 942 pretiosus
3543 873 3715 940 atque
3756 867 3998 942 conspi-

2278 978 2422 1021 cuus
2474 976 2664 1018 coram
2720 959 2905 1017 oculis
2957 959 3170 1015 nostris
3222 972 3365 1015 auro
3435 956 3681 1014 radianti
3735 956 4000 1029 beryllus

2277 1049 2652 1124 imprimitur,
2722 1048 2864 1105 dum
2941 1047 3309 1106 illucescente
3397 1045 3548 1103 beati
3623 1044 3999 1114 evangelista

2279 1138 2455 1198 Marci
2490 1136 2870 1204 solemnitate,
2911 1135 3176 1208 paschale
3213 1133 3384 1192 nobis
3416 1132 3699 1205 gaudium
3725 1131 3997 1205 gemina-

2279 1235 2391 1287 tur.
2445 1227 2515 1284 Et
2570 1235 2698 1299 apte
2751 1226 2923 1294 satis,
2978 1224 3120 1282 dum
3167 1231 3360 1281 sancta
3413 1221 3663 1279 Ecclesia
3715 1220 3780 1276 in
3834 1220 4004 1276 festis

2277 1317 2468 1374 adhuc
2517 1313 2885 1389 paschalibus
2937 1319 3280 1386 perseverat,
3315 1312 3517 1370 beatus
3549 1310 3644 1369 hic
3690 1308 3783 1366 vir
3809 1307 4000 1366 felici-

2278 1411 2363 1462 ter
2417 1404 2690 1461 transiit:
2753 1403 2892 1476 quia
2941 1417 3041 1474 per
3094 1399 3358 1475 martyrii
3405 1399 3657 1473 palmam
3713 1395 4000 1456 saculum

2278 1494 2386 1561 hoc
2437 1494 2596 1551 triste
2652 1492 2924 1562 deseruit,
2982 1496 3037 1548 et
3091 1488 3466 1563 triumphalis
3525 1487 3729 1561 gloria
3799 1485 4004 1544 titulos

2277 1580 2629 1655 hymnidicis
2665 1563 3007 1652 angelorum
3047 1577 3236 1636 choris
3273 1577 3457 1636 victor
3493 1576 3790 1634 laureatus
3838 1572 4004 1631 inve-

2278 1669 2383 1727 xit.
2418 1669 2592 1727 Porro
2619 1673 2814 1727 autem
2844 1668 2993 1726 sicut
3019 1674 3268 1742 quatuor
3292 1665 3538 1725 ﬂumina
3579 1679 3653 1721 ex
3683 1677 3810 1722 uno
3842 1665 4006 1737 para:

2283 1757 2395 1814 disi
2449 1757 2602 1815 fonte
2652 1755 2988 1830 procedunt,
3053 1770 3185 1828 qua
3242 1755 3434 1812 totius
3475 1751 3684 1810 mundi
3735 1749 4000 1824 partibus

489 1844 828 1915 assumitur,
858 1848 1280 1919 praeteritorum
1324 1847 1638 1904 criminum
1677 1853 1808 1905 ante
1854 1847 1955 1905 Dei
2003 1838 2556 1914 oculos-inﬂuunt,
2599 1845 2678 1903 ita
2719 1845 2869 1904 beati
2918 1849 3170 1919 quatuor
3215 1841 3593 1926 evangelista
3630 1840 3703 1898 de
3745 1838 3996 1906 Christo,

491 1933 785 2006 turpitudo
810 1934 1048 1992 celetur.
1083 1935 1245 1992 Unde
1273 1934 1459 1997 David
1489 1955 1501 1993 :
1543 1958 1568 1986 α
1596 1935 1778 2004 Beati,
1811 1935 2022 2007 inquit,
2051 1949 2199 2009 quo-

487 2035 619 2079 rum
655 2021 914 2082 remissa
942 2032 1076 2081 sunt
1114 2024 1470 2099 iniquitates,
1503 2031 1558 2083 et
1596 2041 1846 2100 quorum
1884 2031 2024 2083 tecta
2063 2033 2201 2083 sunt

1356 2115 1510 2172 Zona
1561 2115 1803 2188 insuper
1857 2115 2008 2171 linea
2058 2130 2198 2173 con-

486 2199 866 2272 stringamur,
925 2203 1097 2275 capiti
1148 2218 1380 2276 quoque
1446 2202 1654 2260 cidaris
1720 2204 2076 2276 imponatur,
2135 2209 2198 2261 ut

483 2288 785 2359 pracincti
849 2289 911 2347 in
967 2289 1206 2347 veritate
1261 2289 1488 2348 lumbos
1561 2290 1790 2361 mentis,
1829 2300 2196 2365 protegamur

487 2119 714 2182 peccata
783 2117 946 2185 (Psal.
1008 2115 1206 2186 XXXI).
1267 2140 1290 2166 ιι

485 2375 648 2446 galea
695 2392 796 2449 spe
835 2378 1057 2436 salutis.
1093 2377 1205 2448 Sic,
1251 2377 1333 2436 sic
1369 2378 1651 2436 nimirum
1703 2387 1756 2437 et
1807 2381 2014 2438 veteris
2062 2397 2194 2454 pec-

485 2464 595 2520 cati
626 2463 892 2535 squalore
932 2465 1179 2537 purgati,
1214 2472 1268 2522 et
1309 2481 1472 2524 nova
1515 2468 1968 2526 conversationis
2011 2469 2194 2525 nitore

483 2551 800 2625 conspicui,
831 2551 1006 2626 digne
1043 2553 1402 2611 celebramus
1440 2554 1704 2626 paschale
1737 2557 2096 2628 mysterium,
2139 2561 2194 2612 et

482 2641 784 2704 beatorum
825 2652 1142 2719 martyrum
1187 2645 1464 2703 veraciter
1501 2645 1801 2704 imitamur
1828 2647 2187 2719 exemplum.

486 2731 602 2789 Nec
651 2732 986 2806 desperetis,
1031 2735 1232 2792 fratres
1275 2734 1409 2803 mei,
1440 2734 1567 2792 licet
1612 2734 1802 2792 adhuc
1846 2733 2086 2802 infirmi,
2120 2733 2192 2790 li-

483 2828 569 2878 cet
627 2823 1015 2882 exterioribus
1071 2823 1321 2881 fortassis
1371 2823 1561 2880 adhnc
1616 2823 1838 2881 actibus
1871 2814 2188 2896 implicati,

485 2925 600 2968 non
643 2911 956 2986 desperetis
1001 2912 1073 2970 ad
1121 2919 1442 2984 martyrum
1489 2928 1589 2970 vos
1628 2911 1980 2970 consortium
2013 2912 2189 2983 perti-

2282 1935 2386 2007 qui
2423 1935 2552 1991 fons
2589 1934 2745 2004 vita,
2773 1941 2829 1992 et
2864 1934 3024 2006 origo
3072 1939 3157 1990 est
3202 1931 3522 2005 sapientia,
3561 1928 3729 2003 quasi
3758 1927 3995 1985 totidem

2281 2023 2537 2097 gurgites
2572 2024 2886 2095 proﬂuunt,
2930 2029 2985 2080 et
3027 2021 3246 2080 arentia
3291 2019 3686 2078 humanorum
3735 2016 4001 2075 cordium

2281 2125 2420 2168 arva
2457 2110 2732 2168 doctrina
2771 2125 2894 2168 sua
2931 2109 3164 2168 ﬂuentis
3202 2105 3543 2165 infundunt.
3575 2104 3741 2164 Unde
3772 2104 3864 2162 vir
3894 2101 3998 2161 Sa-

2281 2198 2446 2271 piens
2489 2213 2622 2255 cum
2665 2194 3080 2268 pramisisset:
3139 2215 3168 2248 «
3204 2193 3405 2252 Posuit
3431 2193 3617 2250 David
3648 2207 3827 2266 puero
3887 2204 3996 2248 suo

2280 2285 2531 2343 excitare
2567 2299 2763 2357 regem
2805 2299 2878 2340 ex
2926 2283 3051 2356 ipso
3103 2281 3512 2352 fortissimum,
3566 2286 3621 2338 et
3673 2280 3736 2337 in
3786 2278 3995 2336 throno

2283 2373 2519 2431 honoris
2573 2374 2864 2431 sedentem
2910 2372 2973 2429 in
3014 2372 3455 2445 sempiternum,
3515 2389 3543 2423 »
3598 2373 3807 2442 prasto
3853 2367 3992 2425 sub-

2277 2461 2478 2536 junxit
2527 2485 2540 2520 :
2591 2486 2618 2510 «
2648 2459 2758 2530 Qui
2798 2459 3002 2532 implet
3047 2460 3216 2534 quasi
3268 2459 3482 2517 Phison
3529 2457 3894 2531 sapientiam,
3940 2460 3999 2513 et

2284 2551 2431 2607 sicut
2457 2549 2648 2623 Tigris
2689 2550 2748 2606 iu
2784 2548 2990 2606 diebus
3029 2561 3340 2616 novorum,
3373 2545 3478 2620 qui
3525 2544 3800 2617 adimplet
3826 2542 3996 2618 quasi

2283 2639 2604 2712 Euphrates
2651 2653 2912 2709 sensum,
2953 2638 3054 2712 qui
3110 2635 3454 2708 multiplicat
3504 2634 3669 2710 quasi
3729 2633 3997 2692 Jordanis

2279 2726 2340 2783 in
2401 2735 2652 2800 tempore
2700 2726 2900 2784 messis
2930 2772 2945 2796 ,
2999 2725 3102 2799 qui
3177 2724 3352 2782 mittit
3410 2723 3774 2797 disciplinam
3847 2723 3999 2780 sicut

2278 2817 2489 2887 lucem,
2509 2822 2566 2874 et
2582 2815 2855 2873 assistens
2873 2813 3038 2887 quasi
3056 2813 3332 2873 Gehonin
3353 2812 3448 2870 die
3472 2811 3782 2870 vindemia
3803 2814 3993 2881 (Beati.

2277 2908 2469 2977 XXIV).
2504 2930 2530 2955 ι»
2561 2905 2714 2962 Hinc
2748 2905 2922 2962 etiam
2961 2903 3136 2977 paulo
3165 2908 3291 2976 post
3319 2904 3398 2961 ait
3432 2919 3446 2960 :
3503 2922 3525 2953 ι
3559 2900 3679 2972 Ego
3713 2899 3994 2974 sapientia

485 3012 642 3065 nere,
687 3000 790 3072 qui
834 3007 1154 3075 martyrum
1197 2999 1465 3058 victorias
1519 3016 1618 3058 vos
1662 2999 2067 3073 recognoscitis
2115 3015 2190 3057 ex
2276 2994 2454 3052 eﬂudi
2480 2993 2763 3061 ﬂumina;
2805 3007 2910 3065 ego
2941 2992 3108 3066 quasi
3137 2998 3349 3049 trames
3374 3001 3564 3066 aqua'
3591 2989 3895 3047 immensa
3921 2989 3993 3048 de

482 3085 651 3143 corde
690 3086 948 3160 diligere.
999 3087 1267 3161 Quinque
1323 3094 1472 3145 certe
1516 3086 1801 3160 Salphaad
1855 3086 1994 3144 ﬁlia
2038 3082 2476 3161 internﬂuvio,
2523 3097 2627 3156 ego
2679 3081 2846 3156 quasi
2904 3081 3121 3139 ﬂuvius
3171 3081 3352 3138 Dorix
3407 3077 3673 3152 [Diorixj,
3729 3082 3786 3134 et
3843 3076 3993 3136 sicut

487 3136 650 3143 -ν---
693 3136 795 3144 ----
840 3136 948 3146 νιν.
1004 3136 1152 3157 κερ---
1199 3136 1266 3146 ..ν
1325 3136 1471 3145 νυ.--
1516 3136 1611 3146 ψ.
1656 3136 1801 3144 an-
1855 3136 1991 3144 ---ην
2276 3136 2476 3152 -----,
2532 3136 2618 3156 νο-
2688 3136 2846 3156 π--η-
2907 3136 3113 3139 ηυγ
3171 3136 3328 3138 -ηρ
3407 3136 3423 3152 .
3629 3136 3670 3151 ι,

485 3173 687 3233 fratres
736 3136 872 3235 sucos
933 3136 1251 3236 noscuntlur
1313 3136 1728 3246 hareditaIEm,
1788 3175 1982 3249 Moyse
2049 3136 2651 3248 con-caquaductus
2687 3170 2848 3228 exivi
2885 3168 2954 3228 de
2992 3169 3277 3243 paradiso.
3313 3168 3450 3227 Dixi
3482 3186 3497 3227 :
3531 3165 3753 3239 Bigabo
3792 3181 3992 3225 meum

481 3261 771 3334 stituente,
809 3266 1022 3324 sortita
1058 3270 1237 3338 (Num.
1286 3279 1463 3325 XXVII
1516 3270 1570 3322 et
1619 3265 1875 3336 XXXVI);
1930 3265 2190 3339 quinque
2275 3263 2510 3320 hortum
2553 3259 2993 3334 plantationum,
3048 3265 3104 3316 et
3148 3256 3447 3316 inebriabo
3494 3257 3640 3330 patri
3701 3255 3818 3314 mei
3861 3256 3992 3314 fru-

480 3349 765 3411 nimirum
803 3360 858 3412 et
899 3353 1158 3427 femina,
1209 3361 1274 3413 ut
1325 3372 1424 3428 per
1484 3354 1819 3429 quinarium
1877 3369 2188 3412 numerum
2274 3359 2433 3410 ctum
2486 3352 2689 3423 (Ibid).
2746 3369 2774 3401 »
2839 3347 3100 3406 Christus
3159 3347 3354 3421 itaque
3407 3346 3688 3419 sapientia
3757 3343 3941 3404 Patris
3972 3387 3987 3416 ,

475 3442 726 3500 exterior
753 3445 1066 3518 occupatio,
1099 3459 1203 3517 per
1239 3443 1584 3502 muliebrem
1628 3459 1764 3502 vero
1796 3459 2002 3501 sexum
2032 3443 2190 3500 inlir-
2274 3443 2377 3516 qui
2416 3443 2486 3499 de
2522 3441 2786 3515 paradiso
2824 3455 2926 3513 per
2964 3439 3307 3512 mysterium
3348 3442 3664 3510 assumpta
3711 3435 3988 3494 humani-

476 3529 644 3588 mitas
675 3532 1026 3606 designetur.
1065 3533 1338 3590 Jonathas
1370 3547 1606 3604 quoque
1655 3533 1716 3589 in
1750 3533 2001 3606 quodam
2037 3533 2189 3590 inter
2275 3533 2404 3591 tatis
2451 3531 2654 3602 exivit,
2710 3531 2943 3588 hortum
2986 3544 3184 3598 suum,
3231 3529 3289 3586 id
3339 3533 3442 3598 est,
3488 3534 3742 3584 sanctam
3791 3523 3984 3582 Eccle-

476 3626 792 3694 utrumque
829 3621 1152 3681 meditullio
1199 3623 1441 3693 positus,
1473 3637 1578 3679 nec
1618 3638 1752 3680 cum
1795 3622 2186 3681 Saul-reman-
2273 3624 2440 3694 siam,
2488 3638 2588 3695 per
2635 3627 2882 3693 quatuor
2927 3619 3330 3692 evangelistas,
3376 3624 3652 3691 tanquam
3703 3630 3805 3690 per
3853 3615 3983 3673 toti-

476 3710 548 3768 sit
605 3711 666 3768 in
711 3711 898 3782 malis,
948 3726 1052 3768 nec
1090 3709 1272 3768 David
1329 3711 1674 3786 aquiparari
1721 3712 1906 3784 potuit
1954 3729 2189 3786 prorsus
2273 3713 2404 3769 dem
2441 3712 2684 3770 calestis
2730 3711 3005 3769 doctrina
3043 3709 3273 3778 ﬂuvios,
3310 3708 3591 3781 irrigavit.
3641 3707 3801 3763 Inter
3841 3719 3987 3778 quos

475 3798 534 3858 in
569 3799 734 3858 bouis
783 3803 830 3871 (Ι
854 3805 984 3870 Reg.
1031 3809 1202 3872 XVIII,
1237 3813 1348 3860 XIX
1388 3809 1445 3860 et
1486 3806 1613 3874 XX).
1649 3801 1759 3861 Sed
1813 3802 1949 3878 quia
1985 3801 2189 3860 dilecto
2273 3801 2556 3859 nimirum
2600 3801 2798 3860 beatus
2843 3801 3067 3858 Marcus
3104 3799 3264 3857 velut
3310 3797 3511 3856 Gehon
3556 3795 3894 3870 perspicuus
3919 3811 3985 3853 ac

476 3884 576 3943 Dei
620 3887 920 3961 Propheta
959 3889 1068 3946 fuit
1107 3889 1350 3961 amicus,
1395 3897 1450 3950 et
1489 3891 1560 3949 de
1606 3891 1803 3949 futuro
1849 3891 1974 3964 ejus
2008 3892 2185 3964 ,gavi-
2271 3907 2454 3965 purus
2487 3896 2724 3960 eructat,
2767 3896 2822 3948 et
2866 3891 3153 3948 humanas
3193 3894 3416 3946 mentes
3456 3886 3741 3944 salutiferi
3793 3885 3984 3944 mado-

475 3990 577 4034 sus
633 3983 718 4034 est
761 3978 1010 4037 fraterna
1052 3979 1407 4051 benignitate
1461 3995 1746 4051 successu,
1801 3980 1892 4054 pie
1938 3981 2190 4039 creditur
2274 3980 2352 4038 ris
2390 3980 2770 4038 inundatione
2821 3978 3104 4036 fecundat.
3157 3976 3293 4048 Qui,
3323 3977 3493 4050 juxta
3531 3974 3846 4048 Scriptura
3891 3989 3979 4033 se-

473 4064 546 4122 ab
574 4069 698 4139 ejus
737 4070 1022 4128 consortio
1062 4087 1218 4129 nunc
1258 4073 1321 4128 in
1357 4072 1560 4146 spiritu
1609 4087 1725 4130 non
1777 4086 1900 4130 esse
1939 4070 2189 4143 divisus,
2273 4069 2437 4142 riem,
2469 4070 2676 4128 circuit
2714 4083 2946 4126 omnem
2987 4074 3196 4125 terram
3243 4065 3554 4138 EthiOpia
3605 4066 3753 4134 (Gen.
3809 4065 3889 4133 IIl,
3920 4063 3976 4121 id

473 4151 569 4208 cui
621 4154 762 4212 dum
819 4156 880 4213 in
929 4173 1099 4215 carne
1158 4157 1398 4229 viveret,
1453 4156 1810 4216 unanimiter
1855 4157 2074 4215 exstitit
2127 4158 2189 4215 in
2271 4165 2374 4229 est,
2428 4157 2869 4217 universitatem
2939 4153 3342 4229 complectitur
3411 4152 3682 4211 Ecclesia
3732 4151 3977 4226 peccatis

473 4251 668 4297 amore
696 4243 1064 4316 conjunctus.
2269 4248 2732 4320 pracedentibus
2755 4246 3090 4319 denigrata.
3118 4245 3200 4303 De
3232 4245 3400 4318 cujus
3428 4241 3740 4316 Ethiopia
3766 4240 3976 4314 populo

546 4326 659 4385 Nos
713 4337 950 4400 autem,
1011 4330 1402 4403 dilectissimi,
1453 4332 1553 4407 qui
1607 4333 1996 4405 exagitantem
2047 4333 2184 4394 Saul
2268 4353 2369 4411 per
2420 4339 2756 4412 prophetam
2807 4336 3091 4395 Dominus
3147 4334 3287 4392 dicit
3349 4351 3364 4391 :
3423 4356 3452 4385 ι
3501 4332 3660 4391 Ultra
3724 4332 3971 4390 ﬂumina

473 4418 742 4492 spiritum
786 4421 1025 4490 malum,
1071 4423 1392 4481 auxiliante
1436 4423 1571 4492 Deo,
1613 4431 1737 4496 post
1779 4429 1932 4497 terga
1966 4424 2239 4500 dimisi-_
2270 4427 2601 4500 fEthiopia,
2645 4425 2783 4484 inde
2828 4426 3112 4500 supplices
3159 4424 3272 4482 mei
3315 4424 3570 4496 (Sophon.
3617 4421 3719 4492 III).
3755 4443 3782 4472 υ
3835 4419 3974 4489 Qua

469 4490 602 4566 mus
641 4513 691 4577 (Ι
723 4513 854 4580 Reg.
899 4515 1064 4582 XVI);
1109 4510 1228 4569 imo
1265 4511 1365 4586 qui
1407 4490 1724 4571 Pharaonis
1753 4490 2073 4574 exercitum
2122 4490 2244 4574 inD
2269 4517 2442 4575 etiam
2474 4490 2987 4590 'persecutionibus
3045 4529 3242 4588 pressa
3298 4490 3438 4570 dicit
3510 4513 3573 4570 in
3643 4490 3894 4568 Canticis
3955 4530 3968 4564 :

469 4597 614 4654 mari
659 4597 856 4656 Rubro
906 4599 1235 4657 demersum
1293 4601 1487 4673 (Exod.
1545 4603 1732 4674 XVIII),
1765 4618 1867 4676 per
1908 4604 2174 4662 virtutem
2269 4629 2294 4656 α
2323 4605 2498 4678 Nigra
2541 4620 2692 4675 sum,
2740 4604 2840 4661 sed
2888 4603 3154 4661 formosa.
3199 4623 3226 4656 »
3273 4603 3344 4660 Et
3382 4601 3553 4675 paulo
3585 4605 3758 4674 post:
3813 4619 3836 4647 α
3865 4597 3978 4656 Νο-

467 4687 807 4744 sacramenti
863 4688 1168 4761 paschalis,
1228 4688 1539 4760 evasimus,
1594 4706 1696 4762 pro
1747 4692 1937 4749 carnis
1990 4698 2178 4750 tamen

467 4772 563 4829 64
600 4776 936 4836 infirmitate
981 4779 1170 4838 adhuc
1215 4795 1514 4838 versamur
1558 4782 1618 4839 in
1659 4798 1871 4853 eremo,
1923 4788 2178 4841 transea-

465 4880 599 4923 mus
635 4867 706 4924 ad
745 4867 879 4925 vita
915 4869 1324 4941 perfectionem
1352 4917 1365 4940 ,
1415 4870 1486 4928 ad
1531 4877 1735 4928 terram
1780 4870 1994 4930 scilicet
2036 4872 2177 4929 lacte

465 4960 520 5010 et
554 4953 722 5012 melle
755 4964 1103 5015 manantem.
1140 4957 1368 5031 Egressi
1407 4959 1476 5016 de
1511 4959 1795 5029 Sodomis,
1832 4977 1948 5018 non
1979 4961 2037 5018 in
2073 4961 2176 5019 Se-

461 5059 566 5116 gor
619 5045 840 5103 diutius
898 5047 1299 5116 immoremur,
1353 5048 1454 5106 sed
1513 5049 1753 5117 liberati,
1811 5064 1944 5106 cum
2006 5049 2171 5120 Loth,

461 5133 675 5191 montis
737 5135 1010 5192 verticem
1067 5135 1326 5193 celeriter
1398 5137 1775 5194 ascendamus
1835 5138 1985 5207 (Gen.
2048 5139 2173 5208 XIX)

462 5229 746 5294 quatenus
805 5225 907 5296 qui
960 5225 1110 5282 inter
1166 5225 1287 5298 ipsa
1342 5225 1588 5282 tirocinii
1646 5225 1995 5296 rudimenta,
2052 5225 2172 5297 jam

463 5312 760 5370 beatorum
814 5322 1137 5386 martyrum
1197 5315 1478 5387 capimus
1530 5317 1779 5387 gaudere
1837 5318 2165 5388 triumphis,

462 5401 810 5476 quandoque
851 5403 922 5459 ad
978 5402 1084 5460 hoc
1132 5401 1304 5459 etiam
1344 5403 1752 5474 provehamur,
1787 5412 1851 5462 ut
1881 5405 2170 5464 discamus

463 5497 518 5548 et
544 5491 651 5562 ipsi
695 5493 1048 5566 triumphare
1077 5508 1211 5551 cum
1259 5493 1487 5550 sanctis.
1520 5493 1588 5548 Et
1637 5495 1757 5565 ipse
1787 5494 1860 5552 sit
1895 5495 2168 5556 fortitudo

464 5585 655 5638 nostra
697 5581 837 5640 dum
895 5584 1154 5656 protegit,
1205 5584 1305 5656 qui
1357 5581 1536 5640 factus
1581 5587 1665 5640 est
1713 5583 1978 5656 pretium,
2033 5601 2165 5644 cum

2263 4695 2359 4751 lite
2383 4709 2472 4752 me
2500 4693 2864 4751 considerare
2891 4692 3048 4765 quod
3085 4693 3243 4750 fusca
3283 4691 3415 4761 sim,
3447 4689 3585 4766 quia
3623 4687 3974 4748 decoloravit

2265 4797 2356 4841 me
2397 4783 2480 4840 sol
2529 4785 2704 4853 (Cant.
2767 4785 2822 4852 Ι).
2866 4803 2886 4832 ι»
2951 4779 3062 4840 Sed
3111 4782 3343 4840 eosdem
3400 4787 3627 4838 sanctos
3675 4778 3968 4851 evangeli-

2261 4880 2393 4944 stas,
2446 4889 2590 4947 quos
2641 4872 2865 4946 Moyses
2905 4873 3150 4932 ﬂumina
3198 4887 3299 4946 per
3338 4871 3544 4944 typica
3587 4868 3841 4928 historia
3881 4884 3970 4926 se-

2263 4964 2408 5021 riem
2453 4967 2649 5021 narrat
2681 4985 2692 5020 :
2739 4961 3004 5020 Ezechiel
3033 4959 3128 5017 65
3159 4962 3434 5036 propheta
3466 4961 3575 5020 sub
3603 4960 3963 5017 diversorum

2259 5049 2602 5108 animalium
2649 5050 2836 5123 specie
2885 5066 2945 5108 se
2977 5050 3191 5108 vidisse
3239 5049 3576 5123 pronuntiat
3622 5073 3633 5106 :
3689 5066 3716 5100 ι(
3753 5046 3968 5106 Simili-

2261 5138 2418 5207 tudo,
2449 5138 2656 5212 inquit,
2695 5138 2892 5198 vultus
2929 5155 3129 5199 eorum
3171 5139 3342 5197 facies
3373 5134 3671 5206 hominis;
3709 5141 3764 5193 et
3793 5134 3968 5193 facies

2260 5226 2442 5284 leonis
2486 5243 2519 5284 a
2565 5227 2787 5285 dextris
2827 5228 3089 5301 ipsorum
3119 5231 3385 5301 quatuor,
3421 5231 3477 5283 et
3527 5225 3703 5282 facies
3744 5223 3910 5282 bovis
3936 5237 3968 5279 a

2259 5317 2509 5375 sinistris
2550 5317 2807 5391 ipsorum
2852 5324 3115 5393 quatuor,
3151 5321 3206 5375 et
3249 5316 3423 5374 facies
3465 5314 3681 5388 aquila
3717 5312 3966 5385 desuper

2258 5408 2517 5480 ipsorum
2566 5414 2815 5480 quatuor
2865 5411 3074 5480 (Ezech.
3125 5408 3239 5478 1).»
3298 5406 3455 5463 Inter
3509 5419 3641 5478 qua
3698 5401 3969 5461 videlicet

2255 5495 2530 5554 animalia
2568 5497 2769 5556 beatus
2816 5497 3043 5555 Marcus
3087 5495 3338 5554 secundo
3374 5493 3499 5552 loco
3546 5491 3768 5566 positus
3795 5491 3966 5549 inve-

2256 5577 2437 5659 nitur,
2490 5589 2628 5663 quia
2679 5588 2862 5646 leonis
2912 5588 3114 5647 faciem
3162 5586 3373 5646 habere
3409 5584 3769 5644 describitur.
3815 5582 3963 5642 Nam
