4184 6450
170 341 286 402 573
1705 334 1888 400 SERM

1991 335 2145 398 XIV.
3575 336 3680 400 574

170 465 320 540 quia
357 479 391 522 a
423 462 672 522 clamore
709 461 868 522 vocis
899 461 963 521 in
993 461 1216 522 deserto
1264 478 1436 522 suum
1463 462 1663 538 incipit
1709 455 2197 525 EvanoAcautius
2252 462 2341 521 vel
2397 462 2869 538 circumspectius
2931 479 3034 539 per
3101 463 3284 522 alium
3355 461 3674 536 quemlibet

168 554 419 632 gelium,
473 559 624 612 recte
679 553 864 611 leonis
920 554 1152 611 sortitus
1204 561 1289 611 est
1340 551 1607 627 speciem.
1672 551 1784 612 Sed
1840 553 1887 610 si
1964 568 2138 626 quam
2192 567 2291 625 per
2333 569 2396 610 os
2436 553 2583 610 beati
2632 554 2807 613 Marci
2851 555 3029 612 fuisse
3075 551 3366 623 locutum,
3421 552 3561 610 adeo
3614 559 3677 611 ut

169 643 468 702 subtiliter
497 641 618 716 ipsa
659 640 962 713 Evangelii
1001 640 1126 712 ejus
1168 641 1330 713 origo
1366 640 1758 714 perpenditur,
1791 655 1886 698 or-
1967 642 2088 714 ipsa
2129 640 2528 714 descriptionis
2566 643 2761 712 series,
2790 649 2842 698 et
2879 640 3017 700 ordo
3055 639 3362 698 verborum
3398 656 3672 713 magnum

168 733 537 792 dinatissima
565 731 745 791 sancti
789 729 1036 805 Spiritus
1076 731 1134 789 in
1177 746 1244 788 eo
1272 731 1624 805 dispensatio
1663 730 1886 805 reperi-
1966 730 2250 788 contineat
2289 736 2730 787 sacramentum.
2773 730 2955 800 Quod,
2997 735 3059 788 ut
3101 729 3331 787 facilius
3367 728 3670 800 eluccscat,

169 830 290 882 tur.
320 823 387 880 In
436 823 586 880 hanc
627 819 840 893 quippe
891 833 1089 877 vocem
1138 827 1380 878 exbrsus
1431 819 1663 894 erupit:
1706 842 1727 870 α
1761 818 1885 878 Ini-
1966 819 2029 876 in
2062 818 2185 890 ipso
2224 815 2357 874 libri
2392 817 2515 890 ejus
2553 819 2790 876 exordio
2830 835 2932 878 nos
2960 818 3212 877 breviter
3249 817 3519 875 intimare
3557 832 3672 875 non

171 912 319 970 tium
341 909 644 983 Evangelii
665 908 802 968 Jesu
829 907 1060 975 Christi,
1083 906 1219 964 Filii
1250 908 1350 966 Dei
1375 909 1562 982 (Marc.
1585 910 1640 980 ι).
1675 932 1695 958 ι
1727 907 1887 968 Sicut
1968 905 2175 978 pigeat.

169 1001 452 1074 scriptum
479 1007 561 1056 est
591 997 652 1055 in
683 997 831 1054 Isaia
859 997 1132 1069 propheta
1165 1019 1177 1053 :
1222 1020 1242 1048 ι
1280 996 1421 1055 Ecce
1452 1013 1554 1070 ego
1587 997 1748 1054 mitto
1777 1013 1887 1054 an-
2042 993 2301 1050 Primum
2342 1007 2594 1068 namque
2638 993 2982 1052 miraculum
3025 993 3205 1068 ponit,
3243 1007 3358 1066 quo
3388 990 3671 1050 Dominus

169 1088 372 1163 gelum
405 1102 601 1145 meum
631 1093 764 1143 ante
790 1085 993 1144 faciem
1022 1085 1321 1158 tuam,qui
1354 1087 1698 1160 praeparabit
1728 1086 1884 1144 viam
1968 1081 2292 1140 daemonem
2337 1097 2438 1154 per
2476 1097 2572 1139 eos
2607 1083 2863 1140 hominis
2897 1083 3261 1152 clamantem,
3297 1087 3479 1139 tacere
3524 1097 3678 1154 pra;-

170 1184 335 1238 tuam
380 1185 514 1233 ante
569 1182 639 1233 te.
677 1173 804 1232 Vox
868 1173 1170 1231 clamantis
1223 1174 1282 1232 in
1337 1175 1559 1232 deserto
1615 1199 1626 1232 :
1687 1175 1886 1232 Parate
1971 1173 2139 1246 cepit,
2172 1187 2422 1245 eumque
2447 1173 2708 1244 protinus
2739 1173 2982 1246 expulit.
3015 1199 3040 1222 α
3067 1172 3428 1243 Obmutesce,
3463 1171 3676 1245 inquit,

172 1265 332 1322 viam
393 1260 644 1328 Domini,
703 1266 883 1318 rectas
935 1261 1103 1318 facite
1157 1260 1387 1319 semitas
1442 1260 1540 1318 Dei
1602 1261 1801 1319 nostri.
1854 1281 1882 1314 »
1972 1268 2028 1321 et
2056 1259 2153 1320 exi
2184 1262 2254 1318 ab
2290 1261 2525 1318 homine
2560 1264 2753 1330 (Marc.
2799 1264 2920 1334 1).»
2965 1260 3294 1320 Secundum
3327 1261 3672 1318 miraculum

173 1351 484 1411 Mattbteus
538 1355 732 1408 autem
775 1348 914 1406 dicit
968 1373 980 1406 :
1031 1369 1058 1402 «
1101 1349 1276 1407 Liber
1313 1347 1700 1423 generationis
1745 1350 1882 1408 Jesu
1970 1360 2072 1423 est,
2125 1367 2242 1426 quo
2297 1351 2716 1410 febricitantem
2769 1368 2997 1410 socrum
3050 1353 3222 1424 Petri,
3273 1351 3510 1425 depulso
3559 1351 3683 1426 typi

173 1439 389 1500 Christi
430 1439 538 1498 ﬁlii
586 1438 768 1497 David
813 1439 1034 1507 (Matth.
1071 1443 1135 1507 ι).
1170 1458 1197 1491 ››
1228 1438 1376 1508 Quid
1427 1447 1510 1496 est
1558 1453 1694 1511 ergo
1729 1439 1883 1512 quod
1967 1441 2173 1512 calore,
2225 1441 2449 1498 sanavit
2496 1441 2689 1512 (Ibid).
2747 1440 3007 1499 Tertium
3060 1449 3162 1512 est,
3221 1455 3337 1515 quo
3388 1443 3679 1515 leprosum

175 1530 278 1588 ille
343 1528 500 1598 dicit,
564 1527 700 1585 Filii
743 1527 885 1598 Dei;
942 1527 1067 1598 iste,
1126 1526 1234 1584 filii
1287 1527 1490 1597 David,
1545 1529 1659 1586 nisi
1728 1528 1883 1602 quod
1968 1529 2153 1603 tetigit
2197 1537 2251 1587 et
2289 1529 2555 1603 purgavit
2604 1530 2806 1602 (Ibid).
2841 1529 3120 1598 Quartum
3157 1544 3387 1603 quoque
3435 1535 3535 1598 est,
3563 1545 3681 1604 quo
3729 1585 3746 1606 κ

174 1633 280 1692 per
306 1632 523 1691 organa
551 1631 655 1675 sua
690 1614 938 1688 Spiritus
959 1622 1190 1674 sanctus
1222 1616 1550 1674 mediatoris
1576 1615 1678 1673 Dei
1705 1623 1760 1674 et
1789 1616 1886 1674 ho-
1969 1618 2348 1695 paralyticum
2401 1618 2746 1692 grabbatum
2813 1617 3012 1676 tollere
3069 1625 3124 1676 et
3193 1619 3351 1676 abire
3416 1619 3686 1692 praecepit

177 1703 406 1764 minum
431 1710 790 1761 sacramenta
817 1701 1102 1770 distinxit,
1140 1710 1204 1760 ut
1232 1719 1333 1778 per
1355 1703 1601 1762 alterum
1629 1720 1766 1762 eum
1801 1702 1886 1761 Fi-
1971 1711 2160 1780 (Marc.
2194 1709 2272 1780 Il).
2321 1706 2429 1776 Qui
2483 1706 2748 1765 videlicet
2786 1707 2944 1777 ordo,
2985 1707 3033 1764 si
3079 1707 3343 1779 diligenti
3389 1724 3526 1767 cura
3559 1724 3683 1783 per-

177 1794 325 1890 l_ium
351 1788 860 1890 Dei,per.alterum
881 1792 1202 1890 ostenderet
1222 1808 1344 1890 esse
1367 1792 1557 1890 ﬁlium
1589 1791 1880 1890 hominis?
1901 1825 1948 1890 Β
1970 1797 2258 1868 penditur,
2308 1795 2609 1854 manifeste
2682 1796 2844 1853 docet
2910 1802 3123 1870 quanta
3193 1795 3508 1869 magisterii
3559 1802 3680 1854 arte

179 1882 482 1955 Tanquam
517 1880 672 1939 enim
715 1895 816 1954 per
851 1881 1030 1939 unius
1065 1881 1220 1938 tibiae
1263 1880 1378 1939 duo
1417 1880 1752 1953 spiramina,
1793 1880 2222 1957 ve|"Spiritus
2268 1891 2496 1941 sanctus
2546 1883 2848 1942 scribentis
2891 1885 3181 1942 calamum
3232 1886 3451 1954 tenuit,
3506 1892 3561 1942 et
3607 1884 3678 1942 ad

179 1970 370 2045 potius
407 1984 507 2042 per
546 1969 689 2027 duas
727 1969 1000 2028 Ecclesiae
1027 1985 1196 2027 nares
1234 1985 1388 2028 unus
1413 1970 1599 2028 efﬂuit
1628 1971 1883 2044 spiritus,
1969 1970 2375 2030 declarandum
2463 1972 2870 2046 redemptionis
2949 1974 3224 2030 humanm
3306 1974 3672 2048 mysterium,

179 2060 319 2119 dum
345 2059 630 2118 incarnati
666 2058 841 2118 Verbi
870 2060 977 2118 iste
1003 2060 1286 2133 divinam,
1317 2061 1417 2120 ille
1453 2063 1884 2134 generationem
1969 2060 2133 2134 quasi
2175 2076 2275 2133 per
2319 2061 2632 2135 quamdam
2680 2061 2916 2130 lineam,
2955 2061 3151 2118 omnia
3195 2061 3571 2133 dispensavit.
3610 2063 3675 2120 In

178 2147 446 2207 describit
487 2149 824 2206 humanam.

253 2238 366 2298 Sed
411 2253 640 2296 movere
685 2245 888 2313 potest,
928 2255 1032 2298 cur
1091 2239 1291 2300 beatus
1340 2241 1691 2315 evangelista
1733 2241 1887 2300 Mar-

179 2344 300 2400 cus,
353 2335 649 2404 postquam
704 2329 1027 2403 positurum
1078 2346 1137 2388 se
1190 2330 1357 2390 Isaiae
1392 2333 1566 2390 verba
1603 2331 1885 2406 promisit,

181 2434 298 2476 non
331 2417 592 2491 protinus
633 2417 819 2489 Isaiae,
849 2419 945 2476 sed
986 2418 1286 2477 Malachiae
1326 2420 1517 2492 potius
1549 2420 1696 2478 dicta
1749 2421 1888 2478 sub-

180 2505 400 2575 intulit,
437 2504 632 2579 sicque
662 2507 1024 2578 postmodum
1065 2507 1137 2565 ad
1175 2506 1344 2565 Isaiae
1379 2507 1553 2566 verba
1579 2505 1888 2580 pervenit?

182 2592 329 2651 Nam
359 2591 510 2666 quod
542 2592 944 2666 praemittitur:
970 2616 996 2643 α
1029 2593 1173 2651 Ecce
1203 2593 1366 2651 mitto
1387 2594 1662 2667 angelum
1692 2608 1884 2651 meum

183 2684 334 2754 (Mal.
379 2685 484 2754 ιιι),
528 2703 549 2731 ι
598 2680 908 2739 Malachias
944 2681 1202 2755 protulit,
1257 2681 1358 2756 qui
1408 2682 1763 2740 novissimus
1806 2686 1890 2739 est

182 2770 486 2829 duodecim
532 2771 958 2844 prophetarum.
1009 2770 1171 2839 Quod
1217 2777 1414 2829 autem
1467 2769 1884 2844 subjungitur:

185 2880 214 2912 α
245 2857 372 2916 Vox
418 2857 720 2916 clamantis
762 2859 824 2916 in
868 2858 1089 2918 deserto
1132 2863 1285 2927 (Isai.
1343 2864 1467 2930 XL),
1521 2879 1542 2910 ι
1592 2858 1759 2917 Isaiae
1805 2865 1890 2916 est

1967 2149 2280 2223 dejectione
2318 2166 2569 2224 namque
2605 2150 2777 2223 primi
2818 2149 3072 2208 hominis
3101 2150 3382 2224 principio
3413 2150 3677 2209 diabolus

1970 2243 2195 2302 locutus
2245 2250 2348 2314 est,
2407 2261 2472 2303 ac
2517 2260 2756 2317 pomum
2799 2243 3042 2301 vetitum
3087 2242 3308 2300 comedi
3359 2243 3671 2315 persuasit;

1969 2333 2178 2391 deinde
2203 2331 2435 2404 mulier,
2463 2334 2599 2407 quia
2627 2333 2686 2390 in
2719 2331 3111 2390 delectationis
3148 2331 3675 2404 concupiscentiam

1969 2423 2204 2491 corruit,
2261 2423 2421 2481 velut
2473 2423 2771 2482 aestuantis
2826 2422 3088 2480 ardorem
3169 2420 3345 2478 febris
3408 2419 3674 2477 incurrit.

1967 2512 2151 2570 Adam
2187 2527 2321 2569 vero
2358 2520 2657 2584 postquam
2706 2511 2775 2568 de
2823 2511 3013 2567 fructu
3056 2507 3200 2581 ligni
3235 2506 3385 2564 male
3432 2522 3676 2564 consen-

1970 2601 2163 2659 tiendo
2188 2601 2440 2672 gustavit
2473 2601 2619 2667 (Gen.
2653 2601 2762 2668 ιιι),
2803 2597 3070 2655 omnium
3107 2611 3244 2653 mox
3283 2596 3561 2653 vitiorum
3594 2595 3678 2653 le-

1968 2706 2067 2764 pra
2094 2689 2397 2762 perfusus;
2439 2693 2726 2759 postremo
2764 2685 2956 2753 etiam,
2999 2690 3272 2756 tanquam
3306 2683 3676 2755 paralyticus,

1968 2796 2000 2837 a
2028 2778 2250 2837 cunctis
2283 2777 2449 2835 bonis
2484 2775 2758 2847 Operibus
2800 2780 2885 2830 est
2920 2771 3211 2830 interioris
3249 2770 3503 2828 hominis
3549 2771 3678 2828 lan-

1969 2884 2145 2941 guore
2183 2866 2540 2925 constrictus.
2571 2864 2714 2936 Quia
2751 2879 2885 2936 ergo
2920 2863 3104 2920 Filius
3142 2861 3264 2930 Dei,
3315 2861 3464 2920 sicut
3499 2862 3678 2936 Joan-

183 2951 580 3010 indubitanter
629 2950 953 3010 oraculum.
995 2950 1112 3008 Cur
1161 2964 1297 3022 ergo
1351 2949 1450 3023 qui
1507 2948 1715 3006 Isaiam
1765 2964 1891 3022 pro-
1968 2973 2071 3015 nes
2122 2955 2413 3029 apostolus
2462 2953 2641 3021 dicit,
2693 2951 2984 3010 destruere
3037 2951 3194 3008 venit
3243 2963 3414 3022 opera
3464 2948 3677 3006 diaboli

186 3039 363 3108 misit,
412 3053 528 3097 non
577 3053 716 3097 mox
751 3036 958 3096 Isaiam
1005 3037 1273 3108 reddidit,
1308 3037 1405 3094 sed
1449 3035 1793 3094 Malachiam
1825 3037 1887 3094 in
1973 3050 2017 3116 (Ι
2042 3048 2198 3101 Ιοαη,
2238 3045 2341 3113 ni),
2371 3057 2471 3116 per
2515 3043 2773 3099 eamdem
2821 3040 2976 3097 viam
3023 3044 3358 3110 persecutus
3406 3043 3489 3094 est
3533 3049 3680 3094 mor-

186 3131 579 3192 testimonium
614 3130 778 3204 prius
812 3129 1100 3189 adduxit?
1144 3127 1429 3202 Nunquid
1471 3128 1641 3186 homo
1682 3126 1886 3202 spiritu
1913 3141 2110 3206 ntem,
2146 3147 2258 3206 qua
2296 3131 2395 3188 illa
2429 3131 2689 3203 ingressa
2727 3127 2912 3186 fuerat
2947 3127 3009 3184 in
3043 3126 3240 3184 orbem
3271 3131 3575 3183 terrarum.
3607 3118 3678 3181 Et

185 3221 286 3280 Dei
322 3219 546 3294 plenus,
585 3219 903 3292 praesertim
935 3218 994 3276 in
1033 3217 1156 3291 ipso
1194 3232 1316 3275 suae
1349 3216 1694 3275 narrationis
1729 3230 1893 3273 exor-

184 3309 298 3380 dio,
324 3309 416 3366 vel
459 3323 650 3366 errare
684 3307 888 3382 potuit,
929 3307 1021 3365 vel
1059 3306 1330 3378 mentiri;
1377 3312 1439 3365 ut
1479 3303 1580 3381 qui
1625 3303 1891 3362 Veritatis

184 3405 340 3474 gesta
364 3397 728 3468 describeret,
756 3395 972 3454 librum
1003 3411 1177 3455 suum
1209 3396 1506 3455 mendacio
1534 3395 1892 3454 dedicasset?

185 3489 296 3550 Sed
345 3489 454 3546 hoc
491 3486 734 3545 docendi
774 3482 1100 3558 magisterio
1148 3485 1362 3544 factum
1412 3494 1514 3557 est,
1557 3493 1622 3545 ut
1658 3487 1720 3543 in
1766 3485 1892 3558 ipso

183 3575 484 3650 Evangelii
509 3575 603 3633 sui
649 3575 931 3649 principio
976 3573 1225 3649 Spiritus
1273 3581 1522 3644 sanctus,
1554 3577 1720 3648 cujus
1768 3576 1890 3648 ipse

181 3675 381 3726 auctor
432 3671 571 3735 erat,
630 3663 951 3722 ostenderet
995 3678 1056 3721 se
1109 3676 1300 3721 unum
1354 3663 1739 3737 eamdemque
1789 3675 1890 3736 per

179 3755 446 3815 omnium
490 3754 900 3828 prophetarum
942 3767 1042 3810 ora
1088 3751 1266 3810 fuisse
1313 3753 1589 3824 locutum,
1623 3761 1686 3812 ut
1736 3751 1889 3828 quod

178 3843 250 3902 ab
284 3857 404 3902 uno
453 3843 775 3916 specialiter
812 3841 1024 3900 dicitur
1066 3841 1139 3899 ab
1189 3840 1462 3899 omnibus
1507 3841 1891 3900 communiter

175 3933 514 4006 proferatur.
1517 3945 1520 3948 '

245 4019 539 4094 Quidquid
581 4035 714 4094 ergo
753 4019 892 4078 dicit
936 4019 1265 4092 Malachias,
1313 4018 1454 4077 dicit
1502 4019 1891 4078 nihilominus

172 4120 230 4173 et
261 4112 459 4183 Isaias,
493 4120 549 4170 et
590 4113 1057 4188 uniuscujusque
1099 4111 1276 4170 verba
1313 4127 1416 4184 per
1447 4110 1729 4169 unitatem
1770 4112 1888 4184 spi-

172 4208 318 4266 ritus
361 4205 434 4265 ab
479 4205 753 4267 omnibus
793 4211 930 4266 sunt
975 4205 1211 4280 prolata.
1245 4202 1310 4262 In
1358 4218 1475 4277 quo
1521 4204 1696 4262 etiam
1735 4203 1887 4262 illud

170 4297 375 4356 beatus
433 4298 784 4370 evangelista
829 4297 1014 4369 docet,
1053 4303 1117 4355 ut
1165 4295 1212 4354 si
1252 4295 1394 4369 quid
1439 4294 1561 4370 ipse
1605 4294 1883 4369 loquitur,

169 4385 328 4460 quod
357 4400 391 4442 a
427 4387 649 4444 caeteris
687 4383 1060 4459 evangelistis
1097 4383 1365 4442 videatur
1403 4400 1528 4442 esse
1566 4383 1883 4453 diversum,

171 4487 358 4534 unum
391 4476 583 4530 tamen
615 4472 1021 4546 intelligantur
1049 4487 1252 4530 omnes
1282 4471 1534 4545 proferre
1563 4485 1886 4529 sermonem

170 4576 273 4636 per
317 4561 466 4634 ejus,
515 4561 617 4635 qui
667 4563 732 4620 in
775 4561 1048 4620 omnibus
1093 4560 1371 4636 loquitur,
1413 4560 1594 4617 sancti
1638 4557 1890 4632 Spiritus

170 4651 474 4710 unitatem.
531 4650 696 4709 Unde
748 4650 896 4709 sicut
949 4650 1012 4708 in
1069 4648 1384 4724 pr0phetis,
1441 4649 1522 4706 sic
1586 4647 1759 4705 etiam
1823 4647 1887 4705 in

172 4738 544 4810 evangelistis
599 4753 967 4812 nequaquam
1021 4738 1324 4796 scribentis
1377 4737 1631 4795 hominis
1711 4733 1887 4793 mini-

175 4828 352 4887 sterio
401 4827 474 4885 sit
525 4827 820 4886 diversum
864 4826 1015 4902 quod
1062 4843 1178 4885 una
1213 4824 1482 4884 dictantis
1528 4823 1777 4898 Spiritus
1805 4829 1890 4880 est

175 4917 516 4975 auctoritate
561 4915 869 4990 prolatum.
929 4915 1242 4974 Enimvero
1295 4915 1563 4989 quisquis
1623 4913 1888 4986 Evange-

177 5005 327 5065 lium
378 5005 526 5063 beati
575 5004 751 5063 Marci
793 5003 993 5063 subtili
1045 5003 1414 5062 meditatione
1463 5001 1800 5070 considerat,
1837 5007 1892 5058 et

175 5095 310 5165 alta,
344 5101 410 5154 ut
452 5094 695 5168 dignum
742 5100 846 5166 est,
878 5093 1246 5167 indagatione
1295 5096 1612 5165 pertractat,
1649 5090 1891 5150 rudibus

177 5185 418 5260 quidem
469 5190 524 5242 et
582 5199 699 5241 non
751 5183 1033 5242 accuratis
1109 5182 1456 5256 descriptum
1524 5183 1736 5247 verbis,
1793 5181 1890 5239 sed

182 5275 496 5335 uberrimis
536 5275 792 5334 inveniet
841 5275 1086 5334 caelestis
1127 5274 1528 5348 intelligentiae
1567 5274 1892 5333 redundare

182 5364 498 5441 mysteriis.
540 5362 638 5421 Est
670 5363 839 5438 plane
877 5364 1012 5437 styli
1059 5363 1336 5422 brevitate
1371 5364 1753 5436 succinctum,
1794 5363 1889 5422 sed

182 5453 474 5530 profunda
519 5454 780 5528 mysterii
824 5453 1100 5528 spiritalis
1147 5451 1240 5509 66
1283 5454 1540 5511 ubertate
1587 5453 1886 5512 diffusum.

181 5542 612 5602 Perscrutantes
653 5556 909 5618 namque
953 5557 1154 5602 omnes
1197 5542 1314 5600 fere
1354 5541 1594 5616 paginas
1643 5541 1895 5616 Scriptu-

181 5648 401 5703 rarum,
446 5631 728 5694 invenire
777 5630 880 5692 vix
941 5647 1248 5707 possumus
1307 5631 1574 5706 spiritum
1636 5632 1892 5690 veritatis

1975 3222 2075 3280 ubi
2125 3222 2317 3279 fusum
2348 3226 2432 3277 est
2477 3217 2814 3293 perditionis
2856 3222 3070 3274 nostrae
3116 3229 3429 3284 venenum,
3459 3213 3683 3272 anima-

1977 3326 2104 3368 rum
2159 3308 2417 3366 medicus
2451 3307 2652 3366 salutis
2686 3305 2892 3378 objecit
2935 3305 3279 3373 antidotum,
3312 3311 3487 3377 atque
3523 3303 3679 3361 unde

1976 3405 2218 3456 mortem
2292 3396 2473 3454 hostis
2539 3394 2785 3452 callidus
2847 3392 3195 3461 introduxit,
3251 3408 3353 3464 per
3405 3393 3676 3449 eumdem

1973 3487 2257 3546 tramitem
2288 3485 2632 3556 Redemptor
2682 3489 2882 3540 noster
2932 3481 3224 3539 redeuntis
3260 3480 3395 3537 vitae
3431 3481 3680 3552 primor-

1971 3582 2066 3640 dia
2094 3579 2448 3648 reformavit,
2474 3582 2760 3651 quatenus
2787 3582 2838 3631 et
2869 3573 3186 3638 diabolum,
3214 3572 3319 3644 qui
3348 3570 3410 3626 in
3441 3571 3675 3627 ruinam

1972 3677 2226 3729 nostram
2273 3668 2502 3726 locutus
2547 3666 2752 3733 fuerat,
2787 3665 3026 3738 jamjam
3073 3668 3253 3718 tacere
3293 3657 3675 3731 compelleret,

1969 3767 2026 3820 et
2068 3760 2247 3817 Evam
2288 3775 2321 3816 a
2361 3756 2619 3815 febribus
2667 3754 2965 3813 aestuantis
3005 3749 3489 3824 concupiscentia;
3527 3747 3671 3805 libe-

1969 3859 2140 3923 raret,
2165 3857 2336 3924 atque
2365 3866 2396 3907 a
2436 3848 2559 3906 viro
2607 3862 2724 3904 non
2763 3843 2934 3902 modo
2976 3843 3191 3915 lepram
3239 3837 3511 3898 vitiorum
3551 3853 3677 3894 sce—

1970 3943 2274 4012 lerumque
2321 3939 2656 4012 detergeret,
2698 3935 2797 3992 sed
2839 3931 3107 3991 eumdem
3157 3943 3386 4004 quoque
3442 3933 3680 4012 eatenus

1968 4011 2348 4100 paralyticum
2406 4023 2478 4081 ad
2534 4020 2856 4080 exercenda
2905 4017 3133 4094 pietatis
3193 4030 3364 4090 opera
3411 4011 3676 4070 validum

1969 4116 2334 4190 liberumque
2361 4112 2599 4170 laxaret.
2631 4111 2790 4170 Sicut
2815 4125 2948 4183 ergo
2968 4107 3029 4165 in
3053 4106 3171 4164 illis
3188 4104 3393 4180 primis
3419 4101 3681 4161 homini-

1969 4205 2078 4262 bus
2100 4208 2282 4262 totum
2306 4202 2473 4277 periit
2497 4217 2678 4273 genus
2703 4201 3052 4266 humanum,
3078 4195 3158 4254 sic
3181 4194 3244 4250 in
3271 4192 3396 4251 istis
3418 4207 3452 4250 a
3479 4190 3673 4250 Salva-

1969 4298 2090 4349 tore
2124 4292 2338 4347 currat‘s
2376 4297 2457 4348 est
2505 4289 2613 4348 sub
2652 4290 2854 4362 ﬁgura:
2891 4283 3164 4360 mysterio
3199 4282 3373 4341 saluti
3415 4281 3675 4355 pristinae

1969 4381 2238 4439 restituti.
2253 4399 2326 4438 ιιι.

2044 4470 2113 4528 In
2164 4470 2347 4543 capite
2399 4468 2578 4542 igitur
2619 4463 2935 4540 evangelici
2982 4461 3158 4535 hujus
3201 4459 3340 4519 libri
3381 4459 3673 4518 studiosus

1910 4517 1964 4580 Β
1975 4517 2149 4617 lector
2164 4517 2835 4629 erémt°ée3ueutifst
2953 4517 3337 4622 series‘quam
3368 4547 3674 4620 profunda,

1974 4662 2145 4721 quam
2191 4645 2430 4718 mystica
2489 4643 2905 4702 charismatum
2959 4643 3317 4698 sacramenta
3365 4637 3674 4693 contineat.

1975 4736 2090 4794 Nec
2128 4735 2364 4803 mirum,
2392 4748 2525 4792 cum
2574 4731 2720 4790 liber
2762 4730 2861 4789 ille
2905 4744 3021 4788 non
3076 4726 3206 4802 plus
3267 4725 3442 4783 Marci
3503 4741 3678 4798 quam

1978 4825 2126 4883 Petri
2160 4823 2536 4897 perhibeatur
2577 4819 2835 4895 apostoli.
2865 4817 3161 4890 Quidquid
3190 4814 3348 4873 enim
3396 4814 3502 4872 iste
3535 4813 3676 4871 scri-

1975 4914 2106 4987 psit,
2142 4927 2213 4969 ex
2253 4927 2352 4969 ore
2391 4910 2539 4968 beati
2579 4908 2836 4983 magistri
2881 4905 3144 4972 callidus,
3177 4910 3241 4962 ut
3283 4903 3362 4960 ita
3404 4902 3676 4971 dixerim,

1975 5003 2303 5076 explorator
2339 4999 2583 5058 audivit.
2641 4997 2773 5055 Fuit
2815 4996 2991 5064 enim,
3023 4994 3171 5052 sicut
3217 4991 3549 5049 authentica
3590 4989 3682 5046 lii-

1975 5093 2282 5153 storiarum
2336 5090 2506 5149 tradit
2559 5088 2892 5162 antiquitas,
2925 5084 3095 5142 levita
3131 5082 3450 5141 secundum
3491 5079 3680 5138 carnis

1973 5185 2280 5258 originem,
2311 5183 2569 5241 sacerdos
2599 5180 2662 5237 in
2695 5178 2866 5235 Israel
2899 5175 3218 5234 secundum
3244 5171 3466 5232 ordinis
3496 5171 3682 5243 digni-

1977 5282 2168 5332 tatem.
2201 5272 2525 5329 Conversus
2567 5270 2636 5325 ad
2668 5267 2861 5335 fidem,
2898 5266 3080 5322 factus
3117 5269 3200 5323 est
3237 5261 3390 5320 beati
3435 5260 3584 5318 Petri
3618 5261 3674 5315 in

1976 5361 2310 5435 baptismate
2338 5359 2703 5431 tilius,atque
2732 5357 2790 5413 in
2816 5354 3016 5413 divino
3044 5366 3308 5410 sermone
3338 5349 3677 5423 discipulus.

1975 5449 2355 5522 Evangelium
2385 5448 2446 5505 in
2479 5445 2662 5516 Italia,
2696 5443 2965 5516 magistro
3002 5443 3312 5509 nesciente,
3341 5438 3678 5510 descripsit;

1974 5540 2324 5613 descriptum
2397 5553 2533 5596 vero
2605 5537 2729 5611 ejus
2793 5533 3012 5613 judicio
3078 5535 3405 5590 reverenter
3451 5527 3679 5587 obtulit.

1974 5630 2106 5702 Qui,
2139 5605 2300 5707 pium
2323 5635 2498 5708 atque
2527 5605 2861 5698 religiosum
2890 5605 3246 5698 comperiens
3281 5618 3506 5678 furtum
3532 5632 3677 5698 gau-
