4184 6462
489 292 596 352 575

1105 291 1163 350 S.
1209 289 1428 350 PETRI
1467 290 1787 349 DAMlANI
1826 289 1982 350 OPP.
2028 288 2222 349 PARS
2261 288 2402 350 SEU
2439 289 2690 350 TOMUS
2725 289 2803 348 II.’
2843 321 2911 333 —
2951 289 3377 350 SERMONES.

3892 295 3999 358 57b

487 418 746 490 deusque
783 429 955 475 suum
999 413 1367 486 interpretem
1407 412 1774 487 purissimam
1822 414 2077 472 tenuisse
2123 413 2267 473 ti-A
2351 411 2481 470 Jam
2532 428 2665 472 vero
2719 411 2850 485 quis
2901 417 3119 471 tantam
3170 412 3322 472 Petri
3371 413 3636 488 gloriam,
3687 417 3822 492 quis
3879 423 3996 478 tam

485 507 619 564 dem
661 519 726 562 ac
773 502 1220 561 sincerissimam
1266 503 1583 566 veritatem,
1618 501 1975 560 auctoritatis
2017 502 2194 560 robur

485 596 766 664 attribuit,
795 588 888 644 6'7
928 590 1354 663 legendumque
1391 597 1600 648 sancta
1638 592 1957 649 universali
1997 592 2192 650 Eccle-

484 685 586 741 sia
635 679 937 753 delegavit.
987 678 1356 736 Postmodum
1412 695 1546 736 vero
1596 680 1686 737 vir
1732 681 2076 752 apostolicus
2121 681 2193 738 ad

485 771 801 843 Egyptum
844 767 1128 824 transiens
1155 783 1256 840 per
1286 767 1527 840 Lybiam
1569 767 1923 827 Marmarica
1961 777 2014 826 et
2050 771 2189 826 Am-

486 859 764 917 moniaca
821 855 954 914 ﬁdei
1001 870 1192 912 semen
1251 858 1492 928 sparsit;
1545 856 1915 930 Pentapoleos
1963 874 2193 931 quoque

481 946 795 1022 gentilibus
845 943 1074 1018 populis
1123 944 1328 1001 Christi
1394 945 1779 1018 Evangelium
1835 946 2188 1018 pradicavit.

479 1039 826 1106 Amputasse
864 1032 974 1089 sibi
1016 1039 1291 1105 praterea
1333 1032 1599 1104 pollicem
1639 1035 1866 1106 legitur,
1900 1041 1963 1092 ut
2005 1052 2190 1093 sacer-

481 1126 636 1184 dotio
682 1123 956 1197 reprobus
1007 1123 1330 1180 haberetur.
1367 1121 1480 1180 Sed
1529 1129 1752 1181 tantum
1788 1125 1847 1181 in
1895 1141 1963 1183 eo
2010 1127 2195 1198 potuit

478 1213 886 1289 pradestinata
934 1227 1202 1286 superna
1253 1211 1703 1284 dispensationis
1747 1213 1968 1283 electio,
2013 1219 2076 1271 ut
2121 1230 2194 1272 ne

480 1303 561 1362 sic
606 1301 845 1376 quidem
876 1302 1135 1374 perderet
1172 1300 1234 1356 in
1281 1315 1449 1357 nova
1491 1299 1689 1370 gratia
1723 1300 1835 1357 ﬁde
1873 1302 2025 1375 quod
2074 1302 2193 1375 pri-

481 1393 657 1449 mitus
704 1390 1045 1448 obtinuisset
1092 1388 1152 1445 in
1196 1403 1424 1460 genere.
1460 1388 1603 1446 Nam
1652 1391 1950 1463 episcopus
1989 1392 2190 1462 factus,

479 1480 935 1540 Alexandrinam
959 1469 1231 1536 fundavit
1260 1478 1571 1535 Ecclesiam
1597 1494 1858 1552 eamque,
1890 1487 2192 1554 postquam

482 1585 654 1643 super
678 1576 917 1641 petram,
953 1583 1086 1642 qua
1117 1567 1379 1624 Christus
1417 1574 1519 1636 est,
1561 1567 1810 1640 insignis
1846 1570 2193 1627 architectus

480 1660 684 1727 erexit,
735 1658 982 1731 glorioso
1032 1656 1289 1728 magistri
1333 1655 1422 1713 sui
1472 1657 1695 1714 nomini
1746 1656 1990 1714 ﬁdeliter
2028 1659 2194 1716 dedi—

2283 500 2518 558 eximia
2546 500 2906 559 celsitudinis
2937 500 3340 560 excellentiam
3375 518 3492 560 non
3537 503 3802 578 miretur,
3831 508 3998 581 quia,

2281 605 2416 647 cum
2451 589 2711 649 Salvator
2752 590 3072 664 inquireret
3099 607 3273 666 quem
3301 608 3426 651 esse
3464 609 3525 652 se
3556 595 3821 656 homines
3865 614 3998 672 per-

2281 677 2566 749 hiberent,
2595 678 2988 752 expositisque
3026 679 3387 738 diversorum
3426 683 3822 757 opinionibus,
3851 686 3998 759 quid

2278 766 2538 838 Apostoli
2583 766 2833 824 sentiant
2869 767 3274 836 consuluntur,
3318 775 3455 827 tunc
3502 771 3726 844 primus
3775 775 3999 833 exstitit

2277 855 2338 911 in
2390 871 2543 913 vera
2587 857 2719 914 ﬁdei
2775 856 3152 926 confessione,
3194 853 3289 912 68
3337 859 3438 932 qui
3488 861 3713 933 primus
3761 868 3886 921 erat
3934 863 4000 921 in

2277 945 2584 1017 apostolica
2615 945 2910 1018 dignitate.
2944 946 3039 1002 Ait
3067 946 3225 1003 enim
3263 946 3460 1005 Petrus
3501 968 3513 1007 :
3549 975 3572 999 «
3610 950 3695 1008 Tu
3730 967 3792 1008 es
3822 950 3996 1008 Chri-

2279 1037 2420 1100 stus,
2471 1032 2656 1089 Filius
2709 1032 2809 1089 Dei
2859 1032 2982 1089 vivi
3027 1036 3247 1098 (Matth.
3278 1036 3425 1105 XVI).
3465 1058 3484 1086 ι
3545 1035 3612 1094 Et
3653 1038 3942 1096 Dominus
3980 1055 3993 1093 :

2283 1145 2303 1170 α
2341 1120 2548 1179 Beatus
2589 1138 2669 1191 es,
2715 1120 2917 1180 Simon
2969 1121 3234 1195 Barjona,
3288 1125 3424 1197 quia
3461 1141 3612 1198 caro,
3646 1133 3701 1185 et
3749 1128 3998 1202 sanguis

2277 1224 2396 1266 non
2451 1209 2729 1267 revelavit
2792 1210 2917 1282 tibi,
2971 1211 3067 1268 sed
3123 1211 3287 1269 Pater
3336 1229 3519 1284 meus,
3559 1215 3660 1289 qui
3711 1216 3772 1274 in
3831 1215 4000 1276 catis

2277 1305 2392 1357 est:
2413 1299 2482 1357 Et
2528 1315 2632 1372 ego
2679 1300 2807 1358 dico
2871 1300 2995 1371 tibi,
3030 1301 3167 1374 quia
3220 1308 3284 1359 tu
3343 1319 3404 1360 es
3453 1304 3676 1378 Petrus,
3713 1313 3768 1363 et
3819 1322 4000 1380 super

2277 1386 2428 1444 hanc
2477 1392 2693 1460 petram
2747 1386 3047 1444 adiﬁcabo
3090 1386 3404 1446 Ecclesiam
3451 1406 3659 1461 meam,
3711 1399 3766 1449 et
3811 1399 3998 1466 porta

2277 1475 2451 1532 inferi
2487 1491 2598 1532 non
2641 1475 3042 1548 pravalebunt
3091 1476 3366 1536 adversus
3409 1494 3537 1536 eam
3568 1504 3580 1536 :
3612 1487 3667 1538 et
3707 1480 3810 1540 tibi
3846 1482 3998 1540 dabo

2277 1563 2467 1621 claves
2491 1565 2652 1636 regni
2682 1565 2987 1634 calorum,
3015 1567 3072 1622 et
3101 1565 3485 1642 quodcunque
3517 1569 3790 1643 ligaveris
3821 1588 3998 1646 super

2277 1657 2486 1709 terram
2514 1653 2622 1709 erit
2653 1652 2896 1726 ligatum
2929 1664 2985 1715 et
3010 1658 3073 1715 in
3102 1656 3282 1726 calis,
3310 1663 3365 1714 et
3394 1656 3787 1733 quodcunque
3816 1662 4000 1718 solve-

479 1747 650 1806 cavit.
694 1745 862 1803 Unde
903 1745 1116 1802 factum
1150 1751 1233 1800 est
1275 1750 1337 1802 ut
1373 1743 1572 1801 eadem
1621 1745 1869 1802 Ecclesia
1911 1762 2024 1804 non
2076 1743 2355 1826 tamBris
2389 1757 2563 1815 super
2609 1747 2817 1800 terram
2858 1745 2967 1803 erit
3010 1747 3265 1806 solutum
3307 1751 3361 1803 et
3404 1745 3466 1804 in
3513 1747 3675 1806 caelis
3718 1751 3935 1820 (Ibid.).
3971 1773 3993 1801 ο

480 1850 554 1893 ex
586 1833 760 1891 Marci
799 1849 975 1906 quam
1018 1848 1091 1889 ex
1133 1831 1283 1889 beati
1326 1831 1478 1889 Petri
1526 1833 1802 1891 vocabulo
1844 1835 2006 1891 sedes
2055 1851 2192 1908 apo-

477 1923 675 1981 stolica
702 1922 1004 1989 vocitetur,
1034 1926 1308 1994 tanquam
1351 1920 1398 1976 si
1441 1919 1644 1978 Petrus
1681 1921 1803 1993 ipse
1838 1937 1938 1994 per
1976 1939 2035 1979 se
2075 1923 2194 1981 illic

476 2010 857 2084 episcopalem
897 2008 1232 2066 cathedram
1286 2006 1592 2076 tenuisset;
1646 2008 1891 2082 ideoque
1937 2010 2190 2070 clavicu-

481 2101 609 2159 larii
653 2100 900 2159 calestis
939 2098 1213 2171 insignita
1245 2097 1548 2167 vocabulo,
1579 2097 1635 2154 in
1683 2105 1796 2156 toto
1834 2100 1971 2158 orbe
2011 2108 2191 2158 terra-

481 2205 612 2248 rum
667 2187 918 2245 Ecclesia
968 2187 1069 2243 illa
1119 2193 1246 2258 post
1299 2185 1543 2243 Romam
1595 2187 1914 2245 secundum
1976 2189 2193 2247 obtinet

483 2281 778 2337 thronum.
816 2279 880 2334 Et
905 2292 1237 2351 quanquam
1285 2275 1628 2340 Antiochia,
1661 2275 1761 2332 ubi
1793 2276 2007 2334 scilicet
2033 2277 2193 2334 Chri-

483 2367 685 2425 stiana
712 2366 1010 2439 religionis
1037 2380 1244 2422 nomen
1272 2371 1539 2422 exortum
1573 2370 1676 2433 est,
1718 2363 1919 2421 Petrus
1944 2363 2064 2436 ipse
2094 2380 2193 2436 per

483 2471 544 2513 se
572 2455 702 2513 ﬁdei
736 2453 1021 2528 primitias
1051 2452 1362 2523 intulisset,
1394 2453 1748 2525 superiorem
1781 2459 1967 2510 tamen
1998 2452 2190 2511 locum

484 2545 885 2605 Alexandrina
952 2543 1114 2602 sedes
1189 2542 1458 2612 obtinuit,
1515 2548 1577 2600 ut
1629 2542 1687 2599 in
1741 2542 2190 2600 eminentiorum

484 2636 742 2709 catalogo
774 2634 1000 2692 sedium
1038 2633 1299 2690 Romana
1345 2632 1619 2704 primum,
1658 2631 2054 2688 Alexandrina
2101 2648 2189 2690 se-

483 2725 763 2794 cundum,
789 2721 1150 2780 Antiochena
1177 2735 1312 2778 vero
1352 2719 1605 2777 Ecclesia
1646 2719 1877 2775 tertium
1911 2719 2194 2790 possideat

485 2813 892 2886 principatum.
928 2811 998 2868 Et
1026 2810 1227 2867 merito
1258 2809 1358 2866 ubi
1400 2809 1644 2877 Marcus,
1678 2807 1759 2864 ibi
1801 2806 2022 2871 Petrus,
2053 2807 2193 2880 quia

485 2903 703 2959 iluento
739 2899 1041 2971 Evangelii
1086 2897 1240 2969 quod
1286 2913 1361 2953 ex
1395 2913 1494 2954 ore
1544 2896 1693 2953 Petri
1737 2895 1897 2953 velut
1939 2910 2014 2951 ex
2055 2910 2193 2952 eru-

483 2989 659 3046 ctanti
706 2988 859 3045 fonte
901 2986 1198 3060 proﬂuxit,
1241 2984 1486 3054 Marcus,
1532 2991 1595 3041 ut
1641 2983 1975 3040 uberrimus
2019 2991 2191 3057 atque

485 3077 825 3150 perspicuus
853 3074 1104 3147 paradisi
1134 3073 1372 3143 ﬂuvius,
1402 3089 1538 3130 arva
1570 3073 1744 3131 totius
1785 3072 2056 3131 Ecclesia
2097 3089 2189 3131 co-

485 3164 705 3238 piosius
729 3160 1062 3227 inundavit.

559 3252 670 3310 Sed
709 3251 892 3327 quari
941 3257 1141 3324 potest,
1175 3267 1277 3308 cur
1320 3249 1524 3308 beatus
1571 3248 1817 3317 Marcus,
1863 3250 1966 3322 qui
2019 3257 2194 3308 tanta

488 3344 617 3402 ﬁdei
652 3349 936 3417 tantaque
974 3341 1122 3399 circa
1161 3341 1500 3414 magistrum
1542 3339 1869 3398 dilectionis
1907 3339 2195 3398 exstitisse

483 3432 858 3508 dignoscitur,
887 3439 952 3490 ut
981 3446 1171 3489 unum
1196 3445 1311 3498 cor,
1345 3444 1462 3487 una
1495 3436 1644 3487 certe
1673 3429 1732 3486 in
1761 3429 1986 3486 duabus
2020 3429 2196 3487 fuisse

485 3521 746 3594 personis
793 3519 989 3576 anima
1029 3518 1310 3587 videatur,
1357 3516 1613 3588 magistri
1663 3517 1754 3574 sui
1794 3517 1988 3574 laudes
2024 3522 2196 3590 atque

482 3609 770 3686 praconia
809 3609 1048 3667 omnino
1098 3605 1378 3666 tacuerit?
1411 3607 1551 3664 Nam
1604 3624 1734 3665 cum
1787 3608 1979 3665 caeteri
2017 3623 2196 3665 evan-

481 3701 702 3774 gelista
744 3697 1018 3757 sublimia
1066 3696 1215 3754 beati
1265 3695 1415 3753 Petri
1468 3697 1672 3754 merita
1722 3704 1776 3753 et
1819 3697 2192 3770 principalem

485 3788 845 3848 celsitudinis
871 3786 1112 3860 gloriam
1139 3785 1470 3858 frequenter
1490 3792 1854 3854 enumerent,
1886 3785 2042 3843 solus
2069 3785 2195 3855 iste,

482 3878 529 3934 si
568 3883 722 3935 totus
762 3874 1059 3948 Evangelii
1107 3874 1200 3932 sui
1246 3881 1406 3932 tenor
1448 3873 1790 3945 inquiritur,
1829 3872 1928 3930 vix
1976 3871 2194 3947 aliquid

485 3982 658 4039 super
695 3965 967 4036 magistro
1012 3979 1116 4022 suo
1165 3962 1449 4033 retulisse,
1482 3961 1635 4035 quod
1683 3961 1751 4019 ad
1791 3962 2022 4020 laudem
2066 3978 2196 4034 per-

483 4057 680 4124 tineat,
709 4055 1026 4113 invenitur.
1069 4053 1193 4112 Imo
1229 4054 1278 4111 si
1311 4053 1619 4124 diligenter
1659 4052 1986 4126 inspicitur,
2028 4059 2199 4126 auget

485 4160 549 4201 ac
594 4143 784 4200 verbis
829 4141 1174 4212 accumulat,
1206 4142 1254 4198 si
1310 4141 1452 4214 quid
1507 4140 1567 4196 in
1625 4157 1692 4199 eo
1747 4139 2196 4214 reprehensibile

485 4238 612 4303 est;
644 4229 950 4304 supprimit
981 4238 1196 4300 autem,
1228 4235 1284 4287 et
1327 4227 1488 4287 velut
1527 4245 1600 4286 ex
1641 4229 1929 4287 industria
1964 4229 2194 4300 levigat,

486 4321 574 4382 vel
611 4322 783 4379 etiam
810 4321 1151 4394 plerumque
1185 4319 1412 4377 silentio
1443 4321 1698 4393 praeterit
1725 4321 1878 4392 quod
1910 4321 2198 4380 laudabile

486 4417 588 4470 est.
627 4411 788 4480 Quod
841 4410 1167 4468 evidentius
1202 4409 1582 4478 ostendimus,
1615 4410 1661 4467 si
1705 4426 1888 4483 pauca
1934 4411 2194 4485 ejusdem

486 4500 787 4574 Evangelii
831 4501 1159 4558 testimonia
1204 4499 1452 4558 breviter
1487 4515 1862 4573 apponamus.
1898 4499 2059 4558 Certe
2095 4517 2195 4574 per

485 4608 688 4650 omnes
767 4591 1046 4648 Ecclesias
1115 4589 1324 4648 celebri
1409 4589 1664 4663 quotidie
1744 4591 2197 4664 frequentatione

486 4681 760 4754 vulgatur
794 4679 950 4753 quod
979 4679 1176 4737 beatus
1222 4678 1422 4737 Petrus
1457 4693 1630 4751 super
1656 4694 1834 4752 aquas
1872 4679 2197 4739 ambulasse

486 4769 848 4827 describitur.
890 4767 1050 4837 Quod
1095 4768 1296 4840 utique
1345 4767 1648 4824 Matthaus
1692 4774 1806 4824 tam
1858 4775 2048 4841 aperte
2098 4770 2197 4826 de-

485 4857 660 4916 clarat
717 4863 782 4914 ut
824 4855 1145 4914 ambulanti
1199 4855 1445 4913 Domino
1511 4871 1680 4928 super
1732 4871 1888 4913 mare
1965 4856 2197 4914 Petrum

485 4949 856 5020 exclamasse,
908 4949 1112 5006 referat
1157 4972 1168 5004 :
1213 4968 1240 5000 ‹‹
1269 4946 1535 5016 Domine,
1581 4945 1627 5004 si
1685 4953 1744 5004 tu
1798 4963 1876 5015 es,
1921 4948 2058 5021 jube
2106 4963 2197 5004 me

487 5041 683 5098 venire
707 5040 774 5097 ad
803 5046 851 5096 te
868 5055 1040 5112 super
1057 5054 1256 5112 aquas.
1290 5060 1309 5088 ι›
1334 5037 1596 5109 Cumque
1622 5036 1862 5094 dixisset
1890 5055 1900 5092 :
1934 5035 2190 5106 «Veni,»

484 5137 691 5204 prasto
721 5127 1022 5202 subjunxit
1057 5144 1070 5181 :
1110 5148 1129 5175 ι
1167 5127 1235 5183 Et
1274 5125 1626 5184 descendens
1674 5125 1874 5181 Petrus
1917 5123 1988 5180 de
2031 5124 2197 5181 navi-

485 5220 633 5278 cula.
665 5216 999 5275 ambulabat
1043 5230 1212 5287 super
1245 5230 1477 5288 aquam,
1513 5221 1574 5272 ut
1621 5214 1845 5272 veniret
1891 5213 1960 5270 ad
1993 5213 2195 5270 Jesum

487 5311 703 5380 (Matth.
730 5307 877 5376 XIV).
907 5328 930 5353 η
964 5302 1192 5362 Marcus
1213 5312 1402 5360 autem
1422 5304 1487 5361 ad
1522 5304 1680 5362 hunc
1705 5305 1947 5361 veniens
1983 5303 2194 5370 locum,

488 5395 681 5451 omnia
779 5409 880 5468 per
945 5392 1205 5451 ordinem
1288 5393 1457 5464 plena
1551 5391 1827 5448 relatione
1927 5390 2198 5449 describit

488 5486 682 5552 (Marc.
713 5487 814 5552 Vi),
847 5488 1084 5557 excepto
1127 5480 1280 5555 quod
1316 5479 1467 5537 Petri
1504 5479 1729 5538 nullam
1766 5480 1997 5554 penitus
2028 5496 2193 5537 men-

485 5569 700 5649 tionem
731 5571 883 5628 facit.

2277 1831 2554 1905 Nunquid
2582 1832 2690 1890 hoc
2731 1833 2944 1893 tonitru
2988 1836 3248 1895 muneris
3287 1835 3602 1908 singularis
3633 1853 3807 1896 aures
3845 1839 3994 1896 beati

2277 1921 2451 1980 Marci
2483 1921 2776 1994 praterire
2795 1924 3001 1996 potuit,
3025 1925 3176 1997 quod
3196 1924 3370 1982 totius
3390 1925 3598 1982 mundi
3619 1925 3994 1985 latitudinem

2275 2011 2655 2084 omniumque
2685 2011 2903 2083 ubique
2932 2012 3193 2071 ﬁdelium
3219 2028 3317 2070 ora
3345 2012 3706 2086 complevit?
3735 2015 3807 2072 Et
3838 2015 3991 2089 quod

2275 2100 2346 2156 de
2373 2098 2537 2156 Petro
2566 2098 2870 2155 Matthaus
2898 2098 3066 2166 dixit,
3102 2100 3304 2157 Petrus
3336 2105 3400 2157 ut
3433 2100 3538 2158 hoc
3572 2117 3678 2159 suo
3707 2102 3994 2174 discipulo

2277 2185 2488 2244 diceret
2507 2184 2812 2258 ignoravit,
2840 2185 2997 2243 hunc
3019 2187 3308 2259 siquidem
3331 2187 3591 2245 historia
3620 2188 3806 2246 locum
3836 2187 3993 2246 Mar-

2276 2289 2378 2330 cus
2403 2272 2479 2330 ita
2508 2271 2669 2330 velut
2693 2271 3036 2344 negligendo
3062 2272 3447 2331 transcurrit?
3475 2274 3856 2349 Respondeas
3882 2276 3992 2334 Pe-

2277 2365 2400 2419 trus
2427 2358 2506 2417 ait
2533 2383 2544 2416 :
2582 2382 2600 2408 ι·
2632 2358 2722 2416 Tu
2748 2374 2808 2415 es
2837 2358 3118 2418 Christus.
3152 2361 3219 2418 Et
3255 2363 3646 2421 comminatus
3677 2369 3761 2420 est
3799 2364 3884 2422 eis
3918 2379 3995 2421 ne

2276 2450 2370 2507 cui
2411 2449 2664 2507 dicerent
2711 2451 2782 2508 de
2825 2451 2927 2509 illo
2955 2453 3144 2523 (Marc.
3176 2455 3257 2517 II).
3291 2476 3316 2499 κ
3372 2451 3442 2508 Et
3486 2467 3603 2510 non
3652 2454 3819 2511 modo
3872 2469 3991 2512 non

2281 2541 2452 2598 refert
2482 2539 2716 2598 Petrum
2749 2557 2782 2598 a
2815 2541 3056 2600 Domino
3087 2541 3403 2615 singularis
3431 2542 3584 2600 inter
3611 2549 3846 2603 cateros
3877 2544 3995 2618 pri-

2283 2629 2480 2702 vilegii
2523 2628 2704 2701 gloria
2743 2629 3146 2701 sublimatum,
3176 2631 3273 2688 sed
3314 2630 3505 2704 potius
3536 2639 3762 2690 austera
3794 2640 3995 2691 narrat

2277 2720 2778 2778 animadversione
2815 2729 3164 2793 correptum.
3197 2721 3342 2778 Nam
3388 2721 3559 2794 paulo
3596 2729 3739 2796 post,
3769 2739 3904 2782 cum
3938 2725 3993 2782 ei

2282 2808 2482 2865 Petrus
2507 2807 2882 2875 dissuaderet,
2909 2824 2983 2866 ne
3004 2825 3063 2867 se
3079 2808 3336 2884 cruciﬁgi
3362 2810 3729 2883 permitteret,
3759 2812 3994 2873 Marcus

2279 2909 2416 2951 eum
2438 2900 2708 2967 tanquam
2739 2895 2859 2953 zelo
2879 2904 3208 2968 permotum
3230 2897 3450 2955 dixisse
3475 2903 3747 2958 testatur:
3779 2924 3803 2951 α
3834 2901 3995 2960 Vade

2279 2989 2430 3040 retro
2471 2997 2582 3053 me,
2621 2983 2852 3054 Satana,
2899 2985 3175 3058 quoniam
3221 3001 3335 3043 non
3381 2987 3533 3058 sapis
3584 3003 3670 3058 ea,
3719 3004 3852 3062 qua
3889 2989 3995 3048 Dei

2281 3076 2438 3140 sunt,
2456 3071 2554 3128 sed
2582 3087 2718 3145 qua
2745 3072 3050 3132 hominum
3084 3076 3295 3142 (Ibid).
3321 3094 3350 3128 ››
3379 3074 3530 3145 Quid
3563 3081 3646 3134 est
3674 3092 3808 3151 ergo
3836 3080 3994 3150 quod

2281 3161 2481 3219 beatus
2513 3162 2741 3220 Marcus
2767 3163 3054 3236 quidquid
3081 3163 3154 3220 ad
3187 3163 3445 3236 magistri
3468 3164 3560 3222 sui
3591 3163 3835 3238 gloriam
3871 3182 3997 3240 per-

2279 3250 2442 3320 tinet,
2470 3249 2629 3308 velut
2652 3249 2932 3309 oblivioni
2963 3250 3213 3322 tradidit,
3237 3251 3525 3326 quidquid
3553 3269 3691 3313 vero
3711 3256 3781 3313 ad
3808 3272 3996 3330 repre-

2279 3340 2618 3398 hensionem
2699 3347 2815 3398 tam
2896 3341 3080 3400 tenaci
3161 3341 3459 3400 memoria
3537 3345 3992 3418 commendavit,

2280 3429 2434 3488 unde
2489 3436 2803 3505 praceptor
2862 3431 2989 3507 ejus
3036 3431 3417 3504 laudaretur,
3469 3432 3632 3492 velut
3673 3435 3994 3509 ignorando

2279 3521 2626 3594 pertransiit,
2665 3522 2822 3581 unde
2857 3527 3174 3590 notaretur,
3220 3529 3384 3582 acuta
3429 3539 3664 3598 prorsus
3707 3533 3763 3585 et
3812 3527 3994 3602 plana

2281 3611 2556 3670 relatione
2606 3612 2857 3685 digessit,
2889 3613 3214 3687 prasertim
3255 3628 3391 3672 cum
3442 3614 3724 3688 quidquid
3764 3617 3992 3677 occulto

2279 3701 2684 3773 conscriberet,
2715 3703 2840 3776 ejus
2877 3702 3174 3761 obtutibus
3225 3702 3584 3761 offerendum
3619 3719 3742 3762 esse
3790 3705 3990 3778 dispo-

2281 3795 2461 3857 neret,
2487 3789 2619 3862 ejus
2646 3789 3007 3863 probandum
3032 3789 3254 3863 judicio
3282 3792 3650 3851 reservaret?
3673 3793 3801 3851 Jam
3826 3809 3990 3865 vero,

2281 3885 2345 3936 ut
2374 3877 2672 3936 brevitatis
2709 3879 2898 3938 studio
2937 3881 3122 3938 multa
3159 3888 3515 3954 prateream,
3547 3883 3614 3940 ad
3657 3883 3989 3957 passionem

2280 3967 2511 4026 Domini
2545 3969 2876 4029 veniamus.

2349 4059 2512 4118 Certe
2569 4069 2773 4118 notum
2828 4065 2912 4119 est
2961 4061 3122 4134 quia,
3166 4063 3452 4122 ministris
3498 4061 3988 4135 comprehenden-

2281 4146 2436 4205 tibus
2476 4148 2812 4221 Dominum,
2847 4148 3072 4222 Petrus,
3117 4156 3183 4210 ut
3229 4166 3430 4209 revera
3463 4149 3648 4208 ﬁdelis
3691 4164 3894 4209 servus
3936 4156 3991 4208 et

2279 4236 2508 4295 fervens
2549 4237 2786 4310 spiritu,
2837 4237 2898 4295 in
2941 4239 3125 4296 ictum
3164 4238 3339 4311 gladii
3394 4253 3455 4297 se
3508 4239 3659 4296 ultor
3704 4239 3891 4296 erexit
3937 4244 3992 4296 et

2278 4327 2600 4385 auriculam
2659 4328 2811 4385 servi
2857 4328 3064 4386 Judam
3119 4329 3468 4402 proditorem
3515 4327 3761 4400 impium
3811 4329 3992 4386 comi-

2283 4416 2474 4485 tantis,
2507 4415 2768 4474 abscidit.
2816 4416 2981 4474 Unde
3033 4423 3085 4473 et
3127 4416 3419 4476 Joannes:
3458 4438 3485 4468 «
3519 4415 3744 4487 Simon,
3778 4416 3992 4489 inquit,

2286 4503 2491 4562 Petrus
2545 4503 2766 4562 habens
2821 4503 3102 4576 gladium,
3134 4505 3337 4563 eduxit
3383 4504 3574 4576 illum,
3607 4511 3662 4562 et
3713 4505 3996 4578 percussit

2283 4591 2570 4665 pontiﬁcis
2592 4607 2822 4650 servum
2855 4597 2910 4649 et
2936 4591 3180 4650 abscidit
3217 4592 3344 4666 ejus
3369 4592 3695 4651 auriculam
3725 4591 3993 4650 dextram

2285 4683 2460 4752 (Joan.
2506 4685 2700 4748 XVIII).
2754 4703 2776 4728 ιο
2835 4678 2947 4739 Sed
2998 4679 3100 4740 ubi
3147 4681 3398 4740 Joannes
3445 4680 3688 4754 scripsit,
3735 4702 3755 4730 α
3789 4679 3993 4740 Simon

2287 4769 2561 4838 Petrus,»
2612 4767 2691 4824 ibi
2738 4767 2964 4828 Marcus
3012 4771 3224 4844 posuit,
3256 4792 3276 4819 σ
3316 4786 3478 4828 unus
3515 4776 3708 4827 autem
3751 4767 3994 4841 quidam

2283 4859 2353 4915 de
2400 4857 2903 4918 circumstantibus
2941 4860 3128 4931 (Marc.
3174 4862 3322 4928 XIV),
3358 4878 3384 4909 »
3439 4865 3730 4932 quatenus
3769 4859 3851 4916 sic
3893 4875 3992 4917 ve-

2283 4946 2464 5004 ritatis
2500 4946 2796 5006 historiam
2831 4955 3068 5020 texeret,
3102 4953 3164 5006 ut
3207 4954 3400 5006 tamen
3433 4946 3695 5016 magistri
3748 4946 3996 5020 gloriam

2285 5034 2516 5094 silentio
2569 5037 2905 5110 prateriret.
2965 5038 3173 5112 Sicque
3227 5037 3469 5094 veridici
3519 5035 3812 5108 scriptoris
3880 5035 3994 5093 im-

2284 5125 2464 5195 pleret
2500 5125 2777 5197 ofﬁcium,
2812 5133 2875 5184 ut
2913 5141 3173 5199 persona
3200 5123 3508 5197 cujuslibet
3549 5123 3874 5198 ignorando
3908 5124 3994 5180 fa-

2289 5228 2501 5283 vorem,
2554 5213 2924 5270 assentatoris
2974 5227 3087 5271 non
3141 5211 3465 5270 incurreret
3511 5225 3770 5268 navum.
3822 5209 4000 5266 Mera

2284 5301 2495 5374 quippe
2535 5301 2757 5359 veritati
2809 5303 3161 5371 deserviens,
3216 5299 3277 5356 in
3331 5299 3627 5366 omnibus,
3670 5311 3806 5370 qua
3859 5311 4000 5354 con-

2285 5390 2526 5464 scripsit,
2585 5391 2871 5449 commodi
2946 5405 3107 5464 spem
3190 5389 3458 5458 nescivit,
3514 5383 3787 5444 amicitia
3866 5384 4004 5458 jura

2282 5478 2640 5555 contempsit,
2697 5482 3019 5540 humanam
3093 5479 3362 5538 funditus
3444 5475 3686 5552 gratiam
3768 5475 4001 5548 ignora-

2284 5571 2381 5630 vit.
2423 5569 2716 5629 Postremo
2781 5569 2851 5627 ad
2909 5568 3060 5626 Petri
3121 5569 3488 5640 negationem
3547 5565 3811 5638 veniens,
3864 5580 3999 5626 cuin
