4184 6470
138 317 243 374 577

1674 322 1922 383 SERMO
1963 323 2113 381 XIV.

3542 329 3648 388 578

133 441 334 500 caeteri
415 439 790 513 evangelistae
861 444 1015 515 quod
1090 461 1121 502 a
1200 445 1364 504 Petro
1441 446 1656 504 dictum
1727 452 1915 518 est,A
1939 449 2141 506 asserit
2183 447 2319 506 hora
2364 449 2522 506 tertia
2559 452 2750 520 (Marc.
2785 453 2891 519 xv)
2926 450 3243 510 Dominum
3272 451 3644 512 cruciﬁxum.

135 529 334 588 verbis
389 529 722 588 mitioribus
775 530 1070 606 levigent;
1137 533 1293 593 solus
1353 537 1458 593 iste
1509 535 1716 594 durius
1776 537 1862 595 lo-

135 619 343 691 quitur
404 624 460 676 et
519 625 791 693 tanquam
851 621 1070 678 crimen
1133 630 1476 698 exaggeret,
1542 623 1862 684 incautiora

136 704 486 777 magistrum
543 705 719 764 verba
773 708 1201 782 praecipitanter
1265 711 1536 769 effudisse
1604 718 1857 772 testatur.

140 816 168 846 α
220 793 437 868 ϐωρὶι,
498 795 726 867 inquit,
785 798 1290 870 anathematizare,
1328 807 1401 858 et
1447 801 1663 873 jurare,
1723 802 1862 876 quia

140 880 338 940 nescio
393 881 712 952 hominem,
762 899 934 958 quem
985 885 1129 944 dicis
1177 889 1394 959 (Ibid)
1443 910 1470 941 »
1517 887 1652 957 Cur,
1699 889 1862 947 beate

139 969 351 1040 Marce,
409 977 524 1028 tam
578 973 842 1044 egregio,
913 978 1025 1033 tam
1079 974 1297 1049 insigni
1355 977 1686 1051 praeceptori
1739 983 1857 1044 tuo,

140 1075 315 1133 quem
348 1060 546 1118 animo
583 1061 824 1122 devotus
858 1065 1031 1124 unice
1055 1065 1270 1139 diligis,
1300 1067 1448 1140 stylo
1482 1083 1595 1126 non
1629 1067 1862 1142 parcis?

141 1147 235 1217 Ut,
302 1153 357 1204 et
408 1163 540 1222 quae
590 1146 863 1212 laudibus
915 1153 1030 1211 sint
1087 1155 1374 1213 efferenda
1424 1163 1751 1229 praetereas,
1806 1162 1863 1215 et

138 1253 273 1313 quae
350 1238 820 1310 reprehensionis
905 1242 1211 1303 videantur
1283 1252 1445 1318 apta,
1523 1246 1860 1305 describas?

141 1323 238 1381 69
296 1327 415 1386 Cur
476 1329 584 1388 hoc
648 1331 843 1403 potius
890 1333 1040 1392 libro
1102 1340 1200 1392 tuo
1256 1349 1370 1392 non
1425 1334 1652 1406 inseris,
1706 1335 1860 1409 quod

142 1413 348 1474 Petrus
394 1416 463 1473 ad
507 1417 832 1490 jussionem
878 1421 1134 1492 Domini,
1197 1423 1382 1495 primo
1439 1422 1654 1482 scilicet
1701 1424 1859 1484 hami

134 1501 317 1575 jactu,
366 1507 581 1578 piscem
636 1510 802 1582 cepit,
853 1509 915 1568 in
963 1513 1129 1586 cujus
1179 1527 1275 1570 ore
1323 1518 1589 1570 staterem
1628 1514 1857 1587 reperit,

139 1609 318 1666 quem
362 1611 465 1669 pro
511 1611 587 1663 se,
625 1599 801 1658 simul
845 1607 902 1658 et
938 1602 1063 1675 ipso
1102 1601 1406 1674 tributum,
1447 1603 1600 1678 quod
1648 1603 1860 1662 Caesari

138 1681 476 1753 debebatur,
522 1690 803 1760 tanquam
847 1686 1096 1748 Domino
1134 1697 1500 1764 comparatus
1537 1693 1864 1765 appendit?

1943 535 2087 605 Quae
2117 538 2364 610 profecto
2401 538 2703 597 diversitas
2740 540 2846 596 ista
2878 538 3192 610 dirimitur,
3231 546 3314 611 ut,
3365 543 3643 615 quoniam

1943 627 2084 682 hora
2141 626 2303 682 tertia
2356 627 2694 685 tumultuati
2748 634 2881 685 sunt
2935 647 2946 684 :
2999 627 3298 700 Cruciﬁge,
3350 630 3644 702 cruciﬁge,

1943 717 2142 775 eadem
2185 716 2325 775 hora
2364 717 2674 776 Dominum
2719 719 2936 791 linguze
2975 719 3370 777 cruciﬁxerint
3411 719 3646 778 Judmo-

1942 821 2094 874 rum,
2136 821 2311 879 quem
2354 806 2493 863 hora
2531 813 2692 864 sexta
2739 806 3106 879 corporaliter
3154 807 3302 866 clavi
3352 808 3648 866 conﬁxere

1940 892 2268 966 gentilium.
2322 893 2415 951 Illi
2463 894 2656 970 itaque
2695 895 2864 967 juxta
2905 895 3280 968 corporalem,
3330 904 3391 954 ut
3438 897 3517 954 ita
3560 895 3648 954 lo-

1943 997 2110 1055 quar,
2146 983 2226 1040 rei
2264 988 2438 1053 gestae
2473 982 2794 1054 loquuntur
2829 983 3165 1053 historiam;
3207 984 3333 1055 iste,
3376 984 3646 1056 spiritua-

1943 1069 2058 1126 lem
2096 1071 2329 1142 protulit
2369 1071 2438 1127 de
2479 1071 2694 1128 furiosa
2748 1070 3085 1130 Judaaorum
3130 1072 3470 1130 crudelitate
3515 1087 3650 1130 sen-

1943 1157 2200 1214 tentiam.
2249 1157 2344 1215 Illi
2403 1164 2675 1231 praeterea
2717 1159 2994 1231 referunt,
3051 1167 3183 1219 ante
3228 1159 3363 1235 galli
3415 1169 3649 1218 cantum

1945 1252 2027 1302 ter
2064 1263 2097 1303 a
2137 1246 2303 1304 Petro
2340 1245 2655 1305 Dominum
2695 1247 2873 1306 fuisse
2902 1256 3172 1322 negatum
3202 1251 3424 1318 (Matth.
3457 1260 3646 1319 XXVI;

1941 1337 2073 1390 Luc.
2123 1339 2312 1404 XXII);
2358 1335 2481 1404 iste,
2525 1333 2620 1408 qui
2662 1333 2769 1392 hoc
2805 1350 2879 1392 ex
2917 1351 3014 1394 ore
3053 1335 3270 1395 scilicet
3314 1338 3498 1410 ipsius
3548 1352 3648 1394 ne-

1941 1421 2130 1496 gantis
2179 1423 2421 1494 audivit,
2472 1438 2591 1481 non
2645 1429 2950 1498 antequam
3000 1425 3190 1497 gallus
3237 1431 3504 1494 cantaret,
3551 1423 3650 1481 sed

1942 1517 2252 1584 antequam
2307 1512 2396 1570 bis
2453 1518 2748 1583 cantaret,
2817 1512 3179 1585 negationem
3243 1513 3389 1570 hanc
3445 1513 3652 1569 factam

1942 1615 2063 1658 esse
2120 1600 2450 1674 perscripsit
2495 1604 2682 1673 (Marc.
2740 1603 2882 1672 XIV).
2940 1599 3101 1670 Quod
3155 1601 3424 1674 profecto,
3480 1600 3652 1673 juxta

1943 1690 2116 1747 ﬁdem
2154 1691 2256 1760 rei,
2302 1690 2578 1749 veraciter
2613 1691 2939 1765 contigisse,
2974 1692 3122 1750 sicut
3166 1690 3390 1750 Marcus
3427 1689 3650 1762 asserit,

142 1775 370 1839 (Matth.
410 1780 584 1844 XVII.)
637 1776 916 1851 Nunquid
963 1786 1018 1838 et
1067 1781 1174 1838 hoc
1222 1788 1272 1838 te
1327 1781 1476 1856 fugit
1518 1783 1674 1857 quia,
1715 1791 1914 1861 post-B
1940 1779 2339 1844 indubitanter
2385 1782 2732 1853 agnoscitur.
2783 1781 2946 1852 Quod
2999 1789 3192 1842 autem
3243 1782 3345 1839 alii
3401 1798 3650 1855 evange—

139 1877 321 1935 quam
372 1861 463 1923 illi
512 1863 771 1926 Salvator
819 1868 1144 1942 claudendi,
1188 1870 1309 1929 sive
1362 1872 1648 1945 pandendi
1703 1877 1863 1947 regni

139 1953 390 2012 caelestis
419 1957 793 2030 privilegium
822 1960 1091 2032 contulit,
1123 1968 1431 2034 postquam
1463 1963 1549 2020 illi
1588 1964 1864 2024 universa

144 2051 432 2104 terrarum
476 2064 653 2120 regna
691 2049 937 2124 subjecit
973 2054 1192 2120 (Matth.
1237 2057 1384 2122 XVI),
1418 2059 1722 2127 postquam
1761 2055 1860 2112 de-

142 2134 344 2209 nique,
391 2152 464 2194 ne
495 2136 638 2196 ﬁdes
675 2139 800 2212 ejus
832 2147 1108 2214 tanquam
1146 2142 1317 2200 totius
1349 2141 1620 2201 Ecclesiae
1651 2144 1860 2202 funda—

142 2231 410 2282 mentum
468 2227 816 2302 quandoque
869 2228 1157 2302 deﬁceret,
1211 2246 1271 2288 se
1321 2246 1512 2288 orasse
1568 2233 1865 2305 perhibuit

142 2314 294 2384 (Luc.
359 2317 534 2388 XXII),
598 2331 772 2390 super
827 2324 1104 2376 cunctum
1158 2333 1296 2376 mox
1359 2320 1562 2380 ovium
1621 2337 1861 2381 suarum

137 2418 372 2477 gregem
421 2404 476 2464 ei
520 2405 644 2465 vice
685 2422 789 2465 sua
832 2408 1118 2481 passionis
1162 2411 1483 2468 custodiam
1530 2411 1865 2485 delegavit?

144 2513 170 2544 α
205 2491 395 2564 Petre,
435 2495 649 2569 inquit,
679 2495 873 2570 diligis
903 2512 994 2556 me
1021 2507 1043 2556 ?
1089 2497 1260 2556 Pasce
1307 2515 1443 2558 oves
1472 2517 1651 2559 meas.
1682 2506 1859 2564 (Joan.

146 2585 306 2651 XXI.)
337 2602 364 2634 ι)
400 2581 516 2640 Cur
542 2583 720 2657 igitur
755 2601 788 2642 a
828 2593 905 2644 tot
945 2587 1204 2659 magistri
1234 2590 1537 2661 praeconiis
1572 2592 1862 2650 calamum

143 2670 443 2743 reprimis,
492 2679 547 2730 et
593 2673 732 2745 sola,
782 2688 913 2747 quae
955 2673 1309 2734 inﬁrmitatis
1355 2685 1512 2749 sunt,
1555 2679 1626 2736 ad
1675 2687 1880 2752 poste--

142 2773 349 2816 rorum
409 2761 749 2819 memoriam
800 2761 947 2836 stylo
1007 2765 1370 2824 committis?
1441 2766 1554 2825 Sed
1623 2769 1863 2828 omnino

141 2846 499 2907 credendum
533 2858 636 2919 est,
674 2853 878 2910 fratres
919 2853 1056 2925 mei,
1094 2855 1231 2927 quia
1271 2871 1406 2914 cum
1447 2873 1600 2915 unus
1629 2864 1861 2916 utrum-

144 2954 260 3011 que
311 2940 550 3014 spiritus
595 2941 850 3015 impleat,
911 2959 1066 3002 unus
1108 2947 1414 3018 utriusque
1465 2948 1633 3005 corda
1681 2949 1858 3022 possi‘

143 3025 310 3098 deat;
359 3028 504 3086 alter
538 3028 610 3087 ab
649 3029 849 3102 altero,
890 3031 990 3089 ille
1028 3032 1090 3090 in
1141 3032 1408 3102 docendi,
1452 3035 1563 3093 iste
1607 3036 1668 3093 in
1716 3036 1859 3093 scri-

1945 1869 2092 1926 listze
2147 1869 2370 1942 dicunt,
2427 1870 2505 1927 ita
2567 1871 2732 1929 debet
2789 1872 3037 1946 intelligi
3089 1871 3182 1927 70
3235 1877 3300 1930 ut
3353 1873 3499 1930 trina
3551 1870 3653 1929 illa

1945 1960 2171 2031 negatio
2231 1968 2362 2017 ante
2421 1959 2559 2033 galli
2619 1962 2856 2034 quidem
2915 1969 3138 2021 tantum
3205 1963 3378 2021 fuerit
3430 1968 3648 2036 ccepta,

1944 2047 2040 2105 sed
2097 2054 2395 2121 postquam
2450 2050 2626 2106 semel
2672 2050 2898 2122 cecinit,
2947 2051 3020 2108 sit
3070 2050 3319 2124 expleta,
3363 2056 3444 2118 ut,
3503 2066 3652 2123 quo-

1946 2137 2101 2195 niam
2133 2138 2191 2195 in
2233 2137 2543 2212 Scripturis
2582 2155 2710 2211 pars
2742 2138 2882 2198 solet
2919 2141 3052 2214 poni
3091 2156 3195 2214 pro
3235 2145 3368 2211 toto,
3397 2139 3458 2198 id
3496 2141 3652 2215 quod

1943 2243 2043 2300 per
2082 2226 2418 2284 Matthteum
2457 2228 2667 2286 dicitur
2713 2249 2724 2286 :
2772 2251 2798 2282 «
2841 2231 3168 2303 Antequam
3216 2228 3405 2303 gallus
3441 2235 3649 2299 cantet,

1947 2322 2030 2372 ter
2077 2330 2168 2372 me
2221 2315 2478 2389 negabis,
2516 2337 2542 2368 »
2585 2317 2666 2374 sic
2704 2316 3058 2390 intelligatur
3091 2325 3366 2390 tanquam
3398 2316 3608 2374 diceret
3641 2339 3654 2374 :

1949 2413 2032 2461 ter
2070 2418 2162 2460 me
2201 2412 2517 2476 negaturus
2556 2412 2867 2478 antequam
2905 2405 3095 2479 gallus
3133 2411 3339 2474 cantet,
3382 2405 3656 2479 incipies;

1945 2492 2044 2551 sed
2084 2492 2346 2551 eamdem
2386 2494 2774 2566 negationem,
2819 2503 3119 2568 postquam
3167 2495 3345 2552 semel
3385 2501 3656 2552 cantave-

1946 2584 2040 2655 rit,
2105 2591 2418 2658 antequam
2471 2591 2698 2642 cantare
2752 2585 2842 2643 bis
2891 2586 3140 2659 adjiciat,
3205 2584 3655 2644 consummabis.

1949 2674 2042 2733 Sic
2073 2674 2285 2748 itaque,
2317 2681 2371 2731 et
2401 2675 2553 2746 quod
2589 2675 2815 2733 Marcus
2845 2675 2925 2732 ait
2962 2695 2973 2732 :
3015 2697 3042 2729 «
3073 2675 3418 2750 Priusquam
3466 2674 3657 2746 gallus

1944 2770 2135 2821 cantet
2175 2763 2304 2832 bis;
2342 2785 2368 2815 »
2403 2768 2459 2820 et
2494 2763 2648 2838 quod
2685 2764 2784 2821 alii
2819 2764 3020 2822 dicunt
3052 2783 3063 2820 :
3101 2785 3127 2816 α
3168 2764 3496 2838 Antequam
3531 2764 3654 2836 gal-

1945 2853 2036 2912 lus
2078 2859 2286 2922 cantet,
2329 2859 2412 2911 ter
2455 2869 2547 2911 me
2587 2853 2844 2927 negabis,
2884 2876 2911 2908 »
2954 2855 3084 2912 licet
3122 2853 3315 2912 verbis
3351 2853 3658 2914 videantur

1946 2941 2334 3001 exterioribus
2373 2943 2686 3014 dissonare,
2728 2942 3244 3016 congruentissima
3283 2943 3658 3017 reperiuntur

1946 3031 2267 3090 intentione
2297 3047 2631 3106 congruere.

140 3113 317 3173 bendi
375 3117 566 3176 studio
623 3135 738 3178 non
789 3120 1092 3181 discordat.
1153 3121 1315 3182 Sicut
1365 3125 1522 3183 enim
1575 3125 1776 3184 Petrus
1823 3142 1914 3220 ac
1977 3120 2218 3220 -Neque
2266 3120 2423 3220 enim
2476 3121 2844 3220 sine-causa,
2888 3120 3088 3220 fratres
3131 3123 3266 3193 mei,
3306 3121 3504 3220 beatus
3553 3122 3658 3178 iste

141 3209 373 3280 propria
419 3225 525 3268 sua
569 3211 739 3271 laude
785 3213 1067 3285 cohibuit,
1115 3215 1194 3273 ita
1234 3216 1524 3276 veridicus
1560 3217 1720 3276 illius
1759 3220 1854 3276 in-

137 3301 355 3370 terpres
413 3300 488 3357 ab
536 3317 622 3372 ea,
670 3319 844 3377 quam
886 3305 947 3362 in
997 3306 1269 3376 magistro
1311 3323 1430 3366 non
1473 3307 1692 3380 didicit,
1736 3325 1858 3368 suze

133 3383 540 3459 descriptionis
619 3392 932 3450 articulum
1010 3393 1341 3452 refrenavit.
1419 3396 1510 3454 Ad
1579 3413 1858 3469 magnum

136 3473 354 3548 quippe
407 3477 623 3536 factum
676 3489 758 3539 est
799 3488 1010 3540 nostra;
1055 3483 1457 3541 aediﬁcationis
1500 3486 1857 3560 exemplum,

140 3569 203 3620 ut
248 3569 306 3621 et
353 3564 453 3623 ille
499 3566 568 3625 de
614 3583 675 3626 se
723 3585 840 3628 non
888 3569 1197 3640 efferenda,
1248 3571 1346 3628 sed
1389 3573 1862 3644 reprehendenda

139 3651 454 3726 proferret,
517 3663 574 3714 et
629 3657 732 3716 iste
789 3659 870 3717 sic
931 3677 1031 3734 per
1089 3659 1348 3720 veritatis
1407 3661 1619 3719 lineam
1675 3672 1862 3722 rectus

141 3740 430 3799 incederet
472 3750 536 3801 ut
577 3761 649 3804 ne
684 3745 756 3804 ad
790 3748 1050 3822 magistri
1083 3748 1319 3822 quidem
1365 3747 1621 3809 favorem
1651 3752 1864 3826 aliqua-

146 3838 316 3890 tenus
355 3831 688 3894 declinaret.
733 3836 878 3894 Nam
923 3853 1054 3896 cum
1099 3837 1315 3897 Paulus
1345 3838 1494 3897 dicat
1520 3841 1857 3913 apostolus:

145 3943 173 3974 (ι
206 3921 327 3995 Ego
375 3923 424 3980 si
473 3923 810 3983 hominibus
855 3925 1078 4000 placere
1123 3926 1354 3998 vellem,
1400 3927 1611 3986 Christi
1657 3946 1863 3988 servus

143 4025 263 4069 nou
315 4026 499 4070 essem
561 4015 758 4076 (Galat.
806 4014 861 4086 I).
917 4035 944 4066 »
997 4014 1068 4071 Et
1120 4013 1260 4072 alibi
1322 4014 1618 4089 Scriptura
1664 4017 1860 4090 prohi-

138 4100 313 4158 beat:
359 4122 387 4155 α
433 4101 596 4172 Quod
631 4102 732 4160 tibi
771 4103 894 4162 ﬁeri
933 4119 1048 4163 non
1092 4105 1200 4175 vis,
1238 4103 1340 4162 alii
1370 4122 1443 4164 ne
1473 4107 1676 4164 feceris
1705 4109 1860 4174 (Tob.

138 4192 266 4261 Iv);
304 4211 332 4243 »
382 4191 586 4250 beatus
638 4192 989 4266 evangelista
1033 4193 1224 4252 noluit
1267 4194 1548 4253 exhibere
1590 4197 1863 4269 magistro

138 4279 296 4351 quod
341 4280 463 4353 ipse
506 4279 619 4338 sibi
662 4279 911 4355 praeberi
950 4280 1130 4341 nollet
1166 4283 1238 4340 ab
1278 4284 1475 4342 altero.
1517 4284 1699 4354 Quem
1746 4286 1863 4344 uti-

133 4381 251 4440 que
289 4367 339 4423 si
372 4366 547 4426 laude
578 4371 893 4442 praaferret,
926 4371 1110 4442 magis
1154 4371 1467 4430 offenderet
1507 4389 1682 4447 quam
1712 4390 1864 4448 prae-

138 4462 336 4513 staret.
387 4455 462 4513 Ili
509 4457 678 4530 plane
717 4459 963 4517 libenter
990 4460 1134 4518 alios
1174 4461 1447 4518 laudibus
1481 4463 1731 4522 efferunt
1759 4463 1859 4537 qui

143 4543 375 4602 laudem
405 4546 478 4602 ab
508 4547 906 4607 adulatoribus
948 4558 1244 4622 quaerunt.
1291 4549 1578 4609 Caeterum
1623 4553 1723 4628 qui
1766 4568 1860 4610 re-

137 4637 304 4691 cusat
375 4633 628 4706 accipere
697 4633 1041 4708 dedignatur
1113 4637 1338 4695 offerre.
1406 4637 1722 4697 Enimvero
1786 4654 1860 4696 ex

138 4720 400 4778 Matthaei
432 4720 600 4793 libro,
630 4723 732 4796 qui
755 4723 873 4796 jam
915 4725 1116 4798 utique
1149 4727 1334 4785 fuerat
1363 4726 1572 4798 editus,
1604 4726 1668 4784 B.
1708 4727 1863 4786 Petri

143 4809 348 4868 laudes
389 4809 616 4871 Marcus
662 4811 958 4872 addiscere
997 4816 1205 4888 potuit,
1249 4834 1393 4892 quas
1437 4818 1501 4876 in
1539 4818 1666 4891 ejus
1714 4821 1861 4878 rela-

145 4897 406 4957 tionibus
454 4915 568 4956 non
606 4901 867 4972 audivit;
915 4903 1012 4960 sed
1045 4905 1430 4978 morigeratus
1458 4912 1542 4964 est
1573 4909 1859 4980 magistro,

143 4994 200 5044 et
253 4987 356 5061 qui
410 5004 528 5046 non
580 4988 968 5048 delectabatur
1031 4993 1195 5064 suis,
1261 4993 1532 5054 laudibus
1585 4996 1861 5055 abstinuit

144 5075 374 5134 alienis.

216 5163 394 5222 Porro
445 5171 633 5222 autem
685 5168 972 5226 nonnulla
1018 5169 1390 5242 reperiuntur
1428 5185 1563 5242 quae.
1605 5171 1687 5229 sic
1729 5177 1866 5230 sunt

144 5268 179 5310 a
216 5253 282 5312 B.
331 5254 522 5312 Marco
564 5254 782 5328 digesta
830 5264 894 5316 ut
939 5258 1178 5332 reliquis
1223 5259 1592 5332 evangelistis
1634 5261 1866 5319 videan-

145 5352 241 5401 tur
282 5359 406 5402 esse
434 5345 738 5403 contraria.
773 5345 917 5416 Quae
960 5354 1149 5406 tamen
1194 5347 1244 5405 si
1292 5348 1551 5421 sagacius
1599 5365 1863 5422 perscru-

147 5439 368 5503 tentur,
433 5440 488 5491 et
567 5435 790 5494 caeteris
855 5451 1107 5495 consona
1156 5443 1211 5494 et
1269 5435 1675 5495 sincerissimze
1728 5439 1864 5497 ﬁdei

147 5519 520 5592 reperiuntur
560 5522 801 5581 veritate
845 5523 1104 5594 fundata,
1156 5523 1302 5583 sicut
1347 5528 1431 5580 est
1477 5523 1631 5597 quod
1674 5526 1864 5584 caeteri

148 5608 290 5666 hora
320 5615 487 5668 sexta
519 5611 734 5682 (Matth.
767 5623 944 5671 xxvn
974 5632 988 5684 ;
1020 5615 1149 5672 Luc.
1177 5625 1365 5682 XXIII;
1396 5615 1555 5669 Joan.
1592 5612 1738 5684 XIX),
1771 5611 1865 5670 hic

1945 3210 2192 3280 Marcus,
2243 3210 2337 3268 vel
2384 3213 2536 3284 apud
2581 3209 2818 3284 Moysen
2863 3212 2971 3270 sub
3012 3213 3299 3270 schemate
3340 3210 3659 3269 ﬂuviorum

1939 3294 2092 3364 (Gen.
2149 3299 2234 3369 II),
2287 3298 2377 3356 vel
2435 3297 2586 3371 apud
2640 3299 2995 3357 Ezechielem
3050 3316 3151 3374 per
3205 3299 3379 3358 facies
3430 3298 3655 3357 animae

1939 3392 2085 3449 lium
2144 3391 2358 3461 (Ezech.
2416 3390 2476 3458 I),
2535 3389 2687 3446 sicut
2745 3390 3010 3462 superius
3075 3390 3294 3448 dictum
3348 3398 3450 3460 est,
3506 3390 3662 3447 inter

1941 3484 2169 3537 sanctos
2215 3475 2601 3546 evangelistas
2654 3477 2976 3533 secundum
3025 3475 3243 3533 obtinet
3291 3477 3502 3533 locum.
3545 3472 3658 3532 Sed

1941 3571 2243 3635 honorem,
2281 3581 2454 3639 quem
2493 3565 2555 3622 in
2594 3565 2998 3639 praedestinato
3037 3567 3271 3624 sortitus
3310 3571 3394 3622 est
3431 3563 3662 3636 ordine,

1941 3663 2129 3715 servat
2189 3656 2252 3713 in
2305 3653 2634 3726 evangelica
2691 3653 2946 3711 veritate.
3005 3653 3148 3711 Nam
3201 3652 3264 3710 in
3311 3652 3658 3726 Apocalypsi

1938 3745 2182 3807 Joannis
2211 3760 2345 3802 cum
2382 3749 2710 3801 sanctorum
2747 3742 3090 3801 animalium
3121 3742 3261 3801 ordo
3290 3742 3656 3812 describitur,

1942 3854 2057 3896 non
2094 3837 2217 3910 jam
2256 3833 2566 3902 secundus,
2607 3833 2706 3891 sed
2746 3836 2973 3906 primus
3010 3833 3105 3891 hic
3143 3834 3199 3890 in
3254 3849 3457 3892 eorum
3505 3839 3658 3891 cata-

1942 3928 2073 4002 logo
2119 3927 2419 4002 reperitur.
2455 3947 2483 3978 «
2514 3925 2581 3982 In
2629 3924 2818 3982 medio
2865 3923 3036 3994 sedis,
3092 3923 3305 3998 inquit,
3345 3933 3399 3983 et
3441 3924 3504 3982 in
3552 3924 3660 3983 cir-

1941 4017 2105 4076 cuitu
2157 4015 2309 4073 sedis
2362 4016 2609 4087 quatubr
2660 4010 2934 4069 animalia
2983 4011 3154 4084 plena
3195 4011 3376 4070 oculis
3422 4015 3553 4068 ante
3602 4024 3657 4068 et

1942 4112 2128 4175 retro;
2161 4125 2188 4158 »
2221 4119 2478 4175 moxque
2506 4102 2809 4174 subjungit
2839 4125 2852 4158 :
2890 4122 2918 4155 ι(
2948 4101 3017 4158 Et
3044 4101 3262 4158 animal
3288 4102 3546 4174 primum
3570 4103 3650 4160 si-

1943 4194 2083 4253 mile
2113 4192 2287 4261 leoni,
2321 4198 2375 4248 et
2409 4190 2731 4249 secundum
2763 4189 2981 4248 animal
3012 4189 3200 4247 simile
3226 4189 3429 4257 vitulo,
3459 4197 3512 4247 et
3541 4195 3654 4248 ter-

1945 4282 2090 4339 tium
2126 4280 2340 4339 animal
2373 4279 2594 4337 habens
2624 4279 2830 4336 faciem
2861 4278 3027 4352 quasi
3068 4278 3342 4348 hominis,
3377 4283 3434 4336 et
3478 4294 3660 4354 quar-

1945 4377 2067 4428 tum
2107 4368 2323 4426 animal
2363 4367 2553 4426 simile
2589 4368 2806 4441 aquilae
2835 4367 3051 4425 volanti
3088 4370 3276 4440 (Apoc.
3311 4371 3411 4437 Iv).
3454 4389 3480 4421 »
3520 4367 3658 4425 Hzec

1945 4467 2030 4518 est
2066 4475 2203 4518 sane
2240 4458 2521 4532 quadriga
2557 4457 2658 4514 illa
2695 4457 2950 4529 Domini,
2985 4465 3038 4516 et
3077 4473 3281 4516 verum
3318 4456 3654 4525 Cherubim,

1945 4564 2060 4622 quo
2097 4548 2345 4606 innixus
2390 4548 2587 4604 omnia
2623 4546 2845 4616 circuit,
2890 4545 3109 4620 ubique
3143 4546 3431 4605 discurrit.
3472 4546 3655 4604 Innu-

1943 4635 2251 4696 merabiles
2296 4635 2434 4692 hinc
2472 4634 2608 4692 inde
2649 4634 2960 4709 pervigiles
2998 4635 3190 4706 oculi;
3233 4635 3502 4694 scintillae
3532 4651 3656 4693 cre-

1946 4727 2110 4784 brius
2169 4723 2436 4793 emicant,
2498 4722 2730 4794 fulgura
2793 4722 3054 4796 pavenda
3111 4730 3429 4781 coruscant.
3493 4723 3655 4784 Recti

1946 4815 2136 4889 pedes,
2188 4821 2243 4871 et
2291 4813 2350 4870 in
2397 4813 2648 4870 sublime
2706 4812 3002 4869 tendentes
3042 4830 3054 4867 :
3100 4818 3255 4884 terga
3293 4821 3558 4886 pennata,
3601 4821 3657 4872 et

1947 4903 2164 4978 ubique
2203 4902 2477 4960 volantia.
2525 4902 2746 4960 Tenent
2786 4917 2846 4958 se
2886 4906 3108 4970 mutuo,
3141 4901 3366 4972 sibique
3397 4903 3663 4976 perplexi

1947 5000 2102 5051 sunt.
2153 4991 2224 5048 Et
2270 4998 2546 5066 tanquam
2590 4998 2709 5049 rota
2747 4990 2806 5046 in
2847 4989 3038 5046 medio
3078 4995 3217 5047 rotae
3255 4989 3395 5050 illuc
3441 4991 3660 5066 jugiter

1948 5086 2212 5155 pergunt,
2273 5095 2390 5153 quo
2446 5080 2659 5137 virtute
2715 5078 2894 5136 sancti
2954 5076 3203 5151 Spiritus
3255 5079 3662 5154 impelluntur.

1947 5169 2088 5226 Haec
2136 5176 2261 5238 est,
2311 5168 2586 5241 inquam,
2641 5165 2948 5242 quadriga,
2999 5166 3069 5224 de
3127 5184 3243 5241 qua
3295 5171 3354 5228 in
3409 5171 3659 5232 Canticis

1947 5258 2201 5316 dicitur:
2238 5279 2265 5310 «
2295 5256 2541 5326 Nescivi,
2583 5256 2777 5313 anima
2815 5272 2942 5314 mea
2988 5258 3354 5316 conturbavit
3392 5275 3485 5317 me
3525 5277 3656 5334 pro-

1952 5342 2072 5421 pter
2101 5345 2412 5420 quadrigas
2442 5343 2768 5402 Aminadab
2795 5346 2970 5412 (Cant.
3001 5351 3103 5416 VI).
3139 5368 3166 5400 ι)
3201 5345 3326 5405 Vox
3356 5356 3440 5405 est
3467 5347 3659 5422 Syna~

1950 5449 2151 5508 gogze,
2212 5446 2345 5504 qum
2398 5432 2603 5489 videns
2660 5436 2877 5490 tantam
2935 5440 3146 5493 sanctae
3204 5433 3474 5492 Ecclesiae
3528 5451 3659 5509 gra-

1950 5523 2091 5581 tiam
2131 5537 2255 5580 esse
2298 5520 2586 5592 collatam,
2621 5521 2774 5580 dolet
2803 5539 2863 5581 se
2903 5523 3118 5582 tardius
3155 5523 3435 5597 recepisse
3462 5524 3656 5597 ﬁdem,

1949 5627 2018 5670 eo
2061 5609 2219 5683 quod
2262 5608 2568 5684 Evangelii
2597 5626 2716 5669 non
2741 5613 3040 5685 agnoverit
3069 5612 3384 5673 veritatem.
3416 5615 3661 5674 Amina-
