  <div class='ocr_page' id='page_1' title='image "/cluster/home/n/w/nwhite01/storage/ocr_20150623/144/umn.31951002477437p/315.png"; bbox 0 0 4184 6514; ppageno 0'>
   <div class='ocr_carea' id='block_1_1' title="bbox 525 261 631 318">
    <p class='ocr_par' dir='ltr' id='par_1_1' title="bbox 525 261 631 318">
     <span class='ocr_line' id='line_1_1' title="bbox 525 261 631 318; baseline 0 0"><span class='ocrx_word' id='word_1_1' title='bbox 525 261 631 318; x_wconf 78' lang='grc'>579</span> 
     </span>
    </p>
   </div>
   <div class='ocr_carea' id='block_1_2' title="bbox 1139 259 3413 326">
    <p class='ocr_par' dir='ltr' id='par_1_2' title="bbox 1139 259 3413 326">
     <span class='ocr_line' id='line_1_2' title="bbox 1139 259 3413 326; baseline -0 -6"><span class='ocrx_word' id='word_1_2' title='bbox 1139 262 1195 320; x_wconf 91' lang='lat' dir='ltr'>S.</span> <span class='ocrx_word' id='word_1_3' title='bbox 1249 260 1466 319; x_wconf 82' lang='lat' dir='ltr'>PETRI</span> <span class='ocrx_word' id='word_1_4' title='bbox 1507 260 1826 318; x_wconf 85' lang='lat' dir='ltr'>DAMIANI</span> <span class='ocrx_word' id='word_1_5' title='bbox 1865 259 2021 319; x_wconf 85' lang='lat' dir='ltr'>OPP.</span> <span class='ocrx_word' id='word_1_6' title='bbox 2069 260 2258 326; x_wconf 78' lang='lat' dir='ltr'>PARS</span> <span class='ocrx_word' id='word_1_7' title='bbox 2301 261 2440 324; x_wconf 87' lang='lat' dir='ltr'>SEU</span> <span class='ocrx_word' id='word_1_8' title='bbox 2485 261 2733 321; x_wconf 86' lang='lat' dir='ltr'>TOMUS</span> <span class='ocrx_word' id='word_1_9' title='bbox 2774 261 2848 320; x_wconf 92' lang='lat' dir='ltr'>II.</span> <span class='ocrx_word' id='word_1_10' title='bbox 2893 295 2957 303; x_wconf 85' lang='lat'><strong>—</strong></span> <span class='ocrx_word' id='word_1_11' title='bbox 2999 260 3413 322; x_wconf 84' lang='lat' dir='ltr'>SERMONES.</span> 
     </span>
    </p>
   </div>
   <div class='ocr_carea' id='block_1_3' title="bbox 3919 260 4026 320">
    <p class='ocr_par' dir='ltr' id='par_1_3' title="bbox 3919 260 4026 320">
     <span class='ocr_line' id='line_1_3' title="bbox 3919 260 4026 320; baseline 0.028 -3"><span class='ocrx_word' id='word_1_12' title='bbox 3919 260 4026 320; x_wconf 79' lang='lat'>580</span> 
     </span>
    </p>
   </div>
   <div class='ocr_carea' id='block_1_4' title="bbox 529 383 4025 459">
    <p class='ocr_par' dir='ltr' id='par_1_4' title="bbox 529 383 4025 459">
     <span class='ocr_line' id='line_1_4' title="bbox 529 383 4025 459; baseline 0 -17"><span class='ocrx_word' id='word_1_13' title='bbox 529 385 640 442; x_wconf 90' lang='lat' dir='ltr'>dab</span> <span class='ocrx_word' id='word_1_14' title='bbox 677 389 869 442; x_wconf 90' lang='lat' dir='ltr'>autem</span> <span class='ocrx_word' id='word_1_15' title='bbox 909 391 966 442; x_wconf 95' lang='lat' dir='ltr'>at</span> <span class='ocrx_word' id='word_1_16' title='bbox 1004 398 1178 458; x_wconf 86' lang='lat' dir='ltr'>nepos</span> <span class='ocrx_word' id='word_1_17' title='bbox 1214 384 1380 442; x_wconf 89' lang='lat' dir='ltr'>Juda</span> <span class='ocrx_word' id='word_1_18' title='bbox 1411 384 1588 442; x_wconf 88' lang='lat' dir='ltr'>fuisse</span> <span class='ocrx_word' id='word_1_19' title='bbox 1613 384 1993 457; x_wconf 85' lang='lat' dir='ltr'>cognoscitur,</span> <span class='ocrx_word' id='word_1_20' title='bbox 2025 384 2130 455; x_wconf 93' lang='lat' dir='ltr'>qui</span> <span class='ocrx_word' id='word_1_21' title='bbox 2165 383 2288 446; x_wconf 87' lang='lat' dir='ltr'>inA</span> <span class='ocrx_word' id='word_1_22' title='bbox 2317 385 2584 444; x_wconf 86' lang='lat' dir='ltr'>cordibus</span> <span class='ocrx_word' id='word_1_23' title='bbox 2637 384 2870 459; x_wconf 88' lang='lat' dir='ltr'>eloquia</span> <span class='ocrx_word' id='word_1_24' title='bbox 2924 403 3081 444; x_wconf 86' lang='lat' dir='ltr'>sacra</span> <span class='ocrx_word' id='word_1_25' title='bbox 3131 385 3489 455; x_wconf 75' lang='lat' dir='ltr'>meditantes,</span> <span class='ocrx_word' id='word_1_26' title='bbox 3549 386 3875 445; x_wconf 80' lang='lat' dir='ltr'>testamenti</span> <span class='ocrx_word' id='word_1_27' title='bbox 3930 401 4025 444; x_wconf 89' lang='lat' dir='ltr'>ar-</span> 
     </span>
    </p>
   </div>
   <div class='ocr_carea' id='block_1_5' title="bbox 530 473 2227 549">
    <p class='ocr_par' dir='ltr' id='par_1_5' title="bbox 530 473 2227 549">
     <span class='ocr_line' id='line_1_5' title="bbox 530 473 2227 549; baseline -0.001 -17"><span class='ocrx_word' id='word_1_28' title='bbox 530 474 860 549; x_wconf 82' lang='lat' dir='ltr'>genealogia</span> <span class='ocrx_word' id='word_1_29' title='bbox 901 473 1132 534; x_wconf 89' lang='lat' dir='ltr'>Domini</span> <span class='ocrx_word' id='word_1_30' title='bbox 1172 489 1306 532; x_wconf 93' lang='lat' dir='ltr'>cum</span> <span class='ocrx_word' id='word_1_31' title='bbox 1346 473 1601 547; x_wconf 83' lang='lat' dir='ltr'>patribus</span> <span class='ocrx_word' id='word_1_32' title='bbox 1641 479 2000 533; x_wconf 85' lang='lat' dir='ltr'>numeratur.</span> <span class='ocrx_word' id='word_1_33' title='bbox 2042 473 2227 531; x_wconf 50' lang='lat' dir='ltr'>Inter.»</span> 
     </span>
    </p>
   </div>
   <div class='ocr_carea' id='block_1_6' title="bbox 525 561 2229 639">
    <p class='ocr_par' dir='ltr' id='par_1_6' title="bbox 525 561 2229 639">
     <span class='ocr_line' id='line_1_6' title="bbox 525 561 2229 639; baseline -0.001 -18"><span class='ocrx_word' id='word_1_34' title='bbox 525 569 780 639; x_wconf 85' lang='lat' dir='ltr'>pretatur</span> <span class='ocrx_word' id='word_1_35' title='bbox 825 561 1170 631; x_wconf 87' lang='lat' dir='ltr'>Aminadab,</span> <span class='ocrx_word' id='word_1_36' title='bbox 1209 565 1402 638; x_wconf 78' lang='lat' dir='ltr'>populi</span> <span class='ocrx_word' id='word_1_37' title='bbox 1449 565 1556 617; x_wconf 81' lang='lat' dir='ltr'>mei</span> <span class='ocrx_word' id='word_1_38' title='bbox 1597 567 1944 634; x_wconf 83' lang='lat' dir='ltr'>spontaneus,</span> <span class='ocrx_word' id='word_1_39' title='bbox 1986 561 2229 634; x_wconf 86' lang='lat' dir='ltr'>ideoque</span> 
     </span>
    </p>
   </div>
   <div class='ocr_carea' id='block_1_7' title="bbox 526 649 2228 726">
    <p class='ocr_par' dir='ltr' id='par_1_7' title="bbox 526 649 2228 726">
     <span class='ocr_line' id='line_1_7' title="bbox 526 649 2228 726; baseline 0 -16"><span class='ocrx_word' id='word_1_40' title='bbox 526 669 643 711; x_wconf 93' lang='lat' dir='ltr'>non</span> <span class='ocrx_word' id='word_1_41' title='bbox 690 654 1005 726; x_wconf 91' lang='lat' dir='ltr'>incongrue</span> <span class='ocrx_word' id='word_1_42' title='bbox 1052 651 1335 723; x_wconf 89' lang='lat' dir='ltr'>signiﬁcat</span> <span class='ocrx_word' id='word_1_43' title='bbox 1382 649 1693 719; x_wconf 86' lang='lat' dir='ltr'>Christum,</span> <span class='ocrx_word' id='word_1_44' title='bbox 1747 650 1850 726; x_wconf 88' lang='lat' dir='ltr'>qui</span> <span class='ocrx_word' id='word_1_45' title='bbox 1897 653 2093 725; x_wconf 90' lang='lat' dir='ltr'>populi</span> <span class='ocrx_word' id='word_1_46' title='bbox 2137 652 2228 712; x_wconf 91' lang='lat' dir='ltr'>sui</span> 
     </span>
    </p>
   </div>
   <div class='ocr_carea' id='block_1_8' title="bbox 525 740 2230 818">
    <p class='ocr_par' dir='ltr' id='par_1_8' title="bbox 525 740 2230 818">
     <span class='ocr_line' id='line_1_8' title="bbox 525 740 2230 818; baseline 0 -16"><span class='ocrx_word' id='word_1_47' title='bbox 525 749 872 818; x_wconf 88' lang='lat' dir='ltr'>spontaneus</span> <span class='ocrx_word' id='word_1_48' title='bbox 911 741 1039 813; x_wconf 88' lang='lat' dir='ltr'>fuit,</span> <span class='ocrx_word' id='word_1_49' title='bbox 1079 742 1218 818; x_wconf 86' lang='lat' dir='ltr'>quia</span> <span class='ocrx_word' id='word_1_50' title='bbox 1254 756 1384 799; x_wconf 91' lang='lat' dir='ltr'>cum</span> <span class='ocrx_word' id='word_1_51' title='bbox 1427 740 1580 800; x_wconf 89' lang='lat' dir='ltr'>Deus</span> <span class='ocrx_word' id='word_1_52' title='bbox 1619 749 1786 814; x_wconf 91' lang='lat' dir='ltr'>esset,</span> <span class='ocrx_word' id='word_1_53' title='bbox 1818 749 2018 815; x_wconf 91' lang='lat' dir='ltr'>sponte</span> <span class='ocrx_word' id='word_1_54' title='bbox 2048 743 2230 804; x_wconf 87' lang='lat' dir='ltr'>factus</span> 
     </span>
    </p>
   </div>
   <div class='ocr_carea' id='block_1_9' title="bbox 525 829 2230 900">
    <p class='ocr_par' dir='ltr' id='par_1_9' title="bbox 525 829 2230 900">
     <span class='ocr_line' id='line_1_9' title="bbox 525 829 2230 900; baseline -0.002 -8"><span class='ocrx_word' id='word_1_55' title='bbox 525 838 609 892; x_wconf 88' lang='lat' dir='ltr'>est</span> <span class='ocrx_word' id='word_1_56' title='bbox 640 833 833 890; x_wconf 91' lang='lat' dir='ltr'>homo.</span> <span class='ocrx_word' id='word_1_57' title='bbox 870 830 981 900; x_wconf 86' lang='lat' dir='ltr'>Qui</span> <span class='ocrx_word' id='word_1_58' title='bbox 1016 829 1173 888; x_wconf 92' lang='lat' dir='ltr'>enim</span> <span class='ocrx_word' id='word_1_59' title='bbox 1203 844 1317 887; x_wconf 93' lang='lat' dir='ltr'>non</span> <span class='ocrx_word' id='word_1_60' title='bbox 1349 829 1703 897; x_wconf 86' lang='lat' dir='ltr'>necessitate,</span> <span class='ocrx_word' id='word_1_61' title='bbox 1748 831 1844 888; x_wconf 92' lang='lat' dir='ltr'>sed</span> <span class='ocrx_word' id='word_1_62' title='bbox 1894 829 2014 890; x_wconf 91' lang='lat' dir='ltr'>sola</span> <span class='ocrx_word' id='word_1_63' title='bbox 2058 831 2230 889; x_wconf 84' lang='lat' dir='ltr'>boni-</span> 
     </span>
    </p>
   </div>
   <div class='ocr_carea' id='block_1_10' title="bbox 531 917 2231 994">
    <p class='ocr_par' dir='ltr' id='par_1_10' title="bbox 531 917 2231 994">
     <span class='ocr_line' id='line_1_10' title="bbox 531 917 2231 994; baseline -0.002 -14"><span class='ocrx_word' id='word_1_64' title='bbox 531 928 642 982; x_wconf 86' lang='lat' dir='ltr'>tate</span> <span class='ocrx_word' id='word_1_65' title='bbox 691 937 796 982; x_wconf 93' lang='lat' dir='ltr'>nos</span> <span class='ocrx_word' id='word_1_66' title='bbox 846 919 1134 989; x_wconf 85' lang='lat' dir='ltr'>condidit,</span> <span class='ocrx_word' id='word_1_67' title='bbox 1204 917 1431 994; x_wconf 91' lang='lat' dir='ltr'>propria</span> <span class='ocrx_word' id='word_1_68' title='bbox 1492 917 1876 980; x_wconf 89' lang='lat' dir='ltr'>nihilominus</span> <span class='ocrx_word' id='word_1_69' title='bbox 1935 920 2231 982; x_wconf 87' lang='lat' dir='ltr'>voluntate</span> 
     </span>
    </p>
   </div>
   <div class='ocr_carea' id='block_1_11' title="bbox 527 1006 2232 1084">
    <p class='ocr_par' dir='ltr' id='par_1_11' title="bbox 527 1006 2232 1084">
     <span class='ocr_line' id='line_1_11' title="bbox 527 1006 2232 1084; baseline -0.001 -14"><span class='ocrx_word' id='word_1_70' title='bbox 527 1010 790 1070; x_wconf 87' lang='lat' dir='ltr'>redemit.</span> <span class='ocrx_word' id='word_1_71' title='bbox 844 1009 1008 1070; x_wconf 89' lang='lat' dir='ltr'>Unde</span> <span class='ocrx_word' id='word_1_72' title='bbox 1062 1013 1116 1066; x_wconf 90' lang='lat' dir='ltr'>et</span> <span class='ocrx_word' id='word_1_73' title='bbox 1161 1006 1404 1068; x_wconf 89' lang='lat' dir='ltr'>Jacobus</span> <span class='ocrx_word' id='word_1_74' title='bbox 1453 1006 1574 1070; x_wconf 89' lang='lat' dir='ltr'>ait:</span> <span class='ocrx_word' id='word_1_75' title='bbox 1612 1026 1640 1059; x_wconf 85' lang='grc'>‹‹</span> <span class='ocrx_word' id='word_1_76' title='bbox 1677 1006 1987 1067; x_wconf 90' lang='lat' dir='ltr'>Voluntate</span> <span class='ocrx_word' id='word_1_77' title='bbox 2028 1010 2232 1084; x_wconf 85' lang='lat' dir='ltr'>genuit</span> 
     </span>
    </p>
   </div>
   <div class='ocr_carea' id='block_1_12' title="bbox 523 1092 2231 1172">
    <p class='ocr_par' dir='ltr' id='par_1_12' title="bbox 523 1092 2231 1172">
     <span class='ocr_line' id='line_1_12' title="bbox 523 1092 2231 1172; baseline -0.002 -14"><span class='ocrx_word' id='word_1_78' title='bbox 523 1116 630 1160; x_wconf 88' lang='lat' dir='ltr'>nos</span> <span class='ocrx_word' id='word_1_79' title='bbox 697 1097 872 1157; x_wconf 92' lang='lat' dir='ltr'>verbo</span> <span class='ocrx_word' id='word_1_80' title='bbox 938 1095 1194 1156; x_wconf 83' lang='lat' dir='ltr'>veritatis</span> <span class='ocrx_word' id='word_1_81' title='bbox 1262 1099 1391 1167; x_wconf 79' lang='lat' dir='ltr'>(Jac.</span> <span class='ocrx_word' id='word_1_82' title='bbox 1459 1098 1517 1162; x_wconf 82' lang='lat'>1).</span> <span class='ocrx_word' id='word_1_83' title='bbox 1577 1115 1604 1147; x_wconf 87' lang='lat'><strong>»</strong></span> <span class='ocrx_word' id='word_1_84' title='bbox 1669 1092 2031 1170; x_wconf 88' lang='lat' dir='ltr'>Spontaneus</span> <span class='ocrx_word' id='word_1_85' title='bbox 2097 1114 2231 1172; x_wconf 91' lang='lat' dir='ltr'>ergo</span> 
     </span>
    </p>
   </div>
   <div class='ocr_carea' id='block_1_13' title="bbox 528 1183 2227 1262">
    <p class='ocr_par' dir='ltr' id='par_1_13' title="bbox 528 1183 2227 1262">
     <span class='ocr_line' id='line_1_13' title="bbox 528 1183 2227 1262; baseline -0.001 -17"><span class='ocrx_word' id='word_1_86' title='bbox 528 1187 714 1248; x_wconf 87' lang='lat' dir='ltr'>factus</span> <span class='ocrx_word' id='word_1_87' title='bbox 747 1192 836 1246; x_wconf 86' lang='lat' dir='ltr'>est</span> <span class='ocrx_word' id='word_1_88' title='bbox 866 1183 1064 1260; x_wconf 92' lang='lat' dir='ltr'>populi</span> <span class='ocrx_word' id='word_1_89' title='bbox 1109 1183 1224 1252; x_wconf 90' lang='lat' dir='ltr'>sui,</span> <span class='ocrx_word' id='word_1_90' title='bbox 1252 1183 1387 1257; x_wconf 88' lang='lat' dir='ltr'>quia</span> <span class='ocrx_word' id='word_1_91' title='bbox 1417 1197 1593 1258; x_wconf 88' lang='lat' dir='ltr'>quem</span> <span class='ocrx_word' id='word_1_92' title='bbox 1632 1199 1666 1240; x_wconf 93' lang='lat' dir='ltr'>a</span> <span class='ocrx_word' id='word_1_93' title='bbox 1705 1199 1764 1242; x_wconf 94' lang='lat' dir='ltr'>se</span> <span class='ocrx_word' id='word_1_94' title='bbox 1803 1184 2059 1243; x_wconf 91' lang='lat' dir='ltr'>humana</span> <span class='ocrx_word' id='word_1_95' title='bbox 2096 1201 2227 1262; x_wconf 91' lang='lat' dir='ltr'>pra-</span> 
     </span>
    </p>
   </div>
   <div class='ocr_carea' id='block_1_14' title="bbox 527 1272 2226 1351">
    <p class='ocr_par' dir='ltr' id='par_1_14' title="bbox 527 1272 2226 1351">
     <span class='ocr_line' id='line_1_14' title="bbox 527 1272 2226 1351; baseline -0.002 -17"><span class='ocrx_word' id='word_1_96' title='bbox 527 1277 677 1335; x_wconf 85' lang='lat' dir='ltr'>vitas</span> <span class='ocrx_word' id='word_1_97' title='bbox 701 1275 931 1351; x_wconf 85' lang='lat' dir='ltr'>repulit,</span> <span class='ocrx_word' id='word_1_98' title='bbox 964 1274 1084 1334; x_wconf 90' lang='lat' dir='ltr'>sola</span> <span class='ocrx_word' id='word_1_99' title='bbox 1119 1273 1387 1333; x_wconf 89' lang='lat' dir='ltr'>voluntas</span> <span class='ocrx_word' id='word_1_100' title='bbox 1411 1272 1630 1331; x_wconf 90' lang='lat' dir='ltr'>divina</span> <span class='ocrx_word' id='word_1_101' title='bbox 1665 1274 1865 1346; x_wconf 90' lang='lat' dir='ltr'>gratia</span> <span class='ocrx_word' id='word_1_102' title='bbox 1906 1275 2226 1336; x_wconf 89' lang='lat' dir='ltr'>redonavit.</span> 
     </span>
    </p>
   </div>
   <div class='ocr_carea' id='block_1_15' title="bbox 531 1360 2231 1439">
    <p class='ocr_par' dir='ltr' id='par_1_15' title="bbox 531 1360 2231 1439">
     <span class='ocr_line' id='line_1_15' title="bbox 531 1360 2231 1439; baseline 0.001 -16"><span class='ocrx_word' id='word_1_103' title='bbox 531 1363 818 1438; x_wconf 90' lang='lat' dir='ltr'>Quadriga</span> <span class='ocrx_word' id='word_1_104' title='bbox 871 1379 1007 1424; x_wconf 88' lang='lat' dir='ltr'>vero</span> <span class='ocrx_word' id='word_1_105' title='bbox 1064 1362 1388 1421; x_wconf 83' lang='lat' dir='ltr'>Aminadab</span> <span class='ocrx_word' id='word_1_106' title='bbox 1437 1360 1649 1419; x_wconf 82' lang='lat' dir='ltr'>Christi</span> <span class='ocrx_word' id='word_1_107' title='bbox 1707 1371 1791 1421; x_wconf 91' lang='lat' dir='ltr'>est</span> <span class='ocrx_word' id='word_1_108' title='bbox 1847 1364 2231 1439; x_wconf 90' lang='lat' dir='ltr'>Evangelium</span> 
     </span>
    </p>
   </div>
   <div class='ocr_carea' id='block_1_16' title="bbox 527 1451 2232 1526">
    <p class='ocr_par' dir='ltr' id='par_1_16' title="bbox 527 1451 2232 1526">
     <span class='ocr_line' id='line_1_16' title="bbox 527 1451 2232 1526; baseline 0.001 -14"><span class='ocrx_word' id='word_1_109' title='bbox 527 1453 974 1514; x_wconf 88' lang='lat' dir='ltr'>concordissima</span> <span class='ocrx_word' id='word_1_110' title='bbox 1035 1459 1284 1526; x_wconf 91' lang='lat' dir='ltr'>quatuor</span> <span class='ocrx_word' id='word_1_111' title='bbox 1343 1451 1829 1523; x_wconf 89' lang='lat' dir='ltr'>evangelistarum</span> <span class='ocrx_word' id='word_1_112' title='bbox 1899 1453 2232 1514; x_wconf 86' lang='lat' dir='ltr'>diversitate</span> 
     </span>
    </p>
   </div>
   <div class='ocr_carea' id='block_1_17' title="bbox 527 1540 2233 1615">
    <p class='ocr_par' dir='ltr' id='par_1_17' title="bbox 527 1540 2233 1615">
     <span class='ocr_line' id='line_1_17' title="bbox 527 1540 2233 1615; baseline 0 -15"><span class='ocrx_word' id='word_1_113' title='bbox 527 1548 907 1614; x_wconf 88' lang='lat' dir='ltr'>compactum.</span> <span class='ocrx_word' id='word_1_114' title='bbox 940 1540 1123 1612; x_wconf 90' lang='lat' dir='ltr'>Quam</span> <span class='ocrx_word' id='word_1_115' title='bbox 1166 1555 1301 1599; x_wconf 90' lang='lat' dir='ltr'>sane</span> <span class='ocrx_word' id='word_1_116' title='bbox 1343 1540 1683 1614; x_wconf 84' lang='lat' dir='ltr'>quadrigam</span> <span class='ocrx_word' id='word_1_117' title='bbox 1725 1541 1986 1600; x_wconf 89' lang='lat' dir='ltr'>Christus</span> <span class='ocrx_word' id='word_1_118' title='bbox 2031 1542 2233 1615; x_wconf 84' lang='lat' dir='ltr'>auriga</span> 
     </span>
    </p>
   </div>
   <div class='ocr_carea' id='block_1_18' title="bbox 522 1626 2236 1706">
    <p class='ocr_par' dir='ltr' id='par_1_18' title="bbox 522 1626 2236 1706">
     <span class='ocr_line' id='line_1_18' title="bbox 522 1626 2236 1706; baseline 0 -18"><span class='ocrx_word' id='word_1_119' title='bbox 522 1631 792 1706; x_wconf 90' lang='lat' dir='ltr'>disponit,</span> <span class='ocrx_word' id='word_1_120' title='bbox 838 1635 893 1688; x_wconf 89' lang='lat' dir='ltr'>et</span> <span class='ocrx_word' id='word_1_121' title='bbox 929 1626 1312 1703; x_wconf 89' lang='lat' dir='ltr'>quadrilidam</span> <span class='ocrx_word' id='word_1_122' title='bbox 1359 1629 1563 1687; x_wconf 90' lang='lat' dir='ltr'>mundi</span> <span class='ocrx_word' id='word_1_123' title='bbox 1607 1630 1934 1688; x_wconf 87' lang='lat' dir='ltr'>machinam</span> <span class='ocrx_word' id='word_1_124' title='bbox 1975 1629 2236 1702; x_wconf 89' lang='lat' dir='ltr'>agillima</span> 
     </span>
    </p>
   </div>
   <div class='ocr_carea' id='block_1_19' title="bbox 2308 473 4019 548">
    <p class='ocr_par' dir='ltr' id='par_1_19' title="bbox 2308 473 4019 548">
     <span class='ocr_line' id='line_1_19' title="bbox 2308 473 4019 548; baseline 0 -17"><span class='ocrx_word' id='word_1_125' title='bbox 2308 489 2432 532; x_wconf 89' lang='lat' dir='ltr'>cam</span> <span class='ocrx_word' id='word_1_126' title='bbox 2483 475 2606 532; x_wconf 85' lang='lat' dir='ltr'>sine</span> <span class='ocrx_word' id='word_1_127' title='bbox 2661 490 2821 532; x_wconf 91' lang='lat' dir='ltr'>mora</span> <span class='ocrx_word' id='word_1_128' title='bbox 2867 474 3120 544; x_wconf 91' lang='lat' dir='ltr'>elevent,</span> <span class='ocrx_word' id='word_1_129' title='bbox 3174 475 3222 532; x_wconf 87' lang='lat' dir='ltr'>si</span> <span class='ocrx_word' id='word_1_130' title='bbox 3280 473 3565 548; x_wconf 89' lang='lat' dir='ltr'>quidquid</span> <span class='ocrx_word' id='word_1_131' title='bbox 3620 489 3850 532; x_wconf 90' lang='lat' dir='ltr'>necesse</span> <span class='ocrx_word' id='word_1_132' title='bbox 3903 480 4019 543; x_wconf 90' lang='lat' dir='ltr'>est,</span> 
     </span>
    </p>
   </div>
   <div class='ocr_carea' id='block_1_20' title="bbox 2308 562 4022 637">
    <p class='ocr_par' dir='ltr' id='par_1_20' title="bbox 2308 562 4022 637">
     <span class='ocr_line' id='line_1_20' title="bbox 2308 562 4022 637; baseline -0.001 -15"><span class='ocrx_word' id='word_1_133' title='bbox 2308 566 2570 636; x_wconf 90' lang='lat' dir='ltr'>protinus</span> <span class='ocrx_word' id='word_1_134' title='bbox 2616 565 2870 623; x_wconf 90' lang='lat' dir='ltr'>doceant.</span> <span class='ocrx_word' id='word_1_135' title='bbox 2921 563 3088 621; x_wconf 92' lang='lat' dir='ltr'>Unde</span> <span class='ocrx_word' id='word_1_136' title='bbox 3134 563 3279 621; x_wconf 90' lang='lat' dir='ltr'>bene</span> <span class='ocrx_word' id='word_1_137' title='bbox 3323 562 3548 636; x_wconf 88' lang='lat' dir='ltr'>primus</span> <span class='ocrx_word' id='word_1_138' title='bbox 3583 569 3772 637; x_wconf 88' lang='lat' dir='ltr'>pastor</span> <span class='ocrx_word' id='word_1_139' title='bbox 3823 562 4022 620; x_wconf 87' lang='lat' dir='ltr'>Eccle-</span> 
     </span>
    </p>
   </div>
   <div class='ocr_carea' id='block_1_21' title="bbox 2309 650 4024 726">
    <p class='ocr_par' dir='ltr' id='par_1_21' title="bbox 2309 650 4024 726">
     <span class='ocr_line' id='line_1_21' title="bbox 2309 650 4024 726; baseline -0.001 -16"><span class='ocrx_word' id='word_1_140' title='bbox 2309 653 2412 711; x_wconf 93' lang='lat' dir='ltr'>sia</span> <span class='ocrx_word' id='word_1_141' title='bbox 2467 658 2717 726; x_wconf 89' lang='lat' dir='ltr'>pastores</span> <span class='ocrx_word' id='word_1_142' title='bbox 2768 658 3003 710; x_wconf 91' lang='lat' dir='ltr'>cateros</span> <span class='ocrx_word' id='word_1_143' title='bbox 3061 653 3374 723; x_wconf 80' lang='lat' dir='ltr'>admonet,</span> <span class='ocrx_word' id='word_1_144' title='bbox 3423 652 3622 712; x_wconf 73' lang='lat' dir='ltr'>dicens</span> <span class='ocrx_word' id='word_1_145' title='bbox 3675 673 3686 711; x_wconf 90' lang='lat'><strong>:</strong></span> <span class='ocrx_word' id='word_1_146' title='bbox 3744 673 3772 706; x_wconf 71' lang='grc' dir='ltr'>ί(</span> <span class='ocrx_word' id='word_1_147' title='bbox 3831 650 4024 709; x_wconf 87' lang='lat' dir='ltr'>Parati</span> 
     </span>
    </p>
   </div>
   <div class='ocr_carea' id='block_1_22' title="bbox 2311 738 4022 814">
    <p class='ocr_par' dir='ltr' id='par_1_22' title="bbox 2311 738 4022 814">
     <span class='ocr_line' id='line_1_22' title="bbox 2311 738 4022 814; baseline -0.001 -17"><span class='ocrx_word' id='word_1_148' title='bbox 2311 756 2538 814; x_wconf 89' lang='lat' dir='ltr'>semper</span> <span class='ocrx_word' id='word_1_149' title='bbox 2579 741 2652 800; x_wconf 89' lang='lat' dir='ltr'>ad</span> <span class='ocrx_word' id='word_1_150' title='bbox 2693 741 3140 801; x_wconf 84' lang='lat' dir='ltr'>satisfactionem</span> <span class='ocrx_word' id='word_1_151' title='bbox 3187 741 3350 799; x_wconf 88' lang='lat' dir='ltr'>omni</span> <span class='ocrx_word' id='word_1_152' title='bbox 3392 741 3648 814; x_wconf 89' lang='lat' dir='ltr'>poscenti</span> <span class='ocrx_word' id='word_1_153' title='bbox 3696 755 3800 798; x_wconf 91' lang='lat' dir='ltr'>vos</span> <span class='ocrx_word' id='word_1_154' title='bbox 3844 738 4022 798; x_wconf 85' lang='lat' dir='ltr'>ratio-</span> 
     </span>
    </p>
   </div>
   <div class='ocr_carea' id='block_1_23' title="bbox 2310 829 4023 904">
    <p class='ocr_par' dir='ltr' id='par_1_23' title="bbox 2310 829 4023 904">
     <span class='ocr_line' id='line_1_23' title="bbox 2310 829 4023 904; baseline 0 -18"><span class='ocrx_word' id='word_1_155' title='bbox 2310 844 2446 886; x_wconf 91' lang='lat' dir='ltr'>nem</span> <span class='ocrx_word' id='word_1_156' title='bbox 2488 829 2558 886; x_wconf 93' lang='lat' dir='ltr'>de</span> <span class='ocrx_word' id='word_1_157' title='bbox 2600 845 2665 887; x_wconf 89' lang='lat' dir='ltr'>ea</span> <span class='ocrx_word' id='word_1_158' title='bbox 2700 845 2834 904; x_wconf 91' lang='lat' dir='ltr'>qua</span> <span class='ocrx_word' id='word_1_159' title='bbox 2868 829 2930 893; x_wconf 84' lang='lat' dir='ltr'>in</span> <span class='ocrx_word' id='word_1_160' title='bbox 2970 829 3134 887; x_wconf 90' lang='lat' dir='ltr'>vobis</span> <span class='ocrx_word' id='word_1_161' title='bbox 3179 835 3266 888; x_wconf 89' lang='lat' dir='ltr'>est</span> <span class='ocrx_word' id='word_1_162' title='bbox 3301 845 3399 902; x_wconf 85' lang='lat' dir='ltr'>spe</span> <span class='ocrx_word' id='word_1_163' title='bbox 3442 832 3485 901; x_wconf 88' lang='grc' dir='ltr'>(Ι</span> <span class='ocrx_word' id='word_1_164' title='bbox 3526 833 3670 888; x_wconf 81' lang='lat' dir='ltr'>Petr.</span> <span class='ocrx_word' id='word_1_165' title='bbox 3717 829 3819 900; x_wconf 79' lang='grc' dir='ltr'>ιιι).</span> <span class='ocrx_word' id='word_1_166' title='bbox 3863 849 3892 880; x_wconf 72' lang='grc' dir='ltr'><strong>η</strong></span> <span class='ocrx_word' id='word_1_167' title='bbox 3939 830 4023 885; x_wconf 82' lang='lat' dir='ltr'>Ac</span> 
     </span>
    </p>
   </div>
   <div class='ocr_carea' id='block_1_24' title="bbox 2312 917 4024 996">
    <p class='ocr_par' dir='ltr' id='par_1_24' title="bbox 2312 917 4024 996">
     <span class='ocr_line' id='line_1_24' title="bbox 2312 917 4024 996; baseline 0 -21"><span class='ocrx_word' id='word_1_168' title='bbox 2312 918 2360 975; x_wconf 93' lang='lat' dir='ltr'>si</span> <span class='ocrx_word' id='word_1_169' title='bbox 2408 923 2599 991; x_wconf 90' lang='lat' dir='ltr'>aperte</span> <span class='ocrx_word' id='word_1_170' title='bbox 2649 917 2801 978; x_wconf 86' lang='lat' dir='ltr'>dicat</span> <span class='ocrx_word' id='word_1_171' title='bbox 2845 937 2857 975; x_wconf 93' lang='lat'>:</span> <span class='ocrx_word' id='word_1_172' title='bbox 2918 924 2979 978; x_wconf 90' lang='lat' dir='ltr'>ut</span> <span class='ocrx_word' id='word_1_173' title='bbox 3029 919 3368 996; x_wconf 91' lang='lat' dir='ltr'>portandam</span> <span class='ocrx_word' id='word_1_174' title='bbox 3417 934 3611 977; x_wconf 89' lang='lat' dir='ltr'>arcam</span> <span class='ocrx_word' id='word_1_175' title='bbox 3651 917 3814 978; x_wconf 90' lang='lat' dir='ltr'>nulla</span> <span class='ocrx_word' id='word_1_176' title='bbox 3860 932 4024 975; x_wconf 89' lang='lat' dir='ltr'>mora</span> 
     </span>
    </p>
   </div>
   <div class='ocr_carea' id='block_1_25' title="bbox 2311 1007 4022 1082">
    <p class='ocr_par' dir='ltr' id='par_1_25' title="bbox 2311 1007 4022 1082">
     <span class='ocr_line' id='line_1_25' title="bbox 2311 1007 4022 1082; baseline 0.001 -19"><span class='ocrx_word' id='word_1_177' title='bbox 2311 1007 2647 1082; x_wconf 87' lang='lat' dir='ltr'>prapediat,</span> <span class='ocrx_word' id='word_1_178' title='bbox 2712 1013 2901 1066; x_wconf 84' lang='lat' dir='ltr'>vectes</span> <span class='ocrx_word' id='word_1_179' title='bbox 2956 1025 2990 1068; x_wconf 89' lang='lat' dir='ltr'>a</span> <span class='ocrx_word' id='word_1_180' title='bbox 3043 1007 3278 1072; x_wconf 88' lang='lat' dir='ltr'>circulis</span> <span class='ocrx_word' id='word_1_181' title='bbox 3327 1007 3638 1081; x_wconf 90' lang='lat' dir='ltr'>aliquando</span> <span class='ocrx_word' id='word_1_182' title='bbox 3699 1023 3815 1066; x_wconf 93' lang='lat' dir='ltr'>non</span> <span class='ocrx_word' id='word_1_183' title='bbox 3865 1022 4022 1066; x_wconf 88' lang='lat' dir='ltr'>rece-</span> 
     </span>
    </p>
   </div>
   <div class='ocr_carea' id='block_1_26' title="bbox 2312 1095 2470 1153">
    <p class='ocr_par' dir='ltr' id='par_1_26' title="bbox 2312 1095 2470 1153">
     <span class='ocr_line' id='line_1_26' title="bbox 2312 1095 2470 1153; baseline 0 -1"><span class='ocrx_word' id='word_1_184' title='bbox 2312 1095 2470 1153; x_wconf 89' lang='lat' dir='ltr'>dant.</span> 
     </span>
    </p>
   </div>
   <div class='ocr_carea' id='block_1_27' title="bbox 2384 1183 4030 1258">
    <p class='ocr_par' dir='ltr' id='par_1_27' title="bbox 2384 1183 4030 1258">
     <span class='ocr_line' id='line_1_27' title="bbox 2384 1183 4030 1258; baseline -0.002 -14"><span class='ocrx_word' id='word_1_185' title='bbox 2384 1185 2489 1244; x_wconf 83' lang='lat' dir='ltr'>His</span> <span class='ocrx_word' id='word_1_186' title='bbox 2530 1183 2723 1244; x_wconf 88' lang='lat' dir='ltr'>aureis</span> <span class='ocrx_word' id='word_1_187' title='bbox 2766 1185 3019 1255; x_wconf 90' lang='lat' dir='ltr'>circulis,</span> <span class='ocrx_word' id='word_1_188' title='bbox 3064 1184 3446 1257; x_wconf 86' lang='lat' dir='ltr'>dilectissimi,</span> <span class='ocrx_word' id='word_1_189' title='bbox 3493 1190 3550 1245; x_wconf 85' lang='lat' dir='ltr'>et</span> <span class='ocrx_word' id='word_1_190' title='bbox 3595 1199 3702 1244; x_wconf 91' lang='lat' dir='ltr'>nos</span> <span class='ocrx_word' id='word_1_191' title='bbox 3746 1191 4030 1258; x_wconf 90' lang='lat' dir='ltr'>tanquam</span> 
     </span>
    </p>
   </div>
   <div class='ocr_carea' id='block_1_28' title="bbox 2313 1273 4030 1348">
    <p class='ocr_par' dir='ltr' id='par_1_28' title="bbox 2313 1273 4030 1348">
     <span class='ocr_line' id='line_1_28' title="bbox 2313 1273 4030 1348; baseline 0.002 -15"><span class='ocrx_word' id='word_1_192' title='bbox 2313 1281 2500 1333; x_wconf 89' lang='lat' dir='ltr'>vectes</span> <span class='ocrx_word' id='word_1_193' title='bbox 2537 1274 2608 1332; x_wconf 90' lang='lat' dir='ltr'>de</span> <span class='ocrx_word' id='word_1_194' title='bbox 2648 1273 2822 1348; x_wconf 90' lang='lat' dir='ltr'>lignis</span> <span class='ocrx_word' id='word_1_195' title='bbox 2863 1273 3087 1334; x_wconf 91' lang='lat' dir='ltr'>Sethim</span> <span class='ocrx_word' id='word_1_196' title='bbox 3126 1275 3477 1346; x_wconf 84' lang='lat' dir='ltr'>inseramur,</span> <span class='ocrx_word' id='word_1_197' title='bbox 3509 1281 3572 1332; x_wconf 88' lang='lat' dir='ltr'>ut</span> <span class='ocrx_word' id='word_1_198' title='bbox 3611 1273 3789 1348; x_wconf 85' lang='lat' dir='ltr'>hujus</span> <span class='ocrx_word' id='word_1_199' title='bbox 3818 1273 4030 1336; x_wconf 87' lang='lat' dir='ltr'>mundi</span> 
     </span>
    </p>
   </div>
   <div class='ocr_carea' id='block_1_29' title="bbox 2312 1361 4032 1437">
    <p class='ocr_par' dir='ltr' id='par_1_29' title="bbox 2312 1361 4032 1437">
     <span class='ocr_line' id='line_1_29' title="bbox 2312 1361 4032 1437; baseline -0.002 -13"><span class='ocrx_word' id='word_1_200' title='bbox 2312 1363 2676 1436; x_wconf 87' lang='lat' dir='ltr'>putredinem</span> <span class='ocrx_word' id='word_1_201' title='bbox 2729 1368 3080 1436; x_wconf 89' lang='lat' dir='ltr'>respuentes,</span> <span class='ocrx_word' id='word_1_202' title='bbox 3139 1363 3204 1424; x_wconf 87' lang='lat' dir='ltr'>in</span> <span class='ocrx_word' id='word_1_203' title='bbox 3257 1369 3586 1424; x_wconf 88' lang='lat' dir='ltr'>sanctorum</span> <span class='ocrx_word' id='word_1_204' title='bbox 3636 1361 4032 1437; x_wconf 84' lang='lat' dir='ltr'>evangelista-</span> 
     </span>
    </p>
   </div>
   <div class='ocr_carea' id='block_1_30' title="bbox 2314 1452 4033 1528">
    <p class='ocr_par' dir='ltr' id='par_1_30' title="bbox 2314 1452 4033 1528">
     <span class='ocr_line' id='line_1_30' title="bbox 2314 1452 4033 1528; baseline -0.001 -17"><span class='ocrx_word' id='word_1_205' title='bbox 2314 1469 2448 1511; x_wconf 92' lang='lat' dir='ltr'>rum</span> <span class='ocrx_word' id='word_1_206' title='bbox 2487 1452 2715 1527; x_wconf 83' lang='lat' dir='ltr'>paginis</span> <span class='ocrx_word' id='word_1_207' title='bbox 2747 1453 2964 1528; x_wconf 89' lang='lat' dir='ltr'>jugiter</span> <span class='ocrx_word' id='word_1_208' title='bbox 2999 1453 3401 1512; x_wconf 93' lang='lat' dir='ltr'>immoremur.</span> <span class='ocrx_word' id='word_1_209' title='bbox 3439 1452 3596 1511; x_wconf 90' lang='lat' dir='ltr'>Inter</span> <span class='ocrx_word' id='word_1_210' title='bbox 3623 1459 3854 1510; x_wconf 88' lang='lat' dir='ltr'>cateros</span> <span class='ocrx_word' id='word_1_211' title='bbox 3883 1466 4033 1524; x_wconf 88' lang='lat' dir='ltr'>pra-</span> 
     </span>
    </p>
   </div>
   <div class='ocr_carea' id='block_1_31' title="bbox 2317 1540 4038 1614">
    <p class='ocr_par' dir='ltr' id='par_1_31' title="bbox 2317 1540 4038 1614">
     <span class='ocr_line' id='line_1_31' title="bbox 2317 1540 4038 1614; baseline 0.002 -17"><span class='ocrx_word' id='word_1_212' title='bbox 2317 1548 2466 1600; x_wconf 90' lang='lat' dir='ltr'>terea</span> <span class='ocrx_word' id='word_1_213' title='bbox 2519 1546 2784 1614; x_wconf 89' lang='lat' dir='ltr'>provocat</span> <span class='ocrx_word' id='word_1_214' title='bbox 2843 1556 2946 1602; x_wconf 85' lang='lat' dir='ltr'>nos</span> <span class='ocrx_word' id='word_1_215' title='bbox 2999 1543 3069 1602; x_wconf 85' lang='lat' dir='ltr'>ad</span> <span class='ocrx_word' id='word_1_216' title='bbox 3126 1542 3477 1602; x_wconf 88' lang='lat' dir='ltr'>imitandum</span> <span class='ocrx_word' id='word_1_217' title='bbox 3535 1555 3595 1599; x_wconf 91' lang='lat' dir='ltr'>se</span> <span class='ocrx_word' id='word_1_218' title='bbox 3650 1540 3797 1600; x_wconf 88' lang='lat' dir='ltr'>beati</span> <span class='ocrx_word' id='word_1_219' title='bbox 3851 1541 4038 1614; x_wconf 87' lang='lat' dir='ltr'>hujus</span> 
     </span>
    </p>
   </div>
   <div class='ocr_carea' id='block_1_32' title="bbox 2315 1629 4036 1704">
    <p class='ocr_par' dir='ltr' id='par_1_32' title="bbox 2315 1629 4036 1704">
     <span class='ocr_line' id='line_1_32' title="bbox 2315 1629 4036 1704; baseline 0.001 -16"><span class='ocrx_word' id='word_1_220' title='bbox 2315 1629 2513 1701; x_wconf 90' lang='lat' dir='ltr'>Marci,</span> <span class='ocrx_word' id='word_1_221' title='bbox 2543 1645 2660 1688; x_wconf 91' lang='lat' dir='ltr'>non</span> <span class='ocrx_word' id='word_1_222' title='bbox 2695 1631 2865 1689; x_wconf 90' lang='lat' dir='ltr'>modo</span> <span class='ocrx_word' id='word_1_223' title='bbox 2892 1639 3087 1690; x_wconf 90' lang='lat' dir='ltr'>sancta</span> <span class='ocrx_word' id='word_1_224' title='bbox 3114 1632 3392 1702; x_wconf 88' lang='lat' dir='ltr'>doctrina,</span> <span class='ocrx_word' id='word_1_225' title='bbox 3433 1631 3531 1694; x_wconf 85' lang='lat' dir='ltr'>sed</span> <span class='ocrx_word' id='word_1_226' title='bbox 3570 1630 3818 1704; x_wconf 88' lang='lat' dir='ltr'>insignis</span> <span class='ocrx_word' id='word_1_227' title='bbox 3856 1631 4036 1690; x_wconf 88' lang='lat' dir='ltr'>etiam</span> 
     </span>
    </p>
   </div>
   <div class='ocr_carea' id='block_1_33' title="bbox 524 1715 4034 1796">
    <p class='ocr_par' dir='ltr' id='par_1_33' title="bbox 524 1715 4034 1796">
     <span class='ocr_line' id='line_1_33' title="bbox 524 1715 4034 1796; baseline 0.001 -20"><span class='ocrx_word' id='word_1_228' title='bbox 524 1717 948 1792; x_wconf 87' lang='lat' dir='ltr'>pradicationis</span> <span class='ocrx_word' id='word_1_229' title='bbox 999 1715 1284 1774; x_wconf 89' lang='lat' dir='ltr'>celeritate</span> <span class='ocrx_word' id='word_1_230' title='bbox 1341 1717 1659 1790; x_wconf 89' lang='lat' dir='ltr'>percurrit,</span> <span class='ocrx_word' id='word_1_231' title='bbox 1728 1717 1878 1774; x_wconf 88' lang='lat' dir='ltr'>sicut</span> <span class='ocrx_word' id='word_1_232' title='bbox 1930 1733 2030 1790; x_wconf 90' lang='lat' dir='ltr'>per</span> <span class='ocrx_word' id='word_1_233' title='bbox 2081 1716 2300 1796; x_wconf 81' lang='lat' dir='ltr'>Psal-B</span> <span class='ocrx_word' id='word_1_234' title='bbox 2325 1720 2460 1778; x_wconf 92' lang='lat' dir='ltr'>vita.</span> <span class='ocrx_word' id='word_1_235' title='bbox 2501 1718 2608 1778; x_wconf 92' lang='lat' dir='ltr'>Cui</span> <span class='ocrx_word' id='word_1_236' title='bbox 2647 1721 2795 1794; x_wconf 89' lang='lat' dir='ltr'>quod</span> <span class='ocrx_word' id='word_1_237' title='bbox 2839 1736 2938 1794; x_wconf 90' lang='lat' dir='ltr'>per</span> <span class='ocrx_word' id='word_1_238' title='bbox 2975 1721 3310 1793; x_wconf 89' lang='lat' dir='ltr'>prophetam</span> <span class='ocrx_word' id='word_1_239' title='bbox 3350 1719 3560 1778; x_wconf 87' lang='lat' dir='ltr'>dicitur</span> <span class='ocrx_word' id='word_1_240' title='bbox 3597 1736 3715 1780; x_wconf 86' lang='lat' dir='ltr'>non</span> <span class='ocrx_word' id='word_1_241' title='bbox 3754 1720 4034 1780; x_wconf 78' lang='lat' dir='ltr'>inconve-</span> 
     </span>
    </p>
   </div>
   <div class='ocr_carea' id='block_1_34' title="bbox 535 1803 2235 1878">
    <p class='ocr_par' dir='ltr' id='par_1_34' title="bbox 535 1803 2235 1878">
     <span class='ocr_line' id='line_1_34' title="bbox 535 1803 2235 1878; baseline -0.002 -12"><span class='ocrx_word' id='word_1_242' title='bbox 535 1807 760 1866; x_wconf 89' lang='lat' dir='ltr'>mistam</span> <span class='ocrx_word' id='word_1_243' title='bbox 791 1805 1004 1863; x_wconf 87' lang='lat' dir='ltr'>dicitur</span> <span class='ocrx_word' id='word_1_244' title='bbox 1030 1824 1042 1862; x_wconf 89' lang='lat'><strong>:</strong></span> <span class='ocrx_word' id='word_1_245' title='bbox 1076 1825 1104 1859; x_wconf 74' lang='grc' dir='ltr'>α</span> <span class='ocrx_word' id='word_1_246' title='bbox 1133 1803 1243 1872; x_wconf 85' lang='lat' dir='ltr'>Qui</span> <span class='ocrx_word' id='word_1_247' title='bbox 1275 1803 1483 1860; x_wconf 90' lang='lat' dir='ltr'>emittit</span> <span class='ocrx_word' id='word_1_248' title='bbox 1517 1804 1816 1878; x_wconf 87' lang='lat' dir='ltr'>eloquium</span> <span class='ocrx_word' id='word_1_249' title='bbox 1844 1821 2016 1863; x_wconf 93' lang='lat' dir='ltr'>suum</span> <span class='ocrx_word' id='word_1_250' title='bbox 2048 1812 2235 1875; x_wconf 90' lang='lat' dir='ltr'>terra,</span> 
     </span>
    </p>
   </div>
   <div class='ocr_carea' id='block_1_35' title="bbox 535 1894 1926 1966">
    <p class='ocr_par' dir='ltr' id='par_1_35' title="bbox 535 1894 1926 1966">
     <span class='ocr_line' id='line_1_35' title="bbox 535 1894 1926 1966; baseline -0.006 -11"><span class='ocrx_word' id='word_1_251' title='bbox 535 1896 804 1955; x_wconf 85' lang='lat' dir='ltr'>velociter</span> <span class='ocrx_word' id='word_1_252' title='bbox 830 1894 1011 1952; x_wconf 90' lang='lat' dir='ltr'>currit</span> <span class='ocrx_word' id='word_1_253' title='bbox 1040 1908 1228 1951; x_wconf 89' lang='lat' dir='ltr'>sermo</span> <span class='ocrx_word' id='word_1_254' title='bbox 1257 1894 1384 1966; x_wconf 88' lang='lat' dir='ltr'>ejus</span> <span class='ocrx_word' id='word_1_255' title='bbox 1409 1897 1578 1962; x_wconf 79' lang='lat' dir='ltr'>(Psal.</span> <span class='ocrx_word' id='word_1_256' title='bbox 1613 1899 1860 1964; x_wconf 78' lang='lat' dir='ltr'>CXLVII).</span> <span class='ocrx_word' id='word_1_257' title='bbox 1900 1915 1926 1947; x_wconf 84' lang='grc'>››</span> 
     </span>
    </p>
   </div>
   <div class='ocr_carea' id='block_1_36' title="bbox 598 1981 2236 2058">
    <p class='ocr_par' dir='ltr' id='par_1_36' title="bbox 598 1981 2236 2058">
     <span class='ocr_line' id='line_1_36' title="bbox 598 1981 2236 2058; baseline 0 -16"><span class='ocrx_word' id='word_1_258' title='bbox 598 1985 814 2044; x_wconf 85' lang='lat' dir='ltr'>Videas</span> <span class='ocrx_word' id='word_1_259' title='bbox 860 1999 994 2058; x_wconf 90' lang='lat' dir='ltr'>ergo</span> <span class='ocrx_word' id='word_1_260' title='bbox 1055 1981 1354 2056; x_wconf 76' lang='lat' dir='ltr'>Synagoga</span> <span class='ocrx_word' id='word_1_261' title='bbox 1405 1990 1636 2056; x_wconf 88' lang='lat' dir='ltr'>repente</span> <span class='ocrx_word' id='word_1_262' title='bbox 1686 1984 1933 2056; x_wconf 88' lang='lat' dir='ltr'>gratiam</span> <span class='ocrx_word' id='word_1_263' title='bbox 1985 2000 2236 2056; x_wconf 88' lang='lat' dir='ltr'>evange-</span> 
     </span>
    </p>
   </div>
   <div class='ocr_carea' id='block_1_37' title="bbox 528 2075 2238 2150">
    <p class='ocr_par' dir='ltr' id='par_1_37' title="bbox 528 2075 2238 2150">
     <span class='ocr_line' id='line_1_37' title="bbox 528 2075 2238 2150; baseline 0.001 -16"><span class='ocrx_word' id='word_1_264' title='bbox 528 2076 656 2138; x_wconf 80' lang='lat' dir='ltr'>lica</span> <span class='ocrx_word' id='word_1_265' title='bbox 691 2075 1114 2150; x_wconf 81' lang='lat' dir='ltr'>pradicationis</span> <span class='ocrx_word' id='word_1_266' title='bbox 1145 2089 1447 2145; x_wconf 83' lang='lat' dir='ltr'>erumpere</span> <span class='ocrx_word' id='word_1_267' title='bbox 1475 2082 1824 2148; x_wconf 89' lang='lat' dir='ltr'>cunctasque</span> <span class='ocrx_word' id='word_1_268' title='bbox 1863 2076 2068 2138; x_wconf 89' lang='lat' dir='ltr'>mundi</span> <span class='ocrx_word' id='word_1_269' title='bbox 2113 2092 2238 2150; x_wconf 88' lang='lat' dir='ltr'>pro-</span> 
     </span>
    </p>
   </div>
   <div class='ocr_carea' id='block_1_38' title="bbox 529 2162 2236 2236">
    <p class='ocr_par' dir='ltr' id='par_1_38' title="bbox 529 2162 2236 2236">
     <span class='ocr_line' id='line_1_38' title="bbox 529 2162 2236 2236; baseline -0.001 -12"><span class='ocrx_word' id='word_1_270' title='bbox 529 2165 751 2224; x_wconf 90' lang='lat' dir='ltr'>vincias</span> <span class='ocrx_word' id='word_1_271' title='bbox 795 2162 1019 2236; x_wconf 87' lang='lat' dir='ltr'>agiliter</span> <span class='ocrx_word' id='word_1_272' title='bbox 1069 2163 1379 2234; x_wconf 88' lang='lat' dir='ltr'>pervolare,</span> <span class='ocrx_word' id='word_1_273' title='bbox 1443 2163 1634 2224; x_wconf 92' lang='lat' dir='ltr'>subito</span> <span class='ocrx_word' id='word_1_274' title='bbox 1688 2165 1909 2224; x_wconf 89' lang='lat' dir='ltr'>turbata</span> <span class='ocrx_word' id='word_1_275' title='bbox 1961 2163 2048 2219; x_wconf 86' lang='lat'>71</span> <span class='ocrx_word' id='word_1_276' title='bbox 2100 2180 2236 2222; x_wconf 90' lang='lat' dir='ltr'>con-</span> 
     </span>
    </p>
   </div>
   <div class='ocr_carea' id='block_1_39' title="bbox 530 2250 2239 2329">
    <p class='ocr_par' dir='ltr' id='par_1_39' title="bbox 530 2250 2239 2329">
     <span class='ocr_line' id='line_1_39' title="bbox 530 2250 2239 2329; baseline -0.002 -17"><span class='ocrx_word' id='word_1_277' title='bbox 530 2253 791 2329; x_wconf 90' lang='lat' dir='ltr'>queritur</span> <span class='ocrx_word' id='word_1_278' title='bbox 837 2251 991 2325; x_wconf 92' lang='lat' dir='ltr'>quod</span> <span class='ocrx_word' id='word_1_279' title='bbox 1047 2250 1167 2310; x_wconf 90' lang='lat' dir='ltr'>sola</span> <span class='ocrx_word' id='word_1_280' title='bbox 1219 2251 1280 2307; x_wconf 91' lang='lat' dir='ltr'>in</span> <span class='ocrx_word' id='word_1_281' title='bbox 1335 2266 1438 2308; x_wconf 92' lang='lat' dir='ltr'>sua</span> <span class='ocrx_word' id='word_1_282' title='bbox 1492 2252 1766 2323; x_wconf 88' lang='lat' dir='ltr'>perﬁdia,</span> <span class='ocrx_word' id='word_1_283' title='bbox 1825 2253 2119 2310; x_wconf 90' lang='lat' dir='ltr'>conversis</span> <span class='ocrx_word' id='word_1_284' title='bbox 2167 2252 2239 2310; x_wconf 92' lang='lat' dir='ltr'>ad</span> 
     </span>
    </p>
   </div>
   <div class='ocr_carea' id='block_1_40' title="bbox 534 2341 2239 2420">
    <p class='ocr_par' dir='ltr' id='par_1_40' title="bbox 534 2341 2239 2420">
     <span class='ocr_line' id='line_1_40' title="bbox 534 2341 2239 2420; baseline -0.002 -17"><span class='ocrx_word' id='word_1_285' title='bbox 534 2344 706 2404; x_wconf 87' lang='lat' dir='ltr'>ﬁdem</span> <span class='ocrx_word' id='word_1_286' title='bbox 735 2341 1024 2420; x_wconf 81' lang='lat' dir='ltr'>gentibus,</span> <span class='ocrx_word' id='word_1_287' title='bbox 1055 2342 1350 2400; x_wconf 83' lang='lat' dir='ltr'>deseratur</span> <span class='ocrx_word' id='word_1_288' title='bbox 1379 2364 1391 2398; x_wconf 91' lang='lat'>:</span> <span class='ocrx_word' id='word_1_289' title='bbox 1431 2363 1456 2394; x_wconf 87' lang='lat'><strong>«</strong></span> <span class='ocrx_word' id='word_1_290' title='bbox 1491 2341 1736 2412; x_wconf 89' lang='lat' dir='ltr'>Nescivi,</span> <span class='ocrx_word' id='word_1_291' title='bbox 1773 2342 2066 2416; x_wconf 90' lang='lat' dir='ltr'>inquiens,</span> <span class='ocrx_word' id='word_1_292' title='bbox 2099 2359 2239 2401; x_wconf 91' lang='lat' dir='ltr'>con-</span> 
     </span>
    </p>
   </div>
   <div class='ocr_carea' id='block_1_41' title="bbox 534 2431 2240 2506">
    <p class='ocr_par' dir='ltr' id='par_1_41' title="bbox 534 2431 2240 2506">
     <span class='ocr_line' id='line_1_41' title="bbox 534 2431 2240 2506; baseline -0.002 -13"><span class='ocrx_word' id='word_1_293' title='bbox 534 2435 786 2496; x_wconf 89' lang='lat' dir='ltr'>turbavit</span> <span class='ocrx_word' id='word_1_294' title='bbox 831 2449 924 2501; x_wconf 87' lang='lat' dir='ltr'>me</span> <span class='ocrx_word' id='word_1_295' title='bbox 961 2432 1159 2490; x_wconf 90' lang='lat' dir='ltr'>anima</span> <span class='ocrx_word' id='word_1_296' title='bbox 1205 2448 1332 2489; x_wconf 91' lang='lat' dir='ltr'>mea</span> <span class='ocrx_word' id='word_1_297' title='bbox 1376 2438 1604 2506; x_wconf 90' lang='lat' dir='ltr'>propter</span> <span class='ocrx_word' id='word_1_298' title='bbox 1644 2433 1950 2506; x_wconf 88' lang='lat' dir='ltr'>quadrigas</span> <span class='ocrx_word' id='word_1_299' title='bbox 1995 2431 2240 2490; x_wconf 81' lang='lat' dir='ltr'>Amina-</span> 
     </span>
    </p>
   </div>
   <div class='ocr_carea' id='block_1_42' title="bbox 534 2517 2243 2593">
    <p class='ocr_par' dir='ltr' id='par_1_42' title="bbox 534 2517 2243 2593">
     <span class='ocr_line' id='line_1_42' title="bbox 534 2517 2243 2593; baseline -0.001 -15"><span class='ocrx_word' id='word_1_300' title='bbox 534 2522 664 2580; x_wconf 91' lang='lat' dir='ltr'>dab.</span> <span class='ocrx_word' id='word_1_301' title='bbox 733 2543 758 2573; x_wconf 90' lang='lat'><strong>»</strong></span> <span class='ocrx_word' id='word_1_302' title='bbox 826 2520 990 2577; x_wconf 89' lang='lat' dir='ltr'>Hanc</span> <span class='ocrx_word' id='word_1_303' title='bbox 1072 2517 1442 2593; x_wconf 89' lang='lat' dir='ltr'>quadrifaria</span> <span class='ocrx_word' id='word_1_304' title='bbox 1511 2521 1934 2593; x_wconf 74' lang='lat' dir='ltr'>praedicationis</span> <span class='ocrx_word' id='word_1_305' title='bbox 2000 2519 2243 2592; x_wconf 88' lang='lat' dir='ltr'>gratiam</span> 
     </span>
    </p>
   </div>
   <div class='ocr_carea' id='block_1_43' title="bbox 534 2607 2239 2686">
    <p class='ocr_par' dir='ltr' id='par_1_43' title="bbox 534 2607 2239 2686">
     <span class='ocr_line' id='line_1_43' title="bbox 534 2607 2239 2686; baseline -0.002 -16"><span class='ocrx_word' id='word_1_306' title='bbox 534 2611 818 2671; x_wconf 91' lang='lat' dir='ltr'>Dominus</span> <span class='ocrx_word' id='word_1_307' title='bbox 854 2610 1144 2686; x_wconf 88' lang='lat' dir='ltr'>ﬁguravit,</span> <span class='ocrx_word' id='word_1_308' title='bbox 1185 2625 1321 2666; x_wconf 93' lang='lat' dir='ltr'>cum</span> <span class='ocrx_word' id='word_1_309' title='bbox 1368 2607 1550 2680; x_wconf 83' lang='lat' dir='ltr'>Moysi</span> <span class='ocrx_word' id='word_1_310' title='bbox 1595 2609 1666 2668; x_wconf 91' lang='lat' dir='ltr'>de</span> <span class='ocrx_word' id='word_1_311' title='bbox 1697 2610 1970 2684; x_wconf 89' lang='lat' dir='ltr'>portanda</span> <span class='ocrx_word' id='word_1_312' title='bbox 1994 2625 2028 2666; x_wconf 89' lang='lat' dir='ltr'>a</span> <span class='ocrx_word' id='word_1_313' title='bbox 2054 2624 2239 2669; x_wconf 88' lang='lat' dir='ltr'>sacer-</span> 
     </span>
    </p>
   </div>
   <div class='ocr_carea' id='block_1_44' title="bbox 531 2697 2245 2774">
    <p class='ocr_par' dir='ltr' id='par_1_44' title="bbox 531 2697 2245 2774">
     <span class='ocr_line' id='line_1_44' title="bbox 531 2697 2245 2774; baseline -0.001 -16"><span class='ocrx_word' id='word_1_314' title='bbox 531 2701 762 2759; x_wconf 90' lang='lat' dir='ltr'>dotibus</span> <span class='ocrx_word' id='word_1_315' title='bbox 815 2715 945 2760; x_wconf 91' lang='lat' dir='ltr'>arca</span> <span class='ocrx_word' id='word_1_316' title='bbox 996 2698 1265 2774; x_wconf 71' lang='lat' dir='ltr'>praecepit</span> <span class='ocrx_word' id='word_1_317' title='bbox 1315 2722 1326 2754; x_wconf 93' lang='lat'><strong>:</strong></span> <span class='ocrx_word' id='word_1_318' title='bbox 1382 2718 1425 2755; x_wconf 83' lang='grc'>‹‹,</span> <span class='ocrx_word' id='word_1_319' title='bbox 1459 2697 1674 2768; x_wconf 83' lang='lat' dir='ltr'>Facies,</span> <span class='ocrx_word' id='word_1_320' title='bbox 1728 2698 1944 2773; x_wconf 86' lang='lat' dir='ltr'>inquit,</span> <span class='ocrx_word' id='word_1_321' title='bbox 1999 2705 2245 2773; x_wconf 90' lang='lat' dir='ltr'>quatuor</span> 
     </span>
    </p>
   </div>
   <div class='ocr_carea' id='block_1_45' title="bbox 533 2790 2244 2862">
    <p class='ocr_par' dir='ltr' id='par_1_45' title="bbox 533 2790 2244 2862">
     <span class='ocr_line' id='line_1_45' title="bbox 533 2790 2244 2862; baseline -0.002 -14"><span class='ocrx_word' id='word_1_322' title='bbox 533 2790 779 2848; x_wconf 89' lang='lat' dir='ltr'>circulos</span> <span class='ocrx_word' id='word_1_323' title='bbox 822 2806 1047 2860; x_wconf 86' lang='lat' dir='ltr'>aureos,</span> <span class='ocrx_word' id='word_1_324' title='bbox 1093 2804 1238 2862; x_wconf 89' lang='lat' dir='ltr'>quos</span> <span class='ocrx_word' id='word_1_325' title='bbox 1285 2802 1461 2861; x_wconf 91' lang='lat' dir='ltr'>pones</span> <span class='ocrx_word' id='word_1_326' title='bbox 1504 2803 1604 2860; x_wconf 87' lang='lat' dir='ltr'>per</span> <span class='ocrx_word' id='word_1_327' title='bbox 1650 2797 1896 2862; x_wconf 90' lang='lat' dir='ltr'>quatuor</span> <span class='ocrx_word' id='word_1_328' title='bbox 1941 2804 2091 2846; x_wconf 90' lang='lat' dir='ltr'>arca</span> <span class='ocrx_word' id='word_1_329' title='bbox 2134 2803 2244 2845; x_wconf 93' lang='lat' dir='ltr'>an-</span> 
     </span>
    </p>
   </div>
   <div class='ocr_carea' id='block_1_46' title="bbox 532 2876 2244 2952">
    <p class='ocr_par' dir='ltr' id='par_1_46' title="bbox 532 2876 2244 2952">
     <span class='ocr_line' id='line_1_46' title="bbox 532 2876 2244 2952; baseline -0.001 -16"><span class='ocrx_word' id='word_1_330' title='bbox 532 2880 734 2950; x_wconf 87' lang='lat' dir='ltr'>gulos;</span> <span class='ocrx_word' id='word_1_331' title='bbox 783 2878 1070 2952; x_wconf 88' lang='lat' dir='ltr'>faciesque</span> <span class='ocrx_word' id='word_1_332' title='bbox 1104 2884 1290 2936; x_wconf 86' lang='lat' dir='ltr'>vectes</span> <span class='ocrx_word' id='word_1_333' title='bbox 1326 2876 1396 2934; x_wconf 89' lang='lat' dir='ltr'>de</span> <span class='ocrx_word' id='word_1_334' title='bbox 1436 2877 1611 2952; x_wconf 87' lang='lat' dir='ltr'>lignis</span> <span class='ocrx_word' id='word_1_335' title='bbox 1649 2877 1891 2948; x_wconf 90' lang='lat' dir='ltr'>Sethim,</span> <span class='ocrx_word' id='word_1_336' title='bbox 1935 2883 1991 2934; x_wconf 87' lang='lat' dir='ltr'>et</span> <span class='ocrx_word' id='word_1_337' title='bbox 2021 2876 2244 2952; x_wconf 89' lang='lat' dir='ltr'>operies</span> 
     </span>
    </p>
   </div>
   <div class='ocr_carea' id='block_1_47' title="bbox 533 2964 2246 3040">
    <p class='ocr_par' dir='ltr' id='par_1_47' title="bbox 533 2964 2246 3040">
     <span class='ocr_line' id='line_1_47' title="bbox 533 2964 2246 3040; baseline -0.002 -16"><span class='ocrx_word' id='word_1_338' title='bbox 533 2981 695 3032; x_wconf 86' lang='lat' dir='ltr'>auro,</span> <span class='ocrx_word' id='word_1_339' title='bbox 748 2965 1104 3039; x_wconf 90' lang='lat' dir='ltr'>inducesque</span> <span class='ocrx_word' id='word_1_340' title='bbox 1159 2983 1260 3038; x_wconf 88' lang='lat' dir='ltr'>per</span> <span class='ocrx_word' id='word_1_341' title='bbox 1314 2967 1578 3037; x_wconf 90' lang='lat' dir='ltr'>circulos,</span> <span class='ocrx_word' id='word_1_342' title='bbox 1629 2966 1734 3040; x_wconf 90' lang='lat' dir='ltr'>qui</span> <span class='ocrx_word' id='word_1_343' title='bbox 1792 2971 1928 3023; x_wconf 91' lang='lat' dir='ltr'>sunt</span> <span class='ocrx_word' id='word_1_344' title='bbox 1981 2964 2042 3024; x_wconf 90' lang='lat' dir='ltr'>in</span> <span class='ocrx_word' id='word_1_345' title='bbox 2096 2979 2246 3022; x_wconf 87' lang='lat' dir='ltr'>arca</span> 
     </span>
    </p>
   </div>
   <div class='ocr_carea' id='block_1_48' title="bbox 2323 1807 4028 1882">
    <p class='ocr_par' dir='ltr' id='par_1_48' title="bbox 2323 1807 4028 1882">
     <span class='ocr_line' id='line_1_48' title="bbox 2323 1807 4028 1882; baseline 0 -18"><span class='ocrx_word' id='word_1_346' title='bbox 2323 1807 2549 1864; x_wconf 91' lang='lat' dir='ltr'>nienter</span> <span class='ocrx_word' id='word_1_347' title='bbox 2600 1815 2869 1882; x_wconf 90' lang='lat' dir='ltr'>aptatur:</span> <span class='ocrx_word' id='word_1_348' title='bbox 2911 1808 3218 1878; x_wconf 84' lang='lat' dir='ltr'>«Primus,</span> <span class='ocrx_word' id='word_1_349' title='bbox 3276 1809 3486 1882; x_wconf 77' lang='lat' dir='ltr'>inquit,</span> <span class='ocrx_word' id='word_1_350' title='bbox 3538 1808 3610 1866; x_wconf 88' lang='lat' dir='ltr'>ad</span> <span class='ocrx_word' id='word_1_351' title='bbox 3657 1807 3800 1867; x_wconf 90' lang='lat' dir='ltr'>Sion</span> <span class='ocrx_word' id='word_1_352' title='bbox 3845 1807 4028 1865; x_wconf 87' lang='lat' dir='ltr'>dicit:</span> 
     </span>
    </p>
   </div>
   <div class='ocr_carea' id='block_1_49' title="bbox 2320 1897 4034 1972">
    <p class='ocr_par' dir='ltr' id='par_1_49' title="bbox 2320 1897 4034 1972">
     <span class='ocr_line' id='line_1_49' title="bbox 2320 1897 4034 1972; baseline -0.002 -17"><span class='ocrx_word' id='word_1_353' title='bbox 2320 1897 2464 1957; x_wconf 90' lang='lat' dir='ltr'>Ecce</span> <span class='ocrx_word' id='word_1_354' title='bbox 2505 1899 2731 1970; x_wconf 88' lang='lat' dir='ltr'>adsum,</span> <span class='ocrx_word' id='word_1_355' title='bbox 2765 1905 2819 1956; x_wconf 91' lang='lat' dir='ltr'>et</span> <span class='ocrx_word' id='word_1_356' title='bbox 2851 1899 3218 1958; x_wconf 86' lang='lat' dir='ltr'>Hierusalem</span> <span class='ocrx_word' id='word_1_357' title='bbox 3265 1898 3674 1972; x_wconf 88' lang='lat' dir='ltr'>evangelistam</span> <span class='ocrx_word' id='word_1_358' title='bbox 3711 1897 3860 1955; x_wconf 91' lang='lat' dir='ltr'>dabo</span> <span class='ocrx_word' id='word_1_359' title='bbox 3885 1899 4034 1969; x_wconf 80' lang='grc' dir='ltr'>(1εαί.</span> 
     </span>
    </p>
   </div>
   <div class='ocr_carea' id='block_1_50' title="bbox 2320 1987 4034 2061">
    <p class='ocr_par' dir='ltr' id='par_1_50' title="bbox 2320 1987 4034 2061">
     <span class='ocr_line' id='line_1_50' title="bbox 2320 1987 4034 2061; baseline -0.002 -13"><span class='ocrx_word' id='word_1_360' title='bbox 2320 1989 2456 2061; x_wconf 83' lang='lat' dir='ltr'>XLI).</span> <span class='ocrx_word' id='word_1_361' title='bbox 2493 2010 2519 2042; x_wconf 85' lang='lat'><strong><em>»</em></strong></span> <span class='ocrx_word' id='word_1_362' title='bbox 2555 1987 2666 2059; x_wconf 88' lang='lat' dir='ltr'>Qui</span> <span class='ocrx_word' id='word_1_363' title='bbox 2706 1988 2986 2048; x_wconf 88' lang='lat' dir='ltr'>nimirum</span> <span class='ocrx_word' id='word_1_364' title='bbox 3017 2004 3148 2046; x_wconf 87' lang='lat' dir='ltr'>vere</span> <span class='ocrx_word' id='word_1_365' title='bbox 3178 2004 3390 2048; x_wconf 89' lang='lat' dir='ltr'>aureus</span> <span class='ocrx_word' id='word_1_366' title='bbox 3423 1989 3532 2046; x_wconf 91' lang='lat' dir='ltr'>fuit</span> <span class='ocrx_word' id='word_1_367' title='bbox 3563 1988 3840 2058; x_wconf 90' lang='lat' dir='ltr'>circulus,</span> <span class='ocrx_word' id='word_1_368' title='bbox 3872 1987 4034 2060; x_wconf 87' lang='lat' dir='ltr'>quia,</span> 
     </span>
    </p>
   </div>
   <div class='ocr_carea' id='block_1_51' title="bbox 2319 2075 4040 2150">
    <p class='ocr_par' dir='ltr' id='par_1_51' title="bbox 2319 2075 4040 2150">
     <span class='ocr_line' id='line_1_51' title="bbox 2319 2075 4040 2150; baseline -0.002 -16"><span class='ocrx_word' id='word_1_369' title='bbox 2319 2077 2480 2146; x_wconf 91' lang='lat' dir='ltr'>dum,</span> <span class='ocrx_word' id='word_1_370' title='bbox 2537 2093 2638 2150; x_wconf 92' lang='lat' dir='ltr'>per</span> <span class='ocrx_word' id='word_1_371' title='bbox 2687 2076 3112 2149; x_wconf 81' lang='lat' dir='ltr'>praedicationis</span> <span class='ocrx_word' id='word_1_372' title='bbox 3155 2075 3412 2135; x_wconf 80' lang='lat' dir='ltr'>ofﬁcium</span> <span class='ocrx_word' id='word_1_373' title='bbox 3470 2091 3606 2149; x_wconf 92' lang='lat' dir='ltr'>qua</span> <span class='ocrx_word' id='word_1_374' title='bbox 3657 2080 3850 2133; x_wconf 87' lang='lat' dir='ltr'>sancta</span> <span class='ocrx_word' id='word_1_375' title='bbox 3902 2081 4040 2132; x_wconf 90' lang='lat' dir='ltr'>sunt</span> 
     </span>
    </p>
   </div>
   <div class='ocr_carea' id='block_1_52' title="bbox 2319 2163 4039 2236">
    <p class='ocr_par' dir='ltr' id='par_1_52' title="bbox 2319 2163 4039 2236">
     <span class='ocr_line' id='line_1_52' title="bbox 2319 2163 4039 2236; baseline -0.002 -13"><span class='ocrx_word' id='word_1_376' title='bbox 2319 2164 2534 2232; x_wconf 89' lang='lat' dir='ltr'>docuit,</span> <span class='ocrx_word' id='word_1_377' title='bbox 2593 2165 2951 2236; x_wconf 88' lang='lat' dir='ltr'>splendentis</span> <span class='ocrx_word' id='word_1_378' title='bbox 2987 2165 3160 2224; x_wconf 89' lang='lat' dir='ltr'>etiam</span> <span class='ocrx_word' id='word_1_379' title='bbox 3200 2165 3336 2222; x_wconf 89' lang='lat' dir='ltr'>vita</span> <span class='ocrx_word' id='word_1_380' title='bbox 3380 2163 3641 2222; x_wconf 81' lang='lat' dir='ltr'>moribus</span> <span class='ocrx_word' id='word_1_381' title='bbox 3678 2163 3945 2230; x_wconf 89' lang='lat' dir='ltr'>radiavit,</span> <span class='ocrx_word' id='word_1_382' title='bbox 3985 2171 4039 2220; x_wconf 88' lang='lat' dir='ltr'>et</span> 
     </span>
    </p>
   </div>
   <div class='ocr_carea' id='block_1_53' title="bbox 2322 2250 4040 2326">
    <p class='ocr_par' dir='ltr' id='par_1_53' title="bbox 2322 2250 4040 2326">
     <span class='ocr_line' id='line_1_53' title="bbox 2322 2250 4040 2326; baseline 0.003 -18"><span class='ocrx_word' id='word_1_383' title='bbox 2322 2260 2596 2325; x_wconf 88' lang='lat' dir='ltr'>tanquam</span> <span class='ocrx_word' id='word_1_384' title='bbox 2638 2252 2816 2310; x_wconf 90' lang='lat' dir='ltr'>vectis</span> <span class='ocrx_word' id='word_1_385' title='bbox 2854 2268 2928 2308; x_wconf 86' lang='lat' dir='ltr'>ex</span> <span class='ocrx_word' id='word_1_386' title='bbox 2974 2252 3129 2326; x_wconf 90' lang='lat' dir='ltr'>ligno</span> <span class='ocrx_word' id='word_1_387' title='bbox 3171 2251 3392 2314; x_wconf 88' lang='lat' dir='ltr'>Sethim</span> <span class='ocrx_word' id='word_1_388' title='bbox 3433 2250 3774 2324; x_wconf 84' lang='lat' dir='ltr'>contempsit</span> <span class='ocrx_word' id='word_1_389' title='bbox 3812 2257 4040 2313; x_wconf 70' lang='lat' dir='ltr'>terrena</span> 
     </span>
    </p>
   </div>
   <div class='ocr_carea' id='block_1_54' title="bbox 2323 2341 4041 2416">
    <p class='ocr_par' dir='ltr' id='par_1_54' title="bbox 2323 2341 4041 2416">
     <span class='ocr_line' id='line_1_54' title="bbox 2323 2341 4041 2416; baseline 0 -18"><span class='ocrx_word' id='word_1_390' title='bbox 2323 2342 2539 2411; x_wconf 92' lang='lat' dir='ltr'>omnia,</span> <span class='ocrx_word' id='word_1_391' title='bbox 2569 2356 2702 2414; x_wconf 88' lang='lat' dir='ltr'>qua</span> <span class='ocrx_word' id='word_1_392' title='bbox 2730 2348 3064 2414; x_wconf 90' lang='lat' dir='ltr'>putrescunt</span> <span class='ocrx_word' id='word_1_393' title='bbox 3090 2361 3105 2410; x_wconf 86' lang='lat'>;</span> <span class='ocrx_word' id='word_1_394' title='bbox 3131 2343 3382 2400; x_wconf 73' lang='lat' dir='ltr'>coelestia</span> <span class='ocrx_word' id='word_1_395' title='bbox 3413 2341 3599 2416; x_wconf 87' lang='lat' dir='ltr'>petiit,</span> <span class='ocrx_word' id='word_1_396' title='bbox 3625 2357 3759 2414; x_wconf 88' lang='lat' dir='ltr'>qua</span> <span class='ocrx_word' id='word_1_397' title='bbox 3788 2357 4041 2399; x_wconf 83' lang='lat' dir='ltr'>marces-</span> 
     </span>
    </p>
   </div>
   <div class='ocr_carea' id='block_1_55' title="bbox 2321 2429 4046 2492">
    <p class='ocr_par' dir='ltr' id='par_1_55' title="bbox 2321 2429 4046 2492">
     <span class='ocr_line' id='line_1_55' title="bbox 2321 2429 4046 2492; baseline -0.001 -4"><span class='ocrx_word' id='word_1_398' title='bbox 2321 2445 2447 2488; x_wconf 91' lang='lat' dir='ltr'>cere</span> <span class='ocrx_word' id='word_1_399' title='bbox 2492 2429 2778 2487; x_wconf 88' lang='lat' dir='ltr'>nesciunt.</span> <span class='ocrx_word' id='word_1_400' title='bbox 2824 2429 2930 2489; x_wconf 91' lang='lat' dir='ltr'>Per</span> <span class='ocrx_word' id='word_1_401' title='bbox 2971 2430 3470 2492; x_wconf 88' lang='lat' dir='ltr'>obtruncationem</span> <span class='ocrx_word' id='word_1_402' title='bbox 3514 2429 3758 2490; x_wconf 91' lang='lat' dir='ltr'>membri</span> <span class='ocrx_word' id='word_1_403' title='bbox 3804 2429 4046 2489; x_wconf 77' lang='lat' dir='ltr'>fadavit</span> 
     </span>
    </p>
   </div>
   <div class='ocr_carea' id='block_1_56' title="bbox 2321 2518 4050 2593">
    <p class='ocr_par' dir='ltr' id='par_1_56' title="bbox 2321 2518 4050 2593">
     <span class='ocr_line' id='line_1_56' title="bbox 2321 2518 4050 2593; baseline 0.001 -17"><span class='ocrx_word' id='word_1_404' title='bbox 2321 2520 2574 2593; x_wconf 91' lang='lat' dir='ltr'>corporis</span> <span class='ocrx_word' id='word_1_405' title='bbox 2618 2518 2895 2592; x_wconf 85' lang='lat' dir='ltr'>speciem,</span> <span class='ocrx_word' id='word_1_406' title='bbox 2933 2537 3006 2579; x_wconf 92' lang='lat' dir='ltr'>ne</span> <span class='ocrx_word' id='word_1_407' title='bbox 3042 2528 3240 2579; x_wconf 89' lang='lat' dir='ltr'>contra</span> <span class='ocrx_word' id='word_1_408' title='bbox 3268 2520 3537 2578; x_wconf 87' lang='lat' dir='ltr'>Ecclesia</span> <span class='ocrx_word' id='word_1_409' title='bbox 3567 2519 3826 2593; x_wconf 89' lang='lat' dir='ltr'>regulam</span> <span class='ocrx_word' id='word_1_410' title='bbox 3859 2519 4050 2578; x_wconf 68' lang='lat' dir='ltr'>eccle~</span> 
     </span>
    </p>
   </div>
   <div class='ocr_carea' id='block_1_57' title="bbox 2323 2607 4052 2682">
    <p class='ocr_par' dir='ltr' id='par_1_57' title="bbox 2323 2607 4052 2682">
     <span class='ocr_line' id='line_1_57' title="bbox 2323 2607 4052 2682; baseline 0 -16"><span class='ocrx_word' id='word_1_411' title='bbox 2323 2609 2613 2668; x_wconf 89' lang='lat' dir='ltr'>siasticam</span> <span class='ocrx_word' id='word_1_412' title='bbox 2677 2609 3082 2668; x_wconf 86' lang='lat' dir='ltr'>conscenderet</span> <span class='ocrx_word' id='word_1_413' title='bbox 3133 2608 3490 2682; x_wconf 83' lang='lat' dir='ltr'>dignitatem.</span> <span class='ocrx_word' id='word_1_414' title='bbox 3556 2607 3666 2668; x_wconf 85' lang='lat' dir='ltr'>Sed</span> <span class='ocrx_word' id='word_1_415' title='bbox 3729 2608 3886 2682; x_wconf 89' lang='lat' dir='ltr'>quod</span> <span class='ocrx_word' id='word_1_416' title='bbox 3945 2608 4052 2666; x_wconf 89' lang='lat' dir='ltr'>ille</span> 
     </span>
    </p>
   </div>
   <div class='ocr_carea' id='block_1_58' title="bbox 2325 2696 4048 2774">
    <p class='ocr_par' dir='ltr' id='par_1_58' title="bbox 2325 2696 4048 2774">
     <span class='ocr_line' id='line_1_58' title="bbox 2325 2696 4048 2774; baseline -0.002 -14"><span class='ocrx_word' id='word_1_417' title='bbox 2325 2701 2547 2774; x_wconf 87' lang='lat' dir='ltr'>putavit</span> <span class='ocrx_word' id='word_1_418' title='bbox 2601 2699 2993 2774; x_wconf 88' lang='lat' dir='ltr'>patrocinium</span> <span class='ocrx_word' id='word_1_419' title='bbox 3046 2696 3139 2754; x_wconf 86' lang='lat'>&#39;72</span> <span class='ocrx_word' id='word_1_420' title='bbox 3194 2700 3366 2771; x_wconf 86' lang='lat' dir='ltr'>fuga,</span> <span class='ocrx_word' id='word_1_421' title='bbox 3414 2699 3654 2773; x_wconf 84' lang='lat' dir='ltr'>profecit</span> <span class='ocrx_word' id='word_1_422' title='bbox 3697 2697 3762 2756; x_wconf 89' lang='lat' dir='ltr'>in</span> <span class='ocrx_word' id='word_1_423' title='bbox 3803 2698 4048 2757; x_wconf 84' lang='lat' dir='ltr'>titulum</span> 
     </span>
    </p>
   </div>
   <div class='ocr_carea' id='block_1_59' title="bbox 2326 2786 4052 2862">
    <p class='ocr_par' dir='ltr' id='par_1_59' title="bbox 2326 2786 4052 2862">
     <span class='ocr_line' id='line_1_59' title="bbox 2326 2786 4052 2862; baseline -0.001 -18"><span class='ocrx_word' id='word_1_424' title='bbox 2326 2788 2546 2862; x_wconf 89' lang='lat' dir='ltr'>gloria.</span> <span class='ocrx_word' id='word_1_425' title='bbox 2617 2788 2763 2845; x_wconf 91' lang='lat' dir='ltr'>Nam</span> <span class='ocrx_word' id='word_1_426' title='bbox 2818 2788 2972 2846; x_wconf 91' lang='lat' dir='ltr'>unde</span> <span class='ocrx_word' id='word_1_427' title='bbox 3025 2803 3085 2845; x_wconf 91' lang='lat' dir='ltr'>se</span> <span class='ocrx_word' id='word_1_428' title='bbox 3141 2786 3452 2860; x_wconf 90' lang='lat' dir='ltr'>indignum</span> <span class='ocrx_word' id='word_1_429' title='bbox 3501 2786 3764 2854; x_wconf 89' lang='lat' dir='ltr'>reddidit,</span> <span class='ocrx_word' id='word_1_430' title='bbox 3817 2786 4052 2860; x_wconf 88' lang='lat' dir='ltr'>dignior</span> 
     </span>
    </p>
   </div>
   <div class='ocr_carea' id='block_1_60' title="bbox 2330 2874 4049 2948">
    <p class='ocr_par' dir='ltr' id='par_1_60' title="bbox 2330 2874 4049 2948">
     <span class='ocr_line' id='line_1_60' title="bbox 2330 2874 4049 2948; baseline -0.001 -16"><span class='ocrx_word' id='word_1_431' title='bbox 2330 2877 2470 2945; x_wconf 88' lang='lat' dir='ltr'>fuit;</span> <span class='ocrx_word' id='word_1_432' title='bbox 2529 2882 2584 2933; x_wconf 89' lang='lat' dir='ltr'>et</span> <span class='ocrx_word' id='word_1_433' title='bbox 2629 2875 2788 2948; x_wconf 93' lang='lat' dir='ltr'>quod</span> <span class='ocrx_word' id='word_1_434' title='bbox 2839 2875 3112 2948; x_wconf 88' lang='lat' dir='ltr'>fugiebat,</span> <span class='ocrx_word' id='word_1_435' title='bbox 3163 2884 3392 2935; x_wconf 90' lang='lat' dir='ltr'>coactus</span> <span class='ocrx_word' id='word_1_436' title='bbox 3437 2876 3702 2938; x_wconf 89' lang='lat' dir='ltr'>incurrit.</span> <span class='ocrx_word' id='word_1_437' title='bbox 3749 2874 3922 2934; x_wconf 90' lang='lat' dir='ltr'>Beata</span> <span class='ocrx_word' id='word_1_438' title='bbox 3967 2889 4049 2944; x_wconf 89' lang='lat' dir='ltr'>es,</span> 
     </span>
    </p>
   </div>
   <div class='ocr_carea' id='block_1_61' title="bbox 2326 2963 4051 3040">
    <p class='ocr_par' dir='ltr' id='par_1_61' title="bbox 2326 2963 4051 3040">
     <span class='ocr_line' id='line_1_61' title="bbox 2326 2963 4051 3040; baseline 0.001 -19"><span class='ocrx_word' id='word_1_439' title='bbox 2326 2980 2360 3021; x_wconf 97' lang='lat' dir='ltr'>o</span> <span class='ocrx_word' id='word_1_440' title='bbox 2413 2963 2787 3035; x_wconf 84' lang='lat' dir='ltr'>Alexandria,</span> <span class='ocrx_word' id='word_1_441' title='bbox 2853 2964 3194 3038; x_wconf 87' lang='lat' dir='ltr'>triumphali</span> <span class='ocrx_word' id='word_1_442' title='bbox 3241 2964 3535 3038; x_wconf 90' lang='lat' dir='ltr'>apostolici</span> <span class='ocrx_word' id='word_1_443' title='bbox 3585 2966 3855 3040; x_wconf 84' lang='lat' dir='ltr'>martyris</span> <span class='ocrx_word' id='word_1_444' title='bbox 3910 2980 4051 3026; x_wconf 50' lang='lat' dir='ltr'>san.</span> 
     </span>
    </p>
   </div>
   <div class='ocr_carea' id='block_1_62' title="bbox 533 3051 4050 3139">
    <p class='ocr_par' dir='ltr' id='par_1_62' title="bbox 533 3051 4050 3139">
     <span class='ocr_line' id='line_1_62' title="bbox 533 3051 4050 3139; baseline 0.001 -29"><span class='ocrx_word' id='word_1_445' title='bbox 533 3053 836 3126; x_wconf 87' lang='lat' dir='ltr'>lateribus,</span> <span class='ocrx_word' id='word_1_446' title='bbox 879 3060 942 3112; x_wconf 91' lang='lat' dir='ltr'>ut</span> <span class='ocrx_word' id='word_1_447' title='bbox 991 3062 1246 3134; x_wconf 86' lang='lat' dir='ltr'>portetur</span> <span class='ocrx_word' id='word_1_448' title='bbox 1291 3055 1353 3112; x_wconf 90' lang='lat' dir='ltr'>in</span> <span class='ocrx_word' id='word_1_449' title='bbox 1399 3056 1502 3125; x_wconf 90' lang='lat' dir='ltr'>eis,</span> <span class='ocrx_word' id='word_1_450' title='bbox 1556 3055 1659 3129; x_wconf 91' lang='lat' dir='ltr'>qui</span> <span class='ocrx_word' id='word_1_451' title='bbox 1704 3070 1929 3127; x_wconf 88' lang='lat' dir='ltr'>semper</span> <span class='ocrx_word' id='word_1_452' title='bbox 1967 3059 2136 3111; x_wconf 89' lang='lat' dir='ltr'>erunt</span> <span class='ocrx_word' id='word_1_453' title='bbox 2184 3051 2508 3139; x_wconf 72' lang='lat' dir='ltr'>incguine</span> <span class='ocrx_word' id='word_1_454' title='bbox 2556 3058 2890 3126; x_wconf 86' lang='lat' dir='ltr'>purpurata.</span> <span class='ocrx_word' id='word_1_455' title='bbox 2938 3051 3105 3110; x_wconf 86' lang='lat' dir='ltr'>Felix</span> <span class='ocrx_word' id='word_1_456' title='bbox 3148 3058 3203 3112; x_wconf 91' lang='lat' dir='ltr'>et</span> <span class='ocrx_word' id='word_1_457' title='bbox 3254 3060 3334 3124; x_wconf 92' lang='lat' dir='ltr'>tu,</span> <span class='ocrx_word' id='word_1_458' title='bbox 3368 3052 3554 3124; x_wconf 91' lang='lat' dir='ltr'>Italia,</span> <span class='ocrx_word' id='word_1_459' title='bbox 3584 3060 3638 3112; x_wconf 90' lang='lat' dir='ltr'>et</span> <span class='ocrx_word' id='word_1_460' title='bbox 3682 3053 3909 3112; x_wconf 89' lang='lat' dir='ltr'>dudum</span> <span class='ocrx_word' id='word_1_461' title='bbox 3942 3054 4050 3112; x_wconf 89' lang='lat' dir='ltr'>sci-</span> 
     </span>
    </p>
   </div>
   <div class='ocr_carea' id='block_1_63' title="bbox 531 3138 4055 3217">
    <p class='ocr_par' dir='ltr' id='par_1_63' title="bbox 531 3138 4055 3217">
     <span class='ocr_line' id='line_1_63' title="bbox 531 3138 4055 3217; baseline 0 -17"><span class='ocrx_word' id='word_1_462' title='bbox 531 3142 802 3212; x_wconf 91' lang='lat' dir='ltr'>circulis,</span> <span class='ocrx_word' id='word_1_463' title='bbox 865 3149 920 3199; x_wconf 89' lang='lat' dir='ltr'>et</span> <span class='ocrx_word' id='word_1_464' title='bbox 975 3159 1275 3216; x_wconf 92' lang='lat' dir='ltr'>nunquam</span> <span class='ocrx_word' id='word_1_465' title='bbox 1329 3144 1708 3202; x_wconf 85' lang='lat' dir='ltr'>extrahentur</span> <span class='ocrx_word' id='word_1_466' title='bbox 1770 3142 1842 3200; x_wconf 91' lang='lat' dir='ltr'>ab</span> <span class='ocrx_word' id='word_1_467' title='bbox 1900 3143 1984 3200; x_wconf 91' lang='lat' dir='ltr'>cis</span> <span class='ocrx_word' id='word_1_468' title='bbox 2042 3143 2246 3214; x_wconf 72' lang='lat' dir='ltr'>(Emod.</span> <span class='ocrx_word' id='word_1_469' title='bbox 2282 3138 2304 3139; x_wconf 47' lang='grc'>“⁷</span> <span class='ocrx_word' id='word_1_470' title='bbox 2333 3138 2464 3197; x_wconf 91' lang='lat' dir='ltr'>licet</span> <span class='ocrx_word' id='word_1_471' title='bbox 2515 3140 2899 3214; x_wconf 86' lang='lat' dir='ltr'>Evangelium</span> <span class='ocrx_word' id='word_1_472' title='bbox 2953 3142 3256 3200; x_wconf 87' lang='lat' dir='ltr'>scribentis</span> <span class='ocrx_word' id='word_1_473' title='bbox 3300 3142 3557 3212; x_wconf 90' lang='lat' dir='ltr'>alumna,</span> <span class='ocrx_word' id='word_1_474' title='bbox 3613 3149 3667 3200; x_wconf 91' lang='lat' dir='ltr'>et</span> <span class='ocrx_word' id='word_1_475' title='bbox 3718 3158 3879 3203; x_wconf 90' lang='lat' dir='ltr'>nunc</span> <span class='ocrx_word' id='word_1_476' title='bbox 3918 3157 4055 3217; x_wconf 86' lang='lat' dir='ltr'>pre-</span> 
     </span>
    </p>
   </div>
   <div class='ocr_carea' id='block_1_64' title="bbox 534 3227 4050 3304">
    <p class='ocr_par' dir='ltr' id='par_1_64' title="bbox 534 3227 4050 3304">
     <span class='ocr_line' id='line_1_64' title="bbox 534 3227 4050 3304; baseline 0 -14"><span class='ocrx_word' id='word_1_477' title='bbox 534 3233 706 3302; x_wconf 82' lang='lat' dir='ltr'>xxv).</span> <span class='ocrx_word' id='word_1_478' title='bbox 769 3253 796 3284; x_wconf 91' lang='lat'>»</span> <span class='ocrx_word' id='word_1_479' title='bbox 857 3231 1004 3302; x_wconf 90' lang='lat' dir='ltr'>Quid</span> <span class='ocrx_word' id='word_1_480' title='bbox 1061 3247 1161 3303; x_wconf 91' lang='lat' dir='ltr'>per</span> <span class='ocrx_word' id='word_1_481' title='bbox 1215 3248 1433 3303; x_wconf 92' lang='lat' dir='ltr'>arcam,</span> <span class='ocrx_word' id='word_1_482' title='bbox 1494 3232 1608 3290; x_wconf 90' lang='lat' dir='ltr'>nisi</span> <span class='ocrx_word' id='word_1_483' title='bbox 1663 3237 1858 3292; x_wconf 90' lang='lat' dir='ltr'>sancta</span> <span class='ocrx_word' id='word_1_484' title='bbox 1915 3230 2250 3304; x_wconf 89' lang='lat' dir='ltr'>designatur</span> <span class='ocrx_word' id='word_1_485' title='bbox 2333 3227 2477 3286; x_wconf 91' lang='lat' dir='ltr'>tioso</span> <span class='ocrx_word' id='word_1_486' title='bbox 2533 3230 2908 3287; x_wconf 91' lang='lat' dir='ltr'>sacratissimi</span> <span class='ocrx_word' id='word_1_487' title='bbox 2962 3232 3214 3303; x_wconf 89' lang='lat' dir='ltr'>corporis</span> <span class='ocrx_word' id='word_1_488' title='bbox 3273 3233 3539 3291; x_wconf 90' lang='lat' dir='ltr'>thesauro</span> <span class='ocrx_word' id='word_1_489' title='bbox 3604 3232 3767 3291; x_wconf 91' lang='lat' dir='ltr'>dives</span> <span class='ocrx_word' id='word_1_490' title='bbox 3829 3231 4050 3291; x_wconf 72' lang='lat' dir='ltr'>effecta.</span> 
     </span>
    </p>
   </div>
   <div class='ocr_carea' id='block_1_65' title="bbox 537 3315 4055 3396">
    <p class='ocr_par' dir='ltr' id='par_1_65' title="bbox 537 3315 4055 3396">
     <span class='ocr_line' id='line_1_65' title="bbox 537 3315 4055 3396; baseline 0.001 -18"><span class='ocrx_word' id='word_1_491' title='bbox 537 3321 839 3378; x_wconf 86' lang='lat' dir='ltr'>Ecclesia?</span> <span class='ocrx_word' id='word_1_492' title='bbox 893 3320 997 3378; x_wconf 92' lang='lat' dir='ltr'>Cui</span> <span class='ocrx_word' id='word_1_493' title='bbox 1056 3327 1301 3395; x_wconf 87' lang='lat' dir='ltr'>quatuor</span> <span class='ocrx_word' id='word_1_494' title='bbox 1352 3321 1554 3380; x_wconf 90' lang='lat' dir='ltr'>circuli</span> <span class='ocrx_word' id='word_1_495' title='bbox 1618 3320 1781 3380; x_wconf 91' lang='lat' dir='ltr'>aurei</span> <span class='ocrx_word' id='word_1_496' title='bbox 1841 3334 1939 3392; x_wconf 90' lang='lat' dir='ltr'>per</span> <span class='ocrx_word' id='word_1_497' title='bbox 1997 3326 2248 3393; x_wconf 90' lang='lat' dir='ltr'>quatuor</span> <span class='ocrx_word' id='word_1_498' title='bbox 2335 3315 2430 3375; x_wconf 92' lang='lat' dir='ltr'>Sic</span> <span class='ocrx_word' id='word_1_499' title='bbox 2481 3319 2674 3376; x_wconf 89' lang='lat' dir='ltr'>oriens</span> <span class='ocrx_word' id='word_1_500' title='bbox 2724 3336 2826 3392; x_wconf 89' lang='lat' dir='ltr'>per</span> <span class='ocrx_word' id='word_1_501' title='bbox 2874 3320 3210 3394; x_wconf 67' lang='lat' dir='ltr'>Egyptum,</span> <span class='ocrx_word' id='word_1_502' title='bbox 3261 3322 3524 3380; x_wconf 89' lang='lat' dir='ltr'>occidens</span> <span class='ocrx_word' id='word_1_503' title='bbox 3565 3337 3666 3396; x_wconf 90' lang='lat' dir='ltr'>per</span> <span class='ocrx_word' id='word_1_504' title='bbox 3716 3322 4055 3382; x_wconf 85' lang='lat' dir='ltr'>Romanum</span> 
     </span>
    </p>
   </div>
   <div class='ocr_carea' id='block_1_66' title="bbox 533 3409 2249 3490">
    <p class='ocr_par' dir='ltr' id='par_1_66' title="bbox 533 3409 2249 3490">
     <span class='ocr_line' id='line_1_66' title="bbox 533 3409 2249 3490; baseline -0.002 -21"><span class='ocrx_word' id='word_1_505' title='bbox 533 3410 782 3484; x_wconf 85' lang='lat' dir='ltr'>angulos</span> <span class='ocrx_word' id='word_1_506' title='bbox 827 3409 1112 3490; x_wconf 66' lang='lat' dir='ltr'>iubentur</span> <span class='ocrx_word' id='word_1_507' title='bbox 1174 3410 1434 3484; x_wconf 75' lang='lat' dir='ltr'>adiungi,</span> <span class='ocrx_word' id='word_1_508' title='bbox 1486 3411 1625 3484; x_wconf 90' lang='lat' dir='ltr'>quia</span> <span class='ocrx_word' id='word_1_509' title='bbox 1679 3411 1737 3468; x_wconf 93' lang='lat' dir='ltr'>in</span> <span class='ocrx_word' id='word_1_510' title='bbox 1792 3425 1878 3480; x_wconf 95' lang='lat' dir='ltr'>eo,</span> <span class='ocrx_word' id='word_1_511' title='bbox 1938 3409 2091 3482; x_wconf 89' lang='lat' dir='ltr'>quod</span> <span class='ocrx_word' id='word_1_512' title='bbox 2147 3423 2249 3482; x_wconf 91' lang='lat' dir='ltr'>per</span> 
     </span>
    </p>
   </div>
   <div class='ocr_carea' id='block_1_67' title="bbox 533 3496 2248 3572">
    <p class='ocr_par' dir='ltr' id='par_1_67' title="bbox 533 3496 2248 3572">
     <span class='ocr_line' id='line_1_67' title="bbox 533 3496 2248 3572; baseline -0.001 -16"><span class='ocrx_word' id='word_1_513' title='bbox 533 3506 784 3572; x_wconf 90' lang='lat' dir='ltr'>quatuor</span> <span class='ocrx_word' id='word_1_514' title='bbox 818 3497 1023 3557; x_wconf 92' lang='lat' dir='ltr'>mundi</span> <span class='ocrx_word' id='word_1_515' title='bbox 1055 3505 1242 3572; x_wconf 90' lang='lat' dir='ltr'>partes</span> <span class='ocrx_word' id='word_1_516' title='bbox 1272 3498 1505 3556; x_wconf 90' lang='lat' dir='ltr'>dilatata</span> <span class='ocrx_word' id='word_1_517' title='bbox 1537 3498 1808 3569; x_wconf 88' lang='lat' dir='ltr'>tenditur,</span> <span class='ocrx_word' id='word_1_518' title='bbox 1840 3497 2038 3572; x_wconf 90' lang='lat' dir='ltr'>procul</span> <span class='ocrx_word' id='word_1_519' title='bbox 2070 3496 2248 3555; x_wconf 90' lang='lat' dir='ltr'>dubio</span> 
     </span>
    </p>
   </div>
   <div class='ocr_carea' id='block_1_68' title="bbox 534 3585 2245 3660">
    <p class='ocr_par' dir='ltr' id='par_1_68' title="bbox 534 3585 2245 3660">
     <span class='ocr_line' id='line_1_68' title="bbox 534 3585 2245 3660; baseline -0.003 -14"><span class='ocrx_word' id='word_1_520' title='bbox 534 3593 781 3660; x_wconf 88' lang='lat' dir='ltr'>quatuor</span> <span class='ocrx_word' id='word_1_521' title='bbox 809 3587 988 3644; x_wconf 87' lang='lat' dir='ltr'>sancti</span> <span class='ocrx_word' id='word_1_522' title='bbox 1030 3585 1334 3660; x_wconf 88' lang='lat' dir='ltr'>Evangelii</span> <span class='ocrx_word' id='word_1_523' title='bbox 1389 3587 1552 3645; x_wconf 90' lang='lat' dir='ltr'>libris</span> <span class='ocrx_word' id='word_1_524' title='bbox 1586 3588 1839 3644; x_wconf 90' lang='lat' dir='ltr'>accincta</span> <span class='ocrx_word' id='word_1_525' title='bbox 1882 3585 2245 3660; x_wconf 88' lang='lat' dir='ltr'>pradicatur.</span> 
     </span>
    </p>
   </div>
   <div class='ocr_carea' id='block_1_69' title="bbox 540 3675 2251 3750">
    <p class='ocr_par' dir='ltr' id='par_1_69' title="bbox 540 3675 2251 3750">
     <span class='ocr_line' id='line_1_69' title="bbox 540 3675 2251 3750; baseline 0.001 -17"><span class='ocrx_word' id='word_1_526' title='bbox 540 3675 854 3750; x_wconf 89' lang='lat' dir='ltr'>Vectesque</span> <span class='ocrx_word' id='word_1_527' title='bbox 907 3675 978 3733; x_wconf 92' lang='lat' dir='ltr'>de</span> <span class='ocrx_word' id='word_1_528' title='bbox 1031 3675 1202 3748; x_wconf 91' lang='lat' dir='ltr'>lignis</span> <span class='ocrx_word' id='word_1_529' title='bbox 1254 3675 1472 3735; x_wconf 88' lang='lat' dir='ltr'>Sethim</span> <span class='ocrx_word' id='word_1_530' title='bbox 1533 3675 1705 3744; x_wconf 87' lang='lat' dir='ltr'>ﬁunt,</span> <span class='ocrx_word' id='word_1_531' title='bbox 1761 3675 1863 3748; x_wconf 92' lang='lat' dir='ltr'>qui</span> <span class='ocrx_word' id='word_1_532' title='bbox 1907 3675 2123 3733; x_wconf 91' lang='lat' dir='ltr'>eisdem</span> <span class='ocrx_word' id='word_1_533' title='bbox 2178 3676 2251 3734; x_wconf 89' lang='lat' dir='ltr'>ad</span> 
     </span>
    </p>
   </div>
   <div class='ocr_carea' id='block_1_70' title="bbox 535 3762 2247 3837">
    <p class='ocr_par' dir='ltr' id='par_1_70' title="bbox 535 3762 2247 3837">
     <span class='ocr_line' id='line_1_70' title="bbox 535 3762 2247 3837; baseline 0 -17"><span class='ocrx_word' id='word_1_534' title='bbox 535 3765 883 3837; x_wconf 88' lang='lat' dir='ltr'>portandum</span> <span class='ocrx_word' id='word_1_535' title='bbox 944 3762 1176 3821; x_wconf 91' lang='lat' dir='ltr'>circulis</span> <span class='ocrx_word' id='word_1_536' title='bbox 1224 3764 1581 3832; x_wconf 91' lang='lat' dir='ltr'>inseruntur,</span> <span class='ocrx_word' id='word_1_537' title='bbox 1637 3763 1774 3836; x_wconf 92' lang='lat' dir='ltr'>quia</span> <span class='ocrx_word' id='word_1_538' title='bbox 1828 3764 2002 3822; x_wconf 91' lang='lat' dir='ltr'>fortes</span> <span class='ocrx_word' id='word_1_539' title='bbox 2061 3779 2247 3836; x_wconf 88' lang='lat' dir='ltr'>perse-</span> 
     </span>
    </p>
   </div>
   <div class='ocr_carea' id='block_1_71' title="bbox 535 3851 2253 3926">
    <p class='ocr_par' dir='ltr' id='par_1_71' title="bbox 535 3851 2253 3926">
     <span class='ocr_line' id='line_1_71' title="bbox 535 3851 2253 3926; baseline 0 -16"><span class='ocrx_word' id='word_1_540' title='bbox 535 3860 918 3926; x_wconf 86' lang='lat' dir='ltr'>verantesque</span> <span class='ocrx_word' id='word_1_541' title='bbox 964 3853 1219 3911; x_wconf 89' lang='lat' dir='ltr'>doctores</span> <span class='ocrx_word' id='word_1_542' title='bbox 1255 3853 1418 3911; x_wconf 91' lang='lat' dir='ltr'>velut</span> <span class='ocrx_word' id='word_1_543' title='bbox 1462 3851 1846 3926; x_wconf 87' lang='lat' dir='ltr'>imputribilia</span> <span class='ocrx_word' id='word_1_544' title='bbox 1896 3851 2052 3926; x_wconf 88' lang='lat' dir='ltr'>ligna</span> <span class='ocrx_word' id='word_1_545' title='bbox 2097 3868 2253 3926; x_wconf 89' lang='lat' dir='ltr'>qua-</span> 
     </span>
    </p>
   </div>
   <div class='ocr_carea' id='block_1_72' title="bbox 2334 3406 4056 3486">
    <p class='ocr_par' dir='ltr' id='par_1_72' title="bbox 2334 3406 4056 3486">
     <span class='ocr_line' id='line_1_72' title="bbox 2334 3406 4056 3486; baseline 0.002 -22"><span class='ocrx_word' id='word_1_546' title='bbox 2334 3406 2640 3466; x_wconf 89' lang='lat' dir='ltr'>decoratur</span> <span class='ocrx_word' id='word_1_547' title='bbox 2696 3409 3027 3483; x_wconf 88' lang='lat' dir='ltr'>imperium.</span> <span class='ocrx_word' id='word_1_548' title='bbox 3089 3410 3174 3472; x_wconf 90' lang='lat' dir='ltr'>Sit</span> <span class='ocrx_word' id='word_1_549' title='bbox 3227 3411 3314 3469; x_wconf 92' lang='lat' dir='ltr'>illi</span> <span class='ocrx_word' id='word_1_550' title='bbox 3369 3411 3570 3485; x_wconf 91' lang='lat' dir='ltr'>gloria,</span> <span class='ocrx_word' id='word_1_551' title='bbox 3617 3412 3722 3486; x_wconf 89' lang='lat' dir='ltr'>qui</span> <span class='ocrx_word' id='word_1_552' title='bbox 3764 3410 4056 3469; x_wconf 90' lang='lat' dir='ltr'>mirabilis</span> 
     </span>
    </p>
   </div>
   <div class='ocr_carea' id='block_1_73' title="bbox 2338 3495 4052 3570">
    <p class='ocr_par' dir='ltr' id='par_1_73' title="bbox 2338 3495 4052 3570">
     <span class='ocr_line' id='line_1_73' title="bbox 2338 3495 4052 3570; baseline 0.003 -19"><span class='ocrx_word' id='word_1_553' title='bbox 2338 3495 2397 3551; x_wconf 93' lang='lat' dir='ltr'>in</span> <span class='ocrx_word' id='word_1_554' title='bbox 2433 3497 2644 3555; x_wconf 89' lang='lat' dir='ltr'>sanctis</span> <span class='ocrx_word' id='word_1_555' title='bbox 2676 3497 2798 3555; x_wconf 92' lang='lat' dir='ltr'>suis</span> <span class='ocrx_word' id='word_1_556' title='bbox 2831 3501 2994 3567; x_wconf 86' lang='lat' dir='ltr'>(Psal.</span> <span class='ocrx_word' id='word_1_557' title='bbox 3037 3502 3238 3570; x_wconf 71' lang='lat' dir='ltr'>vam,</span> <span class='ocrx_word' id='word_1_558' title='bbox 3271 3516 3367 3559; x_wconf 91' lang='lat' dir='ltr'>eos</span> <span class='ocrx_word' id='word_1_559' title='bbox 3406 3499 3577 3559; x_wconf 91' lang='lat' dir='ltr'>etiam</span> <span class='ocrx_word' id='word_1_560' title='bbox 3627 3499 3924 3558; x_wconf 89' lang='lat' dir='ltr'>mirabiles</span> <span class='ocrx_word' id='word_1_561' title='bbox 3964 3498 4052 3556; x_wconf 78' lang='lat' dir='ltr'>fa-</span> 
     </span>
    </p>
   </div>
   <div class='ocr_carea' id='block_1_74' title="bbox 2344 3583 3385 3650">
    <p class='ocr_par' dir='ltr' id='par_1_74' title="bbox 2344 3583 3385 3650">
     <span class='ocr_line' id='line_1_74' title="bbox 2344 3583 3385 3650; baseline 0.011 -11"><span class='ocrx_word' id='word_1_562' title='bbox 2344 3583 2418 3640; x_wconf 90' lang='lat' dir='ltr'>cit</span> <span class='ocrx_word' id='word_1_563' title='bbox 2446 3585 2502 3641; x_wconf 92' lang='lat' dir='ltr'>in</span> <span class='ocrx_word' id='word_1_564' title='bbox 2532 3587 2745 3644; x_wconf 89' lang='lat' dir='ltr'>sacula</span> <span class='ocrx_word' id='word_1_565' title='bbox 2773 3587 3140 3648; x_wconf 83' lang='lat' dir='ltr'>saculorum.</span> <span class='ocrx_word' id='word_1_566' title='bbox 3175 3593 3385 3650; x_wconf 87' lang='lat' dir='ltr'>Amen.</span> 
     </span>
    </p>
   </div>
   <div class='ocr_carea' id='block_1_75' title="bbox 2982 3693 3396 3754">
    <p class='ocr_par' dir='ltr' id='par_1_75' title="bbox 2982 3693 3396 3754">
     <span class='ocr_line' id='line_1_75' title="bbox 2982 3693 3396 3754; baseline 0.005 -2"><span class='ocrx_word' id='word_1_567' title='bbox 2982 3693 3230 3754; x_wconf 82' lang='lat' dir='ltr'>SERMO</span> <span class='ocrx_word' id='word_1_568' title='bbox 3271 3694 3396 3754; x_wconf 90' lang='lat' dir='ltr'>XV.</span> 
     </span>
    </p>
   </div>
   <div class='ocr_carea' id='block_1_76' title="bbox 2549 3768 3836 3840">
    <p class='ocr_par' dir='ltr' id='par_1_76' title="bbox 2549 3768 3836 3840">
     <span class='ocr_line' id='line_1_76' title="bbox 2549 3768 3836 3840; baseline 0.007 -22"><span class='ocrx_word' id='word_1_569' title='bbox 2549 3773 2610 3818; x_wconf 89' lang='lat' dir='ltr'>n.</span> <span class='ocrx_word' id='word_1_570' title='bbox 2643 3773 2716 3820; x_wconf 71' lang='lat' dir='ltr'>ne</span> <span class='ocrx_word' id='word_1_571' title='bbox 2744 3777 2790 3820; x_wconf 93' lang='lat' dir='ltr'>s.</span> <span class='ocrx_word' id='word_1_572' title='bbox 2823 3777 3022 3824; x_wconf 75' lang='lat' dir='ltr'>MARCO</span> <span class='ocrx_word' id='word_1_573' title='bbox 3053 3778 3474 3826; x_wconf 80' lang='lat' dir='ltr'>EVANGELISTA.</span> <span class='ocrx_word' id='word_1_574' title='bbox 3501 3768 3652 3837; x_wconf 85' lang='lat' dir='ltr'>(xxv</span> <span class='ocrx_word' id='word_1_575' title='bbox 3680 3770 3836 3840; x_wconf 77' lang='lat' dir='ltr'>APR.)</span> 
     </span>
    </p>
   </div>
   <div class='ocr_carea' id='block_1_77' title="bbox 2410 3849 4056 3930">
    <p class='ocr_par' dir='ltr' id='par_1_77' title="bbox 2410 3849 4056 3930">
     <span class='ocr_line' id='line_1_77' title="bbox 2410 3849 4056 3930; baseline 0.005 -24"><span class='ocrx_word' id='word_1_576' title='bbox 2410 3849 2553 3908; x_wconf 82' lang='lat' dir='ltr'>Ecce</span> <span class='ocrx_word' id='word_1_577' title='bbox 2601 3850 2814 3923; x_wconf 85' lang='lat' dir='ltr'>video,</span> <span class='ocrx_word' id='word_1_578' title='bbox 2881 3853 3282 3928; x_wconf 81' lang='lat' dir='ltr'>dilectissimi,</span> <span class='ocrx_word' id='word_1_579' title='bbox 3334 3856 3611 3930; x_wconf 91' lang='lat' dir='ltr'>quoniam</span> <span class='ocrx_word' id='word_1_580' title='bbox 3665 3857 3737 3916; x_wconf 90' lang='lat' dir='ltr'>ad</span> <span class='ocrx_word' id='word_1_581' title='bbox 3787 3871 4056 3914; x_wconf 80' lang='lat' dir='ltr'>mensam</span> 
     </span>
    </p>
   </div>
   <div class='ocr_carea' id='block_1_78' title="bbox 534 3937 4052 4018">
    <p class='ocr_par' dir='ltr' id='par_1_78' title="bbox 534 3937 4052 4018">
     <span class='ocr_line' id='line_1_78' title="bbox 534 3937 4052 4018; baseline 0.001 -19"><span class='ocrx_word' id='word_1_582' title='bbox 534 3943 697 4000; x_wconf 91' lang='lat' dir='ltr'>rendi</span> <span class='ocrx_word' id='word_1_583' title='bbox 751 3947 913 4012; x_wconf 79' lang='lat' dir='ltr'>sunt,</span> <span class='ocrx_word' id='word_1_584' title='bbox 963 3942 1064 4015; x_wconf 91' lang='lat' dir='ltr'>qui</span> <span class='ocrx_word' id='word_1_585' title='bbox 1112 3941 1479 3999; x_wconf 88' lang='lat' dir='ltr'>instructioni</span> <span class='ocrx_word' id='word_1_586' title='bbox 1530 3956 1825 3999; x_wconf 82' lang='lat' dir='ltr'>sacrorum</span> <span class='ocrx_word' id='word_1_587' title='bbox 1879 3941 2251 3998; x_wconf 86' lang='lat' dir='ltr'>voluminum</span> <span class='ocrx_word' id='word_1_588' title='bbox 2339 3937 2592 3997; x_wconf 87' lang='lat' dir='ltr'>ecclesia</span> <span class='ocrx_word' id='word_1_589' title='bbox 2655 3940 3122 4014; x_wconf 82' lang='lat' dir='ltr'>discumbentes,</span> <span class='ocrx_word' id='word_1_590' title='bbox 3179 3943 3320 4003; x_wconf 91' lang='lat' dir='ltr'>dum</span> <span class='ocrx_word' id='word_1_591' title='bbox 3374 3945 3762 4018; x_wconf 89' lang='lat' dir='ltr'>spiritualium</span> <span class='ocrx_word' id='word_1_592' title='bbox 3813 3945 4052 4004; x_wconf 87' lang='lat' dir='ltr'>delicia-</span> 
     </span>
    </p>
   </div>
   <div class='ocr_carea' id='block_1_79' title="bbox 535 4029 4052 4106">
    <p class='ocr_par' dir='ltr' id='par_1_79' title="bbox 535 4029 4052 4106">
     <span class='ocr_line' id='line_1_79' title="bbox 535 4029 4052 4106; baseline 0.002 -20"><span class='ocrx_word' id='word_1_593' title='bbox 535 4046 762 4103; x_wconf 86' lang='lat' dir='ltr'>semper</span> <span class='ocrx_word' id='word_1_594' title='bbox 806 4030 1181 4099; x_wconf 89' lang='lat' dir='ltr'>inharentes,</span> <span class='ocrx_word' id='word_1_595' title='bbox 1235 4036 1447 4087; x_wconf 89' lang='lat' dir='ltr'>sancta</span> <span class='ocrx_word' id='word_1_596' title='bbox 1497 4029 1770 4088; x_wconf 91' lang='lat' dir='ltr'>Ecclesia</span> <span class='ocrx_word' id='word_1_597' title='bbox 1821 4029 2105 4088; x_wconf 89' lang='lat' dir='ltr'>unitatem</span> <span class='ocrx_word' id='word_1_598' title='bbox 2151 4029 2250 4087; x_wconf 91' lang='lat' dir='ltr'>dc-</span> <span class='ocrx_word' id='word_1_599' title='bbox 2340 4045 2474 4093; x_wconf 89' lang='lat' dir='ltr'>rum</span> <span class='ocrx_word' id='word_1_600' title='bbox 2518 4030 2793 4088; x_wconf 90' lang='lat' dir='ltr'>alimenta</span> <span class='ocrx_word' id='word_1_601' title='bbox 2831 4033 3142 4105; x_wconf 89' lang='lat' dir='ltr'>percipitis,</span> <span class='ocrx_word' id='word_1_602' title='bbox 3187 4049 3305 4092; x_wconf 91' lang='lat' dir='ltr'>non</span> <span class='ocrx_word' id='word_1_603' title='bbox 3335 4049 3452 4093; x_wconf 90' lang='lat' dir='ltr'>uno</span> <span class='ocrx_word' id='word_1_604' title='bbox 3483 4050 3747 4094; x_wconf 84' lang='lat' dir='ltr'>sermone</span> <span class='ocrx_word' id='word_1_605' title='bbox 3774 4035 4052 4106; x_wconf 89' lang='lat' dir='ltr'>contenti,</span> 
     </span>
    </p>
   </div>
   <div class='ocr_carea' id='block_1_80' title="bbox 541 4117 4058 4193">
    <p class='ocr_par' dir='ltr' id='par_1_80' title="bbox 541 4117 4058 4193">
     <span class='ocr_line' id='line_1_80' title="bbox 541 4117 4058 4193; baseline 0.002 -19"><span class='ocrx_word' id='word_1_606' title='bbox 541 4119 810 4175; x_wconf 85' lang='lat' dir='ltr'>nuntient</span> <span class='ocrx_word' id='word_1_607' title='bbox 845 4124 901 4175; x_wconf 91' lang='lat' dir='ltr'>et</span> <span class='ocrx_word' id='word_1_608' title='bbox 948 4121 1114 4190; x_wconf 90' lang='lat' dir='ltr'>quasi</span> <span class='ocrx_word' id='word_1_609' title='bbox 1160 4119 1477 4177; x_wconf 90' lang='lat' dir='ltr'>intromissi</span> <span class='ocrx_word' id='word_1_610' title='bbox 1517 4119 1750 4179; x_wconf 90' lang='lat' dir='ltr'>circulis</span> <span class='ocrx_word' id='word_1_611' title='bbox 1785 4136 1976 4178; x_wconf 89' lang='lat' dir='ltr'>arcam</span> <span class='ocrx_word' id='word_1_612' title='bbox 2007 4126 2250 4193; x_wconf 92' lang='lat' dir='ltr'>portent.</span> <span class='ocrx_word' id='word_1_613' title='bbox 2339 4117 2530 4176; x_wconf 89' lang='lat' dir='ltr'>adhuc</span> <span class='ocrx_word' id='word_1_614' title='bbox 2577 4117 2824 4178; x_wconf 88' lang='lat' dir='ltr'>alterum</span> <span class='ocrx_word' id='word_1_615' title='bbox 2867 4121 3099 4180; x_wconf 90' lang='lat' dir='ltr'>avidius</span> <span class='ocrx_word' id='word_1_616' title='bbox 3138 4123 3389 4182; x_wconf 89' lang='lat' dir='ltr'>esuritis.</span> <span class='ocrx_word' id='word_1_617' title='bbox 3433 4123 3818 4192; x_wconf 90' lang='lat' dir='ltr'>Quamobrem</span> <span class='ocrx_word' id='word_1_618' title='bbox 3857 4129 3914 4181; x_wconf 93' lang='lat' dir='ltr'>et</span> <span class='ocrx_word' id='word_1_619' title='bbox 3950 4139 4058 4181; x_wconf 87' lang='lat' dir='ltr'>nos</span> 
     </span>
    </p>
   </div>
   <div class='ocr_carea' id='block_1_81' title="bbox 541 4205 4055 4282">
    <p class='ocr_par' dir='ltr' id='par_1_81' title="bbox 541 4205 4055 4282">
     <span class='ocr_line' id='line_1_81' title="bbox 541 4205 4055 4282; baseline 0.002 -20"><span class='ocrx_word' id='word_1_620' title='bbox 541 4205 810 4264; x_wconf 90' lang='lat' dir='ltr'>Vectibus</span> <span class='ocrx_word' id='word_1_621' title='bbox 861 4207 1076 4280; x_wconf 90' lang='lat' dir='ltr'>quippe</span> <span class='ocrx_word' id='word_1_622' title='bbox 1131 4223 1321 4266; x_wconf 87' lang='lat' dir='ltr'>arcam</span> <span class='ocrx_word' id='word_1_623' title='bbox 1373 4215 1616 4282; x_wconf 87' lang='lat' dir='ltr'>portare,</span> <span class='ocrx_word' id='word_1_624' title='bbox 1663 4216 1749 4266; x_wconf 91' lang='lat' dir='ltr'>est</span> <span class='ocrx_word' id='word_1_625' title='bbox 1799 4209 1964 4266; x_wconf 88' lang='lat' dir='ltr'>bonis</span> <span class='ocrx_word' id='word_1_626' title='bbox 2007 4209 2254 4267; x_wconf 92' lang='lat' dir='ltr'>doctori-</span> <span class='ocrx_word' id='word_1_627' title='bbox 2340 4205 2412 4262; x_wconf 91' lang='lat' dir='ltr'>ab</span> <span class='ocrx_word' id='word_1_628' title='bbox 2480 4206 2940 4268; x_wconf 88' lang='lat' dir='ltr'>administrando</span> <span class='ocrx_word' id='word_1_629' title='bbox 3006 4211 3334 4270; x_wconf 81' lang='lat' dir='ltr'>refectionis</span> <span class='ocrx_word' id='word_1_630' title='bbox 3393 4219 3598 4271; x_wconf 90' lang='lat' dir='ltr'>vestra</span> <span class='ocrx_word' id='word_1_631' title='bbox 3659 4211 3877 4270; x_wconf 87' lang='lat' dir='ltr'>ferculo</span> <span class='ocrx_word' id='word_1_632' title='bbox 3933 4227 4055 4269; x_wconf 87' lang='lat' dir='ltr'>non</span> 
     </span>
    </p>
   </div>
   <div class='ocr_carea' id='block_1_82' title="bbox 537 4293 4054 4370">
    <p class='ocr_par' dir='ltr' id='par_1_82' title="bbox 537 4293 4054 4370">
     <span class='ocr_line' id='line_1_82' title="bbox 537 4293 4054 4370; baseline 0.002 -20"><span class='ocrx_word' id='word_1_633' title='bbox 537 4293 647 4351; x_wconf 90' lang='lat' dir='ltr'>bus</span> <span class='ocrx_word' id='word_1_634' title='bbox 697 4295 767 4351; x_wconf 90' lang='lat' dir='ltr'>ad</span> <span class='ocrx_word' id='word_1_635' title='bbox 818 4303 1073 4354; x_wconf 89' lang='lat' dir='ltr'>sanctam</span> <span class='ocrx_word' id='word_1_636' title='bbox 1124 4295 1437 4362; x_wconf 89' lang='lat' dir='ltr'>Ecclesiam</span> <span class='ocrx_word' id='word_1_637' title='bbox 1499 4296 1672 4354; x_wconf 88' lang='lat' dir='ltr'>rudes</span> <span class='ocrx_word' id='word_1_638' title='bbox 1725 4296 1986 4354; x_wconf 88' lang='lat' dir='ltr'>ﬁdelium</span> <span class='ocrx_word' id='word_1_639' title='bbox 2039 4306 2258 4356; x_wconf 90' lang='lat' dir='ltr'>mentes</span> <span class='ocrx_word' id='word_1_640' title='bbox 2343 4296 2697 4370; x_wconf 88' lang='lat' dir='ltr'>desistimus,</span> <span class='ocrx_word' id='word_1_641' title='bbox 2752 4306 2818 4357; x_wconf 92' lang='lat' dir='ltr'>ut</span> <span class='ocrx_word' id='word_1_642' title='bbox 2863 4307 3117 4360; x_wconf 87' lang='lat' dir='ltr'>sanctam</span> <span class='ocrx_word' id='word_1_643' title='bbox 3166 4310 3369 4360; x_wconf 88' lang='lat' dir='ltr'>vestra</span> <span class='ocrx_word' id='word_1_644' title='bbox 3415 4301 3735 4361; x_wconf 85' lang='lat' dir='ltr'>devotionis</span> <span class='ocrx_word' id='word_1_645' title='bbox 3776 4299 4054 4370; x_wconf 84' lang='lat' dir='ltr'>esuriem,</span> 
     </span>
    </p>
   </div>
   <div class='ocr_carea' id='block_1_83' title="bbox 537 4383 4057 4469">
    <p class='ocr_par' dir='ltr' id='par_1_83' title="bbox 537 4383 4057 4469">
     <span class='ocr_line' id='line_1_83' title="bbox 537 4383 4057 4469; baseline 0.003 -29"><span class='ocrx_word' id='word_1_646' title='bbox 537 4383 906 4454; x_wconf 81' lang='lat' dir='ltr'>praedicando</span> <span class='ocrx_word' id='word_1_647' title='bbox 964 4383 1263 4442; x_wconf 90' lang='lat' dir='ltr'>deducere.</span> <span class='ocrx_word' id='word_1_648' title='bbox 1327 4384 1438 4453; x_wconf 90' lang='lat' dir='ltr'>Qui</span> <span class='ocrx_word' id='word_1_649' title='bbox 1493 4400 1636 4443; x_wconf 91' lang='lat' dir='ltr'>auro</span> <span class='ocrx_word' id='word_1_650' title='bbox 1698 4401 1928 4459; x_wconf 92' lang='lat' dir='ltr'>quoque</span> <span class='ocrx_word' id='word_1_651' title='bbox 1977 4386 2318 4469; x_wconf 76' lang='lat' dir='ltr'>iubenturh</span> <span class='ocrx_word' id='word_1_652' title='bbox 2347 4390 2438 4449; x_wconf 91' lang='lat' dir='ltr'>vel</span> <span class='ocrx_word' id='word_1_653' title='bbox 2503 4393 2662 4450; x_wconf 92' lang='lat' dir='ltr'>tenui</span> <span class='ocrx_word' id='word_1_654' title='bbox 2721 4395 2973 4468; x_wconf 86' lang='lat' dir='ltr'>quodam</span> <span class='ocrx_word' id='word_1_655' title='bbox 3040 4395 3251 4467; x_wconf 92' lang='lat' dir='ltr'>pabulo</span> <span class='ocrx_word' id='word_1_656' title='bbox 3305 4403 3725 4469; x_wconf 87' lang='lat' dir='ltr'>temperemus,</span> <span class='ocrx_word' id='word_1_657' title='bbox 3799 4394 4057 4452; x_wconf 87' lang='lat' dir='ltr'>dicentes</span> 
     </span>
    </p>
   </div>
   <div class='ocr_carea' id='block_1_84' title="bbox 535 4438 4054 4557">
    <p class='ocr_par' dir='ltr' id='par_1_84' title="bbox 535 4438 4054 4557">
     <span class='ocr_line' id='line_1_84' title="bbox 537 4438 4054 4465; baseline -0.001 -12"><span class='ocrx_word' id='word_1_658' title='bbox 1335 4438 1438 4453; x_wconf 58' lang='grc' dir='ltr'>,ιη</span> <span class='ocrx_word' id='word_1_659' title='bbox 1498 4438 1629 4443; x_wconf 59' lang='grc' dir='ltr'>η--</span> <span class='ocrx_word' id='word_1_660' title='bbox 1702 4438 1925 4459; x_wconf 55' lang='grc' dir='ltr'>ητ-τη</span> <span class='ocrx_word' id='word_1_661' title='bbox 1977 4438 2240 4459; x_wconf 71' lang='grc'>,--------</span> <span class='ocrx_word' id='word_1_662' title='bbox 2360 4438 2438 4449; x_wconf 75' lang='grc' dir='ltr'>.ν.</span> <span class='ocrx_word' id='word_1_663' title='bbox 2505 4438 2662 4450; x_wconf 78' lang='lat'>........</span> <span class='ocrx_word' id='word_1_664' title='bbox 2766 4438 2973 4452; x_wconf 60' lang='grc' dir='ltr'>μνη...</span> <span class='ocrx_word' id='word_1_665' title='bbox 3077 4438 3250 4454; x_wconf 67' lang='grc' dir='ltr'>..νων</span> <span class='ocrx_word' id='word_1_666' title='bbox 3307 4438 3418 4453; x_wconf 59' lang='grc' dir='ltr'>ηιμ</span> <span class='ocrx_word' id='word_1_667' title='bbox 3460 4438 3725 4465; x_wconf 46' lang='lat' dir='ltr'>“suum,</span> <span class='ocrx_word' id='word_1_668' title='bbox 3799 4438 4054 4452; x_wconf 53' lang='lat' dir='ltr'>ww...“</span> 
     </span>
     <span class='ocr_line' id='line_1_85' title="bbox 535 4438 4054 4557; baseline 0.001 -24"><span class='ocrx_word' id='word_1_669' title='bbox 535 4474 764 4548; x_wconf 92' lang='lat' dir='ltr'>operiri,</span> <span class='ocrx_word' id='word_1_670' title='bbox 799 4478 880 4543; x_wconf 93' lang='lat' dir='ltr'>ut,</span> <span class='ocrx_word' id='word_1_671' title='bbox 915 4489 1048 4532; x_wconf 91' lang='lat' dir='ltr'>cum</span> <span class='ocrx_word' id='word_1_672' title='bbox 1099 4490 1364 4534; x_wconf 92' lang='lat' dir='ltr'>sermone</span> <span class='ocrx_word' id='word_1_673' title='bbox 1409 4474 1540 4532; x_wconf 87' lang='lat' dir='ltr'>aliis</span> <span class='ocrx_word' id='word_1_674' title='bbox 1580 4475 1874 4546; x_wconf 89' lang='lat' dir='ltr'>insonant,</span> <span class='ocrx_word' id='word_1_675' title='bbox 1918 4476 2028 4550; x_wconf 88' lang='lat' dir='ltr'>ipsi</span> <span class='ocrx_word' id='word_1_676' title='bbox 2074 4438 2554 4540; x_wconf 70' lang='lat' dir='ltr'>etiamDscilicet</span> <span class='ocrx_word' id='word_1_677' title='bbox 2580 4438 3119 4557; x_wconf 43' lang='lat' dir='ltr'>cum‘iApostolofa</span> <span class='ocrx_word' id='word_1_678' title='bbox 3149 4485 3365 4543; x_wconf 88' lang='lat' dir='ltr'>Eadem</span> <span class='ocrx_word' id='word_1_679' title='bbox 3404 4438 3570 4543; x_wconf 51' lang='lat' dir='ltr'>vrobis</span> <span class='ocrx_word' id='word_1_680' title='bbox 3608 4483 3876 4554; x_wconf 78' lang='lat' dir='ltr'>scribere,</span> <span class='ocrx_word' id='word_1_681' title='bbox 3907 4481 4054 4538; x_wconf 90' lang='lat' dir='ltr'>mihi</span> 
     </span>
    </p>
   </div>
   <div class='ocr_carea' id='block_1_85' title="bbox 536 4565 4052 4647">
    <p class='ocr_par' dir='ltr' id='par_1_85' title="bbox 536 4565 4052 4647">
     <span class='ocr_line' id='line_1_86' title="bbox 536 4565 4052 4647; baseline 0.001 -23"><span class='ocrx_word' id='word_1_682' title='bbox 536 4567 673 4624; x_wconf 92' lang='lat' dir='ltr'>vita</span> <span class='ocrx_word' id='word_1_683' title='bbox 720 4565 1022 4641; x_wconf 91' lang='lat' dir='ltr'>splendore</span> <span class='ocrx_word' id='word_1_684' title='bbox 1073 4567 1410 4640; x_wconf 88' lang='lat' dir='ltr'>fulgescant.</span> <span class='ocrx_word' id='word_1_685' title='bbox 1463 4567 1543 4625; x_wconf 91' lang='lat' dir='ltr'>De</span> <span class='ocrx_word' id='word_1_686' title='bbox 1598 4567 1815 4643; x_wconf 91' lang='lat' dir='ltr'>quibus</span> <span class='ocrx_word' id='word_1_687' title='bbox 1862 4575 1991 4642; x_wconf 89' lang='lat' dir='ltr'>apte</span> <span class='ocrx_word' id='word_1_688' title='bbox 2047 4569 2249 4628; x_wconf 87' lang='lat' dir='ltr'>subdi-</span> <span class='ocrx_word' id='word_1_689' title='bbox 2336 4571 2575 4644; x_wconf 91' lang='lat' dir='ltr'>quidem</span> <span class='ocrx_word' id='word_1_690' title='bbox 2641 4589 2756 4632; x_wconf 93' lang='lat' dir='ltr'>non</span> <span class='ocrx_word' id='word_1_691' title='bbox 2827 4575 3093 4647; x_wconf 90' lang='lat' dir='ltr'>pigrum,</span> <span class='ocrx_word' id='word_1_692' title='bbox 3169 4575 3334 4634; x_wconf 89' lang='lat' dir='ltr'>vobis</span> <span class='ocrx_word' id='word_1_693' title='bbox 3403 4581 3596 4633; x_wconf 91' lang='lat' dir='ltr'>autem</span> <span class='ocrx_word' id='word_1_694' title='bbox 3658 4574 4052 4632; x_wconf 86' lang='lat' dir='ltr'>necessarium</span> 
     </span>
    </p>
   </div>
   <div class='ocr_carea' id='block_1_86' title="bbox 536 4655 4056 4738">
    <p class='ocr_par' dir='ltr' id='par_1_86' title="bbox 536 4655 4056 4738">
     <span class='ocr_line' id='line_1_87' title="bbox 536 4655 4056 4738; baseline 0.001 -24"><span class='ocrx_word' id='word_1_695' title='bbox 536 4662 673 4715; x_wconf 89' lang='lat' dir='ltr'>tur:</span> <span class='ocrx_word' id='word_1_696' title='bbox 722 4655 894 4726; x_wconf 85' lang='lat' dir='ltr'>«Qui</span> <span class='ocrx_word' id='word_1_697' title='bbox 940 4672 1165 4730; x_wconf 90' lang='lat' dir='ltr'>semper</span> <span class='ocrx_word' id='word_1_698' title='bbox 1214 4665 1385 4716; x_wconf 93' lang='lat' dir='ltr'>erunt</span> <span class='ocrx_word' id='word_1_699' title='bbox 1428 4657 1490 4714; x_wconf 93' lang='lat' dir='ltr'>in</span> <span class='ocrx_word' id='word_1_700' title='bbox 1528 4657 1779 4728; x_wconf 91' lang='lat' dir='ltr'>circulis,</span> <span class='ocrx_word' id='word_1_701' title='bbox 1833 4674 1937 4716; x_wconf 91' lang='lat' dir='ltr'>nec</span> <span class='ocrx_word' id='word_1_702' title='bbox 1985 4674 2248 4735; x_wconf 92' lang='lat' dir='ltr'>unquam</span> <span class='ocrx_word' id='word_1_703' title='bbox 2339 4665 2500 4734; x_wconf 78' lang='lat' dir='ltr'>(Phil.</span> <span class='ocrx_word' id='word_1_704' title='bbox 2555 4666 2662 4735; x_wconf 89' lang='lat' dir='ltr'>III).</span> <span class='ocrx_word' id='word_1_705' title='bbox 2724 4684 2750 4712; x_wconf 86' lang='lat'>»</span> <span class='ocrx_word' id='word_1_706' title='bbox 2795 4663 2967 4722; x_wconf 90' lang='lat' dir='ltr'>-Inter</span> <span class='ocrx_word' id='word_1_707' title='bbox 3016 4680 3221 4724; x_wconf 91' lang='lat' dir='ltr'>omnes</span> <span class='ocrx_word' id='word_1_708' title='bbox 3264 4665 3436 4738; x_wconf 89' lang='lat' dir='ltr'>plane</span> <span class='ocrx_word' id='word_1_709' title='bbox 3471 4665 3728 4722; x_wconf 90' lang='lat' dir='ltr'>doctores</span> <span class='ocrx_word' id='word_1_710' title='bbox 3775 4660 4056 4720; x_wconf 86' lang='lat' dir='ltr'>Ecclesia</span> 
     </span>
    </p>
   </div>
   <div class='ocr_carea' id='block_1_87' title="bbox 535 4746 2250 4819">
    <p class='ocr_par' dir='ltr' id='par_1_87' title="bbox 535 4746 2250 4819">
     <span class='ocr_line' id='line_1_88' title="bbox 535 4746 2250 4819; baseline 0.002 -15"><span class='ocrx_word' id='word_1_711' title='bbox 535 4746 914 4804; x_wconf 83' lang='lat' dir='ltr'>extrahentur</span> <span class='ocrx_word' id='word_1_712' title='bbox 956 4747 1029 4806; x_wconf 93' lang='lat' dir='ltr'>ab</span> <span class='ocrx_word' id='word_1_713' title='bbox 1077 4747 1179 4806; x_wconf 88' lang='lat' dir='ltr'>eis.</span> <span class='ocrx_word' id='word_1_714' title='bbox 1213 4768 1241 4800; x_wconf 92' lang='lat'>»</span> <span class='ocrx_word' id='word_1_715' title='bbox 1275 4747 1422 4819; x_wconf 89' lang='lat' dir='ltr'>Quia</span> <span class='ocrx_word' id='word_1_716' title='bbox 1469 4748 1755 4810; x_wconf 86' lang='lat' dir='ltr'>nimirum</span> <span class='ocrx_word' id='word_1_717' title='bbox 1793 4766 2022 4809; x_wconf 87' lang='lat' dir='ltr'>necesse</span> <span class='ocrx_word' id='word_1_718' title='bbox 2065 4757 2150 4808; x_wconf 91' lang='lat' dir='ltr'>est</span> <span class='ocrx_word' id='word_1_719' title='bbox 2187 4755 2250 4808; x_wconf 89' lang='lat' dir='ltr'>ut</span> 
     </span>
    </p>
   </div>
   <div class='ocr_carea' id='block_1_88' title="bbox 535 4835 2251 4910">
    <p class='ocr_par' dir='ltr' id='par_1_88' title="bbox 535 4835 2251 4910">
     <span class='ocr_line' id='line_1_89' title="bbox 535 4835 2251 4910; baseline 0.002 -16"><span class='ocrx_word' id='word_1_720' title='bbox 535 4836 642 4910; x_wconf 92' lang='lat' dir='ltr'>qui</span> <span class='ocrx_word' id='word_1_721' title='bbox 697 4836 765 4893; x_wconf 88' lang='lat' dir='ltr'>ad</span> <span class='ocrx_word' id='word_1_722' title='bbox 835 4835 1090 4895; x_wconf 78' lang='lat' dir='ltr'>ofﬁcium</span> <span class='ocrx_word' id='word_1_723' title='bbox 1156 4836 1582 4909; x_wconf 86' lang='lat' dir='ltr'>pradicationis</span> <span class='ocrx_word' id='word_1_724' title='bbox 1647 4839 1938 4898; x_wconf 83' lang='lat' dir='ltr'>excubant</span> <span class='ocrx_word' id='word_1_725' title='bbox 1990 4855 2024 4896; x_wconf 93' lang='lat' dir='ltr'>a</span> <span class='ocrx_word' id='word_1_726' title='bbox 2074 4853 2251 4898; x_wconf 81' lang='lat' dir='ltr'>sacra</span> 
     </span>
    </p>
   </div>
   <div class='ocr_carea' id='block_1_89' title="bbox 537 4924 2252 5000">
    <p class='ocr_par' dir='ltr' id='par_1_89' title="bbox 537 4924 2252 5000">
     <span class='ocr_line' id='line_1_90' title="bbox 537 4924 2252 5000; baseline 0.001 -18"><span class='ocrx_word' id='word_1_727' title='bbox 537 4924 801 4983; x_wconf 90' lang='lat' dir='ltr'>lectionis</span> <span class='ocrx_word' id='word_1_728' title='bbox 850 4925 1038 4986; x_wconf 92' lang='lat' dir='ltr'>studio</span> <span class='ocrx_word' id='word_1_729' title='bbox 1095 4941 1209 4984; x_wconf 93' lang='lat' dir='ltr'>non</span> <span class='ocrx_word' id='word_1_730' title='bbox 1260 4926 1546 4986; x_wconf 88' lang='lat' dir='ltr'>recedant.</span> <span class='ocrx_word' id='word_1_731' title='bbox 1590 4927 1680 4985; x_wconf 84' lang='lat' dir='ltr'>Ad</span> <span class='ocrx_word' id='word_1_732' title='bbox 1724 4928 1832 4986; x_wconf 91' lang='lat' dir='ltr'>hoc</span> <span class='ocrx_word' id='word_1_733' title='bbox 1870 4943 2120 5000; x_wconf 85' lang='lat' dir='ltr'>namque</span> <span class='ocrx_word' id='word_1_734' title='bbox 2159 4943 2252 4984; x_wconf 91' lang='lat' dir='ltr'>ve-</span> 
     </span>
    </p>
   </div>
   <div class='ocr_carea' id='block_1_90' title="bbox 535 5013 2247 5090">
    <p class='ocr_par' dir='ltr' id='par_1_90' title="bbox 535 5013 2247 5090">
     <span class='ocr_line' id='line_1_91' title="bbox 535 5013 2247 5090; baseline -0.001 -17"><span class='ocrx_word' id='word_1_735' title='bbox 535 5020 652 5073; x_wconf 93' lang='lat' dir='ltr'>ctes</span> <span class='ocrx_word' id='word_1_736' title='bbox 725 5013 790 5070; x_wconf 91' lang='lat' dir='ltr'>in</span> <span class='ocrx_word' id='word_1_737' title='bbox 857 5013 1086 5090; x_wconf 84' lang='lat' dir='ltr'>circulis</span> <span class='ocrx_word' id='word_1_738' title='bbox 1157 5029 1383 5086; x_wconf 90' lang='lat' dir='ltr'>semper</span> <span class='ocrx_word' id='word_1_739' title='bbox 1446 5030 1568 5074; x_wconf 89' lang='lat' dir='ltr'>esse</span> <span class='ocrx_word' id='word_1_740' title='bbox 1617 5013 1932 5087; x_wconf 86' lang='lat' dir='ltr'>jubentur,</span> <span class='ocrx_word' id='word_1_741' title='bbox 1996 5021 2061 5072; x_wconf 92' lang='lat' dir='ltr'>ut</span> <span class='ocrx_word' id='word_1_742' title='bbox 2116 5030 2247 5075; x_wconf 92' lang='lat' dir='ltr'>cum</span> 
     </span>
    </p>
   </div>
   <div class='ocr_carea' id='block_1_91' title="bbox 536 5102 2252 5178">
    <p class='ocr_par' dir='ltr' id='par_1_91' title="bbox 536 5102 2252 5178">
     <span class='ocr_line' id='line_1_92' title="bbox 536 5102 2252 5178; baseline -0.001 -16"><span class='ocrx_word' id='word_1_743' title='bbox 536 5103 748 5178; x_wconf 89' lang='lat' dir='ltr'>portari</span> <span class='ocrx_word' id='word_1_744' title='bbox 799 5117 988 5160; x_wconf 89' lang='lat' dir='ltr'>arcam</span> <span class='ocrx_word' id='word_1_745' title='bbox 1038 5105 1436 5176; x_wconf 89' lang='lat' dir='ltr'>opportunitas</span> <span class='ocrx_word' id='word_1_746' title='bbox 1477 5103 1680 5175; x_wconf 87' lang='lat' dir='ltr'>exigit,</span> <span class='ocrx_word' id='word_1_747' title='bbox 1745 5103 1814 5159; x_wconf 91' lang='lat' dir='ltr'>de</span> <span class='ocrx_word' id='word_1_748' title='bbox 1857 5102 2252 5161; x_wconf 89' lang='lat' dir='ltr'>intromitten-</span> 
     </span>
    </p>
   </div>
   <div class='ocr_carea' id='block_1_92' title="bbox 536 5191 2254 5266">
    <p class='ocr_par' dir='ltr' id='par_1_92' title="bbox 536 5191 2254 5266">
     <span class='ocr_line' id='line_1_93' title="bbox 536 5191 2254 5266; baseline 0 -17"><span class='ocrx_word' id='word_1_749' title='bbox 536 5192 626 5250; x_wconf 93' lang='lat' dir='ltr'>dis</span> <span class='ocrx_word' id='word_1_750' title='bbox 669 5191 930 5250; x_wconf 89' lang='lat' dir='ltr'>vectibus</span> <span class='ocrx_word' id='word_1_751' title='bbox 973 5191 1135 5249; x_wconf 91' lang='lat' dir='ltr'>nulla</span> <span class='ocrx_word' id='word_1_752' title='bbox 1174 5193 1438 5265; x_wconf 89' lang='lat' dir='ltr'>portandi</span> <span class='ocrx_word' id='word_1_753' title='bbox 1481 5192 1718 5250; x_wconf 90' lang='lat' dir='ltr'>tarditas</span> <span class='ocrx_word' id='word_1_754' title='bbox 1759 5198 2086 5265; x_wconf 82' lang='lat' dir='ltr'>generetur,</span> <span class='ocrx_word' id='word_1_755' title='bbox 2115 5193 2254 5266; x_wconf 92' lang='lat' dir='ltr'>quia</span> 
     </span>
    </p>
   </div>
   <div class='ocr_carea' id='block_1_93' title="bbox 539 5279 2253 5355">
    <p class='ocr_par' dir='ltr' id='par_1_93' title="bbox 539 5279 2253 5355">
     <span class='ocr_line' id='line_1_94' title="bbox 539 5279 2253 5355; baseline 0 -17"><span class='ocrx_word' id='word_1_756' title='bbox 539 5280 808 5339; x_wconf 91' lang='lat' dir='ltr'>videlicet</span> <span class='ocrx_word' id='word_1_757' title='bbox 861 5295 996 5338; x_wconf 92' lang='lat' dir='ltr'>cum</span> <span class='ocrx_word' id='word_1_758' title='bbox 1042 5279 1342 5351; x_wconf 88' lang='lat' dir='ltr'>spirituale</span> <span class='ocrx_word' id='word_1_759' title='bbox 1399 5280 1623 5355; x_wconf 90' lang='lat' dir='ltr'>aliquid</span> <span class='ocrx_word' id='word_1_760' title='bbox 1672 5296 1706 5337; x_wconf 93' lang='lat' dir='ltr'>a</span> <span class='ocrx_word' id='word_1_761' title='bbox 1762 5279 2011 5340; x_wconf 89' lang='lat' dir='ltr'>subditis</span> <span class='ocrx_word' id='word_1_762' title='bbox 2063 5287 2253 5353; x_wconf 90' lang='lat' dir='ltr'>pastor</span> 
     </span>
    </p>
   </div>
   <div class='ocr_carea' id='block_1_94' title="bbox 543 5370 2254 5446">
    <p class='ocr_par' dir='ltr' id='par_1_94' title="bbox 543 5370 2254 5446">
     <span class='ocr_line' id='line_1_95' title="bbox 543 5370 2254 5446; baseline -0.001 -18"><span class='ocrx_word' id='word_1_763' title='bbox 543 5372 884 5446; x_wconf 85' lang='lat' dir='ltr'>inquiritur,</span> <span class='ocrx_word' id='word_1_764' title='bbox 930 5370 1384 5443; x_wconf 83' lang='lat' dir='ltr'>ignominiosum</span> <span class='ocrx_word' id='word_1_765' title='bbox 1413 5371 1581 5430; x_wconf 87' lang='lat' dir='ltr'>valde</span> <span class='ocrx_word' id='word_1_766' title='bbox 1621 5376 1727 5441; x_wconf 90' lang='lat' dir='ltr'>est,</span> <span class='ocrx_word' id='word_1_767' title='bbox 1767 5370 1816 5430; x_wconf 92' lang='lat' dir='ltr'>si</span> <span class='ocrx_word' id='word_1_768' title='bbox 1858 5376 1994 5429; x_wconf 91' lang='lat' dir='ltr'>tunc</span> <span class='ocrx_word' id='word_1_769' title='bbox 2033 5375 2254 5444; x_wconf 87' lang='lat' dir='ltr'>quarat</span> 
     </span>
    </p>
   </div>
   <div class='ocr_carea' id='block_1_95' title="bbox 546 5457 2254 5534">
    <p class='ocr_par' dir='ltr' id='par_1_95' title="bbox 546 5457 2254 5534">
     <span class='ocr_line' id='line_1_96' title="bbox 546 5457 2254 5534; baseline 0.001 -17"><span class='ocrx_word' id='word_1_770' title='bbox 546 5459 764 5519; x_wconf 88' lang='lat' dir='ltr'>discere</span> <span class='ocrx_word' id='word_1_771' title='bbox 805 5477 938 5530; x_wconf 88' lang='lat' dir='ltr'>cum</span> <span class='ocrx_word' id='word_1_772' title='bbox 977 5460 1359 5534; x_wconf 89' lang='lat' dir='ltr'>quastionem</span> <span class='ocrx_word' id='word_1_773' title='bbox 1401 5459 1569 5518; x_wconf 88' lang='lat' dir='ltr'>debet</span> <span class='ocrx_word' id='word_1_774' title='bbox 1613 5459 1876 5518; x_wconf 90' lang='lat' dir='ltr'>enodare.</span> <span class='ocrx_word' id='word_1_775' title='bbox 1917 5457 2028 5516; x_wconf 90' lang='lat' dir='ltr'>Sed</span> <span class='ocrx_word' id='word_1_776' title='bbox 2066 5458 2254 5518; x_wconf 92' lang='lat' dir='ltr'>circu-</span> 
     </span>
    </p>
   </div>
   <div class='ocr_carea' id='block_1_96' title="bbox 541 5545 2254 5622">
    <p class='ocr_par' dir='ltr' id='par_1_96' title="bbox 541 5545 2254 5622">
     <span class='ocr_line' id='line_1_97' title="bbox 541 5545 2254 5622; baseline 0.004 -21"><span class='ocrx_word' id='word_1_777' title='bbox 541 5545 614 5604; x_wconf 91' lang='lat' dir='ltr'>lis</span> <span class='ocrx_word' id='word_1_778' title='bbox 662 5555 849 5607; x_wconf 89' lang='lat' dir='ltr'>vectes</span> <span class='ocrx_word' id='word_1_779' title='bbox 900 5548 1239 5620; x_wconf 83' lang='lat' dir='ltr'>inhareant,</span> <span class='ocrx_word' id='word_1_780' title='bbox 1294 5553 1361 5610; x_wconf 92' lang='lat' dir='ltr'>ut</span> <span class='ocrx_word' id='word_1_781' title='bbox 1413 5547 1670 5608; x_wconf 89' lang='lat' dir='ltr'>doctores</span> <span class='ocrx_word' id='word_1_782' title='bbox 1720 5561 1944 5622; x_wconf 78' lang='lat' dir='ltr'>semper</span> <span class='ocrx_word' id='word_1_783' title='bbox 2003 5545 2065 5612; x_wconf 89' lang='lat' dir='ltr'>in</span> <span class='ocrx_word' id='word_1_784' title='bbox 2131 5547 2254 5607; x_wconf 87' lang='lat' dir='ltr'>suis</span> 
     </span>
    </p>
   </div>
   <div class='ocr_carea' id='block_1_97' title="bbox 2337 4748 4054 4826">
    <p class='ocr_par' dir='ltr' id='par_1_97' title="bbox 2337 4748 4054 4826">
     <span class='ocr_line' id='line_1_98' title="bbox 2337 4748 4054 4826; baseline -0.001 -20"><span class='ocrx_word' id='word_1_785' title='bbox 2337 4749 2570 4809; x_wconf 88' lang='lat' dir='ltr'>beatum</span> <span class='ocrx_word' id='word_1_786' title='bbox 2631 4751 2792 4809; x_wconf 90' lang='lat' dir='ltr'>hunc</span> <span class='ocrx_word' id='word_1_787' title='bbox 2858 4752 3152 4821; x_wconf 87' lang='lat' dir='ltr'>Marcum,</span> <span class='ocrx_word' id='word_1_788' title='bbox 3216 4753 3385 4826; x_wconf 90' lang='lat' dir='ltr'>cujus</span> <span class='ocrx_word' id='word_1_789' title='bbox 3444 4752 3615 4811; x_wconf 91' lang='lat' dir='ltr'>hodie</span> <span class='ocrx_word' id='word_1_790' title='bbox 3676 4748 4054 4822; x_wconf 87' lang='lat' dir='ltr'>triumphalia</span> 
     </span>
    </p>
   </div>
   <div class='ocr_carea' id='block_1_98' title="bbox 2335 4834 4048 4911">
    <p class='ocr_par' dir='ltr' id='par_1_98' title="bbox 2335 4834 4048 4911">
     <span class='ocr_line' id='line_1_99' title="bbox 2335 4834 4048 4911; baseline -0.001 -19"><span class='ocrx_word' id='word_1_791' title='bbox 2335 4841 2493 4907; x_wconf 85' lang='lat' dir='ltr'>gesta</span> <span class='ocrx_word' id='word_1_792' title='bbox 2550 4836 2875 4907; x_wconf 90' lang='lat' dir='ltr'>recolimus,</span> <span class='ocrx_word' id='word_1_793' title='bbox 2932 4839 3069 4898; x_wconf 90' lang='lat' dir='ltr'>satis</span> <span class='ocrx_word' id='word_1_794' title='bbox 3115 4839 3401 4910; x_wconf 87' lang='lat' dir='ltr'>insignem</span> <span class='ocrx_word' id='word_1_795' title='bbox 3457 4845 3628 4911; x_wconf 86' lang='lat' dir='ltr'>atque</span> <span class='ocrx_word' id='word_1_796' title='bbox 3665 4834 4048 4908; x_wconf 90' lang='lat' dir='ltr'>conspicuum</span> 
     </span>
    </p>
   </div>
   <div class='ocr_carea' id='block_1_99' title="bbox 2331 4921 4054 4999">
    <p class='ocr_par' dir='ltr' id='par_1_99' title="bbox 2331 4921 4054 4999">
     <span class='ocr_line' id='line_1_100' title="bbox 2331 4921 4054 4999; baseline -0.001 -18"><span class='ocrx_word' id='word_1_797' title='bbox 2331 4923 2685 4999; x_wconf 91' lang='lat' dir='ltr'>judicamus.</span> <span class='ocrx_word' id='word_1_798' title='bbox 2736 4923 2894 4983; x_wconf 86' lang='lat' dir='ltr'>Beati</span> <span class='ocrx_word' id='word_1_799' title='bbox 2951 4926 3165 4984; x_wconf 91' lang='lat' dir='ltr'>scilicet</span> <span class='ocrx_word' id='word_1_800' title='bbox 3217 4925 3608 4999; x_wconf 90' lang='lat' dir='ltr'>apostolorum</span> <span class='ocrx_word' id='word_1_801' title='bbox 3662 4921 3942 4996; x_wconf 89' lang='lat' dir='ltr'>principis</span> <span class='ocrx_word' id='word_1_802' title='bbox 3997 4927 4054 4980; x_wconf 91' lang='lat' dir='ltr'>et</span> 
     </span>
    </p>
   </div>
   <div class='ocr_carea' id='block_1_100' title="bbox 2290 5011 4052 5087">
    <p class='ocr_par' dir='ltr' id='par_1_100' title="bbox 2290 5011 4052 5087">
     <span class='ocr_line' id='line_1_101' title="bbox 2290 5011 4052 5087; baseline -0.001 -18"><span class='ocrx_word' id='word_1_803' title='bbox 2290 5073 2292 5076; x_wconf 65' lang='grc'><strong>,</strong></span> <span class='ocrx_word' id='word_1_804' title='bbox 2337 5012 2398 5069; x_wconf 94' lang='lat' dir='ltr'>in</span> <span class='ocrx_word' id='word_1_805' title='bbox 2438 5012 2779 5085; x_wconf 89' lang='lat' dir='ltr'>baptismate</span> <span class='ocrx_word' id='word_1_806' title='bbox 2821 5014 2981 5074; x_wconf 88' lang='lat' dir='ltr'>ﬁlius</span> <span class='ocrx_word' id='word_1_807' title='bbox 3027 5022 3081 5072; x_wconf 91' lang='lat' dir='ltr'>et</span> <span class='ocrx_word' id='word_1_808' title='bbox 3128 5015 3184 5072; x_wconf 90' lang='lat' dir='ltr'>in</span> <span class='ocrx_word' id='word_1_809' title='bbox 3228 5016 3486 5073; x_wconf 91' lang='lat' dir='ltr'>doctrina</span> <span class='ocrx_word' id='word_1_810' title='bbox 3523 5013 3866 5087; x_wconf 91' lang='lat' dir='ltr'>discipulus,</span> <span class='ocrx_word' id='word_1_811' title='bbox 3899 5011 4052 5069; x_wconf 90' lang='lat' dir='ltr'>sicut</span> 
     </span>
    </p>
   </div>
   <div class='ocr_carea' id='block_1_101' title="bbox 2335 5102 4048 5176">
    <p class='ocr_par' dir='ltr' id='par_1_101' title="bbox 2335 5102 4048 5176">
     <span class='ocr_line' id='line_1_102' title="bbox 2335 5102 4048 5176; baseline -0.001 -17"><span class='ocrx_word' id='word_1_812' title='bbox 2335 5115 2469 5159; x_wconf 93' lang='lat' dir='ltr'>cum</span> <span class='ocrx_word' id='word_1_813' title='bbox 2529 5103 2870 5163; x_wconf 88' lang='lat' dir='ltr'>referentem</span> <span class='ocrx_word' id='word_1_814' title='bbox 2923 5109 3080 5176; x_wconf 90' lang='lat' dir='ltr'>gesta</span> <span class='ocrx_word' id='word_1_815' title='bbox 3137 5102 3449 5162; x_wconf 90' lang='lat' dir='ltr'>Salvatoris</span> <span class='ocrx_word' id='word_1_816' title='bbox 3500 5102 3755 5172; x_wconf 89' lang='lat' dir='ltr'>audivit,</span> <span class='ocrx_word' id='word_1_817' title='bbox 3814 5102 3892 5158; x_wconf 90' lang='lat' dir='ltr'>ita</span> <span class='ocrx_word' id='word_1_818' title='bbox 3944 5115 4048 5173; x_wconf 89' lang='lat' dir='ltr'>per</span> 
     </span>
    </p>
   </div>
   <div class='ocr_carea' id='block_1_102' title="bbox 2337 5187 4048 5263">
    <p class='ocr_par' dir='ltr' id='par_1_102' title="bbox 2337 5187 4048 5263">
     <span class='ocr_line' id='line_1_103' title="bbox 2337 5187 4048 5263; baseline 0 -18"><span class='ocrx_word' id='word_1_819' title='bbox 2337 5187 2700 5263; x_wconf 91' lang='lat' dir='ltr'>inobliquam</span> <span class='ocrx_word' id='word_1_820' title='bbox 2741 5190 2877 5249; x_wconf 87' lang='lat' dir='ltr'>ﬁdei</span> <span class='ocrx_word' id='word_1_821' title='bbox 2915 5192 3208 5250; x_wconf 87' lang='lat' dir='ltr'>relationis</span> <span class='ocrx_word' id='word_1_822' title='bbox 3248 5193 3463 5251; x_wconf 89' lang='lat' dir='ltr'>lineam</span> <span class='ocrx_word' id='word_1_823' title='bbox 3501 5193 3701 5250; x_wconf 68' lang='lat' dir='ltr'>Romae</span> <span class='ocrx_word' id='word_1_824' title='bbox 3741 5197 3974 5262; x_wconf 87' lang='lat' dir='ltr'>rogatus</span> <span class='ocrx_word' id='word_1_825' title='bbox 4013 5203 4048 5246; x_wconf 91' lang='lat' dir='ltr'>a</span> 
     </span>
    </p>
   </div>
   <div class='ocr_carea' id='block_1_103' title="bbox 2338 5278 4048 5356">
    <p class='ocr_par' dir='ltr' id='par_1_103' title="bbox 2338 5278 4048 5356">
     <span class='ocr_line' id='line_1_104' title="bbox 2338 5278 4048 5356; baseline 0.001 -22"><span class='ocrx_word' id='word_1_826' title='bbox 2338 5278 2611 5338; x_wconf 87' lang='lat' dir='ltr'>fratribus</span> <span class='ocrx_word' id='word_1_827' title='bbox 2675 5282 3080 5356; x_wconf 78' lang='lat' dir='ltr'>Evangelium.</span> <span class='ocrx_word' id='word_1_828' title='bbox 3121 5283 3384 5356; x_wconf 90' lang='lat' dir='ltr'>scripsit,</span> <span class='ocrx_word' id='word_1_829' title='bbox 3444 5283 3591 5341; x_wconf 94' lang='lat' dir='ltr'>sicut</span> <span class='ocrx_word' id='word_1_830' title='bbox 3657 5289 3713 5340; x_wconf 92' lang='lat' dir='ltr'>et</span> <span class='ocrx_word' id='word_1_831' title='bbox 3775 5279 4048 5338; x_wconf 88' lang='lat' dir='ltr'>Clemens</span> 
     </span>
    </p>
   </div>
   <div class='ocr_carea' id='block_1_104' title="bbox 2335 5367 4050 5446">
    <p class='ocr_par' dir='ltr' id='par_1_104' title="bbox 2335 5367 4050 5446">
     <span class='ocr_line' id='line_1_105' title="bbox 2335 5367 4050 5446; baseline 0.001 -23"><span class='ocrx_word' id='word_1_832' title='bbox 2335 5367 2772 5431; x_wconf 85' lang='lat' dir='ltr'>Alexandrinus</span> <span class='ocrx_word' id='word_1_833' title='bbox 2827 5379 2882 5430; x_wconf 91' lang='lat' dir='ltr'>et</span> <span class='ocrx_word' id='word_1_834' title='bbox 2936 5371 3136 5445; x_wconf 90' lang='lat' dir='ltr'>Papias</span> <span class='ocrx_word' id='word_1_835' title='bbox 3206 5371 3679 5446; x_wconf 89' lang='lat' dir='ltr'>Hieropolitanus</span> <span class='ocrx_word' id='word_1_836' title='bbox 3741 5369 4050 5442; x_wconf 89' lang='lat' dir='ltr'>episcopus</span> 
     </span>
    </p>
   </div>
   <div class='ocr_carea' id='block_1_105' title="bbox 2343 5456 4047 5534">
    <p class='ocr_par' dir='ltr' id='par_1_105' title="bbox 2343 5456 4047 5534">
     <span class='ocr_line' id='line_1_106' title="bbox 2343 5456 4047 5534; baseline -0.001 -18"><span class='ocrx_word' id='word_1_837' title='bbox 2343 5459 2592 5522; x_wconf 86' lang='lat' dir='ltr'>tradunt.</span> <span class='ocrx_word' id='word_1_838' title='bbox 2655 5460 3080 5534; x_wconf 85' lang='lat' dir='ltr'>Assumptoque</span> <span class='ocrx_word' id='word_1_839' title='bbox 3135 5475 3274 5518; x_wconf 82' lang='lat' dir='ltr'>mox</span> <span class='ocrx_word' id='word_1_840' title='bbox 3327 5458 3659 5532; x_wconf 86' lang='lat' dir='ltr'>Evangelio,</span> <span class='ocrx_word' id='word_1_841' title='bbox 3711 5456 3868 5533; x_wconf 90' lang='lat' dir='ltr'>quod</span> <span class='ocrx_word' id='word_1_842' title='bbox 3921 5456 4047 5529; x_wconf 91' lang='lat' dir='ltr'>ipse</span> 
     </span>
    </p>
   </div>
   <div class='ocr_carea' id='block_1_106' title="bbox 2337 5546 4045 5624">
    <p class='ocr_par' dir='ltr' id='par_1_106' title="bbox 2337 5546 4045 5624">
     <span class='ocr_line' id='line_1_107' title="bbox 2337 5546 4045 5624; baseline -0.002 -16"><span class='ocrx_word' id='word_1_843' title='bbox 2337 5548 2688 5620; x_wconf 80' lang='lat' dir='ltr'>confecerat,</span> <span class='ocrx_word' id='word_1_844' title='bbox 2736 5549 2979 5623; x_wconf 67' lang='lat' dir='ltr'>inapiger</span> <span class='ocrx_word' id='word_1_845' title='bbox 3023 5549 3144 5608; x_wconf 84' lang='lat' dir='ltr'>adit</span> <span class='ocrx_word' id='word_1_846' title='bbox 3186 5549 3522 5624; x_wconf 62' lang='lat' dir='ltr'>Egyptum,</span> <span class='ocrx_word' id='word_1_847' title='bbox 3563 5555 3619 5607; x_wconf 89' lang='lat' dir='ltr'>et</span> <span class='ocrx_word' id='word_1_848' title='bbox 3666 5546 4045 5606; x_wconf 80' lang='lat' dir='ltr'>Alexandria</span> 
     </span>
    </p>
   </div>
  </div>
