4184 6456
177 300 278 358 581

1737 293 1986 356 SERMO
2023 295 2148 355 XV.

3585 301 3690 362 582

168 421 478 492 Christum
504 421 744 500 primus
772 425 1132 482 annuntians
1170 424 1306 496 jecit
1342 439 1506 482 nova
1538 423 1670 481 lidei
1711 423 1891 496 [legis]
1916 423 2181 480 Aomnes
2218 437 2362 496 pene
2397 422 2724 495 vaporantis
2771 420 2904 480 ﬁdei
2941 424 3165 480 fervore
3194 423 3454 482 succensi
3485 425 3562 484 ita
3589 439 3690 500 per

169 513 653 576 fundamentum.
689 511 759 569 Et
793 511 931 570 dum
987 513 1110 586 ipse
1145 515 1404 587 scriptor,
1437 513 1537 586 qui
1585 519 1640 572 et
1679 512 1892 587 pradi-

168 610 334 670 cator
390 601 613 661 exstitit
661 601 982 676 Evangelii,
1039 603 1213 674 idem,
1262 604 1684 676 quodammodo
1739 603 1896 660 faber

171 692 281 764 qui
334 697 391 750 et
434 689 702 765 agricola,
764 691 885 764 ipse
932 690 1042 750 sibi
1091 708 1384 751 vomerem
1427 693 1742 762 fabricavit,
1781 707 1895 765 quo

169 779 449 840 videlicet
497 780 569 837 ad
615 780 936 854 spargenda
983 797 1160 851 sacra
1206 781 1342 842 ﬁdei
1393 783 1614 841 semina
1654 783 1896 841 humani

170 867 366 927 cordis
405 883 542 930 arva
591 868 886 941 proscidit.
928 868 1050 930 Hoc
1096 869 1292 945 itaque
1336 870 1506 929 modo
1549 870 1896 930 Alexandri-

171 973 312 1016 nam
353 957 619 1018 fundavit
660 958 981 1030 ecclesiam,
1028 975 1273 1033 eamque
1310 976 1428 1020 non
1470 976 1590 1030 suo,
1634 962 1732 1020 sed
1773 977 1897 1020 ma-

171 1046 343 1120 gistri
386 1046 479 1104 sui
522 1045 755 1108 nomine
807 1048 1082 1118 titulavit,
1118 1056 1182 1108 ut
1231 1048 1299 1106 ad
1342 1049 1618 1108 honorem
1649 1049 1714 1107 B.
1749 1048 1900 1110 Petri

172 1133 345 1192 sedes
385 1133 691 1206 apostolica
726 1143 1115 1210 nuncupetur,
1147 1137 1219 1195 ad
1264 1153 1436 1212 quam
1478 1144 1669 1198 tamen
1698 1139 1902 1198 Petrus

173 1220 485 1282 accessisse
534 1236 650 1288 non
701 1222 929 1296 legitur.
960 1223 1142 1283 Tanta
1190 1226 1367 1300 igitur
1410 1226 1682 1299 magister
1731 1234 1902 1299 atque

175 1308 505 1382 discipulus
583 1311 967 1380 unanimitate
1041 1312 1377 1386 conjuncti,
1463 1321 1576 1372 tam
1651 1328 1903 1372 consona

176 1399 367 1457 sancti
411 1398 657 1473 Spiritus
703 1407 844 1458 sunt
888 1401 1267 1475 inspiratione
1309 1403 1561 1474 conﬂati,
1596 1411 1660 1462 ut
1705 1411 1760 1462 et
1798 1403 1902 1460 Pe-

181 1493 313 1546 trus
371 1487 768 1558 manifestaret
842 1490 1226 1564 Evangelium
1292 1491 1522 1563 Marco,
1571 1499 1627 1550 et
1679 1492 1904 1552 Marcus

1975 526 2146 569 nova
2175 511 2628 568 conversationis
2661 511 2991 572 viderentur
3023 512 3297 572 anhelare
3330 515 3688 588 propositum

1975 615 2040 658 ac
2095 601 2143 659 si
2203 600 2556 662 monachica
2613 601 2979 675 perfectionis
3049 602 3301 661 arduum
3371 605 3692 678 arriperent

1975 691 2328 750 institutum.
2368 690 2513 748 Cum
2552 691 2746 765 itaque
2782 691 2982 750 beatus
3025 691 3271 760 Marcus,
3316 693 3478 752 velut
3513 694 3692 754 electa

1975 777 2221 838 calestis
2263 778 2486 837 militia
2532 779 2670 836 tuba
2695 825 2710 848 ,
2753 779 3276 838 vehementissimis
3319 780 3691 853 clangoribus

1976 866 2199 926 intonat
2252 874 2306 924 et
2366 867 2633 924 mandata
2701 866 2800 925 Dei
2859 873 3016 928 tanta
3080 869 3505 941 pradicationis
3569 877 3691 929 arte

1977 955 2267 1029 dispensat
2288 964 2350 1014 ut
2384 957 2675 1016 auditores
2718 973 2853 1016 suos
2883 958 3144 1032 protinus
3181 959 3253 1017 ad
3291 976 3536 1020 summa
3566 976 3692 1033 per-

1978 1045 2241 1112 fectionis
2293 1044 2407 1102 alta
2453 1045 2732 1115 sustollat,
2765 1047 2905 1118 quid
2935 1046 3119 1118 aliud,
3151 1063 3328 1124 quam
3367 1047 3427 1104 in
3467 1055 3688 1122 etymo-

1978 1136 2132 1208 logia
2169 1135 2262 1193 sui
2313 1135 2568 1193 nominis
2615 1136 2983 1207 perseverat?
3013 1136 3241 1202 Marcus
3265 1137 3422 1194 enim
3450 1140 3694 1200 ewcelsus

1979 1228 2239 1282 mandato
2286 1225 2714 1297 interpretatur.
2742 1227 2812 1284 Et
2857 1241 2990 1284 vere
3035 1226 3234 1284 beatus
3286 1226 3379 1284 hic
3431 1226 3522 1284 vir
3571 1241 3690 1285 non

1981 1321 2102 1373 erat
2139 1311 2406 1371 excelsus
2439 1314 2658 1383 animo,
2694 1313 2793 1370 sed
2825 1314 3113 1384 mandato,
3154 1314 3309 1390 quia,
3349 1315 3490 1374 dum
3527 1330 3690 1373 men-

1984 1407 2099 1460 tem
2148 1405 2370 1473 gereret
2411 1400 2719 1468 humilem,
2755 1401 2934 1458 vitam
2985 1403 3272 1475 satagebat
3319 1403 3530 1464 habere
3587 1418 3691 1468 su-

1984 1489 2246 1557 blimem,
2281 1495 2336 1547 et
2380 1487 2484 1562 qui
2526 1487 2748 1546 cunctis
2792 1504 2915 1546 sese
2954 1489 3016 1546 in
3069 1490 3395 1548 humilitate
3433 1489 3690 1550 substra-

181 1580 545 1634 construeret
592 1575 891 1638 ecclesiam
950 1576 1138 1651 Petro,
1202 1586 1510 1652 quatenus,
1566 1579 1705 1637 dum
1749 1579 1900 1654 quod
1985 1585 2161 1648 verat,
2204 1593 2304 1651 per
2342 1577 2497 1636 viam
2544 1579 2949 1636 mandatorum
3003 1579 3324 1644 ccelestium
3368 1579 3694 1647 sublimiter

183 1679 363 1722 suum
413 1670 532 1722 erat
581 1663 727 1722 alter
773 1665 1101 1723 transferret
1154 1666 1213 1723 in
1260 1666 1525 1738 alterum,
1577 1667 1730 1741 quod
1779 1667 1904 1726 cui-
1985 1666 2301 1724 incedebat.

184 1767 302 1826 que
349 1760 470 1811 erat
517 1755 817 1828 proprium
870 1771 1178 1815 commune
1230 1767 1378 1817 esset
1445 1759 1788 1831 amborum,
1847 1765 1968 1834 etB
2058 1755 2210 1813 Illud
2242 1755 2437 1824 etiam,
2467 1753 2848 1824 dilectissimi,
2882 1770 2982 1812 vos
3033 1755 3300 1826 ignorare
3343 1769 3460 1820 non
3513 1753 3696 1828 patiar

191 1840 531 1900 utriuslibet
574 1849 756 1902 totum
793 1852 942 1906 esset
980 1846 1133 1919 quod
1167 1852 1409 1919 uterque
1447 1849 1741 1921 proprium
1773 1863 1899 1922 pos-

188 1929 428 1988 sideret.
486 1929 648 1989 Unde
703 1932 766 1991 B.
823 1933 1024 1992 Petrus
1077 1951 1214 1992 eum
1263 1937 1429 2008 quasi
1488 1937 1789 2010 specialem
1847 1944 1902 1994 et

188 2017 540 2076 unanimem
589 2035 710 2092 pra
756 2021 976 2080 cateris
1018 2019 1212 2080 tilium
1256 2030 1438 2094 vocat,
1471 2039 1604 2082 cum
1643 2025 1899 2098 singula-

183 2107 325 2166 riter
365 2107 610 2170 Romam
655 2109 893 2168 nomine
939 2109 1256 2183 Babylonis
1298 2113 1635 2185 appellans:
1669 2136 1695 2168 «
1728 2113 1901 2173 Salu-

185 2203 264 2254 tat
312 2212 432 2267 vos,
464 2197 674 2272 inquit,
710 2189 966 2257 Ecclesia
1009 2215 1143 2272 qua
1190 2205 1274 2258 est
1331 2201 1394 2258 in
1442 2201 1734 2274 Babylone
1775 2203 1897 2261 col-

183 2284 349 2358 lecta,
381 2291 437 2342 et
463 2284 686 2344 Marcus
727 2286 891 2345 filius
919 2303 1085 2347 meus
1114 2293 1162 2358 (Ι
1195 2293 1338 2347 Petr.
1370 2291 1448 2360 v).
1484 2311 1511 2342 »
1545 2290 1660 2350 Nec
1686 2291 1900 2348 mirum

184 2373 234 2431 si
277 2373 344 2432 Β.
376 2373 602 2433 Marcus
637 2376 791 2448 apud
837 2376 1175 2451 magistrum
1216 2393 1392 2436 suum
1435 2379 1763 2452 pracipuus
1795 2395 1899 2436 ex-

185 2461 332 2519 stitit
352 2470 408 2519 et
434 2462 807 2537 privilegium
833 2482 952 2539 pra
977 2467 1201 2525 cateris
1225 2466 1549 2538 apostolica
1577 2467 1902 2525 dilectionis

187 2549 460 2619 obtinuit,
490 2551 583 2610 cui
614 2552 896 2626 nimirum
930 2555 1082 2616 Deus
1107 2555 1470 2628 omnipotens
1496 2563 1710 2613 tantam
1740 2555 1903 2614 verbi

190 2639 464 2700 virtutem
527 2643 794 2716 contulit,
849 2651 1062 2704 tantam
1111 2646 1535 2720 pradicationis
1589 2647 1901 2706 efﬁcaciam

188 2729 570 2804 prarogavit'
593 2736 660 2789 ut
705 2747 927 2805 omnes,
960 2733 1062 2807 qui
1106 2741 1243 2792 tunc
1284 2733 1356 2790 ad
1393 2733 1527 2792 ﬁdei
1574 2735 1902 2797 rudimenta

190 2816 286 2874 '73
349 2819 722 2891 conﬂuerent,
780 2837 919 2880 mox
983 2839 1084 2896 per
1135 2824 1546 2882 continentiam
1607 2839 1674 2881 ac
1732 2825 1904 2884 totius

189 2917 406 2970 sancta
451 2912 899 2972 conversationis
947 2913 1319 2983 instantiam,
1357 2921 1631 2987 tanquam
1667 2914 1739 2972 ad
1778 2929 1901 2971 mo-

1987 1843 2264 1917 quoniam
2302 1851 2499 1902 octavo
2555 1843 2874 1902 Neroniani
2905 1841 3134 1916 imperii
3171 1856 3326 1899 anno
3371 1841 3694 1915 triumpha-

1988 1934 2101 1992 lem
2139 1934 2398 2007 martyrii
2449 1935 2700 2008 palmam
2749 1935 2947 1992 beatus
2995 1933 3220 1992 Marcus
3269 1933 3540 2003 obtinuit,
3598 1932 3692 1994 cui

1989 2040 2126 2083 mox
2157 2031 2212 2082 et
2241 2024 2505 2082 Anianus
2537 2024 2600 2082 in
2631 2021 3047 2080 Alexandrina
3076 2021 3225 2081 sedis
3251 2021 3529 2094 dignitate
3557 2037 3690 2080 suc-

1986 2115 2157 2174 cessit
2209 2123 2263 2172 et
2317 2115 2516 2172 beatus
2560 2112 2761 2172 Petrus
2804 2111 3095 2186 apostolus
3143 2110 3344 2170 Roma
3391 2111 3694 2186 septennio

1989 2205 2332 2279 supervixit.
2397 2205 2580 2275 Unde,
2634 2219 2882 2277 superna
2947 2203 3284 2275 disponente
3363 2201 3688 2272 clementia,

1987 2299 2204 2356 factum
2238 2303 2322 2354 est
2346 2301 2428 2365 ut,
2469 2311 2604 2353 cum
2637 2294 3054 2352 Alexandriam
3091 2293 3252 2364 prius
3281 2298 3336 2349 et
3372 2292 3690 2366 splendori-

1988 2387 2098 2444 bus
2137 2385 2484 2459 evangelica
2526 2384 2952 2458 praedicationis
2990 2389 3044 2440 et
3066 2383 3361 2441 effusione
3395 2397 3692 2441 sacrosan-

1986 2475 2060 2532 cti
2102 2474 2405 2545 sanguinis
2449 2474 2807 2542 illustrasset,
2841 2472 2911 2528 ad
2949 2471 3177 2530 Italiam
3204 2471 3412 2528 deinde
3439 2471 3695 2543 quodam

1987 2562 2342 2636 postliminio
2373 2560 2446 2618 sit
2484 2576 2765 2626 reversus,
2802 2567 2865 2616 ut
2895 2559 3094 2616 eadem
3128 2559 3492 2632 potissimum
3523 2567 3693 2632 terra,

1986 2651 2048 2709 in
2094 2668 2209 2728 qua
2261 2650 2373 2709 sibi
2413 2650 2614 2706 datum
2652 2656 2734 2705 est
2775 2647 3163 2719 Evangelium
3197 2647 3465 2717 scribere,
3505 2662 3698 2708 sacras.

1989 2744 2308 2798 mereretur
2349 2738 2472 2811 ejus
2516 2736 2796 2811 reliquias
2833 2735 3142 2808 possidere,
3179 2742 3233 2792 et
3269 2734 3372 2794 ubi
3401 2734 3512 2792 sibi
3552 2751 3700 2792 con-

1991 2845 2220 2888 cessum
2250 2835 2334 2885 est
2357 2825 2707 2899 evangelica
2741 2823 3143 2896 descriptionis
3176 2823 3347 2895 jubar
3371 2822 3692 2898 effundere,

1987 2919 2109 2977 illic
2130 2934 2230 2992 per
2253 2916 2519 2991 gloriosa
2543 2915 2726 2989 gleba
2753 2929 2875 2972 sua
2898 2912 3258 2988 prasentiam
3288 2911 3559 2986 plurimis
3587 2912 3696 2970 vir-

189 3003 424 3060 nastica
469 3003 836 3076 perfectionis
874 3004 1170 3077 fastigium
1214 3005 1598 3078 pervolarent.
1635 3005 1800 3069 Unde
1849 3011 1906 3064 et
1989 3015 2180 3070 tutum
2211 3014 2382 3081 atque
2421 3005 2724 3079 signorum
2757 3003 2934 3062 radiis
2969 3009 3310 3061 coruscaret.

189 3088 850 3185 Philo,‘_disertissimus
907 3092 1265 3163 Judaorum,
1317 3093 1458 3152 dum
1527 3093 1596 3161 de
1651 3095 1970 3185 primatuc
2063 3098 2238 3164 Porro
2288 3097 2336 3156 si
2378 3095 2684 3168 diligenter
2723 3096 2989 3152 omnium
3039 3091 3557 3185 evangelistarum,
3599 3087 3695 3146 ’74

187 3181 341 3246 beati
384 3180 563 3240 Marci
593 3184 745 3256 apud
779 3182 1238 3242 Alexandrinam
1268 3183 1583 3243 Ecclesiam
1607 3185 1902 3258 scriptitat,

186 3271 248 3328 in
294 3272 763 3338 Christianorum
816 3272 988 3340 laude
1033 3281 1295 3336 versatus
1341 3289 1541 3334 eorum
1579 3273 1907 3332 habitacula

190 3361 537 3422 monasteria
587 3369 901 3437 nuncupat.
957 3363 1024 3421 Et
1071 3379 1191 3422 non
1243 3363 1436 3422 solum
1484 3379 1586 3436 per
1649 3365 1905 3421 Alexan-

187 3449 330 3512 dria
378 3451 545 3522 ﬁnes,
579 3453 681 3510 sed
709 3459 763 3510 et
803 3453 863 3511 in
905 3452 1104 3514 multis
1139 3452 1290 3522 aliis,
1319 3451 1508 3511 Marco
1551 3458 1686 3510 tunc
1708 3451 1908 3509 Eccle-

191 3538 336 3596 siam
389 3538 550 3598 illam
592 3541 1050 3612 administrante,
1083 3541 1397 3614 provinciis
1444 3540 1584 3600 tales
1620 3539 1908 3600 exstitisse

191 3626 456 3698 perhibet
552 3627 910 3702 Christianos
975 3630 1176 3705 quales
1257 3636 1312 3688 et
1384 3629 1574 3688 Lucas
1640 3627 1909 3688 meminit

189 3715 581 3790 apostolorum
637 3717 818 3780 fuisse
875 3718 1208 3792 discipulos,
1262 3716 1531 3776 videlicet
1587 3723 1652 3776 ut
1707 3731 1904 3775 eorum

189 3813 338 3864 esset
370 3820 468 3866 cor
504 3821 713 3876 unum,
746 3813 800 3865 et
837 3807 1032 3866 anima
1077 3823 1191 3866 una
1230 3807 1546 3883 nullusque
1573 3821 1772 3865 eorum
1801 3805 1908 3863 ali-

191 3894 331 3968 quid
399 3895 700 3972 pr0prium
749 3895 982 3966 diceret,
1041 3896 1136 3955 sed
1181 3911 1383 3954 omnes
1427 3895 1623 3956 omnia
1657 3909 1910 3953 commu-

191 3982 344 4042 niter
409 3983 765 4056 possiderent
827 3990 1092 4058 essetque
1155 3984 1308 4043 inter
1356 3999 1452 4041 eos
1507 3981 1910 4055 inseparabilis

194 4073 386 4132 unitas
428 4073 780 4143 animorum,
823 4075 973 4132 inter
1019 4089 1163 4147 quos
1209 4072 1374 4130 nulla
1406 4076 1624 4145 poterat
1660 4071 1908 4128 interve-

193 4158 322 4220 nire
369 4158 671 4230 diversitas
722 4158 1060 4232 facultatum
1108 4162 1256 4234 (Act.
1288 4163 1391 4227 1V).
1431 4158 1585 4215 Talis
1628 4172 1765 4229 ergo,
1801 4155 1910 4216 sub

194 4245 384 4306 Marco
436 4247 840 4306 Alexandrina
877 4249 987 4306 fuit
1016 4249 1270 4306 Ecclesia
1303 4247 1494 4326 qualis
1529 4253 1584 4305 et
1639 4247 1912 4304 Hieroso-

217 4351 370 4410 yma
411 4335 589 4394 luisse
617 4336 727 4394 sub
759 4335 1067 4409 apostolica
1117 4337 1331 4408 legitur
1357 4334 1683 4408 disciplina,
1717 4341 1778 4391 ut
1807 4349 1910 4390 ne—

193 4425 414 4482 minem
457 4427 802 4499 paupertatis
851 4425 1173 4500 indigentia
1219 4432 1524 4500 premeret,
1558 4424 1758 4482 nullus
1813 4438 1910 4480 eo-

192 4529 324 4573 rum
371 4512 590 4572 divitiis
637 4513 975 4584 abundaret,
1017 4515 1138 4586 sed,
1178 4515 1322 4573 dum
1367 4513 1705 4587 unicuique,
1738 4517 1909 4585 prout

194 4618 338 4676 opus
386 4609 541 4674 erat,
592 4604 902 4662 necessitas
955 4605 1353 4662 administrata
1405 4610 1764 4676 suppeteret,
1825 4601 1908 4660 lo-

195 4707 329 4756 cum
374 4690 524 4749 inter
570 4707 666 4749 eos
716 4693 952 4766 querela
1005 4694 1320 4752 murmurii
1383 4690 1723 4767 [murmuro]
1794 4707 1910 4749 non

198 4780 454 4839 haberet.
499 4779 798 4855 Signiﬁcat
836 4798 974 4856 ergo
1027 4783 1334 4855 pradictus
1385 4783 1548 4841 Philo
1580 4783 1728 4840 inter
1757 4797 1909 4839 nova

194 4878 335 4930 tunc
367 4871 657 4928 nascentis
691 4869 823 4928 fidei
862 4871 1152 4930 cunabula
1193 4889 1258 4930 ac
1295 4878 1568 4942 teneram,
1608 4877 1672 4930 ut
1710 4869 1787 4928 ita
1829 4870 1912 4928 lo-

191 4975 360 5034 quar,
424 4959 701 5018 Ecclesia
762 4960 1029 5019 laetantis
1081 4963 1435 5032 infantiam,
1489 4976 1748 5036 quosque
1805 4962 1916 5020 sub

191 5050 346 5108 beati
405 5049 586 5108 Marci
642 5053 926 5126 regimine
987 5054 1324 5113 constitutos
1382 5053 1675 5112 sobrietati
1735 5051 1916 5110 simul

191 5155 260 5200 ac
307 5137 598 5212 pudicitia
654 5141 895 5215 deditos,
943 5143 1306 5201 orationibus
1355 5150 1409 5200 et
1451 5141 1694 5217 jejuniis
1731 5142 1911 5200 vehe-

196 5233 423 5285 menter
458 5226 712 5286 iutentos
743 5246 890 5304 quos
923 5231 1125 5304 utique
1159 5232 1362 5289 beatus
1390 5229 1761 5303 evangelista,
1793 5245 1915 5287 non

196 5313 372 5373 modo
435 5313 859 5374 miraculorum
925 5318 1341 5391 plerorumque
1407 5316 1730 5390 prodigiis,
1795 5332 1918 5375 non

198 5404 372 5462 modo
421 5411 634 5466 sancta
680 5407 1106 5479 pradicationis
1155 5408 1450 5468 erudiebat
1493 5407 1758 5479 eloquiis,
1819 5407 1918 5467 sed

199 5495 276 5564 ad,
317 5493 636 5572 spiritualis
679 5497 820 5556 vita
849 5499 1258 5558 rectitudinem
1290 5498 1525 5558 eximiis
1571 5497 1742 5572 etiam
1780 5513 1921 5570 pro-

208 5582 355 5656 pria
381 5583 754 5650 continentia
781 5600 846 5642 ac
882 5584 1110 5662 pietatis
1147 5583 1491 5660 provocabat
1523 5583 1825 5662 exemplis,
1857 5591 1923 5660 ut

1925 4477 1975 4535 D

1988 3187 2046 3246 in
2079 3188 2298 3260 quibus
2323 3185 2583 3244 defuncti
2613 3190 2770 3255 sunt,
2804 3183 2925 3241 loca
2966 3181 3378 3256 percurrimus,
3405 3179 3701 3242 neminem

1988 3292 2189 3342 eorum
2220 3275 2277 3340 in
2310 3290 2396 3344 eo,
2421 3289 2597 3346 quem
2623 3273 2860 3334 sortitus
2899 3278 3001 3342 est,
3040 3285 3433 3346 perseverasse
3475 3268 3698 3336 tumulo

1987 3365 2330 3438 reperimus.
2362 3363 2430 3420 In
2473 3361 2716 3419 Joannis
2750 3361 2968 3418 scilicet
3005 3360 3300 3431 sepultura
3327 3363 3455 3432 post
3480 3357 3710 3424 obitum,

1988 3471 2107 3513 non
2138 3469 2346 3526 corpus
2372 3453 2524 3526 ejus,
2554 3451 2650 3509 sed
2680 3465 2894 3506 manna
2920 3456 3210 3521 repertum
3241 3453 3344 3505 est.
3374 3447 3534 3506 Beati
3566 3461 3701 3505 vero

1989 3546 2250 3608 Matthai
2279 3558 2512 3616 corpore
2541 3556 2657 3598 non
2686 3539 3000 3613 1Ethiopia,
3039 3539 3141 3598 ubi
3166 3544 3496 3612 peremptus
3520 3552 3699 3610 agno-

1988 3636 2214 3706 scitur,
2281 3631 2378 3690 sed
2443 3629 2816 3689 Salernitana
2871 3628 3064 3701 potius
3121 3627 3324 3687 civitas
3381 3627 3699 3684 decoratur.

1991 3721 2235 3790 Sanctus
2293 3719 2466 3778 etiam
2533 3717 2744 3787 Lucas,
2777 3731 2913 3774 cum
2970 3715 3030 3772 in
3077 3713 3366 3788 Bithynia
3422 3713 3709 3787 partibus,

1989 3812 2137 3870 sicut
2184 3811 2423 3868 historia
2479 3816 2736 3879 testatur,
2768 3808 2994 3879 obierit,
3027 3809 3301 3867 vicesimo
3350 3823 3504 3866 anno
3553 3804 3705 3872 Con.-

1991 3899 2188 3957 stautii
2246 3897 2485 3958 Casaris
2527 3898 2598 3954 de
2654 3896 2872 3957 Achaia
2918 3894 3474 3970 Constantinopolim
3514 3903 3703 3952 trans-

1992 3989 2146 4046 latus
2197 3993 2280 4046 est
2333 4003 2466 4046 cum
2525 3985 2897 4044 sacrosanctis
2950 3986 3102 4044 beati
3157 3983 3399 4060 apostoli
3455 3982 3710 4046 Andrea.

1989 4076 2274 4150 reliquiis.
2334 4075 2444 4132 Hic
2498 4090 2656 4143 vero,
2705 4075 2776 4132 de
2833 4089 2946 4146 quo
3001 4087 3161 4130 nunc
3213 4072 3423 4146 agitur,
3473 4075 3714 4139 sanctus

1993 4166 2347 4240 evangelista
2394 4165 2620 4223 Marcus
2670 4165 2743 4224 de
2784 4165 3140 4224 Alexandria
3187 4170 3542 4226 transvectus
3596 4168 3708 4238 est,

1989 4255 2109 4313 Deo
2156 4254 2596 4314 misericorditer
2660 4253 2998 4326 disponente
3025 4297 3040 4320 ,
3098 4251 3393 4310 Venetiam
3421 4294 3435 4321 ,
3485 4257 3552 4310 ut
3602 4250 3706 4323 qui

1991 4349 2133 4403 tunc
2170 4351 2353 4403 totum
2384 4343 2677 4402 Orientem
2709 4343 2867 4401 velut
2895 4358 3109 4408 aureus
3136 4341 3338 4401 lucifer
3367 4341 3705 4399 illustrave-

1993 4441 2097 4504 rat,
2135 4449 2296 4491 nunc
2323 4449 2424 4506 per
2454 4432 2650 4506 plagas
2679 4431 2914 4490 Occidui
2945 4430 3192 4490 climatis
3225 4431 3550 4504 prasentia
3587 4444 3710 4488 sua

1998 4521 2173 4578 radiis
2221 4521 2509 4579 enitescat.
2563 4517 2669 4576 Per
2714 4517 3030 4591 rEgyptum
3085 4518 3298 4592 quippe
3335 4517 3446 4575 sibi
3484 4515 3708 4576 dedicat

1996 4615 2212 4677 ortum,
2244 4623 2344 4681 per
2393 4606 2690 4664 Venetiam
2737 4612 2887 4662 tenet
2930 4619 3216 4662 occasum.
3265 4605 3392 4662 Illic
3443 4603 3703 4663 Alexan-

1997 4699 2183 4756 drina
2229 4697 2463 4756 sortitus
2509 4702 2595 4752 est
2649 4694 2903 4754 ecclesia
2953 4693 3180 4764 solum;
3231 4694 3325 4751 hic
3361 4690 3713 4753 renascentis

1997 4786 2285 4860 Aquileia
2307 4799 2524 4842 novum
2551 4783 2748 4852 statuit
2774 4783 3178 4856 principatum.
3206 4780 3306 4838 Est
3332 4781 3524 4856 itaque
3549 4781 3714 4848 velut

1999 4875 2160 4934 sidus
2200 4888 2446 4932 aureum
2479 4878 2594 4929 toto
2623 4871 2761 4936 orbe
2800 4870 3140 4944 praclarum
3178 4884 3244 4926 ac
3281 4869 3492 4928 celebri
3537 4869 3712 4930 totius

1999 4965 2272 5022 Ecclesia
2303 4959 2671 5020 veneratione
2697 4960 3096 5034 conspicuum.

2073 5053 2193 5110 Hoc
2241 5052 2436 5125 itaque
2483 5051 2664 5119 sidus,
2693 5046 3068 5114 dilectissimi,
3102 5062 3222 5119 pra
3271 5048 3459 5106 oculis
3491 5047 3710 5122 jugiter

2001 5141 2338 5209 habeamus,
2371 5139 2549 5213 hujus
2579 5137 2876 5194 imitemur
2913 5134 3269 5208 exemplum,
3299 5135 3347 5193 si
3373 5135 3524 5192 inter
3565 5151 3706 5208 spu-

2004 5243 2197 5287 mosos
2237 5227 2553 5285 mundana
2599 5224 2891 5300 voraginis
2927 5223 3136 5282 ﬂuctus
3172 5223 3442 5297 cupimus
3493 5224 3714 5296 evitare,

2002 5318 2395 5390 naufragium.
2431 5316 2582 5373 Hinc
2611 5331 2768 5374 mare
2793 5315 3079 5374 tumidum
3114 5316 3336 5386 saeviat,
3363 5315 3527 5374 illinc
3554 5317 3716 5382 venti

2003 5405 2259 5464 furentes
2298 5404 2620 5477 impingant
2665 5403 2753 5475 [f.,
2782 5404 3176 5479 impugnent],
3202 5403 3251 5461 si
3292 5403 3363 5462 ab
3396 5403 3504 5462 hoc
3532 5404 3727 5476 sidere,

2005 5494 2216 5566 mentis
2253 5493 2437 5554 aciem
2471 5509 2589 5554 non
2621 5495 2964 5566 avertimus,
2996 5491 3378 5570 procellarum
3421 5494 3718 5560 mundam

2006 5585 2156 5658 tium
2187 5585 2442 5660 impetus
2476 5600 2593 5662 non
2635 5584 2924 5658 timemus.
2953 5584 3044 5656 Ad
3068 5583 3178 5644 hoc
3206 5585 3402 5660 itaque
3425 5584 3593 5660 sidus
3623 5601 3719 5648 sa-
