4184 6448
448 310 555 369 583

1069 302 1128 359 S.
1175 299 1391 358 PETRI
1435 297 1753 357 DAMIANI
1794 297 1950 355 OPP.
1995 296 2184 354 PARS
2227 297 2366 356 SEU
2409 297 2663 358 TOMUS
2706 298 2778 356 Il.
2821 327 2889 338 —
2930 293 3344 355 SERMONES.

3849 297 3957 353 534

451 446 661 508 genam
703 429 914 487 mentis
955 433 1164 484 nostras
1203 425 1340 482 certi
1392 440 1597 482 cursus
1634 423 1788 480 linea
1823 422 2049 494 dirigat,
2080 421 2150 479 ad
2171 421 2547 495 Aquemdam
2597 422 2916 480 Martialem
2956 419 3221 508 gloriosa
3273 417 3591 508 sanctitatis
3637 417 3958 508 antistitem

452 523 563 580 hoc
593 511 766 577 omne
805 515 1013 574 laboris
1057 513 1237 572 nostri
1284 513 1592 586 remigium
1637 511 1846 580 tendat,
1900 518 1961 568 ut
2013 526 2155 581 non,

452 606 606 684 quod
649 605 815 674 absit,
858 619 1068 675 vorago
1109 617 1214 660 nos
1262 600 1471 674 Sylleae
1511 599 1916 673 profunditatis
1955 599 2153 656 absor-

450 699 599 767 beat,
628 709 747 752 non
785 707 1047 750 errorum
1094 699 1302 759 cautes,
1351 689 1439 746 vel
1483 688 1776 746 invadosae
1819 695 2000 762 syrtes
2043 687 2154 744 im-

448 784 716 860 providos
743 781 1008 849 obruant,
1046 779 1141 836 sed
1172 779 1230 836 in
1264 785 1403 837 tutae
1442 779 1651 851 quietis
1689 785 1934 850 portum,
1969 784 2024 835 et
2051 792 2152 849 op-

449 882 581 934 tatae
621 870 1051 945 tranquillitatis
1096 869 1288 927 sinum
1333 885 1618 942 supernus
1662 883 1767 926 nos
1807 867 2155 941 gubernator

449 964 711 1038 impellat
765 962 932 1021 Jesus
988 958 1247 1017 Christus
1298 957 1579 1016 Dominus
1623 965 1834 1028 noster,
1874 956 1976 1032 qui
2019 971 2153 1013 cum

446 1053 563 1111 Deo
593 1053 760 1110 Patre
791 1058 845 1108 et
881 1048 1100 1122 Spiritu
1126 1054 1319 1105 sancto
1352 1047 1494 1104 vivit
1519 1052 1573 1104 et
1613 1052 1813 1118 regnat
1843 1044 1902 1101 iu
1941 1043 2154 1102 saecula

449 1142 822 1202 saeculorum.
849 1141 1058 1197 Amen.

1078 1246 1325 1308 SERMO
1380 1246 1531 1305 XVI.

621 1338 706 1384 ΙΙΙ.
737 1335 810 1383 DE
854 1336 904 1381 S.
936 1331 1135 1380 MARCO
1175 1330 1597 1378 EVANGELISTA.
1640 1319 1791 1388 (XXV
1827 1319 1982 1386 APB.)

517 1413 728 1481 Nostis,
765 1407 1145 1477 dilectissimi,
1193 1408 1332 1479 quia
1381 1406 1450 1462 de
1505 1403 1655 1461 beati
1700 1402 1874 1460 Marci
1931 1400 2153 1458 meritis

2238 511 2363 582 ejus
2417 511 2704 569 exstitisse
2746 517 3049 584 nepotem;
3097 507 3195 565 sed
3251 524 3438 582 neque
3493 505 3733 576 Achaia,
3775 522 3956 580 quam

2237 598 2336 656 ille
2361 616 2459 673 per
2481 598 2828 672 triumphale
2849 597 3146 676 vexillum,
3163 595 3350 654 crucis
3373 595 3629 667 irradiat,
3657 595 3748 652 vel
3777 596 3956 654 etiam

2238 691 2543 748 Lemovica
2577 689 2892 763 provincia,
2918 689 2981 746 in
3023 703 3136 761 qua
3182 685 3420 744 scillicat
3459 685 3565 743 iste
3611 686 3793 744 multo
3821 702 3955 760 pro-

2236 779 2527 854 digiorum
2595 783 2769 853 atque
2817 779 3118 852 signorum
3173 776 3396 850 fulgore
3451 783 3729 844 coruscat,
3789 777 3957 835 sedes

2237 867 2388 925 Petri
2437 867 2665 938 dicitur,
2697 868 2793 926 sed
2842 866 3114 941 quaelibet
3157 881 3354 924 earum
3393 861 3532 938 ejus
3571 869 3795 924 tantum
3848 867 3955 938 qui

2235 957 2346 1014 sibi
2373 956 2638 1028 praesidet
2679 955 2912 1013 nomine
2941 955 3223 1012 titulatur.
3261 953 3384 1011 Hoc
3411 952 3776 1027 potissimum
3812 953 3951 1011 Ale-

2236 1042 2479 1100 xandria
2505 1041 2623 1100 sola
2645 1041 2983 1115 promeruit,
3017 1049 3083 1100 ut
3111 1057 3212 1115 per
3243 1041 3572 1098 cathedram
3593 1041 3742 1098 beati
3769 1039 3950 1098 Marci

2234 1131 2396 1190 sedes
2441 1131 2683 1204 apostoli
2735 1131 2884 1189 Petri
2939 1130 3247 1191 constituta
3308 1131 3398 1201 sit,
3459 1130 3752 1204 appellari.
3806 1130 3947 1202 Nec,

2234 1227 2299 1278 ut
2350 1221 2660 1293 credimus,
2707 1221 2925 1294 absque
2970 1220 3170 1280 divino
3224 1227 3371 1280 nutu
3423 1221 3532 1279 hoc
3582 1219 3666 1278 illi
3723 1219 3948 1277 civitati

2233 1323 2445 1366 nomen
2501 1309 2853 1382 impressum
2916 1313 3019 1366 est.
3077 1308 3434 1366 Alexandria
3507 1307 3795 1381 siquidem
3875 1306 3952 1365 ab

2233 1395 2566 1454 Alexandro
2613 1395 2764 1453 dicta
2805 1399 2907 1453 est.
2941 1394 3273 1455 Alexander
3305 1405 3500 1455 autem
3540 1397 3952 1469 interpretatur

2235 1487 2420 1542 levans
2451 1489 2738 1554 angustias
2776 1486 3115 1541 tenebrarum
3143 1507 3160 1555 ;
3196 1486 3293 1544 sed
3327 1493 3381 1544 et
3412 1485 3712 1559 Egyplus,
3743 1485 3806 1542 in
3831 1499 3950 1557 qua

445 1587 518 1645 ab
575 1588 702 1659 ejus
756 1593 947 1642 tamen
1003 1582 1193 1640 adhuc
1255 1580 1424 1639 laude
1477 1582 1769 1654 quiescere
1821 1576 2152 1651 impellente
2233 1577 2449 1634 scilicet
2503 1575 2857 1634 Alexandria
2900 1576 3008 1633 sita
3063 1581 3168 1646 est,
3228 1575 3454 1630 tenebrae
3502 1573 3733 1632 dicitur.
3794 1571 3948 1642 Quid

447 1672 800 1735 conscientia
847 1687 963 1729 non
1004 1669 1282 1727 valemus.
1318 1669 1465 1727 Nam
1493 1668 1634 1726 dum
1663 1669 1785 1726 haec
1809 1674 1864 1724 et
1888 1665 1992 1722 illa
2032 1665 2150 1721 vir-
2231 1672 2426 1724 autem
2461 1672 2608 1723 totus
2655 1664 2914 1723 mundus
2955 1669 3074 1721 erat
3105 1669 3236 1721 ante
3279 1661 3677 1734 Redemptoris
3722 1661 3945 1719 adven-

445 1775 643 1828 tutum
679 1766 804 1840 ejus
848 1770 1004 1836 gesta
1051 1762 1458 1835 perpendimus
1486 1769 1541 1820 et
1575 1769 1685 1819 tam
1718 1758 1990 1818 sublimis
2029 1758 2380 1834 gra-Btum,
2427 1753 2540 1810 nisi
2588 1751 2838 1810 densitas
2885 1751 3248 1840 etwconfusio
3299 1746 3727 1840 tenebrarum?
3779 1747 3948 1840 Unde

445 1857 542 1914 tiae
592 1835 869 1913 meritum
924 1852 986 1909 in
1036 1857 1224 1908 mente
1276 1865 1593 1920 versamus,
1652 1849 1869 1923 stylum
1915 1860 2149 1918 quoque
2236 1857 2337 1915 per
2364 1840 2570 1899 Isaiam
2599 1840 2845 1899 dicitur:
2877 1865 2902 1889 α
2932 1838 3342 1898 Habitantibus
3370 1839 3430 1895 in
3461 1835 3693 1909 regione
3719 1835 3947 1895 umbra

445 1944 749 2005 exterioris
793 1940 1025 1999 articuli
1077 1940 1345 1998 feriatum
1389 1940 1600 1997 habere
1649 1954 1765 1996 non
1818 1951 2145 2011 possumus.
2237 1932 2456 2002 mortis,
2488 1932 2592 1990 lux
2635 1937 2755 1989 orta
2783 1937 2867 1989 est
2913 1930 2996 1988 eis
3035 1933 3191 2000 (Isai.
3227 1931 3335 2000 IX).
3368 1949 3395 1980 »
3425 1926 3794 1985 Tenebrosus
3825 1933 3946 1984 erat

441 2035 600 2093 Inter
628 2031 825 2090 omnia
853 2031 1021 2104 plane
1049 2036 1162 2086 tam
1194 2030 1490 2102 conspicui
1518 2028 1840 2102 splendoris
1871 2024 2146 2098 insignia,
2234 2021 2491 2081 mundus
2523 2068 2538 2093 ,
2596 2021 2731 2094 quia
2789 2021 3031 2080 necdum
3091 2019 3393 2093 splendore
3445 2016 3692 2075 caelestis
3742 2015 3948 2089 gratiae

443 2122 593 2181 illud
617 2120 765 2178 mihi
805 2118 1097 2189 singulare
1126 2117 1354 2176 videtur
1391 2124 1566 2192 atque
1604 2114 1964 2190 praecipuum
1994 2114 2150 2188 quod
2236 2111 2425 2169 fuerat
2485 2109 2825 2168 illustratus.
2885 2109 3163 2168 Tenebrae
3217 2116 3380 2168 erant
3446 2108 3711 2166 homines
3769 2105 3949 2178 hujus

443 2226 546 2285 per
593 2209 852 2267 Marcum
897 2205 1253 2264 Alexandria
1291 2204 1542 2263 secunda
1573 2205 1725 2262 Petri
1757 2204 1938 2275 sedes,
1962 2218 2030 2260 ac
2053 2217 2152 2274 per
2235 2198 2462 2268 mundi,
2489 2198 2626 2271 quia
2665 2197 2909 2255 necdum
2937 2197 3167 2255 fuerant
3190 2197 3266 2285 ad
3289 2212 3493 2254 verum
3523 2196 3722 2285 lumen
3751 2209 3786 2251 a
3812 2208 3950 2267 pra-

442 2283 554 2357 11οο
595 2295 902 2368 apostolica
950 2293 1113 2351 sedes
1148 2301 1233 2350 est
1279 2310 1311 2350 a
1360 2293 1571 2351 sanctis
1613 2291 1879 2350 Patribus
1920 2305 2151 2349 nuncu-
2236 2285 2431 2343 vitatis
2473 2302 2593 2343 suae
2640 2286 2891 2342 caecitate
2929 2285 3210 2342 conversi.
3247 2284 3471 2354 Quibus
3516 2284 3638 2356 jam
3678 2283 3747 2341 de
3799 2288 3952 2340 tene-

446 2393 596 2462 pata.
659 2385 774 2442 Nec
823 2382 979 2440 enim
1031 2381 1153 2439 ulla
1198 2381 1478 2455 scriptura
1534 2388 1769 2439 testatur
1822 2380 2153 2439 authentica
2238 2371 2358 2431 bris
2378 2373 2738 2462 infidelitatis
2762 2373 2982 2430 eductis
3009 2380 3064 2430 et
3094 2388 3248 2462 verae
3275 2371 3408 2462 ﬁdei
3443 2372 3569 2462 luce
3596 2371 3950 2462 micantibus

446 2460 514 2533 Β.
561 2473 796 2531 Petrum
835 2469 1157 2544 apostolum
1197 2469 1258 2527 in
1303 2471 1653 2528 Alexandria
1700 2471 2029 2529 cathedram
2068 2476 2151 2528 te-
2237 2478 2337 2535 per
2390 2461 2732 2536 Apostolum
2780 2463 3038 2519 dicitur:
3098 2485 3118 2514 ι
3165 2460 3380 2519 Fuistis
3427 2461 3739 2534 aliqnando
3785 2469 3950 2519 tene-

448 2566 662 2632 nuisse,
700 2563 790 2622 vel
819 2579 986 2621 suam
1015 2564 1212 2620 saltem
1246 2563 1366 2620 11110
1398 2563 1738 2622 exhibuisse
1760 2563 2148 2636 prmsentiam.
2237 2551 2378 2622 brae,
2408 2566 2566 2626 nunc
2607 2557 2801 2609 311th
2855 2551 2956 2611 ΙυΧ
3005 2551 3065 2607 in
3106 2550 3350 2608 Domino
3380 2552 3597 2622 (ΕΡῙιθεο
3627 2556 3706 2618 Vl
3743 2571 3770 2602 ι)
3807 2551 3950 2619 QHiS

453 2653 585 2724 Sed,
617 2653 756 2712 dum
803 2652 1084 2722 Marcum,
1125 2654 1419 2726 egregium
1468 2653 1734 2710 videlicet
1779 2652 2152 2727 discipulum,
2239 2641 2417 2714 igitur
2455 2640 2699 2699 istarum
2731 2640 2942 2698 levavit
2970 2638 3263 2711 angustias
3297 2639 3682 2711 tenebrarum,
3716 2639 3829 2696 nisi
3859 2639 3950 2698 sol

445 2743 534 2800 illi
583 2743 891 2816 prmsidere
932 2741 1246 2810 constituit,
1281 2738 1405 2800 eam
1451 2743 1561 2801 sibi
1612 2750 1880 2816 tanquam
1928 2758 2028 2815 per
2065 2757 2153 2799 ac-
2237 2729 2337 2788 ille
2366 2729 2614 2802 justitiae
2644 2728 2990 2802 Redemptor
3015 2734 3221 2798 noster,
3253 2727 3949 2802 quidispulitcaliginem

445 2849 638 2892 cessus
680 2835 772 2891 sui
810 2833 1180 2906 praesentiam
1228 2833 1532 2890 dedicavit.
1569 2831 1848 2891 Similiter
1876 2840 1930 2890 et
1960 2833 2152 2890 Evan-
2239 2827 2600 2892 Ρθοοόῖοΐυω
2629 2819 2654 2874 ?
2682 2817 2842 2886 QUiS,
2874 2817 3136 2890 inquam,
3164 2817 3263 2874 ille
3288 2823 3396 2906 ρει,
3427 2818 3525 2890 (1111
3546 2817 3944 2906 ίῒθηθῧΐδΐυω

442 2922 661 2996 gelium
718 2905 895 2979 Marci
951 2921 1336 2994 Evangelium
1389 2922 1600 2980 dicitur
1649 2922 1820 2991 Petri,
1877 2921 2154 2996 quoniam
2239 2906 2875 2980 Ιθνθῖᾶηὲυείίᾶετηίεί
2913 2906 3078 2978 κλᾶε
3121 2921 3236 2980 quo
3287 2905 3666 2996 Ρθῐνῑιεηάίοὶἴ
3722 2913 3952 2980 ³908ῖο-

443 2994 554 3068 hoc
622 3010 812 3068 ﬁdelis
880 3009 1161 3082 interpres
1227 3010 1565 3082 simpliciter
1612 3018 1667 3066 et
1717 2994 2156 3067 immutabiliter
2239 2999 2376 3056 lus:
2427 3019 2453 3050 «
2482 2995 2592 3066 Olli
2649 3001 2874 3069 Ρθοεῖιία
2922 3000 3116 3053 nos”?!
3163 2995 3285 3070 ipse
3321 2994 3555 3070 Pen“lit
3612 2995 3674 3052 in
3705 3011 3950 3070 corpore

444 3099 670 3172 scripsit
712 3098 866 3171 quod
919 3115 990 3155 ex
1041 3113 1142 3157 ore
1195 3099 1456 3174 magistri
1510 3101 1789 3158 veraciter
1842 3098 1936 3155 75
1990 3116 2146 3159 enar-

2238 3102 2342 3144 suo
2380 3102 2550 3159 super
2588 3085 2816 3159 lignum
2852 3086 2898 3158 (I
2920 3089 3064 3142 Petr.
3099 3085 3154 3159 II)
3189 3103 3204 3157 ;
3251 3108 3271 3136 11
3312 3093 3367 3142 01
3412 3101 3512 3159 per
3550 3083 3758 3142 Isaiam
3797 3085 3949 3144 dici-

441 3171 622 3244 rantis
667 3187 910 3244 audivit.
947 3185 1119 3244 Porro
1156 3171 1372 3255 autem,
1415 3203 1550 3245 cum
1590 3187 1998 3246 clavicularius
2043 3188 2146 3246 iste

2238 3183 2368 3233 tur:
2414 3196 2441 3228 «
2473 3173 2619 3231 Vere
2657 3174 2958 3247 languores
2996 3179 3219 3232 nostros
3261 3173 3383 3246 ipse
3424 3171 3573 3244 tulit,
3613 3179 3668 3230 et
3716 3172 3949 3232 dolores

439 3273 571 3332 cceli
610 3289 710 3346 per
754 3281 833 3331 tot
882 3281 1167 3332 terrarum
1207 3291 1383 3349 regna
1419 3275 1733 3348 discipulos
1779 3277 2146 3334 destinaverit

2232 3273 2451 3325 nostros
2503 3265 2624 3338 ipse
2671 3264 2916 3338 portavit
2961 3265 3106 3338 (Isai.
3156 3265 3290 3334 Lm).
3331 3289 3354 3313 ιο
3391 3262 3536 3320 Nam
3584 3262 3632 3318 si
3690 3264 3947 3322 tenebrae

441 3367 637 3440 eisque
691 3381 788 3438 per
835 3365 1092 3423 diversas
1139 3365 1342 3423 mundi
1392 3367 1719 3439 provincias
1764 3367 2150 3425 Ecclesiarum
2231 3364 2367 3416 sunt
2399 3363 2646 3430 peccata,
2681 3351 2773 3409 76
2803 3354 3087 3427 angustiae
3119 3354 3484 3412 tenebrarum
3517 3353 3765 3412 ultiones
3807 3359 3947 3412 sunt

440 3456 694 3530 regimen
750 3455 1135 3526 commiserit,
1177 3455 1320 3529 quid
1373 3463 1456 3513 est
1506 3457 1660 3529 quod
1705 3457 1868 3516 nulla
1911 3472 2147 3528 earum,
2233 3447 2434 3523 procul
2483 3445 2659 3503 dubio
2709 3451 2763 3502 et
2802 3443 3087 3518 supplicia
3127 3445 3432 3503 hominum
3458 3454 3842 3518 peccatorum.
3874 3442 3946 3500 Et

435 3551 646 3619 praeter
674 3543 855 3603 solam
883 3543 1166 3602 duntaxat
1192 3544 1624 3615 Alexandriam,
1661 3547 1752 3604 vel
1784 3547 1936 3604 Petri
1964 3547 2146 3616 sedes,
2231 3540 2364 3614 quis
2417 3538 2557 3596 istas
2611 3535 2980 3595 tenebrarum
3025 3536 3237 3596 levavit
3280 3537 3595 3611 angustias,
3637 3537 3755 3595 imo
3811 3536 3944 3611 quis

435 3636 529 3692 vel
591 3633 903 3707 apostolica
965 3633 1220 3691 Ecclesia
1291 3642 1374 3692 est
1444 3635 1782 3710 appellata?
1843 3637 2151 3695 Antiochia
2231 3627 2469 3702 pertulit
2500 3629 2706 3702 dignas
2743 3626 3209 3702 delinquentium
3239 3642 3456 3701 poenas,
3486 3626 3599 3684 nisi
3631 3627 3699 3698 is,
3727 3627 3799 3684 de
3827 3641 3946 3701 quo

433 3721 607 3796 plane
644 3729 698 3779 et
730 3722 851 3794 ipsa
881 3722 1042 3779 sedes
1074 3720 1225 3779 Petri
1255 3722 1490 3791 dicitur,
1525 3723 1809 3782 nimirum
1837 3725 1991 3797 quod
2033 3724 2150 3783 illic
2231 3719 2385 3776 idem
2433 3717 2710 3790 propheta
2756 3715 2894 3774 dicit
2936 3740 2948 3773 :
3009 3740 3029 3768 «
3067 3715 3194 3790 Ipse
3233 3724 3426 3774 autem
3471 3715 3814 3773 vulneratus
3857 3721 3944 3774 est

435 3813 558 3884 ipse
607 3827 707 3884 per
742 3827 802 3868 se
842 3811 1105 3869 tenuisse
1133 3812 1461 3870 cathedram
1492 3813 1861 3886 perhibetur;
1891 3814 2149 3872 Alexan-
2230 3813 2461 3882 propter
2507 3806 2840 3879 iniquitates
2891 3810 3133 3876 nostras,
3165 3804 3394 3863 attritus
3425 3812 3510 3862 est
3547 3810 3776 3878 propter
3816 3817 3940 3861 sce-

435 3899 579 3958 drim
613 3916 747 3958 vero
778 3917 879 3973 per
924 3915 983 3957 se
1033 3900 1236 3959 Petrus
1271 3901 1393 3974 ipse
1446 3917 1558 3958 non
1599 3903 1850 3975 praefuit,
1885 3903 1982 3960 sed
2022 3917 2147 3960 eam
2233 3897 2347 3955 lera
2399 3893 2640 3953 nostra?
2701 3897 2888 3963 (Ibid.)
2932 3918 2951 3946 θ
2993 3895 3153 3954 Sicut
3204 3895 3536 3953 Alexander
3581 3894 3641 3952 in
3691 3892 3944 3966 Egypto

434 4003 536 4062 per
580 3987 812 4045 beatum
865 3987 1140 4059 Marcum,
1189 4005 1360 4062 quem
1410 3988 1675 4047 videlicet
1732 3990 1935 4049 habuit
1989 3999 2038 4046 el
2085 3990 2147 4047 in
2231 3986 2433 4044 urbem
2464 3983 3244 4056 construxitAlexandriam,
3276 3985 3358 4042 sic
3376 3983 3720 4057 Redemptor
3748 3988 3944 4039 noster

438 4075 698 4134 doctrina
736 4075 1086 4147 discipulum
1113 4082 1167 4133 et
1194 4077 1254 4133 in
1307 4077 1641 4150 baptismate
1679 4078 1887 4148 ﬁlium,
1933 4079 2149 4151 proprii
2233 4077 2382 4134 inter
2405 4077 2582 4147 hujus
2616 4074 2820 4133 mundi
2843 4075 3107 4132 tenebras
3139 4081 3395 4134 sanctam
3424 4072 3732 4133 aedificavit
3755 4071 3947 4130 Eccle-

439 4163 694 4222 nominis
748 4163 913 4221 titulo
975 4165 1282 4223 decoravit.
1343 4169 1553 4238 Atque,
1613 4167 1764 4240 quod
1825 4167 2149 4225 mirabilius
2232 4167 2417 4224 siam:
2453 4164 2554 4240 qui
2598 4181 2728 4222 vere
2781 4164 3150 4221 tenebrarum
3188 4163 3400 4221 levavit
3446 4160 3760 4234 angustias,
3801 4159 3944 4218 dum

434 4258 539 4324 est,
564 4253 714 4310 sicut
760 4253 1020 4311 Romana
1063 4255 1224 4312 sedes
1269 4255 1492 4312 excedit
1535 4256 1992 4314 Alexandrinam
2036 4257 2149 4314 sin-
2231 4256 2511 4315 scelerum
2545 4262 2871 4312 nostrorum
2896 4253 3178 4327 supplicia
3203 4253 3511 4326 pertulitet
3536 4250 3739 4309 mundi
3766 4248 3941 4321 hujus

443 1500 733 1571 clarisque
773 1494 1085 1554 virtutibus
1123 1493 1267 1551 duos
1299 1487 1421 1565 jam
1455 1505 1749 1550 sermones
1774 1487 2149 1558 absolvimus,

437 4340 658 4415 gularis
701 4340 1062 4399 excellentiae
1100 4342 1372 4411 culmine,
1415 4342 1497 4400 sic
1526 4350 1580 4400 et
1610 4344 2007 4402 Alexandrina
2047 4362 2142 4404 su-

2232 4344 2546 4419 ngyptum
2596 4357 2748 4401 novo
2789 4358 2943 4400 verae
2994 4342 3128 4399 fidei
3178 4341 3479 4415 splendore
3517 4338 3787 4414 perfudit.
3819 4335 3943 4394 Hoc

437 4431 756 4505 pereminet
788 4433 1114 4491 Antiochiae
1143 4434 1392 4506 quadam
1434 4435 1723 4508 privilegii
1753 4435 2044 4510 dignitate,
2085 4434 2367 4510 utnfecit
2417 4432 2679 4492 Christus
2721 4431 2782 4489 in
2847 4431 3090 4504 JEgypto
3146 4448 3247 4505 per
3305 4431 3558 4489 Marcum
3597 4476 3612 4499 ,
3679 4429 3786 4486 hoc
3842 4441 3944 4500 per

434 4521 696 4594 superior
725 4522 825 4579 illa
849 4521 921 4579 sit
958 4522 1138 4593 sedes,
1169 4525 1262 4581 cui
1305 4524 1529 4582 Marcus
1557 4525 1677 4582 vice
1701 4525 1851 4584 Petri
1887 4527 2140 4600 praefuit,

433 4627 606 4686 quam
657 4628 722 4670 ea
759 4613 852 4670 cui
895 4612 1180 4693 propriam
1233 4614 1560 4671 cathedram
1610 4615 1811 4674 Petrus
1847 4617 1967 4690 ipse
1994 4634 2143 4690 prae-

429 4701 593 4758 sedit.
622 4700 735 4760 Cur
767 4718 900 4774 ergo
932 4701 1175 4776 Spiritus
1203 4712 1437 4762 sanctus
1468 4703 1762 4762 beatorum
1802 4705 2142 4778 pontificum

436 4790 728 4849 mentibus
759 4798 822 4850 ut
851 4793 956 4849 hoc
984 4799 1293 4850 statuerent
1324 4793 1647 4868 inspiravit,
1687 4795 1800 4852 nisi
1850 4796 2003 4870 quod
2047 4797 2145 4855 Pe-

434 4884 592 4937 trum
632 4885 686 4935 et
729 4878 985 4936 Marcum
1019 4887 1211 4938 mente
1240 4881 1412 4939 simul
1460 4888 1514 4938 et
1559 4881 1773 4950 animo,
1811 4882 1924 4940 fide
1955 4889 2008 4940 et
2041 4900 2141 4942 vo-

436 4969 678 5036 luntate,
733 4985 847 5026 non
903 4969 1048 5028 duos
1095 4970 1540 5045 quodammodo,
1582 4970 1677 5028 sed
1722 4987 1907 5028 unum
1956 4972 2144 5044 potius

432 5074 556 5119 esse
589 5057 908 5131 cognovit?
961 5057 1143 5116 Tanta
1176 5059 1390 5116 scilicet
1428 5059 1581 5116 idem
1621 5057 1867 5130 Spiritus
1911 5075 2006 5117 eos
2050 5062 2141 5117 in-

437 5151 618 5207 vicem
665 5148 937 5205 charitate
983 5149 1420 5219 constrinxerat,
1477 5157 1631 5205 tanta
1672 5149 1883 5205 mentis
1927 5149 2139 5207 unani-

431 5239 628 5297 mitate
661 5235 1006 5296 conﬂaverat
1042 5243 1104 5294 Ut
1134 5243 1188 5294 Ct
1225 5252 1321 5294 (ἷοΓ
1349 5253 1531 5294 unum
1567 5242 1622 5294 et
1648 5251 1811 5294 mens
1848 5245 1996 5294 BSSBt
2023 5253 2140 5295 una

435 5326 704 5384 duorum.
743 5323 906 5381 Unde
944 5324 1159 5383 factum
1203 5331 1287 5382 est
1329 5332 1394 5385 ut
1444 5339 1577 5398 quae
1615 5325 1776 5383 sedes
1816 5324 1926 5383 fuit
1967 5324 2140 5384 Marci

439 5411 600 5472 ﬁeret
623 5413 1018 5471 indifferenter
1042 5419 1098 5472 et
1121 5412 1291 5472 Petri.

511 5501 793 5563 Novimus
838 5504 1006 5578 plane
1054 5506 1283 5563 beatum
1321 5503 1618 5564 Andream
1664 5505 1922 5579 ejusdem
1959 5505 2141 5564 sancti

442 5588 596 5652 Petri
647 5592 823 5653 fuisse
882 5609 1272 5667 germanum;
1334 5600 1570 5656 testatur
1621 5595 1790 5655 etiam
1850 5593 2141 5669 Scriptura

2169 4485 2218 4544 D

2235 4531 2472 4581 caeteros
2516 4521 2763 4579 caelestis
2798 4521 2979 4578 curiae
3014 4527 3305 4579 senatores
3353 4519 3413 4577 in
3460 4527 3571 4577 toto
3626 4517 3757 4575 fecit
3800 4515 3942 4574 orbe

2459 4628 2534 4669 IIl.

2459 4628 2534 4669 m.

2234 4618 2452 4758 terSrgdu
2471 4715 2595 4770 cur,
2629 4698 2945 4773 [Egyptum
2987 4698 3152 4757 beato
3200 4697 3412 4768 Marco,
3444 4697 3666 4764 fratres,
3709 4692 3946 4753 ascribi-

2232 4805 2363 4849 mus
2410 4798 2461 4848 et
2510 4790 2932 4863 amplissimam
2984 4797 3097 4848 tam
3141 4787 3481 4846 excellentis
3538 4787 3647 4843 viri
3698 4784 3941 4857 gloriam

2231 4878 2381 4935 inter
2423 4886 2734 4950 angustum
2762 4879 2941 4936 unius
2992 4886 3158 4937 terrae
3197 4877 3479 4950 angulum
3532 4881 3888 4933 eoarctamus
3914 4870 3944 4930 ?

2232 4965 2344 5024 Iste
2383 4968 2664 5025 nimirum
2696 4967 2940 5026 caelestis
2985 4968 3220 5025 tonitrui
3252 4968 3563 5024 vehemens
3607 4965 3745 5022 tuba
3775 4962 3942 5020 terri-

2229 5056 2422 5114 biliter
2467 5058 2706 5127 intonat,
2753 5066 2805 5116 et
2859 5058 3017 5117 velut
3049 5075 3205 5118 unus
3250 5075 3323 5116 ex
3375 5056 3624 5131 paradisi
3679 5054 3939 5114 flumini-

2227 5147 2336 5205 bus
2382 5148 2588 5221 raptim
2622 5150 2935 5222 profluens,
2970 5150 3304 5208 universam
3333 5149 3538 5206 mundi
3572 5146 3943 5205 latitudinem

2226 5237 2681 5295 exuberantibus
2756 5239 2936 5296 sancti
2997 5237 3298 5311 Evangelii
3371 5237 3602 5295 fluentis
3665 5235 3936 5294 inundat.

2228 5325 2394 5384 Felix
2430 5326 2666 5401 quidem
2701 5328 3089 5400 Alexandria,
3118 5345 3291 5402 quam
3331 5328 3427 5386 hic
3457 5327 3668 5385 Christi
3702 5326 3943 5385 bellator

2225 5415 2477 5474 invictus
2523 5417 2885 5491 triumphalis
2933 5419 3194 5492 martyrii
3242 5417 3333 5476 sui
3378 5417 3662 5492 sanguine
3715 5433 3937 5492 purpu-

2227 5504 2395 5577 ravit,
2427 5505 2524 5563 sed
2558 5506 2846 5580 praecipue
2884 5515 2945 5566 tu
2984 5507 3124 5566 felix
3163 5522 3223 5565 es
3259 5515 3313 5564 et
3347 5505 3597 5566 nimium
3629 5505 3791 5564 beata
3822 5504 3937 5565 Ve-

2232 5596 2405 5669 netia,
2439 5612 2611 5671 quam
2662 5598 2733 5656 ad
2774 5600 2882 5656 hoc
2919 5606 2982 5657 ut
3022 5599 3338 5671 pretiosum
3382 5597 3634 5671 corporis
3667 5597 3760 5656 sui
3817 5597 3940 5659 the-
