4184 6456
476 292 579 349 585

1856 362 1867 373 ,
1927 294 2162 368 δειιιιο
2202 295 2363 353 xvn.

3640 318 3747 373 586

474 421 702 464 saurum
753 404 846 462 tibi
896 408 1304 465 commendaret
1346 407 1529 480 elegit.
1572 406 1811 490 Plurima
1838 407 2056 477 quidem
2087 411 2136 470 Α
2164 424 2283 463 mm
2313 409 2602 480 spirituum
2633 416 2864 473 erratibus
2901 410 3339 478 inenarrabiliter
3375 424 3595 490 emicat,
3627 442 3752 485 cum

475 499 788 555 divitiarum
838 499 990 569 copia
1038 514 1104 555 ex
1155 500 1385 556 diversis
1418 501 1469 554 in
1503 509 1554 555 tc
1589 499 1774 555 mundi
1813 498 2060 570 partibus

475 591 717 653 cenauit,
758 593 854 647 sed
886 591 1000 646 lucc
1034 606 1244 663 gemma
1275 591 1531 656 cmlestls,
1559 606 1680 661 quae
1699 589 1752 644 in
1780 591 1958 646 medio
1985 591 2059 645 tui

476 686 651 756 posita
681 693 785 748 cst,
811 685 864 738 in
893 683 1169 740 excelsum
1202 691 1255 739 te
1287 684 1458 752 gloria
1491 683 1802 753 conspicua:
1831 683 2063 754 dignita-

480 779 550 832 tis
581 777 803 832 attollit.
848 775 1294 845 lncomparabilis
1318 779 1465 831 enim
1488 776 1591 831 iste
1627 777 1921 853 thesaurus
1944 790 2065 830 om-

479 870 563 923 nia
622 869 948 924 vibrantium
985 867 1325 922 metallorum
1380 867 1791 938 supergreditur
1838 868 2061 933 "genera,

477 970 672 1015 cuncta
695 975 1031 1030 gemmarmn
1063 959 1465 1015 cornscantinm
1520 969 1744 1027 superat
1765 973 2060 1014 ornamen-

482 1062 555 1107 ta.
585 1051 737 1106 Sicut
764 1052 910 1106 enim
947 1052 1138 1107 beatus
1162 1051 1263 1108 Job
1291 1053 1358 1107 de
1384 1051 1652 1122 sapientia
1678 1052 1848 1106 dicit:
1882 1070 1901 1103 ι
1944 1052 2061 1107 Non

477 1142 855 1213 adaequabitur
890 1143 938 1200 ei
982 1160 1196 1210 aurum,
1245 1144 1329 1199 vel
1361 1144 1592 1212 vitrum;
1622 1160 1729 1200 non
1757 1152 2059 1200 commuta-

476 1233 678 1288 buutnr
707 1247 807 1302 pro
852 1249 914 1288 ea
949 1248 1074 1287 vasa
1097 1233 1312 1289 excelsa
1341 1243 1395 1288 et
1435 1233 1767 1300 eminentia;
1806 1249 1911 1288 non
1964 1235 2060 1289 ad-

477 1326 779 1396 atquabitur
803 1325 853 1379 ei
879 1341 1070 1379 aurum
1095 1325 1161 1379 dc
1179 1325 1482 1396 Ethiopia,
1501 1340 1603 1382 nec
1626 1327 1877 1382 tinctura:
1903 1342 2062 1380 mun-

477 1415 714 1470 dissima:
731 1425 1087 1485 componctur
1103 1414 1246 1486 (Job.
1270 1415 1495 1484 xxvut);
1524 1436 1542 1468 ι
1571 1426 1648 1482 et,
1671 1428 1730 1471 ut
1752 1416 1822 1470 ita
1846 1417 2060 1486 loquar,

476 1506 591 1561 hmc
603 1514 689 1560 est
712 1505 940 1576 insignis
962 1505 1209 1574 quaedam
1231 1506 1441 1575 species
1470 1506 1789 1569 aromatica,
1821 1520 1941 1574 quae
1962 1520 2058 1560 sua

478 1595 676 1650 virtute
696 1592 949 1648 mellifina
972 1595 1376 1648 cinnamomum
1395 1593 1618 1650 excellit
1641 1610 1705 1650 ac
1730 1594 2057 1660 balsamum,

473 1695 530 1739 et
553 1682 792 1740 omnium
817 1692 1037 1752 superat
1077 1681 1429 1753 fragrantiam
1456 1683 1877 1753 pigmentorum.
1912 1687 1923 1699 ‘

2167 501 2427 558 trabeatis
2455 507 2797 563 seruatoribus
2833 509 2999 571 curiae
3040 510 3280 568 caelestis
3320 516 3596 585 exsultat,
3629 533 3752 577 cunt

2162 594 2492 663 patriarcbis
2523 597 2578 652 in
2607 613 2775 656 aureo
2814 602 3118 661 sublimiter
3143 604 3279 662 solio
3320 607 3753 681 intbronizatus,

2167 698 2289 739 eum
2314 685 2575 745 laureatis
2595 692 2928 765 martyribus
2951 696 3273 756 mirabiliter
3293 712 3604 769 coronatus.
3630 719 3752 761 eum

2167 772 2252 828 his
2282 778 2536 833 omnibus
2560 780 2697 835 stola
2743 783 2958 840 indutus
3000 785 3186 856 gloriae
3214 788 3474 847 ineffabili
3512 796 3758 853 exsulta-

2167 865 2312 921 tione
2343 868 2620 938 tripudiat,
2653 881 2709 927 et
2734 873 2786 928 in
2819 888 3114 947 conspectu
3148 881 3336 935 aeterni
3381 882 3544 955 Regis
3582 889 3753 943 metm

2165 956 2292 1011 dum
2338 958 2565 1016 Alleluia
2607 961 3000 1031 jucundissima
3055 971 3323 1028 suavitate
3375 975 3647 1048 decantat.
3703 976 3753 1038 0

2163 1062 2330 1117 quam
2380 1051 2541 1108 beate
2587 1054 2818 1111 moritur
2861 1059 2952 1127 qui
3001 1061 3285 1118 moriendo
3327 1066 3534 1123 oritur‘l
3589 1084 3750 1137 quam

2165 1136 2402 1227 feliciter
2428 1146 2969 1214 temporalemyitam
3000 1149 3120 1206 finit
3142 1154 3234 1224 qui
3265 1155 3449 1213 vivere
3468 1136 3749 1227 perpetua:

2165 1226 2292 1283 liter
2318 1229 2532 1301 incipit!
2570 1233 2707 1289 liine
2735 1245 2821 1292 est
2846 1240 2990 1309 quod
3019 1250 3207 1297 saneta
3240 1226 3482 1302 Ecclesia
3512 1226 3628 1305 dies
3652 1251 3757 1306 mi-
3802 1294 3811 1311 κ

2166 1318 2428 1387 grationis
2456 1332 2772 1379 sanctorum
2804 1328 3010 1385 natales
3048 1345 3241 1388 vocare
3272 1338 3588 1403 consuevit,
3625 1340 3750 1409 quia

2164 1415 2412 1485 protinus
2444 1417 2498 1472 in
2523 1419 2664 1475 emlo
2687 1422 3003 1523 nascuntur",
3033 1442 3156 1481 cum
3200 1428 3253 1485 in
3295 1440 3439 1485 terra
3465 1433 3752 1491 visibilitcr

2157 1506 2507 1587 moriuntur;
2537 1518 2591 1566 et
2616 1520 2745 1568 tunc
2771 1529 2897 1571 vere
2932 1506 3196 1590 in'cipiunt
3218 1521 3420 1586 vivere,
3449 1538 3572 1581 cum
3605 1541 3747 1584 mor-

2166 1597 2329 1652 talem
2358 1599 2614 1657 videntur
2639 1603 2808 1659 vitam
2840 1604 3017 1663 ﬁnire.

2234 1685 2579 1761 Perpendite,
2626 1693 2822 1752 fratres
2865 1698 3004 1764 mei,
3056 1700 3143 1756 hic
3178 1701 3565 1763 invictissimus
3595 1709 3752 1767 miles

545 1774 718 1830 Porro
737 1774 782 1829 si
809 1782 972 1828 tantae
993 1788 1088 1843 per
1112 1789 1235 1829 eum
1260 1775 1545 1845 dignitatis
1580 1784 1662 1830 est
1702 1776 2053 1844 Alexandria,
2086 1761 2133 1821 Β
2164 1778 2370 1836 Christi
2398 1796 2561 1853 quam
2589 1782 2750 1852 forte,
2773 1801 2937 1858 quam
2959 1761 3237 1848 robustum
3265 1804 3452 1865 pectus
3474 1761 3748 1867 habuerit,

475 1883 635 1937 quam
657 1867 894 1938 glorioso
923 1867 1167 1942 martyrii
1194 1868 1275 1923 sui
1298 1882 1496 1923 cruore
1524 1868 1783 1939 perfudit,
1813 1876 1872 1923 ιιι
1901 1870 2060 1925 sedes

473 1959 764 2029 apostolica
816 1967 1179 2028 nunenpetur,
1209 1968 1427 2028 quanta:
1476 1970 1730 2030 putamus
1763 1970 1848 2016 est
1874 1963 2057 2018 excel-

472 2050 653 2107 lentia:
675 2049 803 2105 felix
829 2049 917 2104 illa
943 2048 1251 2118 Prurincia,
1283 2051 1336 2105 in
1363 2066 1468 2121 qua
1496 2067 1638 2107 nunc
1669 2054 1905 2122 pretiosa
1928 2069 2051 2109 cor-

473 2143 622 2213 poris
652 2142 770 2212 ejus
798 2140 950 2212 gleba
993 2141 1307 2197 reconditur
1344 2144 1368 2197 ?
1393 2141 1647 2212 Nunquid
1677 2159 1785 2199 non
1809 2144 2054 2216 ejusdem

473 2235 662 2307 gratia:
689 2244 745 2290 et
773 2234 1054 2305 dignitatis
1080 2224 1202 2291 esse
1227 2236 1496 2291 credenda
1524 2246 1628 2302 est,
1659 2238 1761 2293 etsi
1798 2254 1904 2294 non
1934 2238 2052 2293 vul-

471 2338 598 2398 gato
645 2327 886 2392 nomine,
943 2326 1038 2382 sed
1064 2326 1177 2396 ipsa
1210 2343 1269 2383 re
1314 2336 1368 2382 et
1404 2343 1599 2383 arcana
1628 2343 1784 2384 sacra
1813 2331 2054 2403 mysterii

470 2418 703 2473 veritate
729 2417 755 2471 ’ἒ
793 2416 915 2471 Illas
963 2417 1198 2487 denique
1247 2424 1430 2487 partes
1480 2418 1756 2490 ingressus
1790 2429 1895 2486 est,
1926 2421 2053 2476 dmn

475 2511 650 2565 adhuc
678 2505 789 2578 jam
831 2507 885 2561 in
911 2507 1250 2578 corruptibili
1281 2523 1446 2563 carne
1497 2510 1744 2565 mortalis
1766 2510 2052 2576 existeret;

475 2599 606 2655 istas
634 2607 812 2653 autem
841 2597 1023 2668 elegit,
1051 2612 1174 2651 cum
1198 2595 1310 2666 jam
1350 2596 1403 2651 in
1439 2606 1701 2652 aeternum
1724 2598 1970 2655 victurus
2000 2601 2052 2655 in

474 2688 624 2763 regni
655 2687 894 2743 caelestis
924 2686 1045 2741 aula
1070 2694 1343 2757 regnaret.
1384 2685 1509 2742 Illos
1539 2687 1744 2752 invisit,
1779 2695 1840 2742 ut
1862 2702 1957 2744 eos
1988 2689 2055 2744 de

474 2779 714 2838 tenebris
737 2776 1072 2833 inﬁdelitatis
1098 2777 1163 2831 ad
1193 2777 1246 2831 id
1277 2778 1424 2848 quod
1453 2776 1569 2847 ipse
1584 2777 1697 2847 jam
1716 2787 1900 2833 mente
1915 2791 2051 2834 con-

474 2882 711 2945 ceperat,
746 2888 887 2928 vera:
917 2873 1039 2928 fidei
1068 2873 1249 2928 lumen
1277 2873 1570 2939 educeret;
1601 2871 1669 2928 ad
1697 2869 1833 2927 istos
1867 2880 2049 2928 autem

478 2964 756 3020 transferri
782 2965 966 3028 voluit,
996 2974 1055 3020 ut
1073 2965 1196 3020 illos
1225 2966 1291 3020 ad
1319 2980 1467 3029 cum,
1494 2980 1617 3021 cum
1639 2979 1747 3036 quo
1777 2979 1922 3020 nunc
1949 2973 2053 3028 est,

379 3092 385 3099 .
474 3054 752 3111 duetorem
783 3054 1003 3110 luminis
1031 3066 1329 3110 revocaret.
1359 3054 1546 3110 Gaude
1569 3055 1752 3126 igitur,
1786 3064 1844 3113 et
1867 3057 2051 3113 exsul-

2162 1871 2252 1941 qui
2285 1872 2354 1928 de
2386 1874 2470 1929 sui
2516 1875 2760 1945 periculo
2804 1879 3116 1938 omnimodo
3155 1898 3410 1949 securus.
3461 1889 3530 1944 de
3573 1891 3750 1950 alieno

2160 1962 2454 2031 sollicitus,
2503 1981 2613 2023 uno
2652 1970 2801 2024 verbi
2849 1971 2956 2025 telo
2998 1980 3054 2027 et
3099 1974 3381 2032 inimicum
3422 1979 3655 2049 perculit
3696 1995 3754 2040 et

2159 2055 2553 2114 claudicantem
2588 2057 2705 2128 jam
2750 2059 2956 2117 inflicto
2991 2064 3210 2121 vulnere
3251 2071 3458 2125 socium
3486 2073 3555 2128 ad
3585 2087 3749 2145 agen-

2161 2146 2287 2200 dum
2320 2145 2536 2203 fortiter
2558 2145 3024 2208 excitavitPDocta
3048 2170 3241 2211 manus
3261 2157 3331 2214 ad
3354 2159 3595 2229 praelium
3615 2162 3745 2220 dum

2161 2237 2394 2294 vibravit
2423 2240 2660 2307 hastam,
2685 2241 2912 2311 socium,
2940 2254 2995 2300 ut
3024 2259 3294 2317 surgeret,
3326 2253 3526 2324 tetigit,
3552 2264 3606 2310 et
3631 2258 3752 2313 v3n-

2158 2329 2302 2384 centi
2325 2330 2439 2400 jam
2469 2332 2786 2389 adversario
2808 2334 3011 2393 lethale
3036 2338 3230 2396 vulnus
3261 2341 3472 2398 inflixit.
3506 2345 3577 2405 Ut
3602 2349 3752 2404 enim

2157 2421 2212 2476 in
2263 2423 2613 2479 veracissima
2663 2434 2937 2497 gestorum
2991 2429 3137 2487 illius
3180 2445 3441 2491 narratur
3489 2438 3748 2510 historia,

2157 2529 2279 2570 cum
2309 2524 2434 2586 post
2463 2516 2629 2573 nimia
2662 2527 2929 2576 tormenta
2979 2520 3260 2581 Ursicinus
3289 2530 3577 2599 capitalem
3623 2549 3752 2589 sen-

2159 2607 2384 2661 tentiam
2405 2607 2664 2665 voluisset
2683 2612 2938 2677 evadere,
2963 2614 3285 2671 exclamavit
3313 2616 3504 2675 beatus
3530 2619 3746 2687 Vitalis,

2156 2696 2379 2753 dicens:
2409 2697 2552 2766 Noli,
2578 2699 2705 2764 noli,
2742 2701 2989 2759 Ursicine
3017 2705 3245 2772 medice,
3273 2711 3364 2780 qui
3393 2708 3529 2768 alios
3552 2728 3748 2773 curare

2155 2788 2504 2853 consuevisti,
2520 2790 2750 2859 teipsnm
2771 2801 2990 2850 aeternae
3012 2796 3199 2851 mortis
3232 2795 3414 2866 iaculo
3434 2800 3742 2862 vulnerare.

2158 2876 2483 2934 Sanctorum
2525 2881 2723 2952 quippe
2759 2883 2999 2939 virorum
3030 2895 3115 2942 est
3150 2893 3516 2958 consuetudo,
3548 2892 3746 2951 fratres

2156 2969 2285 3035 mei,
2317 2976 2379 3025 ut
2399 2970 2455 3026 in
2483 2970 2890 3029 tribulationum
2913 2975 3055 3033 bello
3081 2978 3428 3050 deprehensi,
3450 2983 3578 3038 dum
3599 2985 3750 3044 illinc

2156 3060 2496 3116 adversarios
2528 3060 2904 3131 insequentes,
2956 3065 3086 3122 hinc
3124 3083 3254 3126 suos
3295 3069 3566 3143 fugientes
3603 3077 3751 3148 aspi-

476 3155 596 3201 tans
637 3146 689 3199 in
718 3145 947 3201 Domino
974 3144 1444 3213 plande,Vem\.tia,
1475 3147 1600 3218 quia
1647 3161 1744 3218 per
1774 3147 1904 3203 illud
1929 3163 2050 3219 pre-
2084 3143 2128 3204 C
2159 3152 2343 3218 ciunt,
2374 3153 2480 3209 illis
2507 3165 2782 3225 Opponant
2825 3166 3036 3214 sentum
3080 3161 3382 3232 patientizc,
3423 3165 3542 3223 istis
3573 3143 3747 3226 intor-

475 3237 596 3291 tiosi
646 3236 881 3291 thesauri
915 3236 1195 3302 talentum,
1237 3237 1391 3306 quod
1413 3237 1466 3290 in
1500 3245 1553 3292 te
1578 3246 1792 3307 constat
1816 3254 1938 3295 esse
1968 3255 2053 3294 ro«

472 3330 768 3394 conditum,
823 3328 962 3382 facta
1004 3341 1062 3383 es
1092 3328 1307 3398 superni
1336 3329 1478 3398 regis
1520 3330 1793 3396 :crarium,
1839 3342 1895 3385 et
1924 3331 2049 3385 dum

475 3420 528 3474 in
570 3426 659 3474 tuo
707 3419 914 3491 gremio
964 3417 1140 3473 virum
1179 3417 1489 3489 apostolica:
1514 3419 1701 3488 gratia:
1739 3420 2049 3489 suscepisti,

473 3521 529 3565 ct
557 3510 672 3580 ipsa
694 3510 1090 3580 quodammodo
1116 3508 1274 3564 sedes
1303 3508 1595 3579 apostolica
1637 3508 1750 3564 fieri
1782 3510 2048 3565 meruisti.

473 3600 858 3669 Quamobrem,
890 3600 1031 3657 sicut
1059 3610 1234 3657 mater
1258 3601 1467 3656 urbium
1500 3600 1670 3657 Roma
1693 3603 2047 3672 superomnia

473 3708 638 3766 regna
690 3706 957 3749 terrarum
1005 3693 1330 3748 sublimatnr
1361 3695 1413 3747 in
1444 3694 1551 3765 77
1579 3694 1759 3758 Petro,
1784 3695 1866 3750 sic
1895 3704 1948 3749 et
1970 3704 2046 3761 tu,

472 3783 624 3839 velut
676 3784 794 3852 ejus
844 3784 1072 3855 insignis
1117 3784 1247 3849 filia,
1302 3798 1397 3853 per
1440 3783 1677 3839 Marcum
1719 3783 1969 3854 gloriaris
1995 3785 2047 3838 in

471 3876 702 3932 Christo.
720 3876 887 3944 Quem
910 3876 1115 3932 scilicet
1137 3875 1411 3953 humiliter
1432 3875 1800 3951 imploramus,
1827 3885 1905 3942 ut,
1938 3877 2043 3931 sic-

471 3968 758 4022 uthcatmn
784 3967 1002 4022 Petrum
1031 3971 1097 4023 de
1122 3969 1256 4023 mari
1283 3968 1494 4024 vocavit
1513 3970 1696 4024 etnati
1720 3969 1933 4041 (Matth.
1965 3986 2043 4034 tv;

473 4055 527 4111 Μ
533 4062 710 4128 (ιι-ω).
726 4059 917 4114 deinde
932 4075 997 4114 ne
1013 4059 1190 4129 lapsus
1206 4060 1257 4114 in
1276 4059 1496 4129 pelagus
1509 4060 1829 4114 obrueretur
1844 4063 2051 4132 erigen-

471 4147 541 4202 «ιο
568 4148 854 4214 continuit,
872 4151 949 4204 sic
968 4150 1246 4221 remigium
1273 4159 1421 4204 tuum
1451 4150 1591 4204 inter
1609 4150 2049 4206 discriminantu-

472 4237 591 4291 rina
621 4238 910 4306 custodiat,
937 4248 991 4292 et
1030 4248 1081 4293 te
1105 4254 1227 4294 cum
1254 4238 1377 4293 [iliis
1413 4239 1517 4294 tuis
1547 4241 1617 4295 ad
1644 4249 1858 4311 portum
1891 4242 2046 4311 quie-

474 4325 541 4377 tis
591 4333 808 4380 teternte
863 4327 1127 4382 subducat
1184 4332 1273 4399 qui
1315 4328 1445 4382 vivit
1477 4338 1530 4382 et
1565 4338 1754 4401 regnat
1780 4344 1905 4384 cum
1940 4331 2085 4395 Deo,

468 4410 633 4467 Patre
658 4413 712 4467 in
738 4414 940 4469 unitate
971 4413 1205 4484 Spiritus
1232 4415 1408 4470 sancti
1446 4415 1585 4470 Deus
1614 4430 1710 4485 per
1738 4416 1919 4471 omnia
1947 4433 2048 4471 δευ-

378 4578 383 4583 ι
469 4502 590 4557 eula
619 4505 962 4560 saeculorum.
1002 4506 1194 4561 Amen.

364 4602 371 4609 ’
1039 4592 1271 4650 SERMO
1317 4594 1479 4650 XVII.

648 4699 684 4736 ι.
719 4698 784 4737 ns
814 4698 858 4737 ε.
892 4700 1083 4740 νιτλιιε
1116 4701 1383 4742 marrae.
1416 4690 1605 4753 (xxvm
1636 4692 1835 4759 Αριιιι..)

540 4771 834 4827 lnnnensas
865 4774 976 4828 Deo
1006 4774 1190 4829 laudes
1218 4784 1273 4830 et
1303 4777 1509 4845 gratias
1554 4776 1849 4831 referamus
1868 4818 1883 4841 ,
1915 4778 2046 4833 dile-

468 4860 700 4916 ctissimi
725 4863 940 4928 fratres,
966 4864 1110 4933 quia,
1139 4864 1268 4919 dum
1290 4881 1385 4935 per
1410 4874 1578 4921 totum
1599 4869 1785 4922 orbem
1816 4869 2048 4937 pascha-

465 4951 533 5006 lis
567 4953 833 5010 festivitas
864 4956 1064 5017 rutilat,
1097 4965 1298 5011 nostra:
1327 4957 1514 5026 patria:
1540 4957 1672 5011 lines
1699 4959 1862 5011 etiam
1884 4958 2039 5014 lbeati

466 5042 661 5100 Vitalis
716 5048 1055 5116 triumphalis
1109 5047 1224 5102 dies
1282 5048 1534 5103 illustrat.
1591 5048 1759 5105 Hodie
1811 5066 2044 5121 namque

467 5136 621 5191 miles
647 5136 847 5193 Christi
879 5139 1144 5207 gloriosus
1190 5154 1288 5208 pro
1330 5140 1434 5193 fide
1478 5140 1815 5208 imperatoris
1860 5142 1942 5196 sui
1986 5142 2038 5196 in

464 5235 724 5282 :eternum
758 5229 994 5283 victurus
1029 5228 1300 5283 occubuit.
1333 5228 1533 5295 Hodie,
1581 5230 1792 5287 devicto
1822 5233 2036 5287 humani

465 5321 680 5389 generis
712 5322 951 5387 inimico,
984 5337 1105 5376 cum
1139 5323 1407 5392 triumpho
1435 5324 1617 5393 gloria:
1638 5339 1798 5395 regna
1830 5326 2038 5381 siderea

464 5413 784 5478 penetravit.
830 5411 999 5467 Hodie
1037 5422 1253 5482 peracto
1294 5412 1452 5483 studii
1484 5414 1564 5468 sui
1604 5429 1766 5469 cursu
1797 5416 1861 5470 de
1886 5431 2039 5486 erga-

463 5501 604 5556 stulo
648 5503 829 5557 carnis
857 5504 1029 5558 victor
1057 5503 1241 5559 exivit.
1284 5503 1452 5558 Hodie
1493 5504 1881 5563 alternantibus
1912 5508 2039 5563 hinc

464 5595 589 5649 inde
636 5584 961 5666 hymnidieis
1003 5598 1311 5667 angelorum
1348 5598 1527 5652 choris
1569 5597 1827 5668 palatium
1878 5601 2038 5670 Regis

462 5685 649 5754 aeterni
682 5693 1007 5754 purpuratus
1044 5687 1285 5749 intravit,
1326 5686 1413 5740 ubi
1454 5703 1575 5741 cum
1623 5686 1806 5756 ignitis
1844 5687 2035 5745 beato-

867 5818 1133 5872 I’ATROI..
1170 5819 1443 5880 CXLIV,

2153 3251 2355 3311 queant
2371 3242 2550 3313 jaeula
2572 3244 2858 3315 doctrinae;
2884 3257 3049 3320 atque
3066 3253 3134 3308 ad
3160 3262 3447 3328 utrumque
3470 3265 3744 3332 pugnandi

2154 3333 2373 3388 modum
2422 3335 2557 3389 mira
2604 3337 2817 3394 virtutis
2860 3348 2978 3396 arte
3019 3356 3079 3398 se
3116 3345 3353 3416 erigunt,
3393 3361 3661 3420 quatenus
3685 3362 3742 3411 et

2153 3420 2355 3477 iniirmi
2385 3423 2530 3479 intus
2568 3425 2785 3481 fortiter
2812 3442 2873 3485 se
2895 3428 3109 3502 erigant
3136 3442 3191 3488 et
3222 3434 3354 3493 foris
3382 3440 3612 3498 viriliter
3638 3446 3738 3500 ad-

2151 3525 2305 3566 versa
2337 3523 2706 3581 contemnant,
2732 3516 2832 3573 hos
2858 3519 3113 3576 docentes
3134 3524 3431 3595 corrigam,
3463 3529 3585 3587 illos
3606 3533 3739 3591 tole-

2152 3613 2334 3661 rantes
2356 3617 2625 3676 premant.
2650 3607 2994 3682 lnsurgentcs
3018 3628 3251 3686 namque
3276 3617 3458 3676 hostes
3478 3624 3734 3692 patiendo

2150 3696 2484 3767 despiciunt,
2515 3699 2625 3773 78
2655 3699 2990 3759 inﬂrmantes
3016 3714 3147 3761 vero
3184 3705 3330 3763 cives
3357 3711 3733 3782 compatiendn

2149 3788 2216 3841 ad
2243 3789 2471 3844 salutem
2502 3792 2781 3846 reducunt.
2822 3792 2931 3848 lllis
2966 3794 3242 3863 resistunt,
3276 3814 3343 3855 ne
3368 3808 3424 3855 et
3449 3802 3583 3860 alios
3607 3806 3733 3862 sub-

2151 3878 2401 3945 trahant;
2430 3879 2547 3934 istis
2573 3889 2840 3947 metuunt,
2858 3896 2946 3950 ne,
2976 3887 3265 3943 metuendo
3288 3898 3538 3958 mortem,
3565 3893 3732 3951 vitam

2149 3968 2394 4024 funditus
2422 3970 2671 4039 perdant.
2710 3970 2859 4027 lllinc
2893 3969 3091 4041 iaculis
3131 3975 3477 4033 adversantia
3514 3991 3732 4051 pectora

2150 4057 2382 4126 feriunt;
2418 4060 2544 4116 hinc
2569 4071 2724 4117 scuto
2747 4063 3047 4133 postposito
3070 4062 3275 4122 debiles
3300 4077 3535 4126 tuentur.
3562 4072 3739 4143 Atque

2151 4151 2225 4205 ita
2256 4151 2543 4222 utrobique
2568 4151 2855 4209 velocitate
2892 4155 3393 4227 circumspectionis
3423 4159 3737 4240 invigilant.

2150 4251 2419 4312 quatenus
2456 4250 2513 4297 et
2554 4251 2681 4298 ante
2709 4258 2766 4298 se
2795 4242 3029 4300 audaces
3069 4244 3402 4315 confodiant,
3449 4259 3503 4305 et
3530 4261 3650 4320 post
3679 4268 3739 4308 se

2153 4328 2391 4400 trepidos
2426 4345 2456 4384 a
2487 4330 2709 4386 vulnere
2744 4329 3056 4388 defendant.
3104 4333 3212 4391 Sed
3256 4336 3502 4408 quisquis
3530 4339 3642 4396 vult
3680 4342 3732 4396 in

2153 4436 2345 4491 campo
2368 4420 2680 4478 certaminis
2708 4422 2921 4478 fortiter
2958 4439 3138 4496 agere,
3175 4437 3350 4493 curet,
3381 4443 3600 4485 necesse
3627 4441 3734 4497 est,

2075 4485 2128 4545 θ
2152 4512 2207 4567 in
2238 4527 2368 4582 pace
2390 4511 2687 4568 domestica
2709 4528 2768 4569 se
2789 4514 3093 4581 custodire;
3123 4516 3175 4571 in
3203 4517 3314 4571 otio
3342 4532 3399 4572 se
3426 4517 3737 4589 frequenter

2151 4615 2420 4669 exerceat,
2452 4618 2521 4660 ne
2546 4606 2768 4673 ignarus
2790 4607 3067 4676 pugnandi
3095 4608 3310 4663 incaute
3340 4608 3405 4663 ad
3436 4608 3571 4663 bella
3611 4626 3736 4680 proo

2151 4702 2384 4762 rumpat,
2419 4708 2504 4759 ne,
2536 4695 2580 4749 si
2613 4695 2763 4750 rudis
2796 4705 2850 4750 et
2882 4696 3164 4766 imperitus
3193 4712 3314 4752 cum
3342 4698 3584 4754 doctiore
3605 4717 3735 4755 con-

2150 4784 2411 4856 greditur,
2440 4787 2565 4840 dum
2597 4802 2747 4840 arma
2776 4787 2943 4843 armis
2971 4798 3167 4857 pratter
3194 4789 3408 4844 solitum
3439 4805 3735 4851 conserere

2149 4875 2361 4943 nititur,
2406 4885 2696 4948 antequam
2728 4877 2934 4949 insigne
2963 4876 3161 4946 aliquid
3197 4878 3389 4945 faciat,
3436 4881 3729 4952 improviso

2149 4967 2376 5022 vulnere
2403 4978 2781 5048 prosternatur
2806 4978 2861 5022 et
2889 4969 3063 5025 victus
3094 4968 3355 5037 intereat,
3387 4974 3527 5029 unde
3556 4976 3730 5030 victor

2147 5073 2269 5115 esse
2296 5060 2422 5114 totis
2447 5058 2652 5114 nisibus
2685 5057 2993 5112 anhelabat.

2218 5148 2404 5219 Neque
2429 5151 2627 5205 etenim
2654 5150 2983 5204 credendum
3018 5158 3099 5205 est
3141 5152 3285 5221 quod
3321 5153 3511 5210 beatus
3537 5155 3729 5215 Vitalis

2147 5241 2398 5311 religiose
2424 5240 2608 5295 vivere
2633 5247 2688 5294 et
2724 5239 2777 5293 in
2809 5239 2999 5309 primis
3030 5240 3138 5296 Deo
3163 5243 3368 5299 servire
3395 5254 3523 5302 tunc
3549 5260 3729 5318 coepe-

2148 5336 2239 5397 rit,
2269 5348 2391 5388 cum
2422 5332 2486 5386 ad
2512 5345 2736 5401 agonem
2766 5333 3009 5403 martyrii
3040 5337 3402 5403 persecutoris
3431 5338 3577 5394 illum
3600 5357 3726 5397 eru-

2146 5424 2338 5478 delitas
2367 5423 2698 5493 provocavit.
2741 5422 2837 5478 Vir
2881 5424 3112 5492 denique
3142 5434 3360 5481 sanctus
3400 5437 3528 5484 tunc
3557 5431 3725 5487 etiam

2146 5515 2372 5571 summis
2402 5513 2612 5568 viribus
2643 5512 2809 5569 fultus
2838 5522 2973 5579 erat,
3003 5528 3124 5568 cum
3157 5513 3273 5569 sine
3312 5515 3418 5571 ulla
3463 5505 3721 5588 perseeu;

2144 5610 2308 5665 tionis
2334 5607 2580 5663 ntolcSIia
2609 5608 2660 5660 in
2690 5606 2838 5676 pacis
2862 5621 2971 5661 sua:
2998 5606 3389 5676 tranquillitate
3417 5611 3721 5680 quieverat.

2145 5700 2245 5770 Qui
2282 5698 2384 5755 sibi
2413 5698 2787 5755 tantummodo
2817 5709 2976 5754 notus
3018 5707 3074 5754 et
3121 5699 3255 5764 Deo,
3305 5700 3408 5757 nisi
3438 5715 3723 5775 cogeretur

3240 5811 3315 5874 19
