4184 6448
452 285 552 339 587

1123 278 1179 336 S.
1211 279 1414 334 ΡΕΤιιι
1453 279 1733 334 υΑιιιΑΝι
1772 278 1922 334 ΟΡΡ.
1962 277 2029 332 Pd

2126 277 2140 332 ἰ
2177 277 2308 334 SEU
2342 275 2580 332 TOMUS
2620 276 2680 330 ll.
2723 307 2791 316 —
2819 273 3212 331 SERMONES.

3599 278 3696 331 ὕδὸ

443 401 506 452 in
537 395 783 465 cafupum
816 393 1122 449 certaminis
1153 393 1436 464 progredi,
1472 410 1502 447 a
1534 393 1688 447 nobis
1715 391 2020 446 nullatenus
2051 399 2094 458 Α
2125 393 2394 446 coronari.
2445 391 2596 446 Unde
2648 405 2752 444 non
2804 390 3159 444 dubitandum
3204 401 3283 444 est
3329 392 3470 460 quod
3523 393 3697 462 ipsum

455 488 718 556 potuisset
757 485 994 554 agnosci.
1032 484 1213 539 Virtus
1253 483 1450 555 quippe
1492 498 1550 538 se
1576 482 1736 537 etiam
1782 491 2026 550 tempore

453 578 652 648 quietis
682 576 954 640 exercuit,
995 576 1085 630 sed
1117 590 1404 646 pravorum
1435 575 1628 630 ictibus
1656 583 1814 628 tunsa
1845 575 1898 628 in
1929 575 2024 627 ad-

453 670 726 726 versitatis
749 668 854 739 pila
884 667 1160 739 fragravit.
1199 669 1264 724 Et
1291 669 1382 738 qui
1413 669 1627 738 quietus
1656 668 1709 721 in
1735 665 2025 735 semetipso

453 761 594 828 quod
623 767 742 814 erat
777 759 1059 824 continuit,
1091 767 1389 814 commotus
1414 759 1479 812 ad
1507 757 1752 812 notitiam
1779 757 2022 810 omnium

452 852 672 904 odorem
717 864 828 904 sua:
870 848 1198 903 fortitudinis
1240 850 1486 918 aspersit.
1537 848 1690 901 Sicut
1735 847 1878 901 enim
1925 862 2024 899 un-

459 949 657 1009 guenta
703 938 946 993 redolere
976 937 1134 992 latius
1177 939 1453 1001 nesciunt,
1501 937 1600 990 uisi
1650 945 1938 1000 commota,
1971 944 2025 990 et

455 1028 598 1083 sicut
621 1037 858 1082 aromata
885 1027 1235 1096 fragrantiam
1268 1042 1420 1080 suam
1451 1026 1659 1080 nonnisi
1692 1041 1812 1080 cum
1844 1027 2025 1080 incen-

453 1117 655 1170 duntur
688 1118 1019 1186 expandunt,
1051 1118 1121 1170 ita
1153 1117 1324 1170 sancti
1357 1117 1456 1170 viri
1492 1131 1651 1170 omne
1691 1116 1833 1185 quod
1858 1117 2026 1170 virtu.

454 1206 599 1264 tibus
644 1205 887 1259 redolent
926 1204 977 1258 in
1016 1203 1448 1258 tribulationibus
1480 1203 1840 1258 innotescunt.
1875 1203 2028 1258 Unde

454 1301 601 1348 recte
649 1295 700 1347 in
749 1294 1040 1362 Evangelio
1084 1293 1314 1348 dicitur:
1365 1309 1382 1342 ι
1422 1291 1477 1345 Si
1526 1291 1821 1346 habueritis
1868 1291 2026 1348 [idem

454 1386 593 1439 sicut
625 1399 848 1454 granum
887 1383 1122 1452 sinapis,
1175 1382 1366 1437 dicetis
1414 1383 1536 1436 huic
1585 1382 1792 1436 monti:
1834 1383 2024 1437 Transi

458 1475 616 1539 hinc,
647 1482 701 1528 et
730 1473 978 1528 transibit
1022 1472 1244 1543 (Matth.
1293 1472 1458 1542 xvtt).
1496 1491 1514 1524 ι
1551 1471 1788 1527 Granum
1833 1475 2030 1544 quippe

455 1568 661 1637 sinapis
691 1566 789 1620 nisi
822 1575 1152 1630 conteratur,
1194 1580 1530 1635 nequaquam
1563 1567 1645 1620 vis
1672 1567 1882 1625 virtutis
1912 1567 2030 1637 ejus

460 1657 802 1728 agnoscitur,
850 1671 974 1709 nam
1021 1670 1126 1709 non
1174 1656 1462 1709 contritmu
1508 1654 1627 1709 leue
1669 1664 1786 1720 est;
1827 1658 1872 1710 si
1900 1672 2029 1712 vero

2128 480 2496 534 beatissimum
2525 479 2697 533 virmu
2721 493 2874 532 suum
2899 478 3140 548 quotidie
3159 480 3375 548 speciali
3398 483 3698 538 devotionis

2127 569 2494 625 familiaritate
2521 572 2853 640 deposceret,
2881 580 3146 640 quatenus
3173 574 3290 642 ejus
3314 577 3700 634 sacratissimis

2127 661 2375 728 precibus
2403 660 2468 713 ad
2499 659 2742 730 martyrii
2773 659 3004 728 palmam
3036 661 3337 730 pertingere
3365 677 3695 732 mereretur,

2127 760 2185 803 ut
2215 749 2467 802 nimirum
2499 764 2636 819 quos
2672 749 3042 803 immaculatos
3074 751 3162 804 bic
3193 762 3392 827 tantine
3420 755 3700 812 charitatis

2126 838 2441 890 devinxerat
2466 837 2753 902 thalamus,
2785 853 2890 891 non
2918 839 3100 909 dispar
3119 840 3171 892 in
3202 856 3446 909 supernae
3469 844 3700 899 beatitu-

2126 929 2270 984 dinis
2294 927 2464 999 gloria
2482 927 2731 999 iungeret
2757 938 2810 985 et
2837 930 3157 1000 triumphus,
3195 941 3271 998 et,
3300 933 3422 1002 quia
3453 937 3558 991 duo
3584 936 3697 991 fue-

2126 1030 2247 1074 rant
2291 1020 2344 1074 in
2393 1035 2559 1075 carne
2588 1034 2726 1086 una,
2758 1022 2893 1075 uniti
2941 1023 3132 1076 tierent
3175 1025 3334 1078 etiam
3376 1026 3431 1079 in
3475 1043 3694 1082 corona.

2124 1109 2460 1179 Quapmpter
2493 1125 2613 1164 cum
2644 1126 2672 1163 a
2702 1110 3021 1164 Christianis
3074 1113 3194 1180 qui.
3227 1123 3352 1168 tunc
3389 1127 3545 1170 erant
3587 1117 3632 1170 lt
3673 1149 3707 1172 -ι

2125 1214 2332 1264 vemue,
2365 1207 2508 1253 esset
2535 1199 2805 1268 prohibita
2837 1215 2902 1254 ne
2938 1210 3182 1254 sauctmn
3209 1218 3407 1273 corpus
3437 1205 3693 1271 auferret,

2125 1299 2180 1345 et
2229 1291 2332 1344 hac
2376 1291 2674 1346 intentione
2721 1292 2964 1361 deposita
3015 1292 3082 1347 ad
3129 1296 3341 1364 propria
3389 1311 3693 1366 remearet,

2129 1382 2358 1436 incurrit
2398 1383 2449 1436 in
2497 1382 2742 1437 homines
2770 1381 3080 1437 idololatras
3125 1383 3343 1439 Silvano
3388 1389 3696 1443 sacrifican-

2131 1484 2229 1536 tes,
2271 1473 2361 1541 qui
2409 1473 2736 1542 deponentes
2778 1487 2898 1528 eam
2944 1473 3011 1529 de
3050 1476 3315 1546 sagmaria
3345 1477 3698 1535 hortabantur

2129 1571 2187 1616 ut
2230 1579 2351 1617 cum
2385 1563 2514 1632 ipsis
2543 1563 2851 1633 epularetur
2885 1563 2952 1618 de
2995 1563 3081 1620 his
3122 1581 3240 1636 qua:
3283 1577 3438 1623 erant
3481 1570 3698 1627 Silvano

2131 1653 2426 1708 immolata.

453 1749 780 1811 conteritur,
812 1747 1124 1812 inardescit,
1156 1755 1211 1801 et
1235 1744 1494 1816 quidquid
1533 1745 1586 1800 in
1617 1761 1676 1802 se
1705 1747 2024 1802 acerrimum
2056 1749 2103 1808 Β
2202 1745 2306 1800 Sed
2337 1745 2463 1814 quid
2489 1755 2563 1806 tu,
2587 1746 2745 1802 beata
2774 1746 3284 1822 ValeriaiNunquid
3314 1755 3517 1822 poteris
3538 1757 3698 1810 vesti-

455 1843 654 1897 latebat
683 1840 936 1896 ostendit.
970 1838 1060 1894 Sic
1100 1839 1350 1892 nimirum
1371 1877 1387 1904 ,
1434 1838 1511 1894 sie
1541 1840 1907 1908 unusquisque
1944 1841 2029 1892 vir

455 1939 676 1986 sanctus
701 1943 823 1984 cum
847 1942 951 1983 non
982 1926 1243 1996 pulsatur,
1273 1926 1617 1996 despicabilis
1639 1941 1703 1980 ac
1730 1927 1865 1982 lenis
1886 1928 2030 1996 aspi-

455 2021 628 2086 citur;
659 2019 704 2075 si
729 2034 834 2089 qua
864 2032 990 2072 vero
1017 2016 1166 2071 illum
1201 2017 1389 2070 tritura
1429 2017 1820 2085 persecutionis
1849 2018 2029 2087 Oppri-

453 2122 586 2178 mat,
614 2128 738 2167 mox
768 2125 928 2167 omne
959 2112 1100 2180 quod
1136 2109 1370 2165 calidum
1398 2109 1540 2180 sapit
1581 2118 1835 2174 ostentat,
1866 2120 2027 2180 atque

456 2203 509 2272 in
555 2203 821 2257 fervorem
864 2199 1083 2255 virtutis
1127 2200 1353 2255 vertitur
1381 2200 1637 2269 quidquid
1663 2199 1738 2254 'in
1785 2199 1875 2254 illo
1903 2211 2028 2256 ante

458 2290 784 2360 despicabile
815 2289 1196 2358 infirmumque
1239 2289 1553 2355 videbatur,
1595 2291 1844 2360 quodque
1881 2292 1932 2345 in
1969 2306 2028 2346 se

457 2397 557 2452 per
580 2380 982 2450 tranquillitatis
1007 2389 1247 2450 tempora
1277 2379 1448 2436 libens
1469 2381 1698 2451 operuit,
1725 2381 2027 2452 exagitatus

457 2472 892 2546 tribulationibus
937 2479 1157 2526 coactus
1205 2471 1516 2526 innotescit.
1568 2470 1717 2527 Unde
1758 2473 1894 2528 bene
1932 2488 2029 2546 per

456 2545 780 2632 Prophetam
813 2561 1045 2616 dicitur:
1089 2579 1107 2614 ι
1137 2561 1195 2617 ln
1226 2562 1311 2618 die
1341 2562 1613 2619 mandavit
1650 2564 1903 2620 Dominus
1928 2545 2029 2620 nti-

457 2651 808 2707 sericordiam
841 2664 1016 2718 suam,
1041 2660 1097 2707 et
1126 2663 1283 2708 nocte
1308 2653 1603 2708 declaravit
1626 2653 1798 2726 (Psal.
1833 2656 1963 2725 xu).
2005 2676 2022 2706 ι

459 2739 824 2796 Misericordia
871 2741 1014 2795 enim
1063 2741 1272 2796 Domini
1317 2743 1368 2796 in
1415 2745 1503 2798 die
1549 2745 1855 2811 mandatur,
1905 2747 2026 2814 quia

457 2832 510 2884 in
543 2831 830 2911 tranquillo
862 2840 1101 2902 tempore
1131 2834 1299 2888 virtus
1333 2835 1591 2890 divinitus
1625 2851 1882 2890 concessa
1909 2852 2030 2906 pcr-

457 2928 682 2998 cipitur;
737 2927 790 2980 in
843 2935 997 2981 nocte
1047 2942 1172 2980 vero
1221 2928 1559 2992 declaratur,
1613 2930 1737 2997 quia
1787 2931 2027 2994 donum,

458 3018 600 3089 quod
642 3017 694 3071 in
736 3018 1128 3087 tranquillitate
1162 3019 1424 3083 sumitur,
1456 3017 1892 3075 tribulationibus
1919 3037 2030 3075 ma-

460 3110 763 3165 nifestatur.

533 3203 590 3258 Si
620 3203 762 3257 enim
788 3202 1048 3271 quaeritur
1068 3200 1228 3271 cujus
1256 3201 1468 3258 virtutis
1486 3203 1676 3259 beatus
1697 3204 1887 3260 Vitalis
1908 3215 2030 3262 ante

459 3306 733 3349 certamen
763 3293 944 3360 fuerit,
974 3309 1081 3364 quo
1109 3294 1403 3364 disciplinae
1424 3297 1606 3366 vigore
1635 3297 1848 3351 domum
1876 3314 2027 3352 suam

460 3377 631 3439 bonus
655 3381 1045 3455 paterfamilias
1087 3385 1320 3450 rexerit,
1368 3400 1529 3456 quam
1569 3385 1837 3458 religioso,
1867 3403 2028 3458 quam

459 3485 649 3532 sancto
677 3477 890 3531 vivendi
917 3477 1108 3532 ordine
1131 3477 1269 3533 lilios
1291 3478 1606 3547 instituerit,
1633 3480 1791 3536 beata
1818 3482 2028 3542 Valeria

459 3583 596 3622 uxor
622 3565 738 3636 ejus
765 3582 887 3621 cum
927 3566 1135 3622 duobus
1163 3567 1289 3623 ﬁliis
1327 3569 1585 3639 requisita
1625 3570 1799 3636 dicat;
1837 3590 1856 3624 ι
1889 3583 1944 3625 ιιι
1977 3573 2029 3626 in

457 3673 553 3713 ore
603 3657 831 3712 duorum
890 3657 976 3710 vel
1007 3658 1169 3712 trium
1202 3659 1414 3714 testium
1466 3668 1573 3714 stet
1608 3675 1773 3716 omne
1810 3661 2028 3716 verbum

461 3752 676 3822 (Matth.
708 3750 882 3814 xvtu).
911 3770 930 3804 ι
965 3750 1055 3805 illa
1087 3751 1253 3817 enim,
1285 3751 1465 3806 audita
1498 3762 1669 3808 morte
1695 3753 1884 3808 Vitalis
1913 3754 2032 3810 bea-

465 3840 660 3895 tissimi
687 3838 952 3910 conjugis,
989 3853 1095 3892 non
1127 3838 1312 3892 avidos
1327 3853 1650 3907 .pervasores
1673 3841 1785 3896 suis
1813 3855 2029 3910 posses-

460 3930 701 3984 sionibus
730 3928 928 3994 timuit,
958 3942 1065 3983 non
1113 3927 1431 3997 potentioris
1468 3927 1751 3997 cujuslibet
1798 3928 2033 3997 patroci-

461 4018 611 4072 nium
643 4017 921 4086 quaesivit,
959 4033 1065 4072 non
1105 4031 1256 4073 more
1299 4017 1408 4088 79
1449 4017 1728 4072 viduarum
1761 4018 2032 4089 dispersas

459 4106 770 4174 ubicunque
815 4121 904 4160 res
949 4122 1075 4160 suas
1105 4105 1158 4160 in
1188 4113 1304 4161 tuto
1348 4106 1467 4160 loco
1503 4105 1754 4176 colligere
1796 4109 2032 4171 studuit,

467 4196 562 4249 sed
589 4195 875 4248 castissimi
913 4194 1140 4265 conjugii
1170 4195 1326 4248 fidem
1351 4209 1574 4250 servans
1593 4235 1608 4259 ,
1632 4197 1697 4248 ad
1725 4196 2034 4265 impenden-

465 4285 592 4337 dum
627 4282 830 4337 funeris
852 4283 1170 4353 obsequium
1203 4285 1268 4338 de
1294 4283 1675 4339 Mediolancnsi
1710 4287 1840 4340 urbe
1868 4303 2034 4356 usque

463 4375 775 4431 Ravennam
803 4374 1029 4428 mirabili
1063 4373 1275 4429 fervore
1315 4376 1579 4444 pervenit.
1622 4375 1735 4432 Non
1772 4379 1916 4433 illam
1941 4380 2032 4434 de-

463 4467 655 4522 terruit
703 4475 811 4521 tam
856 4466 1000 4536 longi
1045 4465 1328 4521 difﬁcultas
1377 4467 1606 4533 itineris,
1644 4484 1749 4523 non
1799 4471 2032 4527 retinere

463 4558 637 4628 potuit
668 4564 841 4611 metus
869 4556 1178 4609 amittenda:
1212 4556 1566 4624 possessionis
1587 4597 1601 4621 ,
1631 4573 1736 4612 non
1763 4573 1882 4612 eam
1911 4575 2035 4629 pro-

466 4649 823 4718 pioquorum,
855 4646 969 4700 sive
998 4645 1302 4700 concivium
1349 4660 1503 4710 amor
1549 4647 1600 4700 in
1651 4647 2034 4705 Mediolaueusi

467 4739 600 4792 urbe
641 4735 912 4800 devinxit,
960 4749 1066 4789 non
1107 4749 1226 4789 eam
1271 4735 1572 4789 consularis
1616 4737 2036 4796 inmtanissimus

469 4826 621 4882 furor
665 4842 696 4881 a
742 4825 1014 4881 Ravenna:
1056 4823 1254 4880 finibus
1289 4825 1615 4879 exturbavit.
1665 4826 1795 4882 lllue
1838 4830 2034 4900 quippe

466 4926 682 4976 erectus
732 4917 850 4988 ejus
902 4917 1122 4988 spiritus
1170 4916 1475 4972 medullitus
1529 4917 1874 4986 intendebat,
1925 4939 2032 4992 quo

465 5011 835 5066 beatissimum
866 5009 1062 5074 virum,
1094 5009 1294 5064 calcata
1322 5008 1436 5079 jam
1468 5012 1664 5073 morte,
1693 5015 2034 5082 praecessisse

463 5109 812 5172 cognoverat.
849 5101 950 5155 Ubi
985 5101 1128 5155 enim
1159 5111 1278 5156 erat
1325 5103 1609 5158 thesaurus
1639 5103 1784 5172 ejus,
1818 5107 1887 5160 ibi
1917 5116 2034 5161 erat

461 5205 516 5248 et
537 5209 632 5249 cor
658 5192 774 5261 ejus
804 5190 1019 5261 (Matth.
1092 5192 1185 5261 vi).
1223 5191 1532 5247 Laetabatur
1562 5194 1708 5248 illum
1741 5196 1791 5248 in
1823 5195 2032 5248 habita-

462 5285 738 5353 tione-jam
770 5284 983 5353 degere,
1020 5282 1231 5336 dolebat
1260 5297 1318 5336 se
1347 5284 1522 5338 adhuc
1553 5284 1605 5338 in
1637 5285 1827 5339 exsilio
1855 5302 2029 5339 rema-

462 5389 611 5430 nere.
647 5359 728 5428 Ad
756 5374 856 5427 hoc
885 5371 974 5426 illa
1003 5379 1112 5425 toto
1141 5371 1334 5424 mentis
1363 5373 1633 5427 desiderio
1663 5374 1951 5427 anhelabat
1977 5375 2027 5430 in

465 5475 549 5519 via
577 5480 682 5534 quo
723 5464 812 5518 ille
844 5463 956 5532 jam
987 5461 1380 5517 delectabiliter
1419 5461 1699 5516 fruebatur
1743 5464 1796 5517 in
1830 5467 2022 5535 patria.

466 5553 747 5608 Gaudebat
766 5554 834 5608 ab
863 5554 1168 5607 hominibus
1193 5567 1328 5605 uxor
1358 5553 1609 5622 martyris
1632 5555 1908 5623 appellari,
1933 5557 2025 5609 sed

467 5641 635 5698 multo
659 5641 1067 5698 inenarrabilius
1093 5641 1352 5698 :cstuabat
1374 5641 1559 5698 eadem
1588 5645 1830 5712 martyrii
1859 5646 2026 5712 gloria

2131 1835 2216 1905 gia
2248 1836 2346 1889 viri
2375 1837 2446 1889 tui
2481 1837 2802 1905 relinquere,
2833 1849 2886 1893 et
2908 1842 3273 1909 erectumjam
3308 1845 3357 1898 in
3393 1845 3700 1901 cazlestibus

2129 1924 2368 1978 animum
2389 1925 2669 1980 diabolicis
2691 1932 3118 1998 suggestiouibus
3141 1935 3434 1989 melinare?
3454 1937 3700 2006 Nunquid

2129 2017 2352 2085 poteris,
2380 2017 2604 2072 educata
2634 2018 2684 2072 in
2717 2019 2818 2073 fide
2846 2023 3131 2090 catholica,
3153 2025 3294 2094 quod
3325 2025 3378 2079 in
3409 2028 3701 2096 tranquilli-

2129 2115 2240 2160 tate
2268 2106 2502 2161 didicisti
2528 2109 2839 2163 carnificum
2874 2120 3080 2166 terrore
3105 2122 3450 2184 postponere,
3478 2127 3533 2170 et
3561 2120 3704 2184 posi-

2130 2204 2243 2250 tum
2276 2211 2437 2266 supra
2474 2197 2686 2252 firmam
2724 2210 2932 2267 petram
2967 2200 3086 2256 ﬁdei
3127 2203 3533 2261 fundamentum
3563 2223 3701 2277 quo-

2127 2285 2257 2339 libet
2287 2287 2660 2356 trepidationis
2700 2289 2911 2345 turbine
2939 2292 3173 2348 violare?
3215 2296 3346 2364 Age,
3378 2312 3478 2367 age
3500 2339 3514 2362 ,
3549 2298 3701 2354 beata

2130 2374 2376 2430 Valeria!
2424 2377 2506 2431 eia
2528 2418 2543 2442 ,
2592 2379 2784 2435 nobilis
2823 2385 3098 2437 matrona!
3133 2402 3274 2440 nunc
3301 2387 3400 2441 viri
3431 2391 3501 2443 tui
3536 2392 3701 2444 docu-

2128 2475 2310 2521 menta
2352 2467 2578 2522 viriliter
2625 2469 2818 2534 recole,
2868 2479 2920 2525 et
2969 2473 3093 2540 quid
3139 2475 3233 2530 tibi
3286 2479 3418 2530 tanti
3469 2479 3702 2535 doctoris

2130 2559 2500 2628 magisterium
2553 2559 2862 2629 prmstitcrlt
2913 2561 3145 2618 dcclara.
3192 2565 3282 2620 Ait
3327 2567 3500 2622 enim:
3551 2568 3702 2625 Citrio

2129 2649 2304 2703 stiana
2333 2665 2474 2716 sum,
2505 2659 2559 2703 et
2592 2666 2695 2705 non
2742 2651 2868 2705 licet
2914 2656 3043 2709 mihi
3086 2656 3152 2710 de
3192 2658 3468 2712 sacrificiis
3499 2660 3695 2716 Silvani

2130 2739 2296 2792 vestri
2331 2740 2671 2794 manducare.
2716 2740 2786 2794 At
2822 2741 2894 2794 illi
2941 2743 3054 2797 haec
3084 2744 3358 2801 audientes
3391 2759 3535 2802 tanta
3579 2765 3696 2804 eam

2131 2831 2276 2884 caede
2307 2840 2695 2896 mactaverunt,
2725 2842 2781 2886 ut
2801 2834 2886 2887 vix
2918 2836 3238 2890 seminecem
3269 2853 3385 2893 eam
3416 2841 3495 2894 sui
3533 2841 3698 2896 homi-

2130 2932 2227 2973 nes
2252 2918 2318 2972 ad
2357 2917 2804 2976 Mediolanensem
2853 2926 3039 2978 urbem
3089 2928 3472 2994 perducerent,
3525 2931 3595 2985 ita
3642 2943 3700 2987 ut

2132 3008 2274 3064 intra
2307 3011 2541 3065 triduum
2573 3013 2727 3067 beata
2758 3013 2967 3071 Valeria
2998 3020 3255 3089 migraret
3289 3022 3354 3076 ad
3396 3023 3694 3078 Dominum.

2055 3085 2100 3148 C
2134 3098 2178 3154 Ο
2205 3116 2362 3169 quam
2394 3101 2736 3158 inell'abiliter
2771 3107 2964 3163 divina:
2993 3085 3406 3180 dispensationis
3434 3116 3565 3170 ordo
3593 3118 3702 3171 dis-

2131 3189 2386 3257 ponitur!
2431 3207 2593 3262 quam
2637 3195 3059 3254 misericorditer
3093 3201 3338 3258 humana:
3382 3207 3701 3264 conditionis

2133 3283 2303 3358 series,
2347 3283 2617 3339 variatur!
2678 3285 2867 3343 Mulier
2914 3291 3087 3344 r’rum
3141 3294 3205 3348 de
3252 3297 3499 3363 paradiso
3546 3300 3702 3369 ejecit

2134 3370 2287 3442 (Gen.
2323 3373 2439 3444 Ill);
2476 3373 2560 3428 vir
2588 3375 2863 3432 mulierem
2895 3381 2961 3435 ad
2998 3383 3232 3450 paradisi
3277 3387 3506 3454 patriam
3550 3406 3700 3444 revo-

2105 3462 2292 3516 cavit.
2329 3461 2442 3529 llla,
2488 3471 2546 3518 ut
2589 3464 2748 3521 homo
2791 3469 3151 3540 deciperetur,
3183 3473 3391 3530 diabolo
3434 3477 3571 3533 facta
3620 3491 3704 3535 est

2133 3552 2578 3621 instrumentum;
2606 3555 2724 3622 iste,
2751 3568 2808 3613 ut
2831 3559 3022 3615 mulier
3043 3575 3413 3630 coronaretur,
3446 3569 3703 3625 imitabile

2132 3644 2358 3712 praebuit
2387 3644 2596 3701 virtutis
2621 3648 2944 3718 exemplum.
2985 3649 3218 3722 Antiqua
3261 3657 3452 3710 mulier
3475 3674 3701 3728 pomum

2134 3736 2358 3789 vetitum
2394 3737 2722 3793 comedendo
2746 3740 3071 3798 miserabilis
3091 3742 3280 3814 jejunii
3312 3761 3370 3801 se
3400 3749 3539 3802 fame
3569 3752 3704 3804 mul-

2135 3825 2298 3890 tavit;
2333 3840 2471 3880 nova
2497 3841 2625 3883 vero
2651 3829 2844 3886 mulier
2871 3831 2940 3887 ab
2966 3832 3275 3907 idolothytis
3301 3852 3358 3892 se
3387 3839 3703 3896 abstinendo

2132 3931 2347 3977 aeterna}
2394 3924 2658 3980 satietatis
2700 3927 2802 3982 sibi
2851 3929 3150 3985 convivium
3198 3937 3532 4004 pratparavit.
3579 3937 3698 4001 illa,

2133 4009 2312 4066 fructu
2359 4013 2570 4070 arboris
2593 4016 2874 4083 delectata,
2921 4019 3091 4074 beata:
3137 4025 3466 4080 ammnitatis
3507 4027 3700 4081 ostium

2134 4102 2270 4156 seris
2296 4104 2742 4175 concupiscentiae
2775 4108 2875 4163 sibi
2911 4110 3138 4166 exiendo
3165 4110 3454 4187 [exeundo]
3483 4117 3702 4170 damna-

2133 4191 2243 4258 vit;
2279 4192 2405 4259 ista,
2431 4208 2582 4249 esum
2609 4197 2852 4252 carnium
2881 4211 3187 4268 aspernata,
3212 4204 3550 4274 sempiterna:
3576 4207 3704 4261 viri-

2135 4281 2316 4338 ditatis
2360 4299 2560 4354 pascua
2612 4286 2853 4344 ciavibus
2896 4290 2998 4345 sibi
3043 4294 3383 4350 continentiae
3429 4298 3699 4366 patefecit.

2137 4372 2276 4428 Ecce
2316 4374 2517 4444 liquido
2545 4387 2692 4446 patet
2728 4395 2887 4449 quant
2916 4382 3026 4452 80
3054 4385 3340 4454 conspicua
3380 4403 3590 4443 morum
3615 4390 3707 4444 ho-

2137 4473 2344 4520 nestate
2368 4466 2452 4520 vir
2481 4477 2700 4523 sanctus
2725 4468 2772 4523 ir.
2809 4472 3195 4541 tranquillitate
3227 4475 3500 4542 claruerit,
3531 4479 3621 4547 qui
3651 4490 3704 4534 et

2135 4557 2497 4612 beatissimam
2528 4559 2807 4630 conjugem
2838 4562 2904 4615 ad
2937 4573 3098 4617 tanta:
3129 4565 3471 4634 perfectionis
3494 4569 3703 4623 culmen

2135 4647 2338 4701 eduxit.
2373 4649 2429 4702 Si
2476 4649 2618 4702 enim
2650 4651 2717 4704 ab
2759 4650 2848 4706 illo
2889 4654 3109 4708 studere
3140 4657 3379 4712 avaritiae
3407 4659 3701 4723 didicisset,

2136 4755 2472 4808 nequaquam
2503 4755 2600 4794 sua
2637 4741 2816 4794 omnia
2859 4758 2957 4811 pro
2994 4745 3104 4798 sola
3145 4747 3415 4815 sepultura
3447 4749 3702 4804 cchrendi

2134 4828 2477 4901 [venerandi]
2513 4831 2804 4887 cadaveris
2847 4835 3278 4905 contempsisset.
3320 4838 3376 4891 Si
3416 4837 3704 4894 luxuriosis

2135 4937 2258 4976 cum
2288 4937 2353 4976 eo
2380 4920 2571 4976 fuisset
2598 4937 2694 4976 usa
2731 4924 3025 4990 conviviis,
3073 4925 3326 4980 nimirum
3357 4927 3548 4982 itinere
3578 4929 3702 4982 fati-

2134 5021 2256 5082 gata
2297 5013 2587 5082 proclivius
2623 5014 2990 5082 acquiesceret
3028 5017 3172 5072 refici
3204 5033 3363 5086 quam
3391 5019 3706 5074 verberibus

2114 5119 2303 5182 iusque
2333 5104 2399 5158 ad
2431 5104 2620 5160 mortis
2647 5102 2936 5159 confinium
2980 5105 3190 5160 laniari.
3232 5107 3328 5173 Et,
3375 5117 3434 5162 ut
3470 5108 3708 5164 breviter

2135 5203 2328 5248 cuncta
2376 5194 2728 5259 concludam,
2778 5195 2878 5249 nisi
2921 5197 3068 5264 pacis
3117 5205 3356 5266 tempore
3402 5215 3497 5269 per
3525 5203 3705 5254 omnia

2135 5287 2410 5340 didicisset
2442 5286 2624 5340 vivere
2663 5286 2907 5350 Christo,
2960 5289 3012 5341 in
3059 5290 3446 5358 persecutionis
3481 5293 3707 5346 articulo

2137 5389 2474 5443 nequaquam
2497 5375 2756 5443 potuisset
2784 5376 2916 5429 mori
2945 5392 3040 5445 pro
3061 5379 3293 5433 Christo.
3323 5379 3428 5435 Sed
3451 5382 3703 5449 quoniam

2136 5466 2462 5534 interrogata
2500 5464 2731 5531 Valeria,
2771 5467 2921 5537 cujus
2965 5469 3176 5524 virtutis
3223 5471 3704 5526 excellentissinnts

2139 5558 2220 5610 vir
2266 5555 2380 5624 ejus
2426 5565 2551 5612 ante
2595 5566 2868 5611 certamen
2919 5559 3220 5625 exstiterit,
3255 5563 3568 5617 assertionis
3595 5577 3704 5616 sua:

2138 5647 2502 5704 testimonium
2541 5648 2776 5704 breviter
2802 5647 3064 5712 reddidit;
3093 5649 3203 5719 jam
3249 5653 3506 5706 accedant
3532 5661 3583 5706 et
3612 5651 3700 5704 alii
