4184 6478
1517 255 1644 272 ’.οφ-Ρ

416 374 521 431 589

1837 372 2069 430 SEIlMO
2110 373 2267 430 XVII.

3558 383 3664 436 590

415 496 600 544 testes.
646 485 715 542 Ut
752 486 1009 556 probetur
1049 501 1209 557 quam
1238 486 1467 543 honeste
1496 486 1679 542 vixere
1709 496 1988 556 parentes,
2020 504 2067 560 Α
2095 496 2314 544 strenue
2342 487 2582 544 Rubrum
2627 506 2778 550 mare
2802 491 3134 562 pertransiit,
3172 500 3227 555 et
3262 491 3404 548 facto
3446 495 3662 565 agmine

415 579 483 633 ad
509 575 878 632 testimonium
904 584 1162 631 vocentur
1184 576 1442 632 bmredes.
1469 575 1775 632 Verisimile
1795 575 1991 646 quippe

415 677 501 722 est
525 676 584 721 ut
613 666 872 737 quidquid
913 666 1131 721 virtutis
1166 667 1217 721 in
1248 675 1557 722 sanctorum
1601 667 1724 721 [iliis
1751 666 1993 721 cernitur

410 765 588 811 totum
625 756 694 809 ah
725 755 854 825 ipsis
881 755 1196 826 pereuntibus
1225 757 1479 811 traditum
1521 757 1684 812 fuisse
1719 757 1989 812 credatur.

486 845 653 916 Igitur
680 845 979 900 beatissimi
1004 844 1296 900 Gervasius
1331 856 1385 901 et
1428 846 1734 911 Protasius,
1765 854 1992 914 utroque

415 943 640 1004 parente
669 947 775 986 non
804 933 977 987 dicam
1002 931 1210 998 orbati,
1241 934 1334 987 sed
1363 934 1540 1002 potius
1563 932 1990 1002 splendidissima

415 1043 603 1083 eorum
634 1034 807 1081 morte
825 1025 1055 1080 feliciter
1074 1025 1343 1089 illustrati,
1362 1026 1501 1081 sicut
1524 1028 1576 1080 in
1599 1035 1784 1081 sancta
1803 1038 1991 1080 eorum

419 1114 651 1171 refertur
690 1114 946 1180 historia,
992 1113 1125 1169 nihil
1163 1122 1446 1169 terrenum
1495 1114 1734 1184 nihilque
1778 1112 1992 1168 carnale

417 1207 880 1277 concupiscentes,
911 1206 1004 1261 sed
1036 1205 1088 1259 iu
1118 1222 1225 1260 uno
1255 1219 1314 1261 se
1349 1206 1630 1262 caenaculo
1671 1205 1993 1262 concluden-

418 1311 522 1364 tes,
548 1314 647 1369 per
668 1299 854 1353 decem
878 1313 1047 1352 annos
1071 1297 1287 1353 lectioni
1311 1307 1366 1352 et
1384 1299 1614 1353 orationi
1643 1305 1990 1353 vacaverunt.

420 1391 794 1454 Considerate,
827 1387 1023 1444 fratres
1065 1388 1368 1444 charissimi
1391 1429 1407 1453 ,
1446 1388 1868 1444 intestimabilcm
1900 1404 1995 1458 pa-

419 1492 585 1536 terna!
630 1479 984 1535 institutionis
1036 1479 1285 1546 laudem,
1334 1480 1648 1551 perpendite
1694 1480 1992 1535 mirabilem

419 1571 602 1642 rigidae
625 1584 870 1625 censurae
895 1570 1265 1635 traditionem,
1298 1578 1480 1627 notate
1507 1571 1751 1626 relictum
1780 1571 1996 1643 pupillis

417 1677 570 1718 novae
603 1662 1031 1717 conversationis
1074 1662 1409 1732 exemplum,
1441 1663 1851 1719 animadvertite
1877 1665 1993 1719 evi-

418 1751 794 1806 dentissimum
857 1760 1096 1819 paternae
1153 1753 1458 1808 severitatis
1510 1753 1790 1808 indicimn.
1849 1754 1997 1810 Solet

2093 579 2160 633 ad
2189 581 2624 650 repromissionis
2651 592 2848 637 terram
2881 582 3262 652 triumphanth
3298 586 3544 654 pervenit
3569 585 3583 639 Ξ
3614 584 3660 638 0

2084 683 2352 737 generosa
2381 671 2685 742 progenies,
2727 687 2847 741 qua:
2873 673 3147 727 nascendo
3180 673 3396 743 quidem
3423 675 3489 729 de
3515 682 3659 730 terra

2094 758 2560 829 traxitoriginem,
2604 761 2697 815 sed
2728 759 2941 817 viviﬁce
2982 761 3260 817 moriendo
3288 763 3353 817 ad
3379 763 3657 829 caelestem

2058 906 2066 911 _
2093 848 2324 903 transire
2353 851 2547 904 meruit
2576 851 2894 921 dignitatem
2922 891 2937 913 .
2974 867 3136 922 quam
3165 852 3660 914 nobilitasmorum

2092 939 2159 992 ad
2198 938 2531 994 nobilitatem
2576 941 2851 996 transtulit
2893 941 3203 1013 angelorum
3234 942 3247 996 !
3278 941 3449 1008 Quam
3492 944 3661 998 ardua

2093 1027 2281 1082 domus
2306 1027 2389 1083 illa
2415 1028 2537 1093 fuit,
2564 1045 2683 1100 quae
2711 1038 2786 1084 tot
2813 1029 3143 1085 clarissimos
3179 1031 3326 1086 cives
3356 1031 3423 1085 ad
3469 1047 3654 1102 super;

2093 1131 2216 1170 nam
2265 1115 2600 1172 Hierusalem
2645 1119 3015 1175 transmittere
3066 1120 3301 1174 meruit!
3334 1120 3463 1187 Quae
3510 1120 3656 1175 enint

2092 1207 2306 1270 civitas,
2344 1209 2641 1277 quamlibet
2681 1210 2895 1268 excelsa
2922 1210 3132 1265 turritis
3176 1211 3466 1278 nitentibus,
3504 1211 3663 1281 hujus

2093 1296 2429 1352 domuncula:
2477 1298 2790 1368 dignitatem
2838 1299 3105 1361 excellere
3139 1299 3352 1374 poterit,
3392 1314 3512 1368 quae
3538 1299 3662 1373 caeli

2093 1389 2254 1459 digna
2281 1389 2543 1459 vocabulo
2579 1391 2851 1459 copiosam
2879 1400 3176 1462 martyrum
3206 1391 3417 1446 turbam
3442 1389 3583 1445 felici
3608 1391 3662 1444 in

2093 1491 2152 1530 se
2181 1477 2520 1531 habitatione
2548 1476 2850 1532 continuit?
2886 1476 3031 1544 Quos
3054 1485 3198 1531 totus
3229 1479 3457 1531 mundus
3480 1487 3665 1533 tenere

2094 1564 2287 1635 dignus
2335 1579 2442 1619 non
2472 1563 2597 1631 fuit,
2654 1565 2754 1620 bos
2802 1566 2992 1621 domus
3014 1565 3132 1619 illa
3169 1566 3267 1619 sub
3307 1565 3429 1620 unis
3458 1564 3666 1641 foribus

2092 1654 2310 1709 clausit.
2344 1653 2477 1709 Nam
2507 1663 2563 1710 et
2587 1655 2879 1726 Apostolus
2897 1696 2912 1721 ,
2947 1670 3071 1711 cum
3094 1656 3162 1710 de
3186 1656 3389 1711 sanctis
3417 1657 3669 1728 martyri-

2093 1744 2195 1799 bus
2220 1744 2551 1825 loqueretur,
2597 1745 3115 1830 protinusaddidit,
3150 1745 3335 1800 dicens
3363 1761 3377 1800 :
3411 1763 3429 1796 ‹
3459 1744 3665 1811 Quibus

420 1841 562 1894 inter
588 1839 783 1895 fratres
811 1840 1113 1896 communis
1149 1841 1447 1897 substantia
1486 1843 1763 1900 divisionis
1798 1845 1914 1900 ﬁeri
1941 1854 1995 1899 et
2024 1838 2069 1898 Β
2095 1833 2290 1903 dignus
2320 1848 2425 1888 "0"
2453 1842 2569 1888 9""
2593 1833 2822 1889 mundus
2843 1831 3030 1904 (Πεθνο
3060 1835 3156 1905 Χ¹)ο
3187 1852 3206 1884 ³

418 1930 702 1985 discordia;
721 1945 914 1997 causa;
946 1931 1087 1987 inter
1110 1934 1243 1988 istos
1269 1943 1450 1990 autem
1475 1935 1755 1991 dividenda
1778 1935 1993 2005 quidem

418 2019 706 2074 btereditas
724 2020 938 2087 aderat;
972 2023 1197 2076 duorum
1230 2032 1406 2078 tamen
1438 2024 1601 2078 corda
1629 2038 1735 2079 una
1756 2025 1993 2081 charitas

419 2105 679 2177 replebat.
708 2107 783 2162 Dc
812 2108 1070 2179 populosa
1101 2111 1234 2165 urbe
1265 2109 1470 2166 faciunt
1493 2128 1734 2168 eremum
1758 2153 1775 2177 ,
1820 2114 1995 2170 divero

418 2197 621 2253 serium
651 2197 924 2253 habitandi
954 2209 1171 2255 vertunt
1196 2201 1249 2256 in
1278 2202 1598 2258 oratorium.
1623 2202 1811 2259 Solent
1829 2204 1993 2260 etiam

418 2288 824 2354 adolescentuli,
850 2291 1066 2347 amissis
1087 2292 1422 2362 parentibus,
1446 2308 1541 2361 per
1559 2295 1760 2364 proprii
1786 2294 1994 2350 arbitrii

418 2377 719 2432 libertas-tn
747 2378 1019 2434 luxuriose
1043 2379 1284 2437 dillluere
1304 2421 1318 2446 ,
1356 2393 1412 2437 et
1440 2383 1591 2452 quasi
1611 2380 1723 2451 jam
1755 2384 1836 2438 sui
1854 2382 1995 2453 juris

419 2467 588 2523 libera
616 2469 947 2540 voluptatum
976 2488 1193 2527 suarum
1228 2472 1453 2529 licenter
1478 2473 1579 2530 sibi
1606 2472 1757 2530 frena
1787 2475 1992 2540 laxare,

417 2555 737 2614 excedentes
765 2559 1029 2628 siquidem
1070 2561 1409 2618 rectitudinis
1443 2570 1641 2617 metam
1670 2563 1723 2618 in
1750 2579 1815 2619 eo
1852 2565 1994 2634 quod

388 2666 395 2672 ο
419 2645 562 2715 licet,
589 2662 776 2704 omnes
801 2647 891 2718 qui
917 2649 1229 2705 existimant
1249 2651 1413 2707 licere
1439 2652 1730 2723 quodlibet.
1748 2651 1839 2709 lsti
1868 2668 1995 2709 vero

418 2739 676 2808 angelicae
705 2738 898 2796 indolis
922 2742 1096 2811 pueri,
1127 2758 1231 2797 non
1266 2752 1502 2798 venturae
1527 2744 1704 2799 adhuc
1732 2744 1855 2798 vitae
1882 2743 1991 2799 sol-

419 2830 584 2898 liciti,
635 2839 971 2886 terrenarum
1029 2847 1208 2886 rerum
1265 2847 1497 2902 opumve
1550 2832 1652 2888 sibi
1709 2833 1995 2902 provident

422 2929 709 2991 sumptum,
750 2936 855 2976 non
900 2930 1076 2976 morte
1122 2921 1474 2978 dissolvendae
1517 2921 1752 2978 carnalis
1790 2921 1995 2991 copulae

421 3008 585 3062 ullum
631 3009 883 3081 pepigere
925 3008 1264 3082 conjugium,
1309 3027 1414 3067 non
1447 3012 1604 3081 equis
1641 3011 1996 3067 frementibus

419 3101 776 3168 delectantur,
821 3119 929 3159 non
975 3103 1289 3159 deliciarum
1340 3104 1577 3162 lasciviis
1615 3105 1991 3172 resolvuntur,

2165 1923 2351 1980 Gaude
2379 1924 2842 1996 igitur,Bavenna,
2872 1925 3002 1980 urbs
3043 1924 3366 1997 clarissima,
3392 1909 3664 1980 tantorum
3713 1909 3723 1917 ’

2096 2027 2395 2090 martyrum
2430 2018 2673 2089 pretioso
2709 2019 2970 2090 sanguine
2996 2030 3323 2089 purpurata,
3347 2035 3486 2090 quae,
3538 2021 3668 2076 licet

2094 2124 2162 2163 ea
2209 2109 2297 2164 his
2345 2118 2580 2178 quatuor
2625 2109 2790 2164 solius
2840 2109 2981 2165 beati
3015 2109 3200 2165 Vitalis
3239 2111 3664 2166 sacratissimum

2093 2210 2290 2267 corpus
2333 2197 2689 2266 corporaliter
2737 2207 2940 2263 teneas,
2999 2213 3340 2268 nequaquam
3394 2210 3576 2255 tamen
3633 2216 3666 2254 a

2099 2284 2322 2355 reliquis
2345 2286 2516 2341 tribus
2537 2302 2634 2354 per
2654 2286 2879 2363 occulta:
2900 2286 3116 2341 virtutis
3138 2289 3459 2359 mysterium
3484 2305 3664 2345 vacas.

2098 2372 2230 2429 Nam
2257 2373 2304 2429 si
2331 2374 2490 2430 beata
2516 2375 2729 2431 Valeria
2763 2392 2884 2432 cum
2915 2376 3030 2430 viro
3060 2392 3180 2441 suo,
3199 2377 3483 2449 Scriptura
3508 2388 3665 2443 teste.

2098 2464 2195 2517 fuit
2243 2463 2295 2518 in
2322 2478 2486 2519 carne
2521 2481 2626 2520 una
2664 2463 2814 2535 (Cen.
2856 2466 2939 2537 ιι),
2978 2468 3286 2524 necessario
3325 2456 3568 2538 sequitur
3610 2480 3671 2525 ut

2097 2555 2257 2608 unius
2300 2555 2481 2610 carnis
2531 2571 2636 2609 una
2692 2555 3080 2626 sitsepultura.
3125 2558 3346 2614 Etcum
3385 2559 3663 2630 legamus:

2101 2664 2119 2694 c
2156 2643 2310 2711 Quod
2338 2646 2478 2702 Deus
2514 2645 2833 2715 conjunxit,
2875 2647 3037 2701 homo
3076 2664 3182 2704 non
3209 2658 3425 2718 separet
3448 2650 3666 2722 (Matth.

2097 2739 2235 2810 xta),
2257 2758 2276 2791 ι
2298 2753 2397 2794 nos
2417 2740 2581 2794 etiam
2607 2738 2903 2809 gaudentes
2927 2741 3171 2795 dicamus
3190 2740 3314 2810 quia
3337 2741 3480 2809 quod
3504 2742 3666 2806 Deus,

2095 2829 2186 2897 qui
2238 2836 2322 2883 est
2373 2836 2576 2883 :etcrna
2625 2816 2754 2893 vita,
2801 2826 3098 2896 conjunxit,
3161 2830 3472 2900 temporalis
3521 2847 3670 2886 mors

2098 2918 2462 2995 interveniens
2502 2934 2607 2973 non
2648 2918 2849 2973 divisit.
2893 2909 3126 2974 De'tiliis
3158 2927 3337 2974 autem
3370 2919 3496 2988 quid
3522 2919 3669 2973 aliut

2095 3008 2380 3066 dicendurm
2406 3017 2510 3074 est,
2538 3007 2643 3063 nisi
2665 3008 2790 3078 quia
2810 3009 2904 3081 qui
2925 3008 3239 3065 beatissimo
3261 3009 3488 3078 genitori
3516 3009 3659 3064 inso-
3720 3006 3725 3011 ’

2096 3099 2347 3155 lubilibus
2364 3107 2570 3154 natura:
2582 3098 3182 3155 viuculissuntcomtexi
3206 3100 3666 3181 nullatenusabeo

421 3206 528 3246 non
577 3192 830 3263 pretiosis
875 3192 1112 3249 vestibus
1158 3194 1409 3249 adornari
1462 3195 1695 3250 inaniter
1741 3196 1994 3266 conctzpi—
2023 3187 2068 3249 C
2099 3191 2258 3246 locali
2278 3199 2570 3261 potuerunt
2601 3191 2894 3249 interstitio
2924 3191 3202 3261 separari?
3231 3191 3453 3262 Legitur
3485 3202 3665 3247 autem

382 3323 387 3327 .
418 3291 596 3336 scunt.
624 3282 875 3336 Mundani
898 3284 1152 3353 strepitus
1172 3285 1384 3356 negotia
1405 3285 1635 3356 fugiunt,
1657 3295 1992 3342 terrenarum

388 3386 603 3427 merum
648 3371 860 3427 divitias
906 3383 1297 3442 aspernantur,
1345 3374 1671 3430 transitoriae
1717 3375 1994 3446 dignitatis

386 3461 654 3517 .culmina
702 3471 994 3531 respuunt,
1042 3463 1272 3518 carnalis
1317 3463 1583 3519 illecebrae
1630 3463 1992 3521 blandimenta

420 3563 791 3609 contemnunt.
823 3554 892 3609 Et
913 3569 1018 3609 non
1049 3555 1221 3610 solum
1253 3554 1433 3619 aliena
1452 3571 1558 3611 non
1589 3556 1869 3623 ambiunt,
1899 3557 1995 3612 sed

420 3654 477 3699 et
499 3643 678 3699 omnia
705 3658 801 3711 sua
830 3645 1049 3715 prodiga
1088 3643 1471 3699 misericordiae
1508 3644 1758 3715 largitate
1783 3645 1990 3715 disper-

419 3744 571 3805 gunt.
617 3733 694 3789 De
740 3742 851 3790 tota
897 3736 1081 3790 mundi
1123 3734 1407 3790 latitudine
1448 3750 1612 3790 unam
1645 3734 1747 3790 sibi
1784 3735 1992 3806 glebam

419 3823 784 3895 angustissimi
815 3825 1052 3879 carceris
1075 3823 1296 3895 eligunt,
1326 3823 1441 3889 ubi,
1457 3824 1742 3879 collectisa
1761 3825 1995 3878 vanitate

421 3916 605 3970 mundi
632 3915 868 3985 undique
888 3915 1153 3979 sensibus,
1173 3914 1340 3970 solam
1362 3913 1635 3970 Creatoris
1655 3915 1737 3969 sui
1759 3914 1993 3982 speciem

423 4006 729 4079 medullitus
765 4006 1217 4077 contemplantur.
1246 4005 1329 4062 Ad
1380 4006 1552 4072 illum,
1600 4005 1833 4062 claustra
1878 4004 1991 4074 jam

421 4098 600 4151 carnis
626 4097 968 4163 excedentes,
993 4096 1221 4153 assiduae
1236 4097 1598 4152 meditationis
1626 4098 1803 4152 studio
1831 4096 1995 4166 spiri-

423 4196 537 4241 tum
567 4187 823 4257 dirigunt,
854 4187 920 4242 ad
954 4186 1103 4241 illum
1132 4188 1336 4242 amoris
1365 4186 1516 4240 nimii
1542 4186 1751 4243 facibus
1780 4186 1991 4241 accensi

424 4276 550 4331 totis
575 4276 872 4331 visceribus
899 4275 1265 4331 inardescunt.
1301 4276 1432 4330 Erat
1475 4276 1673 4346 quippe
1715 4270 2012 4346 utriusque

423 4380 575 4421 mens
607 4366 659 4419 in
695 4380 927 4435 superno
953 4365 1218 4421 desiderio
1260 4367 1449 4431 anxia,
1482 4381 1513 4419 a
1542 4365 1995 4436 concupiscentiis

422 4457 651 4513 terrenis
678 4457 886 4523 aliena;
937 4471 1088 4512 amor
1132 4472 1364 4527 namque
1392 4472 1574 4523 verus,
1614 4456 1702 4525 qui
1734 4455 1874 4510 hanc
1904 4469 1991 4510 re-

2095 3279 2222 3348 quia
2243 3278 2435 3344 Adam,
2461 3295 2581 3338 cum
2611 3280 2842 3350 primum
2868 3296 3092 3336 uxorem
3121 3274 3271 3346 vidit,
3304 3282 3551 3349 protinus
3581 3278 3665 3336 di-

2096 3370 2173 3424 xit
2195 3382 2210 3423 :
2241 3387 2260 3421 ‹
2290 3368 2405 3428 Hoc
2431 3384 2576 3424 nunc
2598 3385 2659 3425 os
2685 3384 2750 3424 ex
2771 3369 2983 3425 ossibus
3009 3371 3235 3436 meis,et
3256 3386 3383 3425 caro
3411 3372 3477 3426 de
3501 3387 3665 3425 carne

2095 3473 2212 3513 mea
2246 3458 2400 3537 (Gen.
2427 3458 2508 3529 ll).
2543 3477 2563 3512 ι
2592 3458 2649 3513 Si
2680 3473 2811 3529 ergo
2838 3459 2968 3519 Eva.
3005 3460 3131 3529 quia
3163 3460 3230 3515 de
3259 3461 3358 3514 viri
3388 3460 3557 3515 latere
3585 3473 3667 3516 est

2097 3549 2349 3615 formata,
2386 3565 2450 3607 os
2492 3565 2557 3606 ex
2593 3551 2807 3606 ossibus
2835 3549 2951 3620 ejus
2983 3561 3034 3606 et
3071 3565 3197 3623 caro
3241 3550 3309 3612 de
3348 3566 3509 3608 carne
3550 3552 3667 3622 ejus

2097 3640 2315 3704 dicitur,
2331 3656 2431 3696 cur
2451 3655 2556 3695 non
2582 3651 2637 3696 et
2654 3641 2774 3706 lilii,
2791 3643 2883 3712 qui
2906 3630 3189 3697 delumbis
3209 3643 3377 3711 patris
3390 3634 3661 3707 exierunt,

2094 3731 2281 3784 eadem
2319 3737 2378 3785 et
2415 3744 2538 3785 ossa
2575 3739 2628 3785 et
2654 3746 2873 3786 carnem
2905 3747 3025 3786 cum
3053 3743 3208 3801 patre
3239 3733 3439 3787 habere
3475 3733 3663 3787 dican-

2097 3819 2217 3873 tur?
2236 3818 2388 3874 Licet
2406 3834 2534 3891 ergo
2557 3819 2782 3887 sejuncti
2804 3821 3085 3876 videantur
3106 3836 3202 3890 per
3222 3820 3503 3876 intervalla
3520 3820 3658 3876 loco-

2094 3927 2236 3977 rum,
2279 3927 2374 3985 per
2401 3911 2672 3967 occultum
2721 3922 2900 3968 tamen
2943 3913 3182 3984 mystica:
3229 3912 3446 3969 virtutis
3485 3914 3658 3985 juutti

2094 4011 2222 4056 Sunt
2241 4014 2661 4059 sacramentum.
3108 4000 3135 4011 ί
3376 4004 3380 4009 ’

2164 4093 2349 4149 Gaude
2378 4095 2561 4166 igitur,
2574 4095 2768 4163 nobilis
2792 4094 2923 4150 urbs
2951 4092 3227 4163 Ravenna,
3252 4104 3306 4151 et
3329 4096 3455 4152 totis
3481 4097 3534 4152 in
3559 4097 3660 4153 Do-

2096 4185 2244 4240 mino
2270 4186 2570 4242 visceribus
2596 4186 2891 4255 delectare,
2920 4203 3060 4258 qnze,
3087 4186 3213 4243 licet
3236 4189 3406 4261 ardua
3441 4190 3518 4245 sis
3547 4207 3667 4246 mu-

2097 4277 2224 4332 ralis
2250 4276 2510 4332 machinac
2533 4278 2875 4343 celsitudine,
2906 4278 3076 4349 multo
3103 4289 3285 4334 tamen
3312 4280 3580 4337 excelsior
3607 4297 3667 4336 es

2072 4354 2371 4422 beatorum
2398 4373 2693 4438 martyrum
2720 4367 3010 4439 dignitate;
3039 4368 3263 4438 lapideis
3285 4372 3502 4440 quidem
3534 4388 3662 4442 pro-

2096 4457 2414 4528 pugnaculis
2439 4457 2926 4528 iuexpuguabiliter
2939 4459 3139 4523 cincta,
3155 4458 3248 4514 sed
3270 4459 3421 4515 valde
3443 4460 3667 4530 inexpu-

420 4547 681 4617 pleverat,
698 4548 750 4602 in
767 4520 978 4603 ﬂetibus
996 4520 1293 4604 cruciabat:
1314 4547 1439 4613 Sed,
1457 4520 1581 4602 dum
1603 4520 1656 4602 in
1676 4538 1995 4633 Itali'ardore
2022 4520 2075 4579 ί)
2095 4520 2358 4621 giiabilitis
2381 4520 2596 4601 fortium
2613 4520 2811 4601 Christi
2833 4547 3063 4602 militum
3087 4520 3423 4618 protectione
3446 4520 3662 4603 vallata.

361 4631 372 4646 '
421 4639 812 4703 cruciarentur,
844 4637 975 4708 ipsis
996 4636 1106 4691 suis
1129 4637 1455 4692 cruciatibus
1476 4637 1582 4706 81
1616 4631 1992 4705 pascebantur,

422 4736 477 4782 et
505 4728 688 4782 tandiu
719 4728 773 4782 in
804 4726 1104 4781 admirabili
1135 4726 1293 4797 hujus
1325 4725 1751 4782 conversationis
1783 4725 1996 4779 fervore

422 4819 737 4889 persistunt,
765 4820 936 4879 donec
964 4817 1196 4889 gloriosa
1231 4829 1515 4888 parentum
1559 4819 1731 4873 secuti
1771 4817 1994 4888 vestigia

392 4894 400 4901 ’
423 4925 521 4980 pro
548 4911 654 4964 lide
677 4908 880 4964 Christi
911 4907 1170 4979 martyrio
1195 4915 1541 4962 coronantur.
1572 4906 1833 4971 Nimirum
1863 4922 1995 4975 quo-

424 5017 541 5057 rum
572 4999 767 5055 imitati
809 5008 934 5055 sunt
980 4998 1223 5067 exempla
1257 4998 1487 5053 vivendo
1534 5004 1589 5051 ct
1633 5013 1662 5050 a
1701 4996 1895 5067 quibus
1940 4990 1994 5050 in

425 5103 570 5148 terra
599 5099 727 5146 sunt
753 5088 1044 5146 carnaliter
1087 5086 1237 5153 editi,
1279 5102 1467 5143 eorum
1506 5094 1630 5143 sunt
1675 5085 1900 5157 collegio
1941 5086 1996 5140 in

393 5166 631 5241 caelesti
678 5164 1014 5238 beatitudine
1046 5178 1274 5244 sociati;
1312 5187 1368 5233 et
1409 5193 1546 5249 quos
1589 5176 1824 5233 carnalis
1867 5191 1997 5247 pro-

385 5250 391 5261 ’
424 5272 637 5344 pagatio
660 5270 863 5340 junxit,
898 5270 1216 5325 meritorum
1262 5260 1598 5339 inrequalitas
1636 5282 1740 5323 non
1778 5267 1994 5332 divisit;

392 5352 481 5420 ‘et
502 5379 610 5434 quo
639 5378 732 5418 eos
758 5362 947 5418 ordine
991 5361 1045 5415 in
1084 5359 1341 5415 mundum
1391 5370 1580 5414 natura
1621 5357 1901 5428 produxit,
1930 5371 1996 5411 eo

424 5454 589 5510 etiam
621 5455 688 5509 ad
719 5454 958 5510 caelestia
989 5446 1170 5508 divina
1203 5451 1320 5506 illos
1347 5450 1518 5521 gratia
1543 5449 1870 5505 sublitnavit.
1908 5447 1998 5514 lli,

427 5546 675 5602 videlicet
718 5545 810 5617 qui
855 5558 1124 5615 genuere,
1172 5541 1513 5613 praecedunt;
1553 5540 1644 5610 qui
1678 5555 1806 5596 vero
1834 5538 2000 5611 geniti

425 5645 553 5691 sunt
580 5644 729 5690 recto
757 5649 851 5689 eos
872 5632 1059 5688 ordine
1084 5633 1502 5700 subsequuntur.

499 5726 544 5783 0
573 5729 727 5783 beata
774 5725 1010 5790 familia,
1059 5740 1177 5795 quae
1223 5723 1512 5796 [Egyptum
1563 5722 1838 5789 deserens,
1892 5730 1999 5775 tam

2097 4640 2228 4707 Qua:
2282 4638 2682 4708 quodammodo
2736 4638 2998 4693 Romanis
3042 4639 3260 4694 arcibus
3312 4639 3671 4694 amicabilitcr

2096 4728 2311 4791 mmula,
2341 4728 2419 4784 sic
2443 4742 2540 4797 per
2570 4727 2707 4782 duos
2749 4729 3048 4799 praecipuos
3089 4737 3385 4798 martyres,
3439 4729 3669 4784 Vitalent

2097 4816 2346 4873 videlicet
2365 4825 2421 4872 et
2441 4816 2833 4886 Apollinarem,
2864 4810 3038 4873 mater
3063 4833 3184 4873 esse
3214 4819 3455 4873 meruisti
3487 4827 3541 4874 et
3568 4821 3667 4875 do-

2098 4910 2240 4964 mina
2277 4910 2782 4987 circumpositarum
2823 4911 3191 4981 quarumlibet
3226 4910 3461 4966 urbium.
3514 4911 3670 4968 Sicut

2102 5001 2191 5056 illa
2218 5016 2315 5072 per
2346 5001 2478 5056 duos
2513 5017 2754 5060 summos
2796 5001 3101 5073 apostolos,
3132 5003 3350 5057 Petrum
3377 5004 3488 5074 82
3521 5005 3669 5059 vide-

2101 5090 2227 5144 licet
2248 5097 2303 5144 et
2330 5088 2553 5144 Paulum
2575 5130 2590 5154 ,
2622 5090 2786 5145 totius
2807 5089 2957 5144 orbis
2986 5089 3086 5145 sibi
3126 5091 3367 5146 vindicat
3402 5093 3671 5163 principa-

2101 5190 2156 5235 tu
2165 5197 2234 5244 ιη,
2251 5182 2403 5250 quasi
2416 5191 2577 5250 caput
2597 5181 2816 5250 reliquis
2831 5180 3140 5237 civitatibus
3157 5181 3316 5248 facta,
3332 5184 3404 5238 ita
3417 5189 3672 5239 coruscas

2099 5274 2327 5329 duorum
2356 5273 2643 5342 splendore
2678 5280 3015 5334 sanetorum.
3050 5275 3198 5331 velut
3238 5276 3471 5330 humana
3500 5275 3668 5332 facies

2103 5366 2436 5435 geminorum
2476 5363 2765 5419 luminibus
2798 5365 3102 5419 oculorum.
3147 5365 3355 5420 Laatare
3408 5366 3573 5437 igitur
3618 5377 3670 5421 et

2101 5453 2472 5523 cxsulta,quia
2501 5465 2617 5521 quae
2644 5452 2944 5510 daemonum
2975 5464 3132 5508 antea
3164 5453 3342 5508 fueras
3362 5452 3670 5520 delubrum,

2105 5558 2248 5598 mmc
2270 5560 2364 5612 per
2391 5552 2695 5613 respectum
2736 5543 2932 5598 divina:
2964 5543 3151 5613 gratia:
3181 5543 3478 5598 caelestium
3516 5560 3674 5599 sena-

2105 5645 2278 5689 torum
2304 5633 2442 5687 facta
2466 5649 2526 5688 cs
2546 5634 2876 5705 capitolium.
2891 5644 2944 5688 et
2966 5651 3084 5705 quae
3107 5637 3258 5705 prius
3286 5636 3424 5690 male
3451 5635 3675 5692 fecunda

2105 5725 2158 5779 in
2188 5724 2310 5778 filiis
2336 5725 2441 5781 tuis
2470 5724 2780 5783 innumeras
2815 5723 3043 5794 stipulas
3073 5726 3416 5795 germinabas
3441 5727 3675 5784 inferno.
