4184 6446
458 306 562 365 593

1823 301 2057 360 διωλιο
2093 304 2232 362 XVII
2263 307 2338 363 bis

3623 299 3722 359 55H

455 422 597 486 Non,
629 420 847 488 fratres,
877 434 984 476 non
1019 429 1198 492 potest
1225 419 1339 476 ﬂeri
1373 427 1432 476 ut
1466 419 1534 475 ad
1577 433 1769 491 magna
1810 421 2030 490 prtemia
2063 430 2109 489 Α
2136 421 2264 475 litim
2313 419 2520 490 antiqui
2573 418 2743 475 hostis
2778 418 2989 488 obviat,
3029 427 3084 473 ut
3119 417 3410 488 aliquanoo
3446 433 3538 473 eos
3564 417 3727 483 etiam

457 511 826 584 perveniatur,
853 511 954 567 nisi
979 525 1074 582 per
1100 525 1324 580 magnos
1348 509 1581 566 labores.
1600 508 1751 564 Sicut
1773 510 1917 565 enim
1938 525 2039 581 per
2074 551 2083 560 .

457 603 772 674 Apostolom
799 603 1000 658 dicitur
1025 620 1038 657 :
1073 622 1091 655 ‹
1116 601 1219 659 Per
1248 602 1444 656 multas
1474 601 1854 658 tribulationes
1878 617 2040 672 opor-

458 705 535 751 tet
561 709 661 750 nos
682 694 889 765 ingredi
919 694 972 748 in
1003 707 1224 764 regnum
1254 694 1347 748 Dei
1368 692 1506 764 (Act.
1535 693 1671 764 xtv).
1704 711 1722 746 ι
1750 693 1903 749 Unde
1923 693 2038 764 ipsa

460 785 672 842 Veritas
701 786 870 841 dicit:
900 805 918 838 ‹
945 785 991 840 Δ
1020 796 1259 855 tempore
1289 784 1510 839 Joannis
1536 785 1792 853 Baptistae
1817 799 2038 856 regnum

463 872 554 927 Dei
582 873 690 928 vim
716 873 941 944 patitur,
961 882 1017 929 et
1031 873 1244 928 violenti
1265 874 1478 942 rapiunt
1501 872 1628 926 illud
1652 871 1869 944 (Matth.
1892 873 1987 944 ιι).
2015 892 2033 924 ο

531 963 742 1019 Caduca
780 979 910 1034 ergo
946 964 1130 1018 szeculi
1180 963 1362 1032 hujus,
1409 963 1608 1018 fratres
1647 964 1790 1028 mei,
1829 963 2037 1020 blandi:

459 1063 638 1108 menta
662 1054 1026 1123 desptcite,ad
1046 1053 1284 1109 cmlestis
1309 1054 1494 1123 patriae
1511 1053 1703 1123 gaudia
1728 1053 2041 1108 medullitus

458 1146 732 1211 anltelate,
763 1146 946 1201 carnis
972 1147 1258 1202 incentiva’
1272 1145 1581 1215 reprimite,
1615 1145 1869 1199 mandata
1902 1145 1995 1199 Dei
2021 1187 2035 1210 ,

458 1253 577 1304 qua:
602 1252 734 1296 aure
763 1237 1057 1307 percipitis,
1079 1237 1330 1308 operibus
1376 1236 1695 1305 adimplete;
1744 1236 1813 1290 ab
1857 1251 2042 1290 amore

460 1326 552 1381 Dei
584 1326 729 1381 nulla
754 1343 849 1382 vos
884 1327 1067 1382 mundi
1099 1327 1429 1397 prosperitas
1461 1325 1732 1391 retrahat,
1774 1324 1917 1380 nulla
1946 1341 2042 1381 vos

459 1418 759 1474 adversitas
807 1417 1041 1488 frangat,
1109 1433 1215 1474 non
1269 1431 1467 1486 corpus
1522 1424 1764 1472 vestrum
1829 1415 2042 1471 luxuria

459 1507 678 1576 polluat,
707 1524 813 1563 non
838 1509 1050 1563 invidiae
1075 1508 1287 1563 ﬂamma
1306 1515 1609 1573 consumat,
1628 1521 1734 1562 non
1757 1520 1852 1563 vos
1878 1507 2042 1562 elatio

461 1598 627 1664 inﬂet,
659 1615 765 1655 non
799 1609 1137 1664 terrenarum
1170 1613 1350 1654 rerum
1377 1599 1646 1670 cupiditas
1671 1609 1900 1670 gravet,
1936 1611 2042 1652 non

460 1704 552 1744 vos
578 1690 646 1743 ab
675 1705 862 1745 amore
889 1689 1118 1759 proximi
1169 1687 1446 1744 iracundia
1499 1689 1740 1756 dividat,
1793 1704 1901 1745 non
1948 1699 2043 1743 vos

2141 527 2276 581 quos
2297 509 2410 579 jam
2441 511 2586 580 cepit
2609 512 2849 574 antittat,
2874 519 2930 566 et
2959 509 3114 579 quasi
3146 509 3336 564 ab-ore
3364 507 3504 563 illius
3532 507 3732 564 cadunt

2139 603 2230 673 qui
2263 611 2382 672 post
2403 611 2742 673 perpetratas
2771 601 2959 670 culpas
2995 600 3062 654 ad
3090 599 3453 654 innocentiam
3484 598 3728 654 redeunt.

2140 691 2272 758 Quis
2300 693 2467 756 enim,
2505 707 2600 750 ore
2651 691 2794 747 illius
2839 690 3007 747 semel
3052 700 3264 761 captus,
3311 689 3588 746 maxillam
3615 687 3733 760 ejus

2138 785 2416 848 evaderet.
2452 785 2496 840 si
2530 784 2809 855 perforata
2861 799 2966 842 non
3002 785 3188 838 esset?
3235 784 3318 839 An
3364 799 3472 838 non
3512 783 3730 838 beatum

2143 872 2450 930 Ursicinum
2473 883 2600 931 tunc
2631 875 2939 942 momordit,
2970 890 3091 930 cum
3122 884 3241 945 post
3267 875 3432 930 nimia
3459 883 3728 930 tormenta

2140 963 2411 1020 carnificis
2441 965 2673 1036 gladium
2717 965 3060 1021 formidavit?
3089 967 3170 1020 An
3213 981 3320 1020 non
3362 965 3509 1020 illum
3543 965 3596 1019 in
3633 980 3732 1019 ore

2141 1056 2208 1108 ad
2235 1055 2453 1123 plenum
2485 1058 2677 1122 tenuit,
2709 1059 2923 1128 quando
2955 1058 3111 1114 idolis
3156 1059 3465 1114 sacritlcare
3498 1072 3732 1113 consen-

2141 1146 2252 1200 sit?
2283 1145 2408 1214 Sed,
2451 1148 2578 1203 dum
2617 1165 2715 1220 per
2755 1151 3191 1207 exhortationem
3236 1150 3732 1222 Vitalisvgloriosis-

2139 1234 2264 1290 simi
2301 1238 2557 1306 martyris
2603 1240 2670 1293 ad
2701 1240 2863 1294 vitam
2893 1242 3070 1307 rediit,
3102 1240 3397 1296 Leviathan
3442 1243 3544 1297 iste
3602 1255 3728 1296 eum

2140 1324 2324 1396 aliquo
2348 1329 2506 1384 modo
2537 1330 2692 1398 quasi
2723 1345 2818 1399 per
2844 1331 3078 1386 maxillae
3101 1348 3213 1388 sua:
3249 1334 3491 1387 foramen
3523 1332 3729 1388 amisit.

2140 1419 2295 1474 Sicut
2331 1420 2489 1475 enim
2515 1421 2568 1476 in
2612 1431 2800 1477 sancta
2833 1432 3105 1492 gestorum
3151 1424 3295 1478 illius
3343 1433 3602 1478 narratur
3645 1424 3760 1478 hi-'

2138 1511 2331 1574 etoria,
2371 1525 2496 1566 cum
2539 1519 2663 1582 post
2713 1512 2879 1567 nimia
2929 1521 3196 1568 tormenta
3242 1514 3589 1569 decollandus
3642 1528 3733 1576 ve-

2139 1601 2310 1656 nisset
2339 1599 2621 1659 Ursicinus
2664 1603 2730 1656 ad
2759 1602 3010 1672 palmam,
3056 1605 3294 1675 expavit,
3327 1612 3383 1658 et
3412 1605 3539 1658 dum
3571 1603 3733 1658 vellet

2141 1693 2393 1756 evadere,
2421 1692 2742 1748 exclamavit
2771 1693 2978 1759 Vitalis,
3008 1695 3230 1751 dicens:
3278 1695 3418 1760 Noli,
3451 1696 3584 1761 noli,
3626 1693 3731 1751 Ur-

460 1795 748 1848 pravorum
818 1780 962 1834 vitiis
1031 1779 1250 1836 dilectio
1322 1782 1630 1837 inordinata
1696 1780 1988 1852 coniungat
2020 1797 2035 1844 ;
2069 1783 2112 1844 B
2141 1781 2312 1836 sicine
2335 1782 2562 1847 medice,
2593 1784 2684 1852 qui
2713 1784 2847 1839 alios
2871 1800 3063 1840 curare
3094 1787 3445 1849 eonsuevisti.
3477 1795 3530 1842 te
3556 1787 3730 1856 ipsttm

462 1879 730 1926 transacta
756 1870 896 1926 mala
946 1871 1123 1942 dignae
1169 1872 1501 1942 paenitentia)
1547 1872 1761 1929 ﬂetibus
1812 1872 2038 1942 tergite,

459 1965 796 2018 imminentia
827 1979 956 2018 vero
986 1971 1145 2018 cauta
1176 1965 1482 2034 provisione
1511 1966 1710 2030 vitate,
1754 1973 2040 2018 venturum

461 2053 754 2109 terribilem
783 2054 1027 2110 Iudicem
1056 2066 1184 2109 ante
1210 2057 1408 2111 mentis
1443 2056 1630 2111 oculos
1667 2056 1885 2126 ponite,
1934 2055 2041 2111 dis-

461 2145 602 2200 tricti
628 2146 896 2202 examinis
925 2146 1250 2201 sententiam
1282 2147 1474 2218 trepidi
1497 2147 1818 2210 formidate,
1850 2156 2042 2216 quate.

459 2249 592 2299 nus,
621 2249 779 2304 quem
811 2252 954 2291 nunc
990 2245 1278 2291 venturum
1315 2245 1620 2292 metuentes
1642 2277 1657 2302 ,
1690 2237 2044 2292 humanitatis

457 2323 575 2394 ejus
603 2341 822 2381 crucem
869 2327 1109 2396 bajulare
1156 2329 1435 2399 satagitis,
1487 2327 1540 2382 in
1589 2328 1887 2398 madestatis
1934 2343 2046 2384 suae

461 2417 630 2486 gloria
691 2419 1034 2486 postmodum
1101 2419 1407 2476 venientem
1475 2420 1652 2475 securi
1716 2429 1773 2476 et
1832 2419 2044 2476 alacres

462 2510 690 2565 videatis
709 2509 892 2566 Jesnm
914 2511 1189 2566 Christum
1213 2512 1502 2567 Dominum
1525 2513 1896 2582 nostrum.qui
1920 2526 2043 2567 cum

462 2600 622 2656 Patre
656 2611 712 2657 et
746 2601 954 2673 Spiritu
984 2612 1174 2659 sancto
1203 2603 1334 2658 vivit
1356 2613 1412 2658 et
1437 2611 1626 2675 regnat
1649 2603 1703 2657 in
1731 2603 1928 2659 saecula
1960 2617 2045 2660 se-

459 2692 727 2748 ettlorum.
752 2695 944 2750 Amen.

971 2785 1204 2841 SERMO
1243 2783 1384 2839 XVII
1415 2785 1510 2839 bis.

548 2890 606 2930 ll.
647 2891 713 2930 ne
750 2887 956 2933 SANCTO
992 2893 1190 2934 vtracs
1230 2891 1502 2933 usurus.
1546 2880 1746 2950 (xxvttt
1787 2877 1934 2948 ara.)

534 2966 614 3020 Ad
643 2965 929 3034 pulchrum
970 2968 1133 3023 nimis
1155 2968 1521 3037 spectaculum
1551 2977 1604 3022 et
1639 2967 1958 3024 delectabile
1979 2967 2046 3022 ad

464 3056 776 3123 videndum,
821 3057 1021 3114 fratres
1065 3059 1407 3123 charissimi,
1457 3059 1716 3113 hodierna
1757 3057 2046 3113 festivitate

2141 1880 2361 1926 mternae
2387 1873 2577 1928 mortis
2596 1871 2779 1941 jaculo
2807 1873 3118 1941 vulnerare;
3144 1885 3198 1945 et
3217 1876 3310 1945 qui
3337 1891 3434 1945 per
3455 1876 3734 1944 passiones

2145 1961 2340 2017 nimias
2376 1963 2569 2018 venisti
2615 1963 2684 2018 ad
2729 1964 2986 2034 palmam,
3039 1981 3108 2020 ne
3151 1970 3349 2036 perdas
3395 1981 3648 2022 coronam
3700 1983 3732 2022 a

2145 2055 2373 2110 Domino
2401 2056 2497 2111 tibi
2524 2066 2792 2126 paratam.
2818 2057 2864 2113 0
2893 2059 3156 2114 mirabilis
3175 2059 3377 2114 Christi
3409 2059 3585 2124 miles,
3619 2061 3733 2128 qui,

2143 2144 2272 2197 dum
2296 2145 2474 2201 adhuc
2504 2155 2732 2202 terrenae
2760 2146 2965 2203 militiae
2995 2149 3163 2203 armis
3199 2149 3523 2219 accingitur,
3549 2150 3733 2205 divino

2146 2231 2769 2306 inﬂammante.Spiritu,
2801 2247 3022 2308 repente
3049 2238 3118 2293 ad
3146 2239 3427 2307 spirituale
3451 2248 3728 2294 certamen

2146 2325 2385 2382 fervidus
2422 2328 2730 2383 animatur!
2766 2328 2811 2385 Ο
2839 2345 3010 2385 novus
3031 2339 3086 2385 et
3123 2330 3560 2402 incomparabilis
3608 2331 3734 2397 tiro,

2145 2416 2261 2486 qui,
2307 2418 2358 2470 in
2407 2417 2526 2487 ipso
2565 2418 2800 2474 tirocinii
2829 2421 2911 2474 sui
2945 2421 3098 2476 initio
3141 2423 3348 2478 medias
3388 2421 3735 2477 frementium

2116 2506 2384 2561 hostium
2428 2516 2676 2562 catervas
2726 2509 3052 2578 irrumpens,
3106 2511 3159 2564 in
3220 2511 3394 2580 ipsqu
3443 2520 3731 2582 tyrannum

2137 2594 2543 2664 imperterritus
2569 2597 2748 2662 irruit,
2796 2607 2850 2654 et
2889 2599 3308 2655 commilitanem
3337 2615 3495 2654 suum
3536 2601 3603 2656 de
3635 2600 3738 2655 sub

2146 2685 2276 2754 ipsis
2310 2688 2693 2742 trucidantium
2731 2689 2924 2760 gladiis
2959 2690 3208 2744 liberavit
3235 2691 3248 2743 l
3276 2691 3472 2745 Doctus
3517 2699 3572 2746 et
3617 2691 3731 2745 fer-

2144 2777 2493 2838 ventissimus
2535 2779 2690 2836 miles
2725 2780 2952 2846 Christi,
2997 2781 3049 2836 in
3093 2782 3302 2835 hostem
3353 2780 3612 2850 impetum
3657 2780 3737 2834 fa-

2145 2868 2315 2934 ciens,
2348 2867 2542 2938 repulit
2571 2869 2862 2937 captivum,
2881 2871 2947 2924 ad
2969 2885 3028 2928 se
3055 2871 3260 2924 socium
3286 2872 3468 2933 traxit,
3494 2879 3552 2925 et
3573 2870 3738 2926 detri-

2147 2966 2386 3012 mentum
2417 2973 2527 3012 sure
2556 2959 2760 3014 militiae
2788 2961 3037 3016 restituto
3065 2961 3236 3015 milite
3268 2961 3561 3030 reparavit.

2220 3045 2582 3103 Cousiderare
2634 3047 2798 3114 libet,
2855 3048 3052 3106 fratres
3100 3049 3443 3117 charissimi,
3504 3060 3738 3106 mentem

465 3147 840 3212 convenimus,
866 3156 922 3202 et
951 3148 1324 3202 admirabilem
1351 3147 1694 3218 triumphalis
1721 3163 1910 3217 pugna:
1938 3147 2048 3202 vic-
2074 3137 2119 3199 C
2149 3138 2296 3194 beati
2339 3138 2526 3193 Vitalis
2571 3149 2808 3210 quantus
2855 3141 3018 3196 ardor
3061 3141 3347 3196 charitatis
3393 3141 3737 3208 accenderat,

465 3235 662 3290 toriam
692 3237 864 3292 oculis
883 3237 1004 3293 ﬂdei
1029 3236 1374 3308 contemplati
1405 3253 1611 3293 sumus.
1641 3236 1882 3292 Vidimus
1903 3238 2046 3293 enim

467 3327 748 3396 antiquum
773 3329 1064 3385 draconem
1094 3345 1218 3384 cum
1242 3330 1467 3385 homine
1499 3330 1787 3400 congredi;
1819 3330 2050 3384 vidimus

467 3427 792 3471 venenosam
853 3418 1173 3474 civilitatem
1230 3419 1468 3475 melioris
1529 3419 1796 3488 serpentis
1849 3420 2046 3474 astutia

465 3511 748 3578 superari;
784 3510 1018 3566 vidimus
1055 3511 1206 3566 illum
1259 3513 1351 3582 qui
1407 3512 1626 3568 vincere
1652 3519 2047 3575 consueverat,

467 3602 742 3658 enerviter
790 3604 1020 3667 cedere;
1064 3604 1300 3660 vidimus
1331 3617 1454 3659 eum
1505 3603 1598 3672 qui
1633 3610 1937 3674 prostratus
1959 3601 2046 3670 ja-

465 3691 674 3760 c'uerat,
698 3695 901 3765 ereptis
928 3695 1116 3766 spoliis
1141 3697 1208 3750 de
1233 3695 1559 3764 triumphato
1583 3695 1738 3749 hoste
1763 3693 2045 3748 victoriam

468 3798 765 3857 reportare.
809 3790 956 3844 Illinc
992 3789 1371 3860 perspeximus
1399 3788 1703 3858 rugientem
1743 3786 1954 3842 leonem
1992 3787 2046 3840 in

464 3879 668 3934 Christi
691 3896 906 3952 gregem
930 3882 1240 3936 immaniter
1259 3879 1522 3946 fremere;
1543 3880 1671 3935 hinc
1690 3894 1823 3935 vero
1850 3894 2046 3934 novum

466 3967 636 4024 David
663 3980 872 4040 raptam
897 3987 1052 4026 ovem
1087 3972 1155 4026 de
1181 3971 1423 4027 cruentis
1449 3970 1749 4024 avidissimi
1781 3969 2048 4039 praedonis

465 4059 718 4116 dentibus
774 4062 1026 4118 liberare.
1093 4063 1186 4119 llle
1247 4063 1513 4132 siquidem
1573 4062 1744 4116 aridis
1802 4061 2048 4117 faucibus

467 4151 687 4208 inhians
718 4155 1014 4210 humanum
1041 4156 1363 4225 sanguinem
1391 4155 1706 4218 sitiebat,et
1737 4165 1923 4223 aperto
1937 4171 2050 4210 suae

468 4245 688 4301 malitiae
709 4255 928 4316 gutture
947 4261 1104 4302 ovem
1126 4247 1328 4302 Christi
1354 4247 1620 4318 deglutire
1637 4245 1750 4315 jam
1777 4256 2042 4316 cmperat;

466 4333 570 4389 iste
619 4352 748 4391 vero
805 4337 1293 4408 gladio‘spiritus,
1345 4337 1488 4407 quod
1537 4345 1621 4393 est
1669 4339 1893 4392 verbum
1951 4339 2046 4394 Dei

467 4423 686 4494 (Ep/tes.
720 4426 818 4497 vt),
842 4426 959 4496 ejus
1004 4442 1098 4482 ora
1151 4422 1517 4497 transfigens,
1546 4433 1757 4496 captam
1809 4428 2045 4496 praedam

465 4516 732 4572 violenter
754 4495 954 4588 eripuit
975 4528 1029 4574 et
1051 4535 1148 4590 per
1169 4495 1437 4585 foramen,
1460 4518 1601 4587 quod
1616 4495 1682 4571 in
1709 4517 1926 4571 maxilla
1948 4517 2049 4572 Le-
2075 4495 2126 4555 D

471 4607 690 4662 viathan
733 4607 969 4674 fecerat,
1002 4609 1071 4664 ab
1094 4611 1210 4678 ipso
1251 4623 1390 4679 pene
1443 4607 1635 4663 mortis
1683 4607 1943 4662 barathro
1980 4609 2047 4662 ad

468 4697 593 4752 vitae
622 4714 822 4769 pascua
856 4700 1146 4756 revocavit.
1187 4699 1342 4756 Unde
1391 4700 1527 4755 bene
1573 4699 1640 4752 ad
1680 4696 1899 4752 beatum
1947 4695 2048 4752 Job

469 4801 601 4842 voce
630 4789 909 4844 Dominica
943 4790 1184 4845 dicitur:
1221 4807 1240 4840 ι
1280 4789 1530 4859 Nunquid
1559 4787 1769 4842 armilla
1799 4785 2048 4857 perfora-

467 4877 550 4932 liis
581 4879 855 4934 maxillam
883 4878 1222 4935 Leviathan?
1251 4879 1372 4950 (Job
1394 4879 1507 4949 χι..)
1538 4898 1557 4931 ι
1603 4877 1710 4934 Per
1749 4877 2046 4932 Leviathan

469 4971 690 5042 quippe,
723 4972 813 5041 qui
845 4972 1262 5026 additamentum
1287 4987 1464 5026 eorum
1491 4971 1708 5033 dicitur,
1739 4979 1932 5024 cautus
1959 4967 2049 5023 ille

471 5062 763 5118 devorator
799 5064 1020 5119 humani
1057 5064 1270 5134 generis
1309 5064 1648 5135 designatur,
1686 5062 1800 5132 qui,
1823 5063 1950 5117 dum
1993 5075 2052 5118 se

471 5151 809 5211 divinitatem
835 5156 1037 5212 homini
1071 5156 1272 5211 addere
1301 5155 1626 5226 spopondit,
1669 5153 2052 5210 immortalita-

469 5253 578 5299 tem
615 5246 865 5312 sustulit;
910 5249 1000 5317 qui
1028 5247 1497 5317 prmvaricationis
1533 5259 1749 5317 quoque
1797 5243 2008 5315 culpam
2036 5284 2051 5310 ,

471 5348 631 5404 quam
660 5337 836 5406 primo
873 5338 1080 5393 homini
1105 5337 1430 5409 propinavit,
1456 5337 1582 5391 dutn
1608 5351 1667 5392 se
1696 5336 2052 5405 sequentibus

470 5425 708 5494 pessima
755 5428 1111 5496 persuasione
1163 5426 1519 5496 multiplicat,
1577 5440 1767 5496 pmnas
1811 5427 1891 5481 eis
1937 5425 2054 5481 sine

472 5517 775 5572 cessatione
858 5528 1166 5575 eoacervat.
1248 5517 1473 5573 Armilla
1553 5517 1718 5587 igitur
1795 5508 2055 5572 Dominus

474 5623 572 5674 per
637 5615 840 5664 electos
900 5625 1029 5665 suos
1085 5609 1358 5665 maxillam
1413 5608 1715 5664 Leviathan
1773 5607 2054 5679 perforat,

472 5701 583 5772 85
621 5705 745 5773 quia
793 5704 1044 5761 ineﬂ'abili
1096 5704 1482 5762 misericordia:
1527 5718 1638 5761 suae
1681 5703 1915 5774 potentia
1947 5718 2056 5756 ma-

2152 3232 2265 3301 qni,
2291 3242 2350 3286 ut
2386 3230 2640 3287 fraternae
2665 3231 2822 3287 saluti
2857 3233 3190 3300 consuleret,
3225 3234 3441 3290 sibimet
3466 3233 3567 3303 ipsi
3592 3233 3735 3304 peri-

2151 3323 2332 3378 culum
2373 3339 2478 3379 non
2527 3325 2774 3380 timebat.
2806 3325 2993 3381 Balteo
3027 3327 3292 3395 siquidem
3324 3327 3547 3380 militari
3595 3342 3735 3401 pra):

2151 3418 2379 3478 cinctus.
2434 3412 2596 3471 claris
2645 3416 2849 3470 militia:
2889 3417 3056 3470 titulis
3083 3417 3388 3488 insignitus,
3439 3418 3495 3471 in
3538 3417 3760 3472 ordine-

2151 3509 2392 3578 equitum
2447 3509 2702 3579 scriptus,
2733 3507 3019 3581 chlamyde
3066 3508 3257 3564 bellica
3307 3509 3625 3573 decoratus,
3670 3508 3738 3562 de

2150 3601 2442 3670 semetipso
2479 3600 2732 3655 manebat
2773 3601 2994 3654 omnino
3035 3615 3280 3656 securus.
3336 3598 3447 3655 Sed
3485 3613 3610 3654 cum
3655 3599 3738 3651 vi~

2150 3689 2305 3745 deret
2344 3689 2618 3748 interioris
2648 3690 2851 3744 militia:
2881 3691 3088 3744 socium
3121 3690 3174 3744 in
3218 3689 3571 3744 tentationum
3598 3689 3738 3746 bello

2151 3783 2547 3854 deprehensum
2593 3781 2693 3836 sub
2739 3781 3006 3851 ingruenti
3051 3781 3280 3837 telorum
3329 3781 3589 3849 grandine
3622 3780 3736 3849 jam

2150 3874 2404 3938 deiicere,
2448 3881 2505 3928 et
2547 3873 2748 3926 amisso
2789 3871 3064 3940 patientiae
3107 3871 3296 3942 clypeo
3342 3885 3507 3940 super
3535 3869 3740 3924 nudum

2150 3963 2375 4020 hostiles
2408 3961 2614 4032 gladios
2643 3962 2946 4023 imminere,
2980 3959 3228 4030 protinus
3257 3960 3310 4014 in
3343 3958 3576 4013 medium
3610 3973 3741 4028 pro-

2149 4054 2282 4118 silit,
2312 4062 2368 4108 et
2397 4053 2748 4122 semetipsum
2777 4051 3019 4121 periculo
3043 4051 3235 4105 mortis
3258 4047 3477 4117 obiecit,
3495 4047 3740 4102 imitatus

2149 4147 2530 4217 imperatorem
2569 4159 2750 4202 suum.
2795 4142 3048 4197 videlicet
3090 4141 3311 4196 humani
3363 4138 3582 4210 generis
3632 4136 3738 4191 Re-

2149 4239 2506 4308 demptorem,
2530 4236 2644 4307 qui,
2673 4243 2732 4289 ut
2760 4249 2858 4288 nos
2887 4234 3209 4296 viveremus,
3243 4239 3473 4286 ntortem
3500 4229 3740 4300 pertu’it,

2147 4340 2223 4396 et,
2273 4337 2332 4384 ut
2368 4343 2468 4384 nos
2496 4329 2561 4383 de
2601 4327 2734 4396 jugo
2766 4325 3050 4381 diabolica:
3082 4321 3364 4393 potestatis
3405 4321 3662 4390 eriperet.
3707 4335 3738 4372 a

2149 4421 2413 4476 membris
2434 4419 2630 4474 diaboli
2659 4433 2717 4473 se
2739 4416 2980 4487 crucifigi
3010 4415 3272 4484 permisit.
3298 4413 3500 4467 Aderat
3523 4409 3738 4480 quidem

2151 4522 2381 4581 corpore
2430 4510 2486 4564 in
2536 4508 2800 4577 obsequio
2847 4505 3176 4571 consularis,
3231 4512 3411 4558 mente
3454 4515 3584 4556 vero
3626 4499 3738 4569 jam

2152 4601 2445 4656 transierat
2481 4599 2548 4654 ad
2579 4597 2828 4652 militiam
2865 4595 3158 4651 Creatoris.
3191 4591 3506 4661 Accipiebat
3547 4587 3615 4642 ab
3650 4586 3743 4641 illo

2152 4691 2436 4764 praesentis
2463 4690 2589 4745 vita:
2617 4688 2966 4760 stipendium,
2995 4685 3344 4755 exspectabat
3379 4681 3447 4735 ab
3483 4681 3584 4734 isto
3613 4693 3738 4747 per-

2153 4793 2373 4857 petuum
2410 4784 2605 4839 futura:
2640 4780 2995 4838 beatitudinis
3027 4776 3438 4844 municipatum.
3467 4769 3740 4839 Suscipie-

2154 4877 2247 4931 bat
2293 4876 2362 4931 ab
2394 4874 2486 4931 illo
2516 4873 2851 4936 donativum,
2891 4868 3036 4939 quod
3083 4861 3456 4934 temporaliter
3485 4857 3736 4921 videbat;

2153 4967 2409 5037 sperabat
2449 4966 2518 5021 ab
2561 4964 2667 5020 isto
2707 4961 2976 5025 bravium,
3019 4956 3163 5027 quod
3208 4955 3436 5009 necdum
3483 4963 3742 5021 percurso

2153 5055 2328 5113 stadio
2364 5056 2550 5113 videre
2579 5069 2686 5111 non
2726 5059 2986 5123 poterat,
3035 5048 3222 5104 dicens
3266 5059 3394 5101 cum
3437 5039 3738 5112 Apostolo:

2159 5167 2177 5201 ς
2214 5146 2331 5203 Non
2354 5144 2844 5214 contemplantibus
2867 5141 3021 5196 nobis
3045 5154 3165 5210 quae
3191 5137 3462 5192 videntur.
3487 5133 3593 5188 Sed
3621 5147 3742 5202 qua:

2154 5237 2407 5292 videntur
2435 5233 2751 5304 temporalia
2780 5240 2927 5296 sunt,
2959 5245 3081 5300 quae
3118 5237 3299 5283 autem
3347 5240 3452 5280 non
3490 5223 3744 5276 videntur

2155 5340 2354 5384 aiterna
2403 5336 2530 5383 sunt
2555 5326 2637 5397 (11
2670 5325 2793 5380 Cor.
2825 5325 2919 5394 tv).
2955 5343 2974 5376 ι
3004 5321 3305 5378 Exhibehat
3333 5317 3408 5372 illi
3441 5313 3601 5372 oﬂicii
3638 5315 3742 5368 nti-

2157 5422 2331 5477 litaris
2359 5420 2716 5489 obsequium;
2753 5417 3009 5472 servabat
3049 5413 3138 5470 isti
3185 5410 3458 5467 immobile
3486 5406 3745 5476 perfect-.e

2160 5514 2278 5569 fidei
2306 5511 2732 5575 fundamentum,
2757 5508 3066 5588 custodiens
3081 5505 3192 5574 jam
3211 5500 3589 5572 Evangelicum
3604 5497 3758 5554 illud:

2163 5624 2181 5656 ι
2235 5604 2460 5658 ltcddite
2487 5618 2607 5673 quae
2634 5611 2758 5658 sunt
2791 5600 3042 5664 Caesaris,
3083 5596 3323 5661 Caesari;
3366 5603 3422 5650 et
3459 5608 3581 5663 qua:
3618 5598 3747 5646 sunt

2163 5699 2278 5766 Dei,
2317 5697 2426 5755 Deo
2466 5694 2615 5768 (Luc.
2651 5694 2763 5765 xx).
2804 5715 2820 5746 ι
2857 5691 2901 5748 0
2931 5707 3092 5760 quam
3135 5688 3327 5744 efficax
3373 5695 3427 5740 et
3471 5684 3587 5738 viva
3644 5697 3741 5735 vox
