4184 6444
501 278 607 359 593

1036 300 1094 353 S.
1133 298 1334 353 PETRI
1379 294 1657 351 DAMIA‘NI
1698 292 1847 348 OPP.
1889 286 2067 342 PARS
2108 283 2239 341 SEU
2290 284 2524 341 TOMUS
2553 284 2614 340 ll.
2655 315 2723 323 —
2757 281 3140 340 SERMONES.
3229 245 3231 249 Ι

3649 280 3754 336 596

501 420 566 473 de
609 415 727 485 ejus
753 429 846 469 ore
883 422 1006 467 tunc
1050 410 1278 480 prodiit!
1334 423 1494 478 quam
1545 406 1748 460 fervida
1797 400 2075 457 cbaritatis
2101 401 2152 459 Α
2179 397 2360 461 verbo,
2400 397 2530 468 fugit
2567 396 2743 461 Elias;
2784 405 2839 449 et
2879 393 3032 466 fugit,
3065 410 3169 449 non
3207 409 3334 459 uno,
3367 406 3472 447 non
3517 393 3750 454 duobus,

499 508 613 577 86
643 505 855 559 flamma
880 503 945 556 de
967 509 1222 570 vaporato
1247 497 1364 566 ejus
1391 507 1608 567 pectore
1625 491 1900 549 aestuavit!
1935 489 2075 554 Noli,

505 599 637 663 noli,
680 595 870 666 inquit,
904 592 1150 648 Ursicine
1179 591 1404 653 medice,
1434 587 1523 657 qui
1554 585 1686 639 alios
1725 598 1914 638 curare
1951 595 2078 636 con-

503 684 749 749 suevisti,
784 693 835 736 te
867 683 1040 751 ipsum
1075 690 1290 734 aeterna
1332 677 1522 732 mortis
1547 675 1728 744 jaculo
1771 672 2072 728 vulnerare.

504 775 614 830 Nec
648 775 700 828 in
733 772 993 828 auditoris
1023 787 1116 826 cor
1163 769 1351 840 frigida
1381 768 1703 824 descendere
1738 765 1926 834 potuit,
1958 777 2079 832 quae

505 881 601 934 per
630 863 1019 920 exhortationis
1047 862 1207 918 verba
1238 877 1304 916 ex
1336 861 1450 930 ipso
1481 859 1712 930 Spiritus
1741 855 1908 912 sancti
1957 855 2078 924 igne

507 956 789 1026 processit.
815 955 1052 1009 Audiens
1079 954 1221 1007 enim
1252 954 1365 1007 haec
1393 950 1693 1015 Ursicinus,
1723 962 1860 1017 genu
1883 945 2077 1014 posito,

507 1048 887 1118 spiculatorem
936 1056 996 1100 ut
1041 1045 1226 1101 feriret
1267 1044 1532 1107 hortatur,
1603 1055 1768 1110 agens
1815 1038 2088 1109 poeniten;

508 1137 634 1190 tiam
663 1137 804 1206 quod
834 1136 1134 1204 expavisset
1156 1133 1356 1187 Christi
1385 1131 1722 1201 martyrium.

579 1225 684 1280 Sed
721 1227 846 1280 dum
884 1225 1020 1280 beati
1074 1223 1308 1281 Ursicini
1351 1222 1530 1290 lapsus
1570 1219 1802 1280 auditur,
1847 1215 2075 1286 alicujus

508 1319 722 1373 animus
763 1318 996 1373 fortasse
1026 1324 1272 1371 movetur
1302 1330 1400 1368 cur
1437 1313 1779 1381 omnipotens
1814 1310 1954 1363 Deus
1982 1322 2076 1361 eos

504 1425 640 1478 quos
673 1411 727 1465 in
757 1421 1078 1480 perpetuum
1109 1408 1291 1477 elegit,
1328 1422 1463 1475 quos
1503 1420 1601 1474 per
1627 1401 2074 1459 abundantiorem

504 1502 733 1568 gratiam
760 1498 922 1555 etiam
953 1501 1019 1554 ad
1063 1500 1307 1567 martyrii
1354 1498 1567 1553 culmen
1613 1495 1859 1558 assumit,
1893 1494 1947 1548 in
1986 1507 2075 1562 pe-

507 1591 726 1647 riculosi
758 1592 968 1646 timoris
1012 1590 1324 1660 voraginem
1373 1590 1567 1644 cadere
1607 1587 1930 1655 impediente
1958 1597 2074 1638 car-

507 1681 592 1737 nis
621 1682 934 1736 infirmitate
959 1681 1245 1750 permittit.
1285 1679 1460 1742 Unde,
1485 1679 1608 1748 quia
1636 1675 1886 1732 satisfieri
1911 1674 2071 1728 citius

2180 503 2286 542 non
2318 489 2490 542 tribus
2537 488 2744 552 diebus,
2795 487 2888 542 sed
2938 487 3116 556 potius
3163 484 3519 556 quadraginta
3557 485 3753 540 diebus

2179 587 2234 630 et
2260 578 2615 649 quadraginta
2641 577 2918 632 noctibus!
2951 575 3229 647 ingressus
3256 577 3398 631 enim
3426 591 3605 631 sermo
3632 592 3754 632 mu-e

2180 665 2326 721 lieris
2353 666 2544 721 in-cor
2587 667 2706 735 ejus
2752 665 2904 736 quasi
2941 666 3170 742 quidam
3216 666 3424 734 gladius
3461 665 3657 732 fuerat,
3696 677 3754 722 et

2179 755 2380 809 antisse
2409 754 2636 811 rationis
2673 755 2899 809 consilio
2927 755 3052 823 quid
3080 754 3189 824 87
3222 762 3407 825 ageret
3455 754 3749 809 nesciebat.

2180 843 2337 897 Tanti
2370 843 2578 898 itineris
2608 844 2782 912 spatio
2809 852 2954 898 metu
2982 843 3290 912 exagitante
3311 841 3566 911 jactatus,
3606 841 3751 896 velut

2178 947 2299 986 cum
2338 933 2574 988 secundo
2597 932 2810 990 flatibus
2845 947 3004 987 cursu
3038 931 3279 1001 impulsae
3309 930 3460 985 navis
3500 930 3749 985 arborem

2177 1039 2244 1078 ex
2294 1025 2523 1087 adverso
2575 1026 2734 1080 turbo
2786 1024 3049 1092 corripuit
3098 1024 3467 1092 impetumque
3518 1023 3749 1086 reflexit,

2179 1115 2250 1168 ita
2283 1116 2561 1185 propheta:
2594 1116 2834 1170 animum
2864 1115 3078 1170 virtutis
3109 1115 3226 1169 velo
3256 1114 3601 1185 navigantem
3631 1130 3746 1166 mu-

2178 1205 2798 1276 lierisperculitsermo,
2835 1215 3108 1275 totamque
3141 1207 3257 1273 ejus
3287 1206 3466 1261 navim
3497 1220 3591 1275 per
3628 1221 3748 1258 om-

2178 1315 2274 1354 nes
2322 1299 2624 1355 formidinis
2673 1300 2898 1365 fluetus,
2954 1299 3168 1353 turbato
3217 1308 3447 1362 rectore,
3499 1295 3744 1365 jactavit.

2177 1390 2315 1457 Quid
2342 1407 2470 1462 ergo
2496 1400 2572 1455 tu,
2603 1391 2756 1444 Elia?
2787 1390 2866 1445 Tu
2895 1390 3039 1445 enim
3077 1405 3136 1445 es
3165 1390 3254 1459 qui
3285 1388 3449 1444 verbo
3473 1388 3749 1443 clauseras

2175 1481 2370 1536 caelum
2395 1492 2451 1536 et
2479 1481 2829 1537 fraudaveras
2855 1481 3076 1546 imbtes,
3112 1479 3202 1548 qui
3245 1482 3598 1532 mandareras
3637 1477 3745 1530 acri

2173 1578 2229 1625 et
2257 1570 2471 1624 divinos
2502 1571 2653 1640 ignes
2696 1570 2988 1633 eduxeras,
3019 1570 3109 1639 qui
3149 1567 3313 1623 falsos
3340 1566 3632 1621 salubriter
3662 1551 3746 1618 in-

2175 1661 2344 1716 terfici
2369 1661 2612 1730 jusseras
2639 1661 2970 1726 sacerdotes,
2999 1661 3087 1730 qui
3119 1666 3438 1715 constanter
3461 1657 3512 1712 in
3547 1656 3744 1712 faciem

501 1771 815 1836 credimus,
873 1771 1109 1825 breviter
1162 1770 1570 1839 respondemus.
1627 1766 1811 1821 Sancti
1866 1763 2066 1819 etenim

2175 1753 2604 1824 exprobraverat;
2626 1753 2957 1820 regemquod
2995 1752 3111 1822 ipse
3146 1761 3202 1807 et
3228 1751 3420 1805 domus
3451 1766 3545 1805 sua
3571 1765 3744 1820 papu-

499 1861 622 1922 viri,
651 1861 741 1930 qui
771 1875 868 1930 per
895 1860 1060 1916 divini
1093 1859 1331 1914 muneris
1357 1857 1587 1928 gratiam
1627 1856 1691 1910 ad
1721 1853 2071 1926 perfectionis

496 1952 707 2007 culmen
759 1952 1064 2017 elevantur,
1107 1952 1344 2020 quandiu
1399 1950 1451 2004 in
1497 1950 1598 2004 hac
1646 1949 1754 2003 vita
1805 1957 1955 2011 sunt,
2002 1961 2070 2001 ne

495 2041 673 2111 aliqua
705 2041 937 2096 elatione
975 2041 1324 2111 superbiant,
1375 2039 1698 2109 quibusdam
1751 2036 2067 2091 tentationi-

494 2130 596 2182 bus
627 2130 1014 2199 reprimuntur,
1063 2137 1126 2184 ut
1171 2142 1513 2198 nequaquam
1565 2135 1771 2181 tantum
1807 2124 2071 2195 proficere

493 2219 708 2274 valeant
745 2228 1004 2288 quantum
1047 2219 1254 2274 volunt.
1294 2217 1373 2273 Ne
1411 2217 1576 2286 igitur
1619 2216 1948 2271 extollantur
1975 2231 2070 2284 per

494 2309 759 2376 superbiae
784 2310 995 2372 vitium,
1028 2318 1087 2362 πι
1125 2309 1176 2362 in
1217 2309 1296 2362 eis
1325 2307 1572 2376 quaedam
1620 2320 1870 2360 mensura
1900 2306 2070 2358 virtu-

495 2408 626 2451 tum.
661 2397 796 2452 Hinc
824 2406 909 2452 est
946 2398 1090 2452 enim
1121 2397 1262 2466 quod
1298 2396 1464 2461 Elias,
1504 2396 1628 2449 dum
1668 2402 1745 2447 tot
1781 2392 2070 2448 virtutibus

493 2485 548 2539 in
580 2485 687 2540 alta
717 2485 1055 2555 profecisset,
1089 2487 1320 2556 quadam
1351 2499 1605 2540 mensura
1634 2496 1933 2552 suspensus
1958 2491 2063 2544 est,

493 2576 619 2630 dum
664 2576 993 2642 Jezabelem,
1038 2577 1283 2648 quamvis
1325 2576 1586 2646 reginam,
1623 2582 1802 2628 taazen
1850 2573 2067 2627 mulier-

492 2663 667 2720 culam
712 2666 843 2738 fugit
884 2667 1004 2738 (ΙΙΙ
1049 2667 1167 2737 Reg.
1218 2667 1352 2736 tux).
1386 2666 1667 2736 Perpendo
1696 2665 1893 2734 quippe
1924 2665 2066 2718 hunc

495 2755 648 2810 mira
694 2757 909 2811 virtutis
963 2758 1134 2810 virum
1187 2757 1363 2825 ignem
1413 2757 1480 2811 de
1530 2754 1668 2810 caelo
1723 2756 1960 2818 trahere,
2012 2765 2067 2808 et

493 2846 736 2900 secundo
760 2846 1252 2916 quinquagenarius
1283 2847 1430 2902 viros
1454 2863 1575 2900 cum
1603 2846 1715 2902 suis
1742 2847 2065 2917 seqnaCIbus

494 2935 756 3002 petitione
805 2937 984 2991 subita
1032 2953 1382 2994 concremare
1433 2938 1552 3006 (IV
1602 2939 1727 3009 Reg.
1786 2939 1846 3009 l),
1897 2941 2065 2994 verbo

490 3023 660 3079 caelos
711 3025 777 3080 ad
830 3025 1039 3096 pluvias
1087 3028 1339 3097 aperire,
1391 3037 1634 3081 mortuos
1688 3029 2061 3092 suscitantem,

2173 1843 2282 1898 lum
2319 1845 2724 1910 evertitlsracl,
2749 1846 2838 1915 qui
2866 1845 3120 1900 dixeras:
3165 1862 3182 1895 ι
3215 1843 3360 1898 Vivit
3386 1845 3662 1910 Dominus,
3700 1845 3743 1896 si

2170 1934 2277 1991 erit
2304 1933 2518 2002 pluvia,
2549 1943 2643 1988 aut
2691 1949 2800 1998 ros,
2855 1934 2955 1989 nisi
3006 1935 3059 1988 in
3098 1934 3261 1989 verbo
3293 1935 3406 1989 oris
3457 1934 3563 1988 mei
3611 1932 3740 2004 (Ill

2171 2022 2297 2094 Reg.
2346 2022 2502 2094 xvu),
2531 2043 2551 2077 δ
2605 2025 2695 2094 qui
2742 2025 2958 2080 domum
3003 2025 3196 2092 viduae,
3247 2025 3517 2095 spicarum
3561 2041 3741 2080 aream

2169 2123 2225 2170 et
2274 2117 2509 2171 torcular
2552 2116 2761 2172 feceras
2797 2117 2935 2182 olei,
2982 2117 3072 2186 qui
3111 2116 3165 2171 in
3206 2118 3456 2172 omnibus
3511 2117 3740 2186 impera-

2169 2218 2330 2259 veras
2377 2204 2693 2273 elementis,
2733 2220 3040 2260 sermonem
3088 2220 3228 2260 nunc
3279 2219 3510 2260 exuaves
3560 2219 3740 2259 mere-

2170 2301 2356 2357 tricis?

2239 2393 2376 2460 Quid
2407 2409 2535 2465 ergo
2563 2395 2782 2459 mirum,
2818 2392 3012 2448 fratres
3043 2393 3168 2457 mei,
3198 2394 3242 2448 si
3281 2401 3403 2462 post
3432 2391 3596 2446 nimia
3630 2400 3741 2446 tor-

2169 2493 2347 2539 menta
2375 2485 2564 2540 beatus
2594 2484 2876 2541 Ursicinus
2901 2482 3136 2554 gladium
3175 2482 3474 2538 consularis
3501 2482 3736 2551 expavit,

2167 2575 2602 2645 quandoquidem
2635 2576 2748 2644 ipse
2786 2574 3014 2630 eximius
3041 2575 3422 2644 prephctarum
3447 2573 3615 2636 Elias,
3644 2573 3734 2628 vix

2167 2667 2325 2722 alicui
2358 2667 2530 2736 impar
2556 2675 2898 2731 sanctormn,
2941 2681 3047 2720 non
3081 2665 3204 2728 viri,
3231 2665 3325 2718 sed
3369 2663 3602 2728 feminea,
3629 2679 3736 2718 non

2167 2762 2284 2817 visu
2316 2761 2512 2832 gladio,
2543 2763 2638 2816 sed
2668 2761 2851 2815 audito
2882 2759 3148 2813 minarum
3181 2757 3347 2812 verbo
3369 2797 3382 2821 ,
3416 2764 3494 2811 tot
3529 2755 3734 2810 dierum

2167 2853 2438 2912 curriculo
2467 2853 2614 2907 velut
2642 2867 2836 2906 cervus
2869 2864 3155 2920 percussus
3185 2849 3380 2918 sagitta
3432 2846 3738 2901 formidinis

2167 2944 2336 3014 fugit?
2381 2942 2578 3010 Quanti
2617 2949 2798 2996 autem
2847 2940 3024 2995 meriti
3063 2938 3206 2993 Elias
3240 2935 3423 3004 fuerit,
3465 2937 3592 2991 hinc
3629 2935 3738 2989 cito

2167 3036 2454 3106 colligitur,
2480 3034 2524 3089 si
2563 3031 2869 3102 evangelica
2897 3031 3193 3086 auctoritas
3219 3028 3284 3084 de
3311 3043 3376 3083 eo
3400 3028 3465 3082 ad
3497 3027 3739 3082 testimo-

489 3123 717 3170 ventnra
779 3131 992 3186 quoque
1047 3117 1342 3188 prephctize
1406 3117 1596 3186 spiritu
1648 3119 2058 3189 prmvidcntem.

2171 3129 2318 3184 nium
2345 3126 2661 3182 deducatur.
2691 3101 2770 3176 Ad
2801 3120 3118 3176 Zachariam
3159 3134 3391 3188 namque
3421 3119 3485 3173 de
3511 3116 3736 3172 Joannis

494 3205 603 3258 Sed
634 3221 822 3261 rursus
873 3206 1054 3261 animo
1103 3208 1343 3261 occurrit
1396 3207 1558 3276 quia,
1609 3217 1894 3278 postquam
1947 3208 2062 3262 hate

491 3296 672 3352 omnia
704 3297 1026 3352 mirabiliter
1055 3296 1199 3362 fecit,
1237 3297 1482 3353 muliebri
1511 3314 1708 3368 pavore
1745 3300 2063 3368 perterritus

489 3398 616 3444 ante
651 3405 812 3444 unam
844 3389 1212 3449 mulierculam
1253 3387 1409 3461 fugit.
1445 3389 1742 3445 Considera
1784 3391 1961 3444 virum
1996 3390 2062 3443 ti-

491 3497 642 3538 more
688 3481 997 3552 perculsnm
1038 3483 1103 3537 de
1142 3497 1302 3536 manu
1349 3481 1561 3536 Domini
1608 3490 1834 3536 mortem
1882 3490 2062 3550 petere

491 3587 594 3627 nec
630 3573 900 3641 accipere,
937 3573 1001 3627 de
1043 3588 1204 3627 manu
1251 3571 1492 3626 mulieris
1536 3580 1761 3626 mortem
1810 3571 2062 3641 fugiendo

490 3664 686 3717 vitare.
721 3663 1006 3730 Quaerebat
1057 3663 1200 3718 enim
1247 3672 1514 3726 mortem,
1561 3663 1687 3716 dum
1737 3661 1943 3733 fugeret
1981 3662 2062 3716 di-

485 3768 617 3808 cens
644 3769 658 3807 :
694 3773 711 3804 ι
741 3752 954 3808 Sufficit
982 3753 1138 3817 mihi,
1175 3753 1415 3817 Domine,
1447 3751 1571 3807 tolle
1599 3751 1833 3806 animam
1862 3765 2058 3806 meam.

491 3841 674 3911 Neque
723 3842 867 3896 enim
920 3841 1110 3898 melior
1156 3857 1275 3895 sum
1323 3857 1486 3910 quam
1531 3849 1710 3910 patres
1761 3840 1866 3896 mei
1921 3840 2060 3910 (ΙΙΙ

486 3929 805 4000 Reg.xut).t
825 3932 974 3988 Unde
1010 3947 1140 4001 ergo
1166 3933 1244 3988 sic
1271 3941 1460 4001 potens
1492 3941 1548 3985 ut
1579 3940 1656 3986 tot
1686 3931 1803 3986 illas
1837 3932 2062 3986 virtutes

485 4022 685 4078 faciat?
725 4023 876 4079 Unde
917 4033 1025 4078 tam
1057 4024 1254 4078 cbarus
1280 4023 1392 4078 Deo
1437 4031 1495 4078 ut
1533 4022 1696 4076 etiam
1729 4023 1956 4076 mortuis
1983 4022 2061 4076 vi-

484 4120 593 4166 tam
623 4113 896 4176 restituat,
929 4114 1030 4168 nisi
1074 4113 1202 4182 quia
1235 4112 1501 4182 profundo
1541 4112 1738 4165 divina-3
1775 4112 2057 4181 dispensa-

487 4203 651 4256 tionis
694 4204 926 4258 consilio
968 4218 1238 4258 mensurae
1279 4203 1474 4258 occulti
1520 4202 1821 4258 libraminis
1868 4217 2059 4271 appen-

481 4291 706 4358 dantur,
751 4302 812 4347 ut
849 4293 948 4363 ipsi
993 4308 1217 4347 sunnme
1265 4291 1543 4362 religionis
1581 4291 1681 4345 viri
1729 4301 1785 4346 et
1832 4291 2057 4344 multum

478 4382 702 4438 valeant
745 4399 841 4455 per
886 4385 1118 4438 divinam
1143 4384 1462 4453 potentiam,
1499 4392 1556 4438 et
1602 4399 1790 4438 rursus
1825 4385 2055 4453 quadam

479 4489 733 4528 mensura
773 4475 1036 4529 moderati
1078 4474 1187 4528 sint
1224 4489 1318 4540 per
1343 4473 1713 4528 infirmitatem
1760 4474 1955 4528 suam?
2000 4474 2054 4528 In
2086 4445 2133 4504 υ

477 4563 586 4618 illis
611 4579 845 4633 namque
889 4564 1178 4618 virtutibus
1207 4563 1350 4618 Elias
1374 4564 1501 4633 quid
1544 4563 1610 4618 de
1651 4563 1879 4620 Domino
1907 4577 2058 4620 acce-

476 4663 650 4727 perat,
702 4658 754 4710 in
801 4656 922 4710 istis
965 4670 1095 4710 vero
1130 4654 1538 4710 infirmitatibus
1577 4655 1706 4724 quid
1735 4655 1801 4710 de
1826 4671 1884 4710 se
1910 4666 2058 4727 pole-

477 4757 584 4813 rat,
631 4749 978 4818 agnoscebat.
1022 4747 1114 4801 Illa
1157 4747 1392 4816 potentia
1438 4747 1612 4802 virtus
1655 4748 1902 4814 exstitit,
1951 4749 2052 4804 ista

475 4854 608 4893 vero
629 4839 920 4894 infirmitas
945 4849 1130 4896 custos
1154 4838 1374 4891 virtutis
1405 4838 1540 4890 fuit:
1567 4837 1623 4890 In
1643 4835 1753 4890 illis
1778 4835 2072 4889 virtutibus

482 4929 807 4986 ostendebat
854 4930 984 5000 quid
1030 4937 1352 5000 acceperat,
1408 4932 1462 4985 in
1498 4929 1613 4984 istis
1657 4926 2072 4983 infirmitatibus

484 5025 586 5077 hoc
614 5023 756 5090 quod
786 5032 1073 5091 acceperat
1115 5021 1473 5076 custodiebat.
1499 5021 1574 5084 ,ln
1603 5020 1882 5075 miraculis
1909 5020 2054 5074 Elias

477 5111 904 5176 monstrabatur,
935 5110 986 5164 in
1033 5110 1438 5164 infirmitatibus
1485 5109 1825 5165 servabatur.
1871 5109 2057 5178 Scrip-

461 5211 592 5254 tum
624 5201 821 5270 quippe
858 5208 942 5253 est
971 5198 1095 5267 quia
1143 5199 1279 5252 dixit
1323 5195 1539 5252 Jezabel
1569 5212 1584 5250 :
1631 5215 1650 5248 ι
1682 5196 1806 5252 llaec
1851 5196 2056 5252 faciant

481 5292 612 5346 mihi
643 5293 738 5357 dii,
773 5290 968 5360 inquit,
995 5298 1050 5345 et
1081 5289 1196 5343 haec
1237 5289 1455 5354 addant,
1485 5288 1588 5344 nisi
1635 5289 1736 5342 hac
1764 5290 1898 5344 hora
1928 5304 2051 5344 cras

485 5397 715 5450 posuero
745 5382 980 5436 animam
1016 5389 1158 5434 tuam
1190 5378 1328 5432 sicut
1356 5379 1590 5432 animam
1644 5379 1804 5433 unius
1832 5395 1897 5434 ex
1927 5378 2050 5433 illis.

435 5511 440 5516 .
489 5470 558 5523 Et
584 5472 789 5526 audivit
833 5471 1003 5537 Elias,
1044 5479 1100 5526 et
1145 5469 1342 5532 timuit,
1381 5482 1446 5521 ac
1493 5467 1703 5538 fugiens
1741 5470 1874 5525 abiit
1914 5484 2052 5537 quo-

484 5574 696 5629 cunque
718 5575 839 5616 eum
870 5561 1080 5616 ferebat
1107 5569 1355 5614 vomntas
1393 5557 1444 5629 (1
1450 5558 1603 5627 bid.).
1628 5577 1646 5610 ι
1680 5558 1724 5615 Ο
1746 5560 2052 5614 violentiam

495 5650 676 5706 verbi!
716 5669 746 5705 υ
793 5653 1094 5708 formidinis
1144 5650 1524 5708 eminentiam!
1572 5650 1767 5706 Audito
1815 5650 2054 5706 mulieris

2165 3215 2518 3286 promissione
2551 3213 2770 3284 angelus
2810 3212 2980 3267 dicit:
3030 3230 3047 3262 ι
3081 3211 3196 3280 lpse
3226 3211 3490 3281 praecedet
3521 3217 3649 3264 ante
3675 3207 3738 3261 il-

2164 3309 2274 3364 lum
2308 3307 2363 3360 in
2395 3305 2585 3375 spiritu
2616 3312 2671 3358 et
2701 3304 2904 3358 virtute
2948 3301 3078 3356 Elite
3121 3300 3271 3372 (Luc.
3301 3300 3361 3372 l).
3393 3320 3410 3354 ι
3444 3299 3520 3355 De
3547 3298 3734 3354 eodem

2161 3413 2376 3468 quoque
2422 3396 2632 3451 Joanne
2680 3395 2940 3450 Dominus
2981 3401 3234 3458 testatur,
3279 3391 3501 3446 dicens:
3549 3409 3566 3441 ι
3595 3390 3736 3443 Inter

2162 3498 2318 3543 natos
2349 3487 2630 3540 mulierum
2663 3501 2767 3540 non
2801 3485 3036 3540 surrexit
3068 3481 3237 3550 major
3260 3481 3467 3537 Joanne
3491 3480 3733 3549 Baptista

2163 3577 2373 3649 (Matth.
2410 3577 2507 3646 ιι).
2531 3612 2545 3628 .
2583 3575 2638 3630 Si
2666 3591 2795 3643 ergo
2832 3575 2972 3628 inter
3018 3573 3265 3628 homines
3313 3569 3483 3640 major
3527 3567 3734 3623 Joanne

2161 3685 2318 3724 nemo
2345 3667 2600 3731 surrexit,
2625 3669 2746 3736 quis
2771 3666 2941 3736 major
2965 3665 3099 3731 Elia,
3115 3665 3204 3734 qui
3223 3679 3382 3717 unam
3404 3662 3656 3716 virtutem
3677 3667 3737 3714 ct

2162 3776 2325 3814 unum
2353 3773 2475 3814 cum
2506 3758 2715 3814 Joanne
2742 3757 2990 3826 spiritum
3019 3754 3242 3810 habuit?

2231 3853 2336 3909 Sed
2362 3854 2488 3907 dum
2535 3852 2812 3907 timentem
2845 3849 3151 3904 Ursicinum
3194 3847 3377 3902 timido
3401 3843 3512 3899 Elia
3547 3842 3733 3899 defen-

2158 3945 2288 4000 dere
2337 3944 2582 4008 nitimur,
2623 3943 2790 3997 etiam
2830 3940 3117 3995 infirmitas
3147 3939 3340 3994 summi
3369 3936 3601 4006 pastoris
3630 3936 3732 3990 Ec-

2159 4034 2335 4089 clesim
2378 4035 2444 4088 ad
2475 4033 2794 4088 memoriam
2827 4038 3128 4086 revocatur.
3164 4028 3280 4084 Una
3315 4028 3457 4083 enim
3490 4025 3732 4081 mulieris

2158 4139 2288 4178 voce
2318 4123 2617 4193 perculsus,
2651 4122 2775 4176 dum
2809 4121 2941 4175 mori
2975 4119 3169 4186 timuit,
3195 4119 3362 4172 vitam
3394 4116 3626 4186 negavit.
3661 4115 3728 4168 Et

2159 4224 2287 4268 tunc
2313 4213 2504 4269 Petrus
2542 4213 2595 4267 in
2642 4222 2783 4266 terra
2828 4210 2895 4266 de
2939 4210 3166 4264 Domino
3203 4207 3446 4278 proferre
3493 4205 3734 4260 testimo-

2159 4305 2306 4358 nium
2355 4320 2460 4359 non
2508 4303 2850 4374 praesumpsit
2894 4300 3128 4374 (Matth.
3175 4299 3374 4368 xxvn),
3423 4311 3544 4352 cum
3595 4295 3733 4350 latro

2159 4410 2280 4468 eum
2313 4396 2364 4450 in
2394 4411 2554 4451 cruce
2581 4395 2826 4450 confiteri
2873 4410 2977 4448 non
3011 4392 3188 4447 timuit
3222 4390 3371 4462 (Luc.
3402 4388 3581 4458 xxnt).
3612 4387 3726 4456 Qua

2161 4485 2213 4540 in
2262 4499 2323 4539 re
2373 4484 2825 4539 considerandum
2884 4482 3037 4537 nobis
3091 4489 3175 4536 est
3234 4497 3332 4535 cur
3393 4479 3730 4546 omnipotens

2161 4572 2302 4628 Deus
2329 4589 2450 4628 eum
2500 4589 2659 4643 quem
2708 4581 2917 4628 cunctae
2946 4570 3200 4626 Ecclesia:
3241 4568 3514 4637 prmftcere
3553 4567 3732 4635 dispo-

2159 4668 2285 4732 suit,
2316 4667 2524 4720 ancillae
2553 4679 2742 4720 vocem
2781 4663 3162 4733 pertin'tescere
3205 4669 3258 4715 et
3295 4677 3352 4714 se
3383 4673 3582 4728 negare
3610 4674 3728 4727 pcr-

2160 4759 2328 4812 tnisit.
2361 4756 2514 4823 Quod
2539 4755 2794 4810 nimirum
2825 4769 3030 4824 magna:
3060 4764 3237 4807 actum
3272 4751 3485 4821 pictatis
3515 4749 3728 4818 dispen-

2158 4849 2368 4904 satione
2406 4846 2805 4918 cognoscimus,
2837 4854 2897 4900 ut
2923 4845 2989 4912 is,
3027 4845 3119 4914 qui
3157 4843 3370 4897 futurus
3399 4849 3515 4896 erat
3543 4850 3729 4910 pastor

2158 4939 2432 5005 Ecclesiae,
2463 4939 2515 4992 in
2563 4953 2659 4992 sua
2703 4938 2856 5006 culpa
2902 4937 3137 4992 disceret
3165 4934 3396 5004 qualiter
3424 4933 3544 4986 aliis
3569 4935 3728 4986 mise-

2159 5032 2264 5086 reri
2303 5032 2594 5096 debuisset.
2641 5031 2798 5084 Prius
2845 5029 3026 5099 itaque
3076 5043 3198 5083 eum
3245 5025 3481 5080 ostendit
3528 5023 3631 5078 sibi
3671 5030 3727 5078 et

2158 5134 2283 5178 tunc
2312 5122 2600 5193 praeposuit
2624 5121 2837 5175 caneris
2857 5159 2872 5185 ,
2895 5129 2954 5173 ut
2983 5135 3048 5174 ex
3072 5133 3168 5173 sua
3196 5115 3508 5171 infirmitate
3529 5129 3726 5183 cogno—

2155 5224 2330 5268 sceret
2357 5212 2586 5281 qualiter
2604 5211 2778 5264 aliena
2816 5209 3028 5264 infirma
3052 5208 3324 5262 toleraret.
3350 5205 3426 5258 Ad
3450 5203 3726 5259 hocetiam

2157 5305 2435 5374 Scriptura
2462 5319 2614 5358 sacra
2649 5303 2884 5357 virorum
2933 5301 3140 5364 talium,
3168 5299 3218 5352 id
3245 5307 3347 5362 est,
3378 5295 3505 5349 Elite
3535 5305 3588 5348 et
3616 5293 3721 5347 Pe-

2159 5396 2225 5449 tri
2275 5395 2452 5464 lapsus
2500 5393 2738 5458 indicat,
2792 5401 2852 5446 ut
2891 5391 3050 5446 ruina
3101 5386 3366 5456 majorum
3416 5385 3489 5438 sit
3516 5381 3724 5438 cautela

2159 5483 2451 5541 minorum.
2506 5485 2584 5538 Ad
2635 5485 2737 5538 hoc
2786 5498 2916 5537 vero
2959 5487 3270 5535 sanctorum
3303 5487 3358 5532 et
3406 5471 3724 5545 pmnitentia

2161 5579 2461 5634 insinuatur
2501 5587 2557 5631 et
2587 5575 2763 5638 venia,
2796 5584 2850 5627 ut
2883 5589 3004 5642 spes
3031 5571 3100 5626 sit
3127 5568 3466 5640 pereuntium
3499 5579 3721 5633 recupe-

2164 5672 2298 5725 ratio
2340 5669 2693 5740 perditorum.
2727 5663 2803 5718 De
2830 5671 2973 5718 statu
3003 5675 3131 5730 ergo
3162 5675 3258 5715 suo
3302 5657 3462 5713 Petro
3499 5655 3726 5711 cadente
