4184 6448
532 341 634 397 597

1902 343 2134 400 SEllMO
2177 344 2311 403 ΧΗ]
2340 351 2435 404 bis.

3686 362 3789 417 598

532 465 690 505 nemo
709 451 1022 521 superbiat;
1054 452 1121 508 de
1150 451 1302 525 lapsu
1330 454 1494 510 etiam
1521 470 1618 510 suo
1658 455 1820 511 Petro
1849 466 2102 527 surgente
2133 459 2180 519 Α
2206 459 2368 517 elatio
2396 462 2624 520 forsitan
2653 475 2934 537 potuisset,
2959 483 3080 539 qua:
3105 469 3252 525 illum
3276 472 3444 528 multo
3465 473 3786 545 profundius

535 554 694 594 nemo
714 540 985 610 desperet.

602 630 646 685 E
670 640 861 686 contra
889 672 905 697 ,
935 647 1096 702 quam
1126 633 1451 690 mirabiliter
1484 635 1765 707 Scriptura
1813 637 1994 692 divina
2019 654 2108 692 su-

533 720 731 788 perbos
749 721 967 790 premit,
986 736 1107 791 quae
1120 722 1351 779 humiles
1360 725 1538 796 erigit.
1559 726 1730 782 Unam
1744 742 1978 795 namque
1992 740 2105 782 rem

533 816 745 878 gestam
767 811 969 877 retulit;
997 820 1050 867 et
1078 813 1293 870 diverso
1318 815 1476 870 modo
1510 818 1769 888 superbos
1794 818 2013 887 quidem
2039 819 2106 872 ad

535 899 855 957 humilitatis
868 898 1235 970 formidinem,
1257 905 1488 961 humiles
1500 921 1630 962 vero
1642 907 1709 963 ad
1727 909 1839 977 spei
1856 907 2107 962 ﬁduciam

534 990 830 1046 revocavit.
852 990 1229 1049 Inaestimabile
1257 1011 1453 1066 nempe
1469 1006 1553 1051 est
1581 997 1685 1053 hoc
1715 1013 1912 1053 novum
1944 997 2109 1052 medi-

533 1082 763 1135 camenti
784 1097 977 1152 genus,
993 1084 1135 1154 quod
1156 1101 1263 1141 uno
1281 1088 1577 1157 eodemque
1594 1089 1783 1144 ordine
1801 1090 2034 1159 positum
2057 1097 2111 1143 et

534 1174 828 1240 premendo
881 1175 1120 1231 exsiccat
1165 1178 1368 1231 tumida
1396 1218 1411 1242 ,
1458 1187 1515 1234 et
1560 1179 1890 1236 sublevando
1926 1173 2110 1234 infun-

535 1262 615 1318 dit
657 1263 772 1334 88
825 1265 1054 1320 arentia.
1095 1265 1172 1321 De
1223 1267 1488 1336 majorum
1537 1274 1772 1340 namtjue
1817 1285 1915 1327 nos
1958 1270 2110 1341 lapsu

491 1368 495 1371 ·
536 1355 752 1420 terruit,
800 1355 894 1411 sed
934 1358 1000 1412 de
1047 1359 1389 1426 reparatione
1438 1360 1728 1417 roboravit.
1782 1360 1875 1416 Sic
1916 1361 2112 1430 quippe

535 1458 767 1515 semper,
810 1446 890 1500 sic
922 1461 1022 1502 nos
1056 1448 1250 1503 divina:
1279 1449 1697 1518 dispensationis
1738 1451 2108 1506 misericordia

535 1544 591 1590 et
631 1538 1006 1608 superbientes
1049 1540 1313 1609 reprimit,
1358 1549 1415 1598 et
1450 1556 1519 1598 ne
1558 1542 1627 1597 ad
1678 1542 2106 1614 desperationem

535 1642 853 1685 corruamus
881 1628 1055 1687 fulcit.
1093 1632 1451 1689 Considerare
1486 1634 1619 1690 libet
1663 1635 1803 1691 intra
1842 1635 2106 1690 munitum

534 1724 722 1795 gratiae
751 1724 928 1780 sinum
965 1735 1169 1795 quanto
1198 1727 1339 1782 Deus
1364 1728 1753 1785 misericordiae
1782 1728 1965 1784 favore
2008 1745 2107 1785 nos

2210 563 2496 622 mergeret,
2521 555 2624 610 nisi
2650 572 2782 614 eum.
2800 557 2970 612 levior
2997 561 3310 617 tentationis
3337 578 3467 617 aura
3492 563 3782 633 pulsasset.

2209 639 2499 712 Postquam
2529 644 2673 698 enim
2706 645 2963 701 Dominus
2998 657 3209 705 mentes
3239 662 3452 708 nostras
3482 652 3550 708 ad
3575 653 3786 725 perfec-

2210 728 2409 783 tionem
2448 731 2688 798 roborat,
2721 749 2844 788 mox
2876 735 3143 792 visitando
3177 740 3536 796 tentationum
3586 744 3791 801 aculeis

2209 819 2423 888 probat.
2453 819 2554 886 Qui
2588 833 2645 876 et
2687 825 2996 880 accedendo
3027 827 3188 883 corda
3238 838 3419 884 nostra
3450 831 3520 886 ad
3558 832 3790 888 virtutes

2210 911 2475 977 provenit,
2507 918 2562 964 et
2592 913 2895 968 recedendo
2927 916 3138 971 concuti
3168 918 3464 973 tentatione
3500 921 3788 989 permittit.

2208 996 2343 1053 Nam
2375 1000 2421 1055 si
2453 1010 2575 1070 post
2601 1001 2862 1058 virtutum
2904 1020 3132 1061 munera
3163 1006 3306 1063 nulla
3338 1023 3439 1064 nos
3473 1010 3788 1065 tentatiouis

2209 1102 2340 1144 aura
2365 1102 2697 1160 concuteret,
2725 1096 2829 1151 hoc
2844 1097 2967 1168 jam
2979 1113 3038 1154 se
3061 1099 3261 1155 habere
3282 1102 3496 1157 animus
3521 1117 3588 1159 ex
3613 1118 3787 1159 seme-

2212 1183 2352 1251 tipso
2384 1183 2636 1253 iactaret.
2675 1185 2747 1241 Ut
2779 1201 2909 1259 ergo
2957 1197 3013 1245 et
3066 1189 3337 1245 firmitatis
3389 1192 3527 1247 dona
3583 1193 3791 1249 utiliter

2212 1270 2410 1327 habeat
2434 1281 2489 1329 et
2522 1265 2889 1333 infirmitatem
2919 1294 3072 1333 suam
3110 1281 3381 1338 humiliter
3413 1294 3788 1355 recognoscat,

2209 1375 2306 1430 per
2327 1377 2601 1420 accessum
2629 1367 2817 1436 gratia:
2838 1368 2904 1422 ad
2926 1368 2977 1422 al
3003 1386 3032 1421 a
3058 1371 3376 1435 sustollitur.
3399 1382 3455 1428 et
3475 1389 3570 1444 per
3598 1390 3783 1430 reces-

2210 1463 2328 1504 sum
2363 1451 2491 1520 qud
2527 1452 2730 1523 sit89
2755 1468 2822 1508 ex
2852 1448 3141 1525 semetipso
3174 1457 3463 1513 salubriter
3496 1461 3788 1529 experitur.

2209 1538 2361 1605 Quod
2396 1541 2532 1596 bene
2562 1543 2717 1597 nobis
2758 1542 2920 1598 etiam
2952 1558 3018 1604 ex
3060 1544 3281 1600 historia
3328 1550 3511 1601 sacrae
3545 1548 3793 1604 lectionis

2213 1630 2475 1696 inunitur,
2502 1647 2606 1702 qua
2634 1631 2890 1689 Salomon
2912 1645 2967 1690 et
2992 1635 3246 1698 divinitus
3276 1637 3554 1707 accepisse
3583 1640 3787 1708 sapien-

2211 1718 2338 1772 tiam
2371 1719 2587 1785 dicitur,
2619 1730 2675 1776 et
2708 1730 2887 1778 tamen
2937 1731 3059 1792 post
3089 1733 3368 1795 acceptam
3400 1727 3644 1781 eamdem
3693 1742 3784 1782 sa-

537 1815 793 1870 coutinet.
818 1815 957 1871 Ecce
975 1817 1065 1886 qui
1088 1832 1146 1872 se
1160 1817 1227 1874 de
1242 1818 1530 1877 virtutibus
1552 1821 1781 1887 extollit,
1801 1836 1897 1892 per
1918 1820 2105 1875 vitium

2220 1810 2464 1880 pientiam
2497 1813 2841 1868 meretricum
2873 1814 3055 1868 statim
3081 1813 3324 1885 pulsatus
3348 1816 3644 1884 quzestione
3674 1831 3785 1871 me-

537 1905 602 1959 ad
627 1904 980 1963 humilitatem
1014 1908 1172 1964 redit.
1203 1909 1302 1977 Qui
1323 1911 1493 1982 gratia
1515 1921 1751 1981 acceptae
1775 1911 1989 1966 virtutis
2011 1926 2105 1965 ex-

542 1997 764 2064 tollitur,
805 2015 912 2054 non
951 2000 1148 2071 gladio,
1193 2004 1307 2067 sed,
1350 2011 1412 2058 ut
1455 2003 1528 2059 ita
1579 2004 1831 2070 dixerim,
1879 2003 2111 2060 medica-

542 2098 724 2147 mento
752 2090 1085 2146 vulneratur.
1120 2090 1259 2159 Quid
1299 2093 1445 2148 enim
1475 2093 1682 2160 virtus,
1729 2095 1831 2150 nisi
1877 2095 2112 2150 medica-

541 2182 817 2237 mentum?
834 2181 901 2237 Et
919 2183 1048 2252 quid
1071 2184 1282 2250 vitium,
1308 2185 1414 2240 nisi
1444 2185 1666 2241 vulnus?
1693 2186 1829 2254 Quia
1857 2198 1986 2258 ergo
2012 2202 2112 2242 nos

540 2272 607 2326 de
634 2272 1027 2330 medicamento
1055 2274 1248 2331 vulnus
1277 2275 1526 2343 facimus,
1565 2276 1697 2333 facit
1729 2278 1870 2333 Deus
1900 2278 1966 2333 de
1998 2278 2114 2334 vul-

541 2373 679 2414 uere-
697 2361 1172 2428 medicamentum,
1193 2364 1363 2433 utqui
1384 2365 1582 2420 virtute
1601 2367 1953 2436 percutimur,
1981 2366 2113 2423 vitio

541 2466 815 2508 curemur.
861 2451 970 2510 Nos
1005 2469 1236 2525 namque
1276 2456 1534 2511 virtutum
1565 2459 1704 2512 doua
1740 2468 2116 2537 retorquemus

544 2541 597 2595 in
621 2557 773 2596 usum
804 2543 1081 2608 vitiorum,
1107 2546 1198 2599 ille
1229 2546 1482 2601 vitiorum
1509 2546 1648 2600 mala
1674 2549 1901 2603 assumit
1923 2548 1978 2602 in
1999 2556 2117 2603 arte

543 2633 832 2696 virtutum;
849 2634 1016 2704 utqui
1045 2635 1406 2691 humilitatem
1434 2639 1672 2693 curantis
1700 2635 1806 2709 fugi
1816 2653 1952 2701 mus,
1969 2637 2117 2693 salu-

546 2732 652 2779 tem
677 2725 993 2781 concedenti
1025 2725 1458 2797 inseparabiliter
1489 2728 1812 2784 haereamus.

616 2813 722 2870 Sed
755 2814 896 2872 inter
925 2816 1038 2872 htee
1066 2817 1343 2873 sciendum
1374 2826 1454 2873 est
1485 2817 1626 2888 quod
1655 2816 1898 2888 plerique
1939 2816 2117 2873 homi-

547 2919 672 2957 num
696 2905 876 2974 quoin
898 2905 1085 2960 multis
1105 2915 1366 2960 corruunt
1387 2906 1589 2960 arctius
1612 2906 1865 2977 ligantur,
1889 2920 2120 2976 cumque

546 3008 642 3049 eos
670 2994 924 3064 antiquus
959 2994 1130 3050 hostis
1159 3010 1226 3050 ex
1260 3010 1366 3051 uno
1393 2995 1524 3050 vitio
1553 2995 1821 3066 percutit,
1849 3004 1910 3051 ut
1941 2996 2120 3051 conci-

549 3082 707 3145 dant,
742 3099 808 3138 ex
845 3083 950 3138 alio
978 3099 1192 3154 quoque
1236 3084 1393 3156 ligat,
1425 3100 1494 3140 ne
1523 3092 1767 3155 surgant.
1806 3085 2121 3142 Consideret

2212 1908 2453 1955 moratur
2477 1900 2597 1972 (III
2627 1900 2755 1971 Reg.
2792 1903 2897 1973 ιιι).
2928 1902 3050 1958 Mox
3096 1904 3240 1959 enim
3269 1914 3328 1960 ut
3356 1906 3584 1975 gratiam
3626 1914 3793 1961 tanue'

2212 1992 2560 2049 revelationis
2610 1995 2845 2064 accepit,
2892 2005 3163 2052 certamen
3217 1998 3452 2069 turpium
3504 1997 3788 2056 mulierum

2210 2083 2449 2152 pertulit,
2481 2084 2606 2155 quia
2633 2085 2885 2140 nimirum
2923 2102 3084 2158 saepe,
3118 2102 3236 2142 cum
3268 2098 3501 2145 mentem
3551 2099 3790 2147 nostram

2213 2173 2485 2229 concessis
2513 2173 2803 2229 virtutibus
2834 2176 3097 2246 respectio
3134 2176 3339 2233 intimae
3367 2177 3633 2236 claritatis
3668 2179 3791 2235 illus

2215 2264 2405 2330 minat,
2439 2264 2578 2320 hanc
2609 2265 2772 2320 etiam
2800 2264 3019 2322 lubricae
3066 2268 3424 2339 cogitationes
3455 2271 3794 2337 turbant,‘ut

2215 2370 2374 2425 quem
2397 2355 2672 2411 sublevata
2693 2355 2936 2426 impenso
2957 2372 3179 2412 munere
3198 2357 3542 2428 perfectionis
3561 2360 3794 2426 exultat,

2217 2448 2379 2502 etiam
2407 2447 2702 2501 tentatione
2721 2446 2930 2518 pulsata
2959 2448 3089 2518 quid
3119 2448 3190 2504 sit
3216 2449 3473 2504 inveniat.

2288 2536 2516 2592 Videbat
2552 2546 2732 2593 autem
2776 2537 2968 2593 beatus
3018 2547 3220 2610 martyr
3283 2539 3560 2594 Ursicinus
3600 2556 3792 2615 omnes

2216 2627 2358 2682 circa
2427 2642 2487 2684 se
2548 2626 2844 2683 crudeliter
2889 2627 3162 2696 fremere,
3240 2628 3308 2685 ad
3370 2630 3786 2700 expugnandum

2216 2716 2414 2773 Christi
2445 2731 2638 2773 nomen
2670 2716 3112 2773 irrationabiiiter
3139 2717 3406 2784 insanire,
3437 2729 3664 2775 cunctos
3694 2734 3792 2789 per
3852 2781 3875 2795 ν

2219 2806 2451 2877 abrupta
2484 2807 2687 2862 erroris
2721 2806 2773 2862 in
2798 2807 3160 2877 praacipitium
3188 2808 3430 2874 tendere,
3460 2823 3651 2864 onmes
3695 2822 3792 2864 ve~

2221 2896 2402 2951 ritatis
2457 2897 2631 2961 viam,
2693 2898 2909 2952 amissis
2950 2886 3132 2952 cordis
3181 2897 3352 2953 oculis
3397 2899 3670 2968 ignorare,
3735 2907 3789 2955 ct
3869 2943 3874 2947 .

2223 2985 2425 3041 idcirco
2455 2994 2601 3042 tanta
2631 2987 2952 3057 cogitatione
2978 2988 3247 3057 potuisset
3273 2987 3496 3043 forsitan
3541 2989 3796 3045 arbitrari

2226 3079 2495 3135 neminem
2542 3093 2828 3150 superesse
2861 3078 2953 3149 qui
2979 3079 3091 3135 suis
3115 3080 3320 3135 meritis
3346 3080 3549 3136 valeret
3571 3083 3796 3152 mquari.

549 3186 678 3243 ergo
706 3172 866 3228 homo
899 3150 1021 3228 eum
1059 3150 1165 3242 quo
1194 3150 1505 3229 adversario
1539 3150 1737 3229 bellum
1765 3183 1936 3246 gerat,
1977 3185 2032 3231 οι
2073 3177 2117 3232 si
2145 3150 2196 3216 (ἶ
2226 3168 2561 3240 Quapropter
2574 3170 2754 3226 divina
2781 3170 2929 3226 illum
2956 3169 3127 3241 pietas
3153 3171 3347 3227 cadere
3377 3173 3442 3225 ad
3461 3183 3790 3227 momentum

543 3260 656 3331 jam
692 3278 750 3318 se
789 3262 843 3317 in
890 3262 1070 3333 aliquo
1109 3262 1395 3333 deliquisse
1434 3264 1739 3334 perpendit,
1780 3264 1968 3321 saltem
2001 3277 2117 3335 post

552 3354 762 3424 culpam
815 3355 1183 3424 pertimescat,
1231 3365 1288 3410 ut
1334 3356 1574 3412 studiose
1618 3357 1856 3413 vitentur
1897 3357 2118 3412 vulnera

552 3444 745 3514 quibus
799 3445 1109 3516 frequenter
1154 3446 1501 3515 interﬁcitur,
1549 3449 1690 3518 quod
1740 3447 1896 3503 valde
1938 3464 2120 3503 rarum

553 3545 629 3591 est
663 3545 722 3591 ut
764 3537 937 3592 hostis
963 3548 1147 3592 noster
1170 3537 1464 3593 electorum
1488 3536 1793 3609 aegritudini
1822 3536 1987 3593 etiam
2010 3535 2123 3591 vul-

555 3626 773 3682 neribus
819 3626 1114 3682 medeatur.
1163 3626 1498 3683 Erudiendos
1548 3626 1691 3680 enim
1741 3625 1943 3681 electos
1995 3641 2124 3681 suos

512 3720 518 3727 ’
558 3718 817 3773 Dominus
846 3734 986 3790 saepe
1017 3719 1271 3775 tentatori
1302 3717 1535 3788 subjicit.
1568 3717 1721 3774 Sicut
1741 3725 1863 3789 post
1886 3717 2123 3788 paradisi

557 3809 814 3873 claustra,
851 3817 973 3880 post
1009 3810 1151 3864 tertii
1183 3808 1305 3866 coeli
1354 3817 1580 3874 secreta,
1627 3824 1695 3865 nc
1735 3802 2123 3890 revelationum

560 3900 927 3968 magnitudine
969 3899 1169 3954 Paulus
1202 3899 1478 3970 apostolus
1516 3898 1701 3954 extolli
1746 3898 2032 3967 potuisset,
2074 3897 2123 3952 ei

560 3989 774 4045 Satanae
809 3990 1031 4062 angelus
1066 3991 1223 4046 datus
1252 3998 1354 4046 est.
1393 3990 1533 4045 Ecce
1573 3988 1665 4059 qui
1699 3987 1936 4059 paradisi
1978 3986 2128 4056 prius

559 4092 768 4137 secreta
798 4082 1122 4147 considerat,
1160 4082 1228 4138 ad
1271 4081 1617 4151 semetipsum
1666 4079 1899 4145 rediens,
1938 4087 2127 4133 contra

559 4176 740 4230 carnis
766 4175 963 4230 bellum
988 4175 1216 4241 laborat,
1248 4174 1413 4245 legem
1445 4173 1604 4228 aliam
1633 4170 1688 4225 in
1719 4169 1974 4225 membris
2005 4184 2129 4225 sus-

563 4266 715 4331 tinet,
747 4264 902 4334 cujus
928 4265 1216 4321 rebellione
1247 4263 1457 4335 fatigari
1498 4260 1720 4331 spiritus
1746 4258 1918 4329 legem
1948 4259 2125 4314 docet.

561 4356 691 4411 Post
723 4356 1066 4412 donationem
1095 4370 1222 4425 ergo
1252 4353 1493 4409 muneris
1533 4353 1674 4407 Deus
1701 4350 1971 4405 hominem
2002 4363 2130 4419 pro-

561 4446 673 4511 hat,
705 4446 830 4515 quia
868 4457 923 4500 et
966 4445 1160 4501 collato
1193 4457 1417 4499 munere
1462 4441 1723 4506 sublevat,
1755 4447 1812 4495 et
1857 4440 2129 4494 abstracto

563 4534 856 4605 paululum,
881 4536 1052 4604 ipsum
1081 4533 1182 4589 sibi
1207 4533 1481 4589 hominem
1507 4531 1861 4587 demonstrat.
1888 4529 2041 4597 Quod
2070 4543 2136 4584 eo

563 4639 733 4694 usque
772 4625 956 4695 procul
989 4624 1152 4679 dubio
1189 4624 1442 4693 patimur,
1482 4636 1612 4691 quo,
1660 4620 1873 4675 detersa
1897 4617 2137 4674 funditus

566 4717 685 4773 labe
712 4717 942 4787 peccati,
986 4716 1053 4771 ad
1091 4715 1371 4786 promissa:
1422 4712 1843 4784 incorruptionis
1886 4710 2138 4767 substan-

567 4808 695 4862 tiam
720 4806 1093 4862 reformemur.
1107 4805 1211 4860 Sed
1236 4797 1347 4873 ipsa
1372 4803 1474 4857 hac
1499 4802 1795 4857 tentatione
1834 4799 2137 4870 disponitur

567 4907 625 4951 ut
659 4898 749 4967 qui
795 4897 921 4952 elati
957 4896 1132 4957 perire
1161 4902 1432 4965 poterant,
1462 4892 1729 4947 humiliati
1757 4907 1787 4945 a
1831 4890 2137 4962 perditione

565 4992 871 5041 SCI‘VCllllll‘.

640 5076 862 5133 Secreto
906 5089 1045 5145 ergo
1073 5071 1487 5142 dispensationis
1514 5070 1726 5134 ordine,
1758 5071 1900 5125 unde
1948 5068 2139 5124 szevire

570 5167 901 5238 permittitur
930 5163 1187 5235 iniquitas
1207 5160 1426 5227 diaboli,
1458 5160 1582 5216 inde
1610 5160 1697 5229 pie
1732 5157 2011 5228 perﬁcitur
2045 5157 2138 5211 be-

570 5258 804 5330 nignitas
843 5256 958 5311 Dei.
998 5251 1494 5323 Quia'adversarius
1535 5259 1716 5307 noster
1759 5250 1882 5304 inde
1932 5250 2140 5304 obtem-

570 5358 723 5420 perat
755 5348 976 5404 nutibus
1019 5358 1265 5415 superna:
1298 5342 1503 5413 gratiae,
1557 5343 1695 5397 unde
1740 5349 1957 5396 exercet
2004 5340 2136 5394 iram

573 5441 913 5512 nequissima:
941 5435 1232 5493 voluntatis
1261 5447 1391 5489 suae.
1424 5432 1578 5499 Nam,
1613 5435 1739 5488 dum
1777 5433 1967 5488 beatus
1993 5429 2144 5486 Ursi-

572 5533 725 5587 cinus
757 5537 835 5585 tot
867 5545 967 5600 pro
1003 5541 1187 5583 amore
1219 5525 1416 5581 Christi
1462 5532 1726 5579 tormenta
1773 5522 2058 5596 perferret,
2088 5531 2144 5578 et

577 5625 717 5680 inter
741 5623 1041 5680 lacerantes
1069 5636 1261 5676 manus
1286 5618 1598 5675 carnificum
1624 5618 1911 5674 immobilis
1930 5634 2143 5688 perma-

580 5722 750 5780 neret,
780 5712 1054 5783 subripere
1084 5711 1181 5767 sibi
1216 5712 1280 5766 de
1320 5709 1653 5771 fortitudinis
1683 5723 1792 5764 suae
1835 5707 2137 5764 constantia

2227 3260 2414 3325 voluit,
2444 3269 2499 3315 et
2527 3275 2650 3316 mox
2681 3260 2747 3315 de
2775 3269 2988 3315 terrena
3017 3260 3204 3315 militia
3236 3260 3506 3317 hominem
3534 3262 3624 3331 qui
3663 3278 3787 3317 eum

2223 3345 2457 3422 erigeret
2489 3350 2750 3406 divinitus
2795 3351 3068 3415 excitavit,
3125 3359 3203 3415 ut,
3254 3352 3387 3405 dum.
3429 3351 3496 3406 de
3528 3341 3786 3408 secuturi

2222 3443 2385 3496 etiam
2436 3442 2627 3497 ordine
2678 3442 2846 3496 multo
2900 3456 2960 3497 se
3008 3441 3291 3496 fortiorem
3334 3453 3387 3498 et
3440 3443 3796 3499 robustiorem

2224 3539 2490 3597 cerneret,
2520 3531 2587 3586 ad
2616 3532 3042 3603 cognoscendam
3074 3530 3443 3586 infirmitatem
3484 3547 3636 3588 suam
3667 3548 3790 3589 cer-

2226 3612 2397 3678 vicem
2447 3621 2628 3678 cordis
2672 3621 2951 3677 humiliter
2995 3621 3295 3676 inclinaret.
3344 3620 3482 3677 Hinc.
3522 3631 3608 3676 est
3649 3624 3792 3692 quod

2225 3717 2406 3779 Elias,
2450 3715 2517 3770 de
2562 3728 2671 3784 quo
2713 3713 2960 3783 superius
3008 3713 3210 3768 dicttnn
3256 3722 3367 3777 est,
3411 3711 3539 3766 dum
3581 3712 3797 3768 Jezabcl

2227 3807 2444 3862 territus
2471 3804 2700 3875 fugeret,
2725 3814 2778 3860 et
2801 3820 2860 3860 se
2884 3804 3055 3859 solum
3080 3804 3185 3859 Deo
3226 3819 3293 3859 ex
3322 3804 3573 3860 omnibus
3602 3819 3791 3875 super-

2225 3896 2407 3951 stitem
2433 3896 2747 3958 aestimaret,
2775 3892 2959 3948 dicens
2985 3912 2999 3948 :
3039 3912 3056 3944 ι
3089 3892 3332 3957 Domine,
3355 3893 3645 3962 prophetas
3671 3902 3791 3948 tuos

2225 3985 2568 4049 occiderunt,
2601 3983 2789 4038 altaria
2817 3995 2905 4038 tua
2945 3981 3303 4036 demolierunt
3321 4021 3335 4047 ,
3366 3991 3420 4036 et
3449 3997 3550 4051 ego
3577 3982 3796 4038 relictus

2226 4091 2345 4130 sum
2394 4075 2563 4140 solus,
2611 4085 2667 4129 et
2705 4082 2954 4143 quaerunt
2998 4072 3232 4126 animam
3282 4087 3456 4128 meam
3507 4073 3626 4146 (Ill
3668 4073 3801 4145 Reg.

2227 4163 2373 4235 xix);
2406 4184 2424 4216 ι
2469 4171 2524 4217 ιιι
2555 4162 2846 4216 elationem
2875 4161 3070 4216 mentis
3091 4160 3208 4231 ejus
3246 4161 3566 4230 reprimeret
3614 4162 3800 4217 Domi-

2228 4272 2351 4321 nus,
2385 4254 2659 4325 respondit
2687 4253 2870 4307 dieens
2905 4267 2918 4306 :
2949 4272 2966 4303 ι
3000 4250 3209 4320 Reliqui
3242 4250 3370 4306 mihi
3402 4260 3607 4321 septem
3637 4252 3803 4306 millia

2230 4346 2490 4409 virorum,
2517 4344 2608 4413 qui
2653 4358 2758 4397 non
2798 4349 3163 4397 curvaverunt
3205 4328 3378 4411 genua
3404 4358 3499 4397 sua
3526 4350 3651 4397 ante
3680 4343 3806 4396 Baal

2240 4434 2464 4507 (Ibid.).
2501 4451 2520 4484 ι
2581 4432 2801 4486 Certum
2828 4430 3026 4500 quippe
3078 4438 3164 4485 est
3207 4431 3351 4498 quod
3403 4430 3582 4484 cordis
3623 4432 3808 4485 oculos

2239 4524 2534 4595 exstinguit
2556 4523 2671 4593 qui,
2707 4537 2827 4577 cum
2856 4532 3001 4575 recte
3045 4522 3183 4591 agit,
3231 4521 3574 4576 considerare
3620 4522 3805 4588 proxi-

2238 4630 2446 4669 morum
2489 4612 2679 4667 merita
2712 4609 2952 4682 negligit.
2987 4611 3060 4666 At
3098 4620 3322 4675 contra,
3361 4624 3554 4680 magno
3588 4610 3807 4664 humili-

2241 4704 2366 4759 tatis
2392 4703 2542 4758 radio
2572 4703 2923 4773 semetipsum
2968 4702 3240 4757 illuminat
3265 4700 3357 4771 qui
3398 4701 3623 4756 aliorum
3665 4703 3807 4759 bona

2237 4793 2507 4849 subtiliter
2552 4784 2780 4863 penSat;
2829 4792 2954 4862 quia
2999 4791 3124 4845 dum
3180 4807 3241 4845 ca
3265 4804 3386 4860 quae
3429 4791 3543 4860 ipse
3598 4790 3806 4859 fecerit,

2240 4884 2381 4940 facta
2410 4883 2544 4941 foris
2571 4885 2716 4940 etab
2739 4883 2858 4938 aliis
2877 4882 3160 4951 conspicit,
3184 4896 3327 4947 eum,
3357 4882 3449 4951 qui
3477 4885 3543 4938 de
3575 4884 3814 4955 singula-

2244 4977 2404 5031 ritate
2450 4976 2593 5030 intus
2635 4988 2919 5043 erumpere
2943 4972 3170 5036 nititur,
3224 4974 3490 5041 superbia:
3536 4982 3813 5031 tumorem

2244 5067 2459 5137 premit.
2505 5084 2524 5117 ι
2559 5064 2793 5134 Reliqui,
2827 5062 3022 5132 inquit,
3052 5062 3184 5116 mihi
3227 5073 3431 5133 septem
3461 5064 3624 5118 millia
3660 5064 3809 5141 viro:

2242 5175 2385 5224 rmn,
2431 5156 2523 5226 qui
2561 5170 2666 5210 non
2695 5160 3056 5208 curvaverant
3084 5166 3257 5222 genua
3296 5166 3394 5208 sua
3441 5162 3567 5208 ante
3604 5152 3811 5221 Baal,1

2244 5263 2344 5315 ut,
2374 5249 2499 5303 dum
2541 5261 2647 5301 non
2674 5242 2845 5298 solum
2901 5256 2961 5298 se
3031 5243 3353 5298 remansisse
3416 5253 3817 5314 cognosceret,

2245 5339 2489 5396 elationis
2516 5335 2764 5407 gloriam,
2789 5349 2911 5404 quae
2945 5333 2994 5388 ei
3026 5334 3093 5389 de
3135 5333 3502 5404 singularitate
3533 5337 3810 5405 surgebat,

2246 5430 2546 5487 inclinaret.
2590 5427 2854 5497 PrOphcta
2885 5440 3076 5494 nempe
3108 5435 3222 5479 erat
3247 5465 3262 5488 ,
3288 5434 3342 5478 et
3377 5440 3517 5494 saepe
3555 5429 3812 5497 mysteria

2244 5535 2475 5593 superna
2496 5526 2841 5590 cognoverat.
2858 5516 2996 5583 Quid
3014 5530 3143 5586 ergo
3168 5514 3378 5571 difﬁcile
3400 5516 3499 5572 fuit
3519 5531 3814 5587 agnoscere

2246 5617 2297 5672 in
2327 5613 2527 5671 mundo
2556 5611 2740 5667 fideles
2767 5610 2874 5665 Deo
2907 5607 3135 5663 famulos
3174 5616 3228 5662 et
3267 5607 3404 5662 alios
3443 5611 3806 5668 remansisse?

2247 5707 2351 5779 sed
2378 5706 2504 5761 hinc
2528 5704 2756 5759 solerter
2786 5699 3101 5756 intuendum
3127 5709 3211 5755 est
3237 5698 3449 5759 oculum
3472 5702 3653 5759 cordis
3680 5704 3799 5759 cla-
