4184 6458
398 281 505 343 599

1007 287 1065 347 5.
1107 289 1310 349 PETRI
1339 290 1623 349 DAMIANI
1662 287 1812 344 Ul’l‘.
1842 285 2021 340 PARS
2045 285 2175 342 SEU
2210 286 2446 353 TOMUS
2483 289 2630 345 ll.—
2667 286 3052 369 SERMONES.

3553 287 3657 343 600

398 409 651 475 tioquam
668 407 915 477 nequiter
939 407 1176 474 claudat,
1191 409 1318 481 quia
1334 408 1426 480 qui
1453 404 1675 463 humilis
1695 404 1975 479 etoccujta
2005 400 2052 462 Α
2081 402 2329 471 sumpsit.
2359 402 2452 456 Ait
2471 401 2617 457 enim
2643 420 2656 456 :
2696 419 2714 453 ι
2744 400 2954 467 Mulier,
2980 415 3142 471 quam
3174 399 3366 456 dedisti
3399 399 3531 455 mihi
3574 414 3662 456 so-

401 492 499 552 Dei
541 507 795 563 noverat,
830 498 1008 554 elatus
1035 506 1091 554 et
1113 507 1299 567 aperta
1325 499 1619 555 nesciebat.
1643 495 1713 554 Ut
1752 512 1895 567 ergo
1918 497 1977 551 Β.

404 582 686 666 Ursicinus
731 586 1050 644 barathrum
1115 588 1366 646 elationis
1405 590 1661 646 evaderet
1686 626 1703 656 ,
1736 589 1980 660 'dignum

354 676 357 679 “
402 678 505 733 fuit
559 686 617 734 ut
653 679 897 737 cadendo
939 679 1176 738 disceret
1203 681 1326 751 quia
1374 696 1483 737 non
1513 696 1630 748 sua,
1671 680 1763 736 sed
1806 681 1981 737 aliena

399 768 605 825 virtute
639 770 898 826 stetisset.
930 770 1185 828 Permisit
1222 773 1403 829 divina
1447 772 1741 829 clementia
1794 772 1978 828 excel-

375 851 519 912 'sam
559 860 794 929 paradisi
846 860 1071 916 cedrum
1122 862 1316 919 leviter
1363 864 1610 925 concuti,
1644 878 1712 918 ne
1741 863 1980 918 irruente

399 944 648 1002 Validiosi
694 947 909 1005 turbine
937 949 1196 1006 radicitus
1240 950 1504 1020 potuisset
1525 950 1699 1006 evelli.
1723 949 1981 1007 Permisit

397 1034 625 1090 militem
650 1051 807 1092 suum
851 1036 937 1097 vel
980 1037 1048 1093 ad
1092 1048 1427 1107 momentum
1467 1038 1751 1095 hostilibus
1786 1038 1980 1110 gladiis

401 1129 627 1195 cedere,
656 1137 716 1185 ut
735 1130 1007 1199 pmnitens
1059 1128 1199 1200 fuga;
1237 1129 1532 1186 ferventius
1576 1130 1837 1202 potuisset
1861 1130 1979 1185 ani-

401 1228 614 1273 mosum
627 1226 819 1288 pectus
833 1219 901 1274 ad
924 1219 1163 1275 rediviva
1185 1235 1375 1277 rursus
1386 1221 1683 1276 certamina
1697 1235 1977 1289 reparare,

398 1314 666 1377 quatenus
714 1309 783 1365 de
849 1308 1086 1381 fugiente
1149 1309 1396 1380 protinus
1449 1311 1852 1381 insequentem,
1913 1311 1979 1366 de

394 1391 540 1454 victo
568 1398 768 1456 faceret
790 1415 943 1455 versa
967 1401 1087 1457 vice
1115 1388 1394 1456 ﬁctorem.
1421 1401 1667 1457 Amando
1699 1401 1978 1457 Ursicinus

398 1500 617 1545 carnem
666 1504 818 1544 suam
847 1489 1120 1545 Christum
1159 1489 1409 1547 deserere
1442 1491 1633 1556 voluit,
1664 1491 1762 1549 sed
1790 1505 1979 1547 rursus

399 1578 640 1635 timendo
686 1579 962 1637 Christum
1016 1582 1186 1655 ipsam
1228 1597 1446 1639 carnem
1491 1583 1634 1639 ultro
1679 1581 1977 1638 feriendam

395 1670 740 1735 carnificibus
786 1673 1026 1729 tradidit.
1079 1673 1157 1729 Ex
1213 1689 1319 1744 quo
1362 1675 1624 1744 peccavit,
1662 1690 1729 1730 ex
1764 1673 1877 1744 90
1911 1686 1976 1728 eo

395 1766 684 1823 emendare
715 1766 964 1836 protinus
1010 1742 1246 1820 studuit.
1289 1742 1444 1823 Unde
1490 1766 1708 1823 admisit
1735 1742 1970 1836 culpam,
1999 1742 2049 1803 Β
2075 1766 2217 1836 quod
2242 1764 2461 1907 suntf
2497 1764 2586 1819 hic
2628 1762 2891 1818 fuerimus
2916 1762 3059 1832 quod
3108 1763 3164 1817 hi

395 1857 522 1907 inde
557 1856 815 1907 sustinuit
855 1856 1246 1907 nmuitentiam.
1271 1856 1589 1907 Consulatus
1624 1859 1768 1907 enim
1815 1856 1973 1907 llrsi-
2073 1854 2121 1907 si
2151 1853 2381 1907 comnati
2442 1869 2528 1907 ur.
2557 1860 2612 1907 et
2656 1850 3136 1907 conretznabimus:

279 1899 291 1921 ι
395 1857 522 1912 inde
557 1856 815 1914 sustinuit
855 1856 1246 1925 paenitentiam.
1271 1856 1589 1914 Consolatus
1624 1859 1768 1916 enim
1815 1856 1973 1914 Ursi-

392 1947 589 2011 cinus,~
615 1961 752 2017 genu
798 1956 954 2005 teme
1000 1948 1197 2016 posito,
1234 1947 1615 2018 spieulatorcm
1679 1957 1739 2002 ut
1786 1948 1977 2014 feriret

393 2036 662 2102 hortatur,
698 2051 867 2104 agens
897 2038 1272 2109 paenitentiam
1298 2038 1449 2109 quod
1476 2038 1788 2109 expavisset
1811 2037 1971 2092 Chri-

392 2129 464 2187 sti
491 2130 832 2200 martyrium.

465 2212 711 2296 Dlscite,‘
740 2218 953 2286 fratres,
1005 2221 1198 2277 discite
1251 2219 1545 2292 perfectam
1594 2220 1970 2291 paenitentiam

396 2320 588 2380 agere;
621 2298 812 2365 discite
841 2319 1022 2366 reatus
1051 2311 1217 2367 vestri
1251 2310 1489 2365 maculas
1505 2310 1677 2381 plena:
1704 2327 1969 2381 compun-

392 2399 589 2454 ctionis
617 2398 830 2455 fletibus
855 2399 1167 2466 emundare,
1200 2399 1469 2464 videlicet,
1501 2409 1560 2454 ut
1598 2410 1971 2455 consummata

393 2487 533 2544 mala
554 2484 790 2558 perfecta
817 2488 1025 2544 diluant
1051 2488 1307 2555 lamenta,
1339 2503 1406 2544 ne
1425 2490 1547 2558 plus
1571 2489 1968 2561 iustringamini

375 2579 445 2641 ,in
479 2579 662 2635 debito
695 2579 987 2650 perpetrati
1019 2579 1229 2648 operis,
1259 2589 1313 2633 et
1339 2578 1519 2634 minus
1548 2578 1770 2634 solvatis
1796 2579 1848 2632 in
1876 2578 1971 2634 ile-

389 2667 968 2725 tibussatisfaetionis.
1019 2667 1292 2740 Scriptum
1320 2670 1518 2741 quippe
1558 2679 1681 2726 est:
1724 2689 1743 2723 ε
1774 2669 1968 2725 Polum

388 2759 1049 2832 deditnobisinlaerymis
1074 2761 1127 2814 in
1155 2758 1601 2830 mensura(Psal.
1633 2762 1843 2828 uxrx),
1864 2780 1882 2812 ι
1913 2770 1970 2815 ut

188 2833 199 2845 ’
292 2920 297 2925 θ
393 2852 646 2906 nimirum
671 2852 1093 2923 uniuscujusque
1105 2868 1257 2908 mens
1273 2862 1479 2907 tantum
1495 2852 1802 2923 pmnitendo
1820 2867 1967 2907 com-

392 2938 704 3011 punctionis
729 2953 840 2995 suae
868 2939 1018 2994 bibat
1038 2939 1323 3011 lacrymas,
1353 2950 1613 3010 quantum
1635 2955 1694 2996 se
1724 2941 1971 2997 meminit

394 3044 429 3084 a
452 3029 567 3085 Deo
591 3030 797 3084 aruisse
830 3044 926 3101 per
950 3031 1154 3102 culpas.
1189 3031 1451 3088 Timendo
1473 3033 1670 3104 quippe
1707 3034 1770 3088 Β.
1808 3033 1963 3090 Ursi-

390 3118 549 3175 cinus
587 3128 835 3180 mortem,
868 3119 994 3174 vitae
1032 3120 1145 3189 jam
1198 3122 1482 3177 deserebat
1524 3131 1822 3188 auctorem,
1867 3126 1961 3180 sed

388 3221 513 3263 eum
541 3209 704 3264 verba
726 3208 1017 3266 salutiferae
1045 3213 1439 3269 exhortationis
1466 3216 1694 3285 accepit,
1716 3217 1963 3287 protinus

390 3298 606 3370 erigens
637 3312 695 3354 se
737 3309 935 3354 contra
965 3302 1197 3372 seipsam
1232 3318 1456 3360 carnem
1493 3308 1653 3362 morti
1676 3308 1963 3365 ultroneus

388 3382 631 3456 tradidit,
665 3388 818 3459 cujus
840 3390 1050 3449 vivendi
1078 3408 1261 3449 amore
1288 3396 1553 3465 peccavit.
1585 3395 1700 3452 Non
1730 3399 1963 3470 denique

387 3479 610 3545 restitit,
634 3485 742 3536 non
770 3480 824 3535 in
852 3483 1014 3539 verba
1055 3499 1115 3539 se
1166 3488 1592 3559 praesumptoriu:
1631 3489 1961 3547 defensionis

391 3571 586 3637 erexit,
620 3588 726 3627 non
747 3574 1125 3644 panitentiam
1152 3577 1383 3644 distulit,
1414 3580 1508 3635 sed
1533 3597 1656 3637 mox
1679 3582 1963 3640 salutifero

389 3660 738 3732 corripientis
766 3664 998 3734 itnperio
1019 3667 1295 3723 humiliter
1332 3668 1589 3726 obedivit.
1638 3671 1776 3728 Sunt
1804 3689 1958 3728 nam-

382 3762 490 3820 que
520 3753 758 3809 nonnulli
785 3752 903 3825 qui,
958 3772 1081 3811 cum
1129 3758 1197 3814 de
1244 3772 1339 3812 ore
1383 3760 1751 3829 proximorum
1800 3763 1960 3819 verba

387 3844 749 3912 correptionis
777 3845 1024 3912 audiunt,
1057 3862 1180 3902 mox
1215 3848 1269 3903 in
1300 3848 1437 3903 iram
1464 3862 1843 3921 prorumpunt,
1885 3853 1965 3908 vi-

385 3932 461 3987 tio
486 3933 706 3988 tumida:
724 3933 977 3992 elationis
1006 3936 1286 4003 inﬂantur,
1312 3947 1370 3993 et
1397 3939 1644 4011 capitalis
1667 3941 1964 3999 inimicitias

382 4021 594 4080 facibus
633 4024 1012 4082 inardescunt.
1049 4025 1115 4083 lli
1162 4028 1416 4083 nimirum
1462 4030 1530 4086 de
1570 4031 1964 4089 medicamento

387 4112 581 4169 salutis
606 4114 890 4170 materiam
916 4116 1019 4174 sibi
1051 4117 1255 4173 faciunt
1276 4120 1635 4189 aegritudinis,
1662 4133 1717 4177 et
1735 4126 1962 4181 curandi

382 4206 723 4270 Cauterium,
774 4210 1088 4266 vmnerandi
1144 4210 1583 4267 instrumentum.
1645 4212 1748 4280 Qui
1795 4215 1964 4271 multo

380 4297 625 4353 deterius
650 4309 749 4368 per
777 4299 1108 4356 defensionis
1133 4302 1416 4356 audaciam
1456 4303 1623 4358 Deum
1652 4307 1719 4360 ad
1747 4304 1964 4361 iracun-

380 4388 526 4444 diam
555 4398 870 4459 provocant,
897 4406 1059 4462 quam
1087 4400 1216 4446 tunc
1240 4406 1364 4446 cum
1383 4392 1855 4451 commnnicaruis
1874 4396 1959 4451 in-

380 4478 641 4537 ﬁrmitate
684 4482 1004 4550 peccahant.
1049 4481 1177 4538 Plus
1209 4483 1353 4536 enim
1403 4483 1667 4554 delinquit
1704 4486 1825 4555 quis
1861 4487 1958 4543 de-

380 4571 648 4628 fendendo
659 4582 936 4643 peccatum
948 4588 1111 4644 quam
1134 4574 1380 4631 faciendo
1405 4585 1703 4647 peccatum.
1729 4579 1896 4635 Pecca
1904 4595 1961 4637 re

376 4663 579 4734 quippe
608 4666 903 4725 humanum
930 4676 1038 4736 est,
1069 4676 1352 4737 peccatum
1374 4683 1504 4724 vero
1531 4668 1819 4728 defendere
1845 4673 1958 4727 dia-

377 4750 615 4807 bolienm
645 4762 750 4808 est.
783 4754 936 4811 Unde
964 4765 1019 4812 et
1050 4755 1337 4812 Psalmista
1367 4758 1607 4813 divinum
1633 4759 1957 4829 adiutorium

378 4843 654 4899 humiliter
698 4846 967 4917 implorat,
1025 4848 1248 4904 dicens:
1307 4868 1325 4900 ι
1357 4849 1472 4905 Non
1529 4851 1819 4906 absorbeat
1868 4867 1955 4907 me

375 4933 741 5000 profundum,
811 4952 985 5006 neque
1041 4949 1230 5009 urgeat
1283 4956 1448 5010 super
1510 4955 1597 4995 me
1652 4951 1848 5010 puteus
1889 4958 1954 4999 os

377 5040 535 5080 suum
588 5023 760 5095 (Psal.
792 5028 1003 5099 vatu).
1042 5047 1061 5081 ι
1097 5029 1370 5085 Profunda
1399 5032 1598 5102 quippe
1635 5033 1955 5089 absorbetur

374 5117 466 5185 qui
506 5117 560 5171 in
587 5119 768 5187 gravis
802 5121 1013 5188 peccati
1054 5121 1410 5189 przrcipitium
1441 5122 1658 5177 labitur.
1692 5124 1796 5179 Sed
1828 5134 1953 5181 tune

375 5218 538 5276 super
562 5221 685 5262 eum
712 5217 924 5278 puteus,
956 5226 1023 5265 ne
1043 5210 1193 5266 exire
1221 5211 1415 5279 valeat,
1449 5228 1513 5270 os
1538 5230 1692 5270 suum
1725 5215 1948 5279 claudit,

381 5310 504 5350 cum
541 5312 599 5353 se
645 5309 899 5366 peccator
926 5300 977 5354 in
1006 5299 1336 5357 defensionis
1364 5304 1643 5360 audaciam
1684 5306 1954 5377 pergendo

376 5382 698 5453 profundius
727 5393 940 5460 mergit.
967 5389 1122 5446 Unde
1146 5400 1200 5446 et
1228 5393 1436 5462 primus
1461 5395 1621 5450 homo
1650 5404 1777 5452 tunc
1799 5396 1950 5466 quasi

382 5474 436 5531 lu
470 5477 791 5547 profundum
817 5483 1046 5549 corruit,
1074 5498 1197 5539 cum
1221 5484 1446 5539 vetitum
1466 5499 1684 5554 pomum
1713 5502 1809 5559 per
1834 5490 1952 5544 ino-

381 5562 706 5626 hedientiam
724 5574 976 5629 comedit.
997 5569 1149 5631 Tunc
1170 5588 1335 5645 super
1356 5588 1479 5631 eum
1501 5592 1563 5632 os
1592 5590 1747 5633 suum
1761 5588 1953 5650 puteus

378 5663 596 5740 clausit,
632 5673 753 5720 eum
783 5665 994 5734 culpam
1032 5683 1183 5723 suam
1213 5666 1503 5726 defendere
1531 5669 1788 5725 audacter
1814 5687 1954 5742 pra:-

2086 491 2245 558 ciam,
2275 491 2391 562 ipsa
2410 492 2543 546 mihi
2574 491 2723 545 dedit
2747 491 2818 545 de
2839 490 3006 561 ligno,
3036 499 3092 545 et
3116 488 3494 563 comedi(Gen.
3519 488 3657 561 ιιι).›

2082 580 2181 647 Qui
2224 581 2441 650 quidem
2487 596 2585 652 per
2614 580 2860 641 timorem
2907 580 3254 650 semetipsum
3301 578 3664 635 absconsurus
3702 565 3727 605 λ

2082 671 2311 743 fugerat.
2328 673 2421 727 sed
2438 681 2620 740 tamen
2642 672 2936 743 requisitus
2967 672 3470 743 innotuitquantum
3493 663 3658 728 etiam

2083 764 2279 818 timens
2307 764 2662 819 tumeseebat.
2693 762 2828 819 Cum
2854 763 3055 819 etenim
3080 778 3145 816 ex
3176 770 3401 832 peccato
3424 776 3665 831 prmsens

2079 870 2236 926 pinna
2275 855 2553 923 metuitur,
2597 865 2653 912 et
2697 856 2897 911 amissa
2938 856 3032 911 Dei
3079 855 3247 911 facies
3279 870 3387 909 non
3418 863 3657 921 amatur,

2083 947 2246 1001 timor
2290 961 2358 1001 ex
2408 956 2622 1003 tumore
2661 956 2762 1010 est,
2793 961 2899 1001 non
2930 961 2998 1001 ex
3045 946 3372 1002 humilitate.
3407 945 3662 1016 Superbit

2078 1038 2276 1109 quippe
2319 1038 2411 1109 qui
2455 1024 2760 1109 peccatum,
2810 1038 2857 1093 si
2923 1038 3084 1093 liceat
3127 1053 3235 1092 non
3284 1036 3497 1107 puniri,
3549 1050 3657 1092 non

2078 1128 2299 1194 deserit,
2324 1130 2417 1184 sed
2440 1129 2619 1200 potius
2647 1128 2935 1201 defendere
2984 1128 3187 1184 tumida
3226 1126 3464 1183 elatione
3515 1141 3658 1201 prata-

2078 1220 2263 1276 sumit.
3708 1296 3711 1299 _

2152 1310 2480 1368 Studeamus
2525 1312 2707 1380 itaque
2756 1325 2919 1375 nunc,
2969 1309 3325 1379 dilectissimi,
3372 1308 3657 1365 beatorum

2080 1412 2376 1475 martyrum
2398 1402 2628 1458 virtutes
2657 1402 2878 1467 imitari,
2912 1410 2973 1456 ut
2999 1403 3069 1457 ab
3097 1400 3434 1473 lmperalore
3455 1416 3660 1474 marty-

2081 1508 2200 1547 rum
2226 1508 2348 1549 cum
2391 1493 2596 1549 eisdem
2643 1508 2952 1548 mereamur
2991 1495 3334 1564 postmodum
3386 1497 3656 1554 coronari.

2080 1572 2278 1637 Eurum
2305 1582 2528 1653 vestigia
2561 1591 2843 1637 teneamus
2864 1582 2917 1636 in
2946 1581 3053 1647 via,
3084 1596 3313 1652 quorum
3342 1584 3656 1639 societatem

2081 1673 2278 1728 habere
2307 1673 2679 1729 desideramus
2709 1672 2762 1727 in
2801 1672 2998 1742 patria.
3045 1671 3294 1728 Profecto
3321 1673 3429 1728 illic
3456 1675 3658 1729 erimus

2447 1764 2461 1818 i
2497 1764 2586 1818 hic
2628 1762 2891 1818 fuerimus
2916 1762 3059 1818 quod
3108 1763 3164 1817 hi
3239 1762 3478 1818 luerunt.
3521 1762 3655 1817 Nam

2073 1854 2121 1910 si
2151 1850 2528 1925 compatiliur,
2557 1860 2612 1908 et
2656 1850 3136 1921 conregnahimus;
3171 1852 3217 1907 si
3272 1851 3659 1905 eommorimur

2073 1955 2127 1999 et
2155 1944 2502 1999 convivemus
2544 1940 2626 2013 (II
2673 1940 2809 1996 Tim.
2836 1942 2921 2012 ll).
2970 1939 3086 1996 Non
3110 1955 3240 2011 ergo
3267 1938 3572 1996 dividantur
3600 1941 3655 1996 in

2075 2038 2294 2103 itinere,
2319 2037 2363 2090 si
2388 2037 2538 2106 jungi
2590 2035 2836 2090 volumus
2889 2036 2995 2106 91
3041 2036 3494 2106 inperventione.
3549 2033 3655 2090 Do-

2071 2138 2316 2184 ceatnos
2356 2128 2415 2183 B.
2460 2126 2651 2204 Vitalis
2695 2127 2896 2182 habere
2925 2127 3100 2182 zelum
3148 2126 3506 2190 rectitudinis,
3555 2126 3655 2180 do-

2071 2227 2194 2275 ceat
2226 2233 2325 2273 nos
2362 2217 2424 2272 B.
2466 2215 2751 2273 Ursicinus
2792 2217 3021 2273 formam
3068 2226 3253 2272 tenere
3297 2215 3650 2282 humilitatis;

2071 2310 2260 2366 doceat
2304 2318 2531 2380 uterque
2583 2309 2814 2379 gemina:
2866 2323 3087 2363 servare
3142 2307 3417 2363 vinculum
3471 2308 3654 2363 chari-

2073 2400 2219 2455 tatis.
2288 2397 2380 2454 llle
2433 2399 2635 2467 quippe
2670 2396 2897 2469 gemina:
2952 2396 3237 2452 charitatis
3287 2397 3482 2452 ardore
3529 2411 3652 2452 sue-

2070 2504 2296 2554 eensus,
2349 2495 2411 2542 ut
2459 2496 2772 2557 pereuntem
2806 2486 3111 2556 proximum
3141 2485 3395 2541 liberaret
3417 2494 3473 2542 et
3499 2501 3655 2540 mun-

2069 2581 2195 2635 dam
2258 2578 2365 2632 Deo
2415 2574 2533 2646 ejus
2601 2577 2893 2649 imaginem
2966 2577 3250 2642 redderet,
3303 2577 3651 2647 semetipsum

2069 2674 2291 2731 omnino
2320 2671 2600 2742 despexit,
2635 2681 2691 2727 et
2735 2670 3092 2726 crudelissimi
3134 2669 3495 2749 persecutoris
3531 2683 3654 2722 sen-

2072 2765 2301 2821 tentiam
2367 2778 2474 2819 non
2539 2761 2777 2832 expavit.
2847 2760 2953 2816 lste
3018 2774 3146 2814 vero
3213 2756 3525 2828 corripienti
3591 2772 3650 2811 se

2069 2855 2315 2927 proximo
2362 2852 2640 2909 humiliter
2679 2852 2878 2923 paruit,
2917 2860 2973 2907 et
3012 2850 3080 2905 ad
3115 2858 3460 2919 conspectum
3489 2846 3651 2903 Crea-

2072 2948 2206 3005 toris
2246 2946 2326 3002 sui
2357 2945 2680 3017 quantocius
2705 2959 2930 3015 pergere
2951 2958 3045 3012 per
3064 2941 3296 3012 gladium
3320 2940 3645 3011 properavit.

2142 3037 2249 3094 Sed
2276 3037 2533 3107 quoniam
2572 3035 2717 3090 hunc
2742 3048 3049 3090 sermonem
3077 3036 3142 3087 de
3171 3031 3441 3100 triumpho
3465 3030 3641 3085 sancti

2069 3127 2258 3184 Vitatis
2290 3129 2536 3184 scribere
2583 3125 2981 3196 pmposuimus,
3014 3124 3165 3194 plura
3215 3130 3398 3177 tamen
3450 3136 3646 3175 occur-

2068 3230 2219 3274 rente
2248 3218 2474 3274 materia
2507 3218 2575 3272 de
2613 3216 2860 3272 Ursicino
2891 3206 3051 3269 loculi
3081 3227 3289 3277 sumus,
3330 3226 3488 3266 nemo
3532 3210 3648 3265 exi-

2064 3308 2246 3363 stimet
2269 3306 2396 3375 quia
2423 3306 2490 3361 de
2516 3303 2809 3376 propositae
2841 3301 3158 3357 intentionis
3202 3298 3418 3355 tramite
3457 3296 3644 3353 devia-

2064 3397 2258 3453 vimus.
2290 3394 2427 3450 Cum
2470 3394 2614 3449 enim
2648 3391 2705 3447 S.
2739 3390 2972 3447 Ursicini
3005 3390 3312 3459 triumpluts
3355 3386 3640 3453 attollitur,

2063 3486 2360 3545 beatissimi
2402 3499 2616 3556 quoque
2661 3480 2852 3539 Vitalis
2897 3482 3226 3552 praeconium
3259 3496 3365 3535 non
3414 3488 3643 3535 tacetur.

2069 3580 2231 3636 Salus
2255 3578 2455 3648 quippe
2482 3576 2634 3648 aegri,
2665 3574 2783 3629 laus
2805 3583 2889 3629 est
2919 3573 3144 3638 medici;
3182 3582 3236 3628 et
3262 3570 3455 3642 peritia
3484 3570 3648 3626 disci-

2065 3670 2194 3741 puli,
2229 3668 2398 3740 gloria
2426 3676 2511 3723 est
2538 3665 2903 3737 prteceptoris.
2959 3663 3184 3733 Magnus
3227 3663 3493 3733 siquidem
3532 3660 3646 3726 ille,

2066 3763 2157 3835 qui
2209 3777 2308 3833 pro
2339 3761 2448 3816 vita
2489 3759 2626 3814 mori
2673 3758 2895 3823 didicit;
2929 3756 3024 3811 sed
3077 3755 3235 3825 longe
3264 3753 3511 3824 superior
3549 3752 3643 3822 qui

2062 3860 2494 3909 momentaneam
2530 3849 2697 3904 vitam
2744 3863 2842 3918 pro
2880 3856 3084 3902 aeterna
3122 3845 3399 3916 despicere
3430 3844 3635 3899 docuit.

2062 3946 2243 4005 Fortis
2275 3946 2382 4010 ille,
2409 3945 2503 4016 qui
2533 3957 2777 3998 amarum
2808 3942 2997 3997 salutis
3028 3939 3280 4010 poculum
3330 3937 3515 3993 bibere
3545 3951 3640 4007 po-

2064 4038 2197 4105 tuit;
2229 4035 2324 4093 sed
2354 4035 2521 4092 multo
2543 4022 2739 4090 fortior
2767 4033 2890 4097 iste,
2916 4032 3008 4101 qui
3043 4046 3165 4085 eum
3197 4030 3262 4084 de
3292 4029 3423 4100 ipsis
3447 4042 3643 4099 perpe-

2067 4138 2176 4183 tuae
2229 4126 2421 4183 mortis
2477 4124 2729 4180 faucibus
2773 4131 3021 4194 potenter
3070 4122 3274 4177 eduxit.
3325 4119 3481 4195 Cum.
3513 4134 3644 4190 ergo

2065 4215 2409 4287 triumphalis
2441 4215 2679 4271 Ursicini
2711 4215 2886 4268 virtus
2911 4212 3190 4277 attollitur,
3218 4211 3484 4281 gloriosus
3504 4226 3641 4280 quo-

2063 4321 2168 4377 que
2193 4307 2256 4362 B.
2290 4304 2484 4360 Vitalis
2504 4305 2678 4360 honor
2700 4313 2946 4373 augetur.
2978 4302 3090 4357 lino
3105 4301 3365 4371 quidquid
3387 4314 3641 4370 magnum

2062 4399 2262 4455 dicitur
2287 4401 2353 4453 de
2381 4405 2630 4467 utroque,
2664 4404 2836 4450 totum
2874 4396 2940 4450 ad
2964 4393 3189 4466 gloriam
3217 4392 3491 4448 Creatoris
3517 4405 3639 4460 per-

2064 4491 2200 4546 tinet
2227 4490 2527 4560 utriusque.
2558 4506 2577 4539 ε
2601 4486 2786 4557 Neque
2809 4486 2953 4540 enim
2980 4485 3071 4554 qui
3095 4480 3400 4553 plantatcst
3415 4480 3639 4550 aliquid,

2059 4596 2238 4653 neque
2289 4580 2379 4651 qui
2434 4580 2609 4649 rigat,
2659 4577 2755 4633 sed
2796 4576 2887 4647 qui
2931 4576 3326 4635 incrementum
3357 4573 3447 4627 dat
3500 4571 3636 4624 Deus

2063 4672 2114 4745 (1
2145 4672 2270 4729 Cor.
2307 4671 2414 4741 ut).
2444 4689 2467 4724 ι

2132 4764 2278 4819 Inter
2304 4764 2420 4818 lucc
2449 4775 2564 4826 vos,
2603 4758 2801 4823 fratres
2829 4757 3155 4822 charissimi,
3185 4756 3251 4809 ad
3284 4752 3633 4822 vosmetipsos

2062 4855 2255 4918 redite,
2268 4862 2424 4910 actus
2449 4860 2661 4907 vestros
2681 4849 2908 4906 sollicita
2930 4847 3332 4905 examinatione
3354 4845 3636 4909 discutite;

2057 4953 2111 5000 et
2140 4944 2229 5013 qui
2259 4942 2441 4997 laudes
2465 4950 2766 5013 martyrum
2793 4940 3025 4996 libenter
3045 4938 3262 5002 auditis,
3291 4935 3390 5006 ipsi
3421 4948 3632 5004 quoque

2057 5035 2381 5091 laudabilem
2431 5034 2599 5088 vitam
2658 5033 2859 5112 habere
2882 5018 3113 5088 curate.
3147 5047 3189 5080 -‹
3219 5028 3336 5082 Non
3377 5037 3458 5081 est
3489 5025 3644 5082 enim

2055 5129 2297 5198 speciosa
2320 5127 2439 5181 laus
2460 5126 2511 5179 in
2525 5140 2620 5179 ore
2642 5122 3273 5195 peccatoris(Eccli.xv).
3294 5138 3313 5171 ι
3340 5119 3419 5173 llli
3444 5125 3644 5184 nempe

2056 5229 2278 5274 sanctos
2308 5216 2471 5286 digne
2499 5216 2744 5271 laudibus
2773 5215 3004 5271 efferunt
3030 5215 3121 5284 qui
3171 5211 3512 5267 laudabiliter
3551 5210 3639 5262 vi.

2061 5318 2216 5377 vunt,
2238 5318 2293 5364 et
2310 5309 2365 5363 hi
2390 5309 2609 5364 fortium
2630 5309 2857 5364 virtutes
2881 5308 3086 5363 utiliter
3114 5306 3341 5361 audiunt
3369 5317 3508 5372 quos
3533 5316 3633 5355 an.

2059 5403 2170 5457 dita
2221 5401 2489 5472 prteconia
2545 5401 2612 5456 ad
2656 5414 2897 5456 amorem
2943 5398 3260 5455 imitationis
3307 5396 3629 5453 accendunt.

2064 5513 2083 5546 ε
2112 5494 2456 5565 Quaecunque
2477 5496 2622 5550 enim
2651 5496 2853 5564 scripta
2877 5503 3023 5558 sunt,
3047 5493 3113 5547 ad
3145 5499 3385 5546 nostram
3426 5485 3625 5544 doctri-

2058 5598 2184 5638 nam
2208 5583 2409 5654 scripta
2432 5593 2559 5639 sunt
2584 5580 2760 5656 (Rom.
2797 5582 2909 5653 xv).
2941 5602 2960 5635 ι
2989 5581 3246 5650 Quisquis
3275 5594 3406 5649 ergo
3428 5575 3629 5649 gaudes

2060 5674 2272 5732 fortiter
2299 5675 2477 5744 egisse
2503 5684 2770 5746 martyres
2805 5673 3027 5738 Christi,
3055 5672 3234 5741 arripe
3263 5679 3317 5726 ct
3338 5670 3452 5740 ipse
3476 5679 3629 5722 arma
