4184 6448
355 356 448 411 601

1749 357 1977 413 δΕιιιιυ
2019 354 2200 412 XVIII.

3501 356 3607 412 6.2

355 470 496 522 inter
521 466 720 522 milites
747 466 968 522 Christi.
1013 468 1217 524 Desunt
1259 468 1501 526 exterius
1531 470 1736 534 hostes,
1779 477 1928 525 verte
1959 480 2002 534 Α
2033 470 2342 525 convocatis
2369 468 2563 525 amicis
2584 478 2640 526 et
2663 468 2876 534 vicinis,
2905 469 3316 542 congratulatus
3339 478 3420 525 est
3449 468 3604 540 (an.

354 575 546 615 manus
592 561 645 613 in
691 568 765 626 te,
803 568 857 615 et
901 561 1097 616 multos
1140 562 1428 617 seditiosos
1471 562 1712 617 invenies
1755 561 1922 616 cives.

358 647 522 707 Doma
563 651 893 722 superbiam,
940 651 1126 723 jugula
1166 654 1520 716 iracundiam,
1552 654 1836 722 exstingue
1864 652 1932 706 li-

353 739 610 802 bidinem,
644 740 878 810 reprime
905 742 1216 807 avaritiam,
1243 743 1431 798 occide
1460 743 1736 806 invidiam,
1769 751 1842 806 et,
1871 753 1930 796 ut

353 829 590 883 breviter
620 843 742 882 cum
769 829 1028 899 Apostolo
1064 839 1257 886 cuncta
1289 832 1637 903 complectar,
1667 830 1928 899 Cruciﬁqe

349 934 559 972 carnem
596 927 740 972 tuam
769 935 887 973 cum
926 921 1062 974 vitiis
1109 930 1157 975 et
1207 923 1636 992 concupiscentiis
1679 921 1822 994 (Gal.
1846 922 1924 992 v),

348 1006 454 1062 hoc
495 1015 581 1062 est
628 1007 843 1063 fortiter
871 1024 1052 1080 agere,
1102 1011 1204 1066 hoc
1237 1021 1322 1066 est
1361 1012 1593 1066 viriliter
1641 1012 1922 1068 dimicare.

349 1098 484 1153 Nam
513 1101 642 1169 quid
681 1101 858 1171 juvat,
892 1103 936 1155 si
983 1102 1129 1171 circa
1177 1103 1375 1156 vallum
1412 1113 1465 1158 te
1499 1119 1606 1157 non
1642 1102 1927 1158 obsideant

349 1191 493 1247 acies
513 1193 974 1262 persequentium,
997 1203 1051 1249 et
1081 1195 1223 1249 intra
1251 1196 1400 1250 urbis
1427 1195 1625 1249 lucentia
1649 1203 1926 1264 grassetur

349 1283 625 1338 barbaries
651 1282 960 1338 vitiorum?
1006 1283 1117 1338 Imo
1163 1284 1295 1354 quid
1335 1285 1576 1352 prodest,
1603 1285 1648 1339 si
1680 1284 1920 1338 membra

347 1373 544 1429 diaboli
575 1382 749 1430 tecum
777 1373 1018 1430 exterius
1045 1390 1150 1429 non
1181 1373 1494 1446 confligant,
1523 1383 1578 1428 et
1605 1374 1719 1442 ipse
1737 1373 1925 1428 diabo-

348 1462 432 1518 lus
475 1463 804 1518 intrinsecus
849 1471 902 1517 te
931 1463 1114 1532 quieto
1138 1463 1260 1533 jure
1290 1462 1599 1533 possideat?
1627 1461 1762 1515 Nam
1797 1460 1920 1530 qui-

345 1565 556 1622 rnnque
578 1551 693 1620 ejus
725 1552 986 1607 voluntati
1011 1552 1240 1624 subjecti
1272 1562 1420 1618 sunt,
1450 1551 1606 1623 quasi
1632 1551 1819 1621 quieto
1852 1551 1920 1605 ab

343 1641 434 1696 illo
447 1640 572 1709 jure
596 1643 960 1711 possidentur,
986 1653 1038 1698 et
1064 1645 1326 1712 superbus
1347 1659 1536 1698 eorum
1565 1658 1655 1697 rex
1685 1643 1918 1713 quadarn

341 1735 631 1790 securitate
644 1733 963 1804 perfruitur,
976 1736 1103 1790 dum
1122 1752 1308 1791 eormn
1331 1736 1581 1791 cordibus
1601 1736 1918 1791 inconcussa

2034 559 2147 629 xv),
2181 561 2252 614 ita
2288 569 2343 614 et
2369 576 2490 625 nos,
2523 561 2745 616 invento
2773 575 2860 635 eo,
2891 576 2995 614 non
3036 562 3178 630 quod
3211 561 3325 630 ipse
3355 562 3605 630 perdide-

2032 651 2251 714 rat,sed
2281 667 2388 721 quo
2439 667 2536 707 nos
2583 653 2822 722 perditos
2877 653 3226 722 acquisicrat,
3273 653 3478 723 justum
3523 663 3608 706 est

2029 741 2276 811 gloriari,
2317 742 2619 814 pratsertim
2663 759 2790 797 cum
2839 742 3129 812 Apostolus
3170 742 3314 797 dicat
3355 757 3371 798 :
3420 763 3437 793 ι
3476 743 3606 798 Mihi

2030 843 2208 887 autem
2236 833 2379 889 absit
2426 834 2671 905 gloriari,
2717 835 2818 889 nisi
2863 836 2919 889 in
2964 850 3126 889 cruce
3177 835 3388 890 Domini
3434 839 3605 890 nostri

2026 919 2152 976 Jcsu
2201 921 2406 978 Christi
2438 921 2578 994 (Gal.
2613 925 2721 995 vt),
2759 943 2778 976 ι
2812 932 3068 993 tantoque
3098 925 3420 994 propensius
3447 925 3607 994 spiri-

2031 1013 2229 1068 tualem
2263 1014 2508 1069 laetitiam
2555 1016 2722 1070 alacri
2767 1017 3024 1072 debemus
3066 1025 3248 1070 mente
3295 1017 3602 1086 concipere.

2026 1104 2230 1162 quanto
2275 1110 2383 1150 non
2433 1097 2750 1164 ignoramus
2803 1107 2857 1157 et
2897 1099 3073 1166 ipsum
3113 1099 3364 1154 humana
3411 1099 3606 1154 salutis

2024 1188 2304 1242 inimicum
2333 1191 2572 1245 amarius
2600 1193 2900 1261 suspirare.
2920 1191 3205 1248 Gaudebat
3228 1209 3464 1264 namque
3486 1195 3605 1249 dia-

2021 1279 2183 1336 bolus
2215 1281 2281 1334 ad
2324 1281 2668 1337 evadendum
2704 1285 3083 1353 ignominiosa:
3114 1275 3231 1340 "sua:
3262 1285 3600 1342 confusionis

2019 1357 2582 1438 cpprobrium,‘quod
2638 1373 2968 1440 triumphale
3015 1376 3291 1438 vexillum,
3343 1377 3446 1432 sub
3491 1393 3602 1446 quo

2020 1469 2326 1529 prostratus
2368 1471 2422 1516 et
2472 1465 2776 1533 captivatus
2813 1465 2988 1520 fuerat
3014 1508 3030 1532 ,
3072 1475 3302 1523 eatenus
3355 1482 3602 1525 maneret

2017 1557 2329 1616 occultum,
2369 1563 2427 1609 et
2474 1556 2644 1612 ruina:
2677 1572 2789 1612 sua:
2827 1559 3098 1623 dedecus.
3147 1563 3290 1630 quod
3344 1576 3602 1616 succum-

2014 1644 2192 1701 bendo
2225 1639 2545 1716 pertulerat,
2567 1665 2868 1721 suppresso
2895 1651 3050 1722 signo
3075 1653 3318 1709 victoria
3343 1668 3603 1724 compen-

2014 1739 2193 1794 sabat.
2248 1739 2318 1794 At
2365 1741 2456 1794 ubi
2507 1756 2784 1812 repertum
2817 1754 2920 1809 est,
2959 1747 3050 1800 ubi
3087 1761 3212 1800 cum
3247 1755 3394 1802 tanta
3425 1747 3600 1817 gloria

317 1817 606 1895 ‘potestate
635 1827 962 1882 dominatur.
984 1826 1091 1884 Sed
1113 1843 1233 1882 cum
1265 1827 1683 1897 uniuscujusque
1704 1827 1924 1898 spiritus
1956 1824 2337 1886 BCbristiante
2369 1833 2647 1888 devotioni
2683 1844 2735 1888 et
2764 1836 2951 1903 pietati
2987 1839 3276 1907 perpendit
3311 1854 3435 1893 esse
3462 1854 3598 1893 con-

339 1919 408 1974 ad
434 1913 743 1974 Conditoris
772 1920 1096 1976 desiderium
1127 1920 1432 1986 recalescit,
1474 1936 1599 1975 cum
1648 1928 1921 1986 torporem

339 2010 676 2080 negligentia:
699 2011 920 2077 deserit,
944 2021 1000 2066 et
1023 2011 1192 2082 frigus
1224 2012 1655 2068 insensibilitatis
1685 2011 1923 2079 pristinae

337 2098 462 2170 igne
507 2101 679 2156 sancti
731 2102 933 2157 amoris
993 2102 1294 2167 succendit,
1346 2117 1469 2157 cum
1524 2100 1790 2157 libertatis
1831 2101 1950 2156 ine.

336 2191 533 2258 genitae
573 2191 969 2256 meminit,'et
1019 2192 1188 2246 teneri
1220 2192 1287 2247 ab
1336 2190 1494 2246 hoste
1551 2206 1742 2246 servus
1798 2205 1922 2245 crn-

336 2279 537 2346 bcscit,
567 2280 692 2350 quia
727 2281 870 2335 idem
898 2281 1070 2336 hostis
1101 2295 1162 2336 se
1213 2280 1522 2336 considerat
1545 2278 1757 2349 despui,
1793 2279 1920 2348 quia

333 2371 443 2441 92
478 2371 596 2426 vias
646 2371 741 2426 Dei
797 2373 945 2428 videt
1002 2373 1380 2443 apprehendi,
1431 2371 1579 2427 dolet
1613 2381 1810 2449 gomra
1863 2388 1922 2428 se

334 2472 550 2532 captum
580 2463 740 2519 reniti
766 2505 782 2531 ,
828 2480 949 2519 mox
981 2465 1097 2520 zelo
1133 2465 1470 2529 accenditur,
1498 2480 1619 2520 mox
1649 2466 1716 2519 ad
1747 2476 1920 2520 certa-

333 2568 457 2610 men
503 2561 777 2620 movetur,
808 2570 934 2610 mox
965 2563 1156 2611 contra
1188 2555 1538 2610 rebellantem
1581 2557 1818 2610 mentem
1858 2571 1917 2610 se

333 2655 724 2717 excrtatatque
765 2646 820 2702 in
850 2647 996 2702 omni
1029 2657 1146 2703 arte
1190 2646 1536 2703 lacerationis
1579 2648 1821 2718 instigat,
1861 2656 1921 2702 ut

334 2737 690 2796 tentationum
731 2738 910 2808 jacula
943 2739 1306 2808 intorquendo
1350 2738 1617 2794 confodiat
1651 2753 1744 2794 cor
1775 2739 1919 2808 quod

331 2827 533 2882 dudum
588 2829 774 2897 quieto
829 2827 954 2898 jure
1003 2829 1334 2900 possidebat.
1399 2827 1562 2896 Quasi
1619 2829 1920 2884 dormiebat

330 2916 552 2986 quippe,
581 2917 707 2972 dum
731 2919 938 2986 sopitus
963 2919 1018 2972 in
1051 2934 1218 2987 pravo
1244 2919 1408 2974 corde
1455 2920 1782 2988 quiesceret,
1821 2919 1916 2974 sed

327 3008 600 3064 excitatur
631 3009 685 3063 in
709 3010 1094 3079 provocatione
1116 3009 1458 3074 certaminis,
1488 3025 1610 3064 cum
1636 3009 1727 3079 jus
1752 3011 1920 3065 admi-

329 3099 462 3153 serit
488 3113 755 3168 perversae
780 3099 1185 3155 dominationis.
1233 3099 1509 3168 Scriptum
1537 3101 1735 3169 quippe
1770 3109 1854 3156 est
1897 3118 1911 3154 :

334 3207 354 3242 ι
390 3189 512 3256 Fili,
542 3192 804 3247 accedens
838 3189 904 3245 ad
934 3191 1256 3248 servitutem
1287 3190 1403 3256 Dei,
1437 3198 1518 3245 sta
1549 3190 1601 3244 in
1619 3189 1830 3259 justitia
1858 3201 1912 3246 et
1939 3175 1984 3237 C

332 3283 548 3346 timore,
597 3293 653 3338 et
697 3298 939 3352 prmpara
983 3284 1222 3340 animam
1267 3291 1415 3338 tuam
1460 3283 1526 3338 ad
1559 3284 1912 3338 tentationem

330 3375 520 3432 (Ecclt.
539 3379 621 3445 ιι).
645 3393 662 3426 ι
701 3374 958 3444 Quisquis
986 3375 1130 3430 enim
1161 3375 1368 3445 accingi
1400 3375 1452 3428 in
1475 3374 1659 3429 divino
1687 3376 1916 3430 servitio

328 3475 606 3537 properat,
632 3466 760 3537 quid
793 3465 937 3521 aliud
967 3480 1130 3536 quam
1163 3481 1223 3520 se
1268 3474 1456 3520 contra
1486 3466 1694 3536 antiqui
1725 3467 1916 3520 adver-

329 3541 458 3616 sarii
483 3569 756 3616 certamen
803 3555 982 3630 parat,
1031 3571 1090 3614 ut
1136 3559 1272 3614 liber
1322 3560 1375 3614 in
1421 3559 1723 3614 certamine
1777 3559 1916 3614 ictus

327 3654 607 3723 suscipiat,
644 3654 735 3722 qui
767 3653 985 3723 quietus
1025 3652 1126 3706 sub
1168 3651 1456 3721 tyrannide
1502 3651 1556 3706 in
1599 3651 1916 3719 captivitate

330 3744 650 3798 serviebat?
692 3743 748 3798 In
783 3743 886 3798 hoc
929 3741 1255 3807 certamine,
1301 3741 1644 3797 dilectissimi
1699 3739 1913 3803 fratres,

328 3844 514 3890 noster
541 3837 754 3890 animus
775 3849 834 3890 se
863 3849 1081 3904 semper
1106 3840 1380 3896 exerceat,
1409 3831 1476 3886 ad
1517 3831 1678 3901 hujus
1721 3845 1914 3902 pugna:

327 3926 612 3982 victoriam
644 3942 799 3982 mens
841 3935 1027 3981 nostra
1080 3925 1205 3980 totis
1243 3925 1542 3980 visceribus
1581 3924 1911 3979 inardescat.

334 4037 352 4072 ι
391 4019 506 4074 Νοιι
530 4020 672 4075 enim
705 4019 1077 4081 coronabitur,
1112 4016 1218 4071 nisi
1244 4017 1334 4086 qui
1360 4015 1597 4082 legitime
1620 4013 1913 4070 certaverit

328 4107 416 4176 (II
451 4108 584 4162 Tim.
627 4112 729 4178 tt);
767 4128 788 4160 ι
833 4116 1100 4179 quatenus
1128 4106 1222 4176 qui
1259 4121 1402 4160 nunc
1427 4105 1692 4159 imitando
1722 4105 1912 4159 beatos

329 4209 600 4273 martyres
640 4200 879 4270 legitime
913 4200 1194 4256 decertare
1221 4197 1618 4259 contendimus,
1657 4205 1910 4267 percepta

328 4311 529 4352 corona
561 4295 804 4351 victoria:
827 4294 882 4349 in
912 4302 1174 4349 aeternum
1202 4307 1324 4347 cum
1362 4291 1479 4360 ipso
1529 4303 1658 4361 rege
1709 4296 1913 4359 marty-

331 4403 450 4440 rum
481 4385 828 4441 ineﬂ'abiliter
873 4384 1231 4440 exsultemus.
1283 4381 1384 4448 Qui
1443 4381 1618 4436 trinus
1663 4389 1719 4435 et
1772 4394 1913 4434 unus

329 4479 472 4534 Deus
497 4478 626 4531 vivit
657 4486 710 4532 et
759 4477 1022 4547 gloriatur
1045 4472 1282 4548 [regnat]
1314 4487 1409 4544 per
1457 4471 1666 4528 infinita
1713 4471 1909 4528 secula

327 4570 669 4627 satculorum.
693 4569 890 4624 Amen.

980 4729 1251 4791 MAIUS.

327 4831 438 4892 III.
488 4831 700 4893 Sermo
733 4829 804 4890 de
837 4827 1201 4889 Inventione
1233 4834 1459 4888 sancta:
1495 4825 1744 4888 Cructs.

329 4933 448 4992 XI.
473 4933 685 4993 Sermo
725 4928 798 4989 de
841 4929 908 4989 S.
961 4926 1252 4988 Anthimo
1288 4932 1583 5003 martyre.

323 5029 497 5091 XIV.
528 5029 737 5090 Sermo
769 5027 840 5088 de
868 5028 934 5089 S.
974 5024 1303 5106 Boni/acia
1348 5030 1635 5101 martyre.

325 5129 468 5192 XV.
503 5130 714 5191 Sermo
764 5127 836 5188 de
879 5125 1135 5205 Spiritu
1183 5130 1396 5183 sancto
1447 5128 1503 5182 et
1569 5121 1699 5202 ejus
1760 5137 1904 5199 gra-

406 5229 516 5291 tia.
1225 5277 1227 5280 ι

887 5322 1120 5380 SERMO
1158 5320 1237 5376 X\
1254 5319 1343 5375 III.

490 5434 559 5473 ne
593 5431 916 5474 tavsartoss
955 5429 1171 5471 SANCTE
1211 5425 1419 5468 CBUCIS.
1452 5409 1532 5478 (ιιι
1567 5411 1732 5478 nn.)

397 5508 587 5572 Hodie,
637 5507 835 5562 fratres
877 5504 1216 5566 charissimi,
1254 5501 1380 5572 quia
1416 5500 1608 5556 Crucis
1637 5500 1906 5554 Iuventio-

330 5615 454 5656 netn
486 5600 737 5667 colimus,
768 5598 924 5668 quasi
951 5606 1167 5668 reperto
1197 5593 1472 5650 communi
1519 5592 1684 5648 totius
1717 5592 1902 5647 mundi

331 5693 589 5748 thesauro
623 5689 983 5745 communiter
1013 5689 1066 5742 in
1097 5687 1312 5744 Christo
1342 5684 1575 5768 gaudere
1623 5683 1900 5748 debemus,

333 5796 388 5839 ct
434 5785 572 5840 sicut
619 5783 734 5840 ille.
787 5784 1004 5838 inventa
1055 5781 1259 5837 perdita
1309 5793 1409 5834 ove
1455 5776 1539 5832 vel
1602 5776 1901 5833 drachma.

2010 1916 2284 1984 spicuttm,
2314 1923 2592 1977 erubescit
2625 1938 2685 1978 se
2735 1926 2934 1994 ubique
2968 1929 3075 1996 jam
3133 1931 3322 1984 videre
3355 1942 3598 2000 prostra-

2011 2022 2164 2079 tum,
2384 2018 2511 2086 quia
2570 2017 2771 2090 ubique
2823 2019 3039 2074 titulum
3099 2022 3300 2078 divina:
3353 2027 3595 2079 victoria:

2023 2104 2198 2158 cernit.
2232 2114 2494 2159 erectum.
2534 2105 2847 2174 Ubicunque
2870 2105 3015 2160 enim
3043 2105 3256 2175 signum
3286 2104 3465 2158 crucis
3496 2104 3603 2158 eri-

2023 2195 2187 2264 gitur,
2210 2195 2318 2252 illic
2331 2196 2520 2266 procul
2550 2197 2714 2253 dubio
2741 2207 2796 2252 et
2821 2195 3022 2252 Christi
3046 2197 3292 2260 victoria,
3319 2204 3376 2249 et
3403 2193 3604 2250 diaboli

2003 2289 2309 2365 captivitas
2329 2290 2632 2344 denatatur.
2667 2288 2837 2344 Porro
2863 2297 3046 2343 autem
3087 2298 3408 2344 veternosus
3432 2286 3604 2340 hostis

2021 2393 2120 2448 per
2139 2377 2343 2449 lignum
2369 2379 2602 2448 primum
2634 2378 2908 2432 hominem
2935 2377 3157 2442 vicerat,
3189 2390 3516 2445 omnemque
3541 2374 3604 2429 il-

2022 2467 2126 2522 lius
2153 2468 2465 2538 progeniem
2519 2482 2619 2538 per
2657 2468 2898 2537 quinque
2949 2465 3114 2520 millia
3153 2465 3268 2520 fere
3312 2475 3600 2526 annorum.

2022 2563 2277 2628 tanquam
2305 2573 2542 2622 servum,
2574 2557 2674 2610 sub
2695 2556 2828 2626 jugo
2856 2572 2969 2612 sua:
2999 2555 3300 2627 tyrannidis
3322 2554 3597 2624 opprime-
3651 2589 3661 2599 -

2019 2647 2133 2702 bat.
2167 2647 2324 2703 Venit
2351 2659 2532 2702 autem
2584 2646 2777 2712 Filius,
2811 2656 3062 2716 tanquam
3107 2647 3257 2717 gigas
3281 2645 3347 2698 ad
3375 2658 3602 2700 curren-

2019 2739 2143 2794 dam
2171 2739 2314 2793 viam
2351 2737 2523 2810 (Ρδαι.
2574 2737 2756 2808 'xvm),
2821 2745 2882 2792 ut
2928 2736 3228 2794 dcbellaret
3279 2751 3468 2792 aereas
3499 2751 3602 2806 po-

2021 2839 2266 2896 testates,
2297 2840 2354 2885 et
2402 2830 2603 2900 lignum
2645 2831 2790 2901 ligno
2819 2831 3102 2901 opposuit,
3129 2831 3255 2884 dum
3297 2845 3394 2900 per
3421 2828 3602 2884 crucis

2021 2921 2436 2976 amaritudinem
2469 2921 2688 2991 exspuit
2731 2930 3048 2975 venenatam
3079 2920 3224 2990 pomi
3254 2920 3398 2976 illius
3447 2919 3602 2973 vetiti

2020 3011 2372 3080 voluptatem.
2419 3009 2637 3065 Primus
2674 3009 2888 3065 scilicet
2931 3009 3096 3066 homo
3121 3024 3243 3064 cum
3283 3025 3502 3064 manum
3533 3010 3604 3063 ad

2022 3102 2293 3165 arborem,
2339 3098 2552 3155 diabolo
2593 3100 2894 3164 suadente,
2943 3099 3207 3170 porrexit,
3263 3098 3604 3170 tanquamlio

2015 3210 2165 3266 gnea:
2200 3193 2395 3248 tabula:
2427 3193 2849 3263 chirographum
2896 3192 3154 3248 dedititiaz
3203 3192 3480 3248 servitutis
3519 3193 3602 3247 in-

2016 3287 2254 3357 scripsit.
2283 3287 2565 3341 Secundus
2591 3286 2754 3340 homo
2780 3301 2902 3339 cum
2933 3285 2984 3338 in
3009 3301 3172 3340 cruce
3195 3301 3386 3340 manus
3409 3293 3600 3340 exten-

2013 3378 2116 3443 dit,
2146 3379 2448 3432 cautionem
2480 3377 2627 3430 illam
2668 3375 2934 3430 letbiferte
2975 3377 3244 3445 pactionis
3283 3374 3600 3448 [passionis]

2014 3467 2389 3523 oblitterandze
2429 3467 2646 3523 delevit.
2693 3465 2796 3521 Per
2839 3467 3042 3536 lignum
3091 3481 3221 3534 ergo
3273 3467 3413 3520 servi
3449 3468 3596 3530 lacti,

2013 3574 2111 3629 per
2137 3560 2339 3630 lignum
2363 3575 2549 3615 sumus
2581 3559 2814 3614 libertati
2846 3558 3086 3628 pristina:
3117 3557 3373 3612 restituti.
3398 3557 3505 3612 Per
3534 3559 3597 3612 li-

2014 3666 2178 3721 gnum
2202 3651 2268 3705 de
2298 3649 2548 3720 paradiso
2587 3648 2862 3704 fueramus
2902 3648 3086 3718 cjecti,
3125 3663 3224 3718 per
3253 3648 3456 3717 lignum
3505 3662 3599 3702 su-

2014 3756 2135 3795 mus
2172 3741 2224 3794 in
2256 3740 2486 3810 patriam
2513 3739 2771 3794 revocati.
2805 3739 2870 3793 Et
2896 3739 2988 3808 qui
3027 3753 3124 3808 per
3150 3737 3352 3808 lignum
3377 3737 3599 3791 inimici

2014 3835 2251 3901 deputati
2285 3832 2504 3899 fuimus,
2552 3847 2650 3900 per
2684 3838 3086 3886 sacramentum
3114 3829 3295 3884 crucis
3316 3830 3370 3883 in
3411 3829 3603 3884 amici-

2015 3925 2144 3978 tiam
2190 3924 2285 3979 Dei
2324 3933 2381 3979 et
2423 3924 2478 3976 in
2513 3921 2828 3991 angelorum
2863 3919 3213 3975 concordiam
3260 3917 3603 3972 reconciliati

2012 4029 2221 4079 smnus,
2254 4021 2490 4069 testante
2533 4011 2811 4083 Apostolo,
2859 4012 2950 4084 qui
2987 4011 3055 4064 de
3079 4009 3298 4066 Christo
3326 4009 3390 4063 ad
3423 4009 3607 4079 Ephe-

2013 4109 2129 4162 sios
2148 4107 2374 4176 loquens
2402 4106 2478 4160 ait
2505 4122 2522 4161 :
2559 4125 2577 4156 ι
2615 4105 2733 4174 Ipse
2758 4113 2863 4170 est,
2895 4103 3094 4174 inquit,
3130 4116 3238 4172 pax
3267 4110 3478 4166 nostra,
3507 4100 3606 4170 qui

2015 4200 2142 4254 fecit
2176 4208 2406 4270 utraque
2456 4211 2622 4252 unum
2647 4212 2663 4262 ;
2708 4205 2763 4251 et
2791 4195 3027 4250 medium
3055 4193 3319 4263 parietem
3349 4192 3606 4246 maceria:

2013 4291 2335 4362 dissolvens,
2369 4288 2684 4344 inimicitias
2715 4287 2769 4342 in
2800 4299 2965 4342 carne
3000 4299 3096 4339 sua
3129 4300 3142 4338 :
3176 4283 3347 4352 legem
3379 4283 3607 4337 manda-

2012 4390 2193 4436 torum
2229 4380 2464 4454 decretis
2500 4393 2801 4442 evacuans,
2835 4387 2895 4432 ut
2921 4376 3057 4431 duos
3086 4375 3285 4430 condat
3311 4374 3366 4428 in
3397 4381 3602 4429 semet-

2015 4474 2133 4543 ipso
2170 4473 2224 4527 in
2261 4488 2428 4526 unum
2467 4487 2668 4527 novum
2722 4469 3018 4534 hominem,
3048 4467 3253 4522 faciens
3277 4482 3504 4536 pacem;
3545 4475 3604 4518 ut

1940 4534 1990 4597 θ
2016 4563 2333 4620 reconciliet
2369 4564 2556 4618 ambos
2602 4563 2656 4616 in
2706 4576 2812 4615 uno
2834 4575 3063 4630 corpore
3097 4562 3205 4615 Deo
3232 4573 3326 4628 per
3357 4571 3598 4620 crucem,

2018 4656 2351 4711 interficiens
2377 4654 2691 4709 inimicitias
2728 4653 2782 4708 in
2813 4652 3105 4721 semetipso
3131 4651 3345 4719 (Ephes.
3372 4647 3456 4718 ιι).
3489 4666 3509 4698 ι

2086 4745 2202 4801 Hoc
2238 4745 2468 4814 denique
2493 4743 2684 4800 salutis
2719 4744 2970 4798 humanae
2995 4739 3247 4796 vexillum
3285 4752 3390 4790 non
3423 4735 3599 4790 solum

2015 4838 2101 4893 lex
2137 4853 2236 4908 per
2260 4837 2532 4908 quasdam
2571 4837 2776 4906 typicas
2815 4831 3199 4903 intelligentias
3227 4840 3284 4884 et
3307 4827 3598 4899 aenigmata

2013 4931 2341 5001 przefigurat,
2369 4929 2464 4984 sed
2499 4938 2555 4984 et
2591 4929 2833 4984 omnium
2877 4925 3263 4996 prophetarum
3299 4919 3518 4976 oracula
3543 4930 3600 4975 et

2013 5030 2207 5076 cuncta
2225 5019 2422 5075 veteris
2447 5016 2789 5074 instrmnenti
2815 5023 3102 5068 veneratur
3124 5012 3444 5066 auctoritas.
3467 5009 3599 5078 Qua:

2011 5122 2096 5167 est
2122 5112 2268 5167 enim
2299 5111 2439 5167 sacri
2467 5111 2661 5179 eloquii
2686 5107 2906 5178 pagina,
2933 5121 3050 5176 aptae
3075 5106 3256 5158 crucis
3276 5103 3596 5174 mysterium

2016 5219 2121 5259 non
2153 5205 2414 5268 redoleat,
2435 5211 2491 5256 ct
2517 5202 2582 5256 ad
2610 5203 2730 5264 hoc,
2759 5198 2913 5268 quasi
2946 5198 3011 5250 ad
3043 5196 3212 5250 totius
3237 5197 3487 5250 humana:
3511 5208 3599 5247 sa-

2014 5299 2143 5355 lutis
2161 5305 2516 5369 caput.atque
2539 5292 2888 5363 principium,
2920 5305 3026 5344 non
3058 5288 3338 5344 intendat?
3368 5287 3443 5340 Ex
3480 5284 3599 5353 qui-

2013 5392 2114 5446 bus
2139 5389 2395 5443 nimirum
2449 5399 2556 5438 non
2606 5381 2840 5437 otiosum
2893 5379 3186 5442 credimus,
3224 5377 3268 5430 si
3301 5376 3480 5444 aliqua
3509 5374 3599 5428 hic

2014 5478 2345 5542 testimonia,
2369 5490 2491 5545 quae
2517 5473 2699 5528 crucis
2727 5471 3042 5542 mysterium
3076 5470 3324 5532 innuant,
3351 5463 3600 5535 profera-

2013 5588 2152 5636 mus,
2176 5578 2236 5625 ut
2262 5584 2360 5639 per
2385 5583 2449 5622 ea
2499 5580 2620 5636 qua:
2654 5564 2743 5619 hic
2769 5563 2920 5618 brevi
2963 5574 3214 5615 sermone
3274 5557 3599 5629 perstringi-

2011 5677 2132 5716 mus
2196 5659 2264 5713 ad
2310 5657 2399 5714 illa
2444 5655 2610 5711 etiam
2641 5669 2763 5724 qua:
2813 5659 3080 5714 tacentur,
3112 5647 3368 5702 facilioris
3399 5645 3598 5700 intelli-

2011 5751 2208 5822 gentia:
2236 5749 2442 5807 aditum
2485 5745 2840 5818 prmbeamus.
2881 5740 3096 5796 Primus
3127 5739 3291 5812 igitur
3316 5738 3589 5795 Abraham
