4184 6456
552 351 658 404 ὓ(ὶῦ

1158 349 1212 404 S.
1247 349 1448 404 PETRI
1485 349 1765 404 DAMIANI
1802 349 1953 405 OI’P.
1996 347 2176 403 PARS
2217 347 2346 402 SEU
2391 347 2628 403 'I‘OMUS
2667 350 2728 403 Il.
2770 380 2838 389 —
2875 351 3264 408 SERBIONES.

3696 358 3799 413 θυι

553 467 774 518 accedat
823 464 874 517 in
913 462 1170 527 medium,
1215 463 1307 531 qui
1349 463 1475 516 dum
1516 461 1796 518 iunnolare
1823 460 1932 514 Deo
1956 459 2126 513 ﬁlium
2158 461 2200 520 Α
2233 459 2390 513 ﬁdem
2445 459 2683 527 videant,
2731 476 2822 531 qui
2872 473 3099 518 eatenus
3130 464 3250 519 ﬁdei
3275 464 3457 521 oculos
3487 482 3592 520 non
3635 468 3799 523 habe-

559 557 744 617 voluit,
785 564 976 608 cuneta
1011 569 1148 624 pene
1174 571 1268 623 per
1291 555 1536 608 ordinem
1579 553 1846 622 passionis
1887 551 2128 605 Domini-

553 664 631 699 eae
670 653 1005 699 sacramenta
1057 644 1310 713 signavit.
1343 644 1493 698 Sicut
1532 643 1675 697 enim
1702 641 1997 706 Abraham,
2035 641 2125 708 qui

553 747 700 802 pater
726 735 958 788 excelsus
985 735 1201 797 dicitur,
1235 735 1450 788 unicum
1479 743 1534 787 et
1563 733 1818 787 dilectum
1857 732 2019 784 ﬁlium
2047 729 2129 784 of-

552 826 698 880 ferre
729 826 835 879 Deo
861 842 966 879 non
999 826 1283 888 dubitavit,
1314 826 1386 878 ita
1409 834 1463 878 et
1482 839 1724 878 summus
1754 823 1916 877 Pater
1945 823 2130 891 unige-

554 919 724 970 nitum
753 918 1107 986 dilectumque
1161 916 1354 969 Filium
1394 931 1492 983 pro
1528 916 1684 968 nobis
1733 914 1984 967 oninibus
2017 922 2128 965 tra-

557 1011 712 1063 didit.
765 1011 829 1063 Et
859 1011 992 1064 sicut
1029 1011 1174 1064 Isaac
1204 1011 1318 1078 ipse
1347 1009 1445 1063 sibi
1488 1009 1626 1079 ligna
1653 1008 1886 1078 portavit
1935 1007 2128 1075 quibus

553 1111 665 1154 erat
700 1101 1074 1169 imponendus,
1100 1101 1170 1152 ita
1193 1115 1405 1169 quoque
1426 1099 1671 1153 Christus
1687 1099 1863 1152 erucis
1881 1113 1990 1151 suae
2009 1112 2132 1166 ges-

559 1197 690 1249 tavit
717 1196 766 1248 in
799 1196 1036 1249 humeris
1064 1195 1295 1263 lignum,
1327 1194 1378 1246 in
1410 1209 1518 1260 quo
1540 1201 1656 1246 erat
1695 1207 1791 1260 pro
1817 1202 1998 1244 nostra
2035 1205 2128 1242 sa-

557 1288 664 1340 lute
705 1299 983 1355 passurus.
1038 1284 1150 1338 Duo
1191 1294 1368 1336 autem
1420 1283 1559 1336 servi
1587 1281 1659 1334 illi
1699 1280 1880 1349 procul
1922 1277 2125 1331 dimissi

554 1375 766 1428 Iudaeos
819 1374 1145 1444 signilicant,
1191 1373 1305 1440 qui,
1358 1387 1479 1425 eum
1508 1370 1778 1424 serviliter
1801 1370 2044 1422 viverent
2075 1377 2129 1421 et

556 1463 847 1517 carnaliter
895 1471 1166 1531 saperent,
1215 1477 1319 1513 non
1379 1459 1759 1513 intellexerunt
1809 1458 2126 1512 altissimam

557 1552 912 1605 humilitatem
941 1549 1361 1620 [paupertatem]
1399 1550 1622 1613 Christi,
1668 1558 1829 1621 atque
1877 1549 1995 1602 ideo
2022 1563 2128 1600 non
2158 1567 2161 1570 ·

555 1642 918 1695 ascenderunt
949 1643 1000 1693 in
1029 1649 1297 1704 montem,
1345 1641 1519 1693 locum
1565 1639 1816 1693 videlicet
1852 1638 2128 1692 sacriﬁcii.

555 1734 664 1784 Cur
697 1741 874 1784 autem
904 1733 1008 1783 duo
1035 1731 1199 1794 servi,
1233 1731 1335 1783 nisi
1358 1731 1504 1799 quia,
1531 1740 1785 1798 peccante
1816 1729 2124 1792 Salomone,

2229 549 2377 603 bant.

2300 639 2500 695 Verum
2531 659 2628 698 nos
2658 645 2783 698 dum
2815 646 3212 701 sacriﬁcantem
3245 647 3518 702 Abraham
3553 649 3799 718 aliquan-

2230 739 2282 784 to
2314 731 2554 801 longiore
2591 750 2838 790 sermone
2868 737 3263 804 prosequimur,
3317 739 3384 790 ab
3415 739 3534 792 aliis
3573 756 3690 808 quae
3719 741 3800 793 di-

2226 823 2396 874 cenzla
2427 833 2571 887 sunt,
2605 825 2804 878 diutius
2835 827 3213 895 praapedimur.
3259 827 3370 882 Iloc
3401 845 3593 898 nempe
3622 831 3798 885 crucis

2229 911 2542 980 mysterium
2595 923 2650 967 et
2690 913 2855 969 Jacob
2907 915 3202 985 ﬁguraliter
3249 919 3537 986 expressit,
3589 921 3800 973 cumde

2225 1002 2443 1057 Christo
2483 1005 2622 1059 inter
2644 1007 2845 1075 reliqua
2873 1010 3036 1064 verba
3065 1011 3460 1066 benedictionis
3489 1013 3685 1071 intulit.
3719 1014 3799 1065 di-

2227 1107 2395 1147 cens:
2445 1112 2462 1145 ι
2493 1095 2718 1149 Lavabit
2768 1098 2820 1150 in
2867 1099 2995 1152 vino
3048 1099 3240 1155 stolam
3283 1116 3457 1163 suam,
3510 1113 3563 1156 ct
3594 1103 3644 1156 in
3674 1120 3832 1156 san-'

2227 1185 2388 1252 gninc
2451 1200 2566 1238 uvae
2619 1187 2838 1254 pallium
2913 1203 3070 1242 suum
3143 1189 3296 1258 (Gen.
3355 1190 3521 1261 xmx).
3577 1211 3595 1243 ι
3649 1189 3796 1244 Stola

2228 1273 2430 1326 Christi
2458 1284 2513 1328 et
2545 1276 2764 1342 pallium
2799 1278 3086 1334 multitudo
3113 1290 3189 1335 est
3218 1281 3479 1350 gentium,
3510 1297 3642 1349 quas
3674 1290 3802 1336 tunc

2229 1361 2489 1416 Dominus
2545 1363 2738 1429 imluit,
2799 1369 3013 1435 quando
3071 1369 3169 1422 sibi
3203 1386 3296 1423 cas
3333 1386 3430 1438 per
3463 1371 3687 1438 gratiam
3715 1385 3799 1424 re-

2228 1451 2554 1520 demptionis
2583 1453 2851 1523 adjunxit,
2875 1458 3014 1511 sicut
3038 1473 3134 1526 per
3153 1460 3469 1528 prophetam
3496 1459 3796 1527 pollicetur,

2230 1541 2417 1594 dicens
2446 1559 2458 1594 :
2499 1559 2518 1591 ‹
2551 1543 2684 1597 Vivo
2704 1559 2835 1613 ego,
2867 1547 2998 1600 dicit
3028 1547 3306 1612 Dominus,
3356 1549 3455 1602 nisi
3492 1550 3589 1603 hos
3613 1565 3800 1604 omnes

2230 1630 2446 1684 induam
2502 1633 2644 1687 sicut
2681 1636 3063 1690 vestimentum
3110 1636 3262 1706 (lsai.
3295 1641 3464 1708 inx).
3528 1657 3547 1688 ›
3596 1637 3798 1691 Stolam

2229 1736 2357 1790 ergo
2386 1737 2538 1775 suam
2584 1721 2844 1779 Dominus
2887 1725 2940 1778 in
2965 1726 3109 1790 vino,
3135 1736 3190 1780 et
3217 1727 3434 1796 pallium
3457 1729 3508 1780 in
3539 1729 3802 1796 sanguine

555 1839 620 1874 ex
659 1838 762 1875 una
811 1821 1104 1875 Israelitica
1139 1821 1292 1890 plebe
1323 1822 1429 1874 dno
1455 1821 1578 1874 facti
1610 1832 1734 1874 sunt
1759 1820 2126 1891 populi?Qui-
2161 1799 2203 1856 Β
2233 1826 2348 1865 "Va?
2388 1811 2537 1877 hWil.
2575 1815 2790 1884 quando
2827 1816 2968 1870 sicut
2999 1815 3189 1872 botrus
3237 1819 3288 1871 in
3326 1819 3503 1872 crucis
3526 1817 3668 1889 ligno
3709 1834 3803 1887 pc-

556 1915 654 1965 hus
676 1913 860 1980 utique
888 1927 1028 1980 saepe
1057 1926 1153 1978 per
1181 1912 1503 1980 pr0phetam
1538 1911 1735 1966 dicitur
1762 1928 1775 1963 :
1811 1930 1828 1961 ι
1860 1910 2128 1965 Adversa-

556 2005 656 2057 trix
691 2003 874 2068 Israel,
921 2013 976 2057 et
1021 2003 1423 2074 praevaricatrix
1453 2002 1585 2057 Juda
1635 2003 1770 2073 (Jer.
1800 1997 1901 2073 in).
1940 2023 1958 2055 ι
2000 2003 2126 2057 Asi-

556 2109 656 2147 nus
705 2101 884 2145 autem
913 2091 1001 2146 ille
1027 2105 1136 2161 quo
1167 2100 1292 2144 tunc
1335 2093 1585 2144 utebatur
1605 2091 1900 2157 Abraham,
1943 2092 2125 2147 insen-

555 2190 673 2235 sata
695 2179 1047 2235 eratstultitia
1061 2177 1390 2232 Iudaeorum.
1405 2178 1622 2249 94111³
1647 2180 1805 2247 plane
1826 2180 1980 2233 bruta
1997 2179 2131 2234 stul-

557 2272 673 2324 titia
702 2270 880 2323 omnia
908 2277 1248 2323 sacramenta
1298 2269 1572 2337 portabat,
1620 2284 1740 2337 qua:
1775 2280 1954 2324 tamen
2000 2271 2129 2338 quid

557 2359 739 2421 ferret,
771 2358 913 2410 velut
935 2357 1249 2412 irrationale
1278 2357 1500 2421 animal,
1523 2359 1819 2426 ignorabat.
1849 2357 1968 2413 Jam
2001 2376 2132 2414 vero

555 2449 683 2516 quid
709 2457 792 2502 est
821 2448 962 2517 quod
991 2447 1190 2502 dictum
1226 2455 1310 2502 est
1336 2448 1415 2501 eis
1445 2465 1457 2500 :
1495 2467 1512 2497 ι
1549 2447 1870 2516 Exspectate
1901 2449 1985 2503 hic
2007 2464 2128 2504 cum

556 2540 729 2603 asino,
759 2549 1045 2608 postquam
1095 2547 1274 2592 autem
1314 2537 1752 2603 adoraverimus,
1797 2550 2132 2593 revertemur

555 2636 622 2687 ad
655 2633 784 2686 vos?
804 2651 821 2683 ι
857 2630 1009 2700 (Gen.
1037 2630 1195 2700 xxn.)
1218 2631 1356 2684 Audi
1376 2630 1718 2698 Apostolum:
1749 2649 1766 2681 ι
1788 2631 2030 2696 Caecitas,
2052 2632 2132 2686 in-

555 2727 691 2794 quit,
725 2739 791 2778 ex
816 2732 969 2793 parte
998 2723 1158 2776 Israel
1193 2721 1332 2776 facta
1368 2730 1472 2786 est,
1505 2731 1561 2775 ut
1587 2722 1864 2792 plenitudo
1892 2725 2130 2792 gentium

557 2817 806 2877 intraret,
827 2823 880 2867 et
902 2813 978 2866 sic
1000 2812 1178 2866 omnis
1204 2811 1367 2866 Israel
1389 2812 1569 2866 salvus
1599 2813 1754 2866 ﬁeret
1778 2811 1949 2880 (Rom.
1982 2815 2080 2885 ιι).
2108 2834 2126 2866 ι

558 2903 696 2968 Quid
753 2911 836 2956 est
885 2901 1028 2955 enim
1074 2901 1216 2970 quod
1271 2900 1508 2954 dicitur:
1542 2919 1560 2950 ι
1591 2899 1816 2955 Caecitas
1860 2917 1925 2956 ex
1979 2913 2132 2971 parte

556 2995 717 3046 Israel
759 2992 896 3045 facta
923 2991 1042 3046 est?
1081 3009 1098 3040 ι
1152 2991 1264 3045 Hoc
1300 2999 1384 3044 est
1422 2990 1666 3044 videlicet
1699 3009 1711 3043 :
1758 3011 1776 3042 ι
1816 2991 2132 3061 Exspectate

559 3087 645 3139 hic
672 3101 792 3139 cum
828 3086 996 3140 asino.
1037 3105 1054 3136 ι
1090 3084 1159 3140 Ut
1189 3083 1461 3154 plenitudo
1488 3083 1726 3152 gentium
1755 3084 1998 3150 intraret,
2030 3087 2131 3141 hoc

2228 1902 2432 1971 pendit.
2463 1901 2615 1959 Tunc
2665 1905 2808 1959 enim
2853 1919 2919 1960 ex
2966 1905 3135 1962 latere
3157 1908 3274 1978 ejus
3322 1909 3539 1978 sanguis
3579 1917 3628 1961 et
3663 1923 3802 1978 aqua

2227 1990 2499 2060 proﬂuxit.
2561 1991 2666 2047 Sed
2709 2009 2847 2062 aqua
2881 2010 2977 2050 nos
3025 1996 3218 2060 abluit,
3259 2000 3520 2067 sanguine
3552 1998 3800 2057 redemit,

2230 2080 2486 2134 nimirum
2533 2092 2590 2135 ut
2635 2083 2918 2138 exhiberet
2960 2084 3061 2139 sibi
3089 2100 3340 2154 sponsam
3379 2101 3484 2139 non
3516 2087 3802 2140 habentem

2232 2171 2520 2236 maculam,
2559 2187 2734 2241 neque
2779 2189 2965 2241 rugam
2998 2174 3212 2246 (Epltes.
3253 2176 3327 2234 vl.
3365 2177 3556 2231 Crucis
3605 2187 3806 2247 myste-

2232 2262 2371 2316 rium
2428 2263 2567 2316 idem
2620 2262 2787 2318 Jacob
2829 2274 2962 2320 tunc
3015 2267 3178 2320 etiam
3231 2276 3482 2335 patenter
3535 2268 3802 2332 exhibuit,

2231 2353 2447 2419 quando
2496 2351 2765 2420 juniorem
2838 2355 3092 2424 Ephraim
3149 2355 3393 2412 Manasse
3448 2359 3805 2428 primogenito

2233 2444 2542 2514 praeferens,
2590 2446 2641 2500 in
2668 2448 2882 2502 modum
2909 2448 3086 2503 crucis
3123 2465 3285 2519 super
3311 2465 3401 2504 eos
3434 2451 3652 2505 brachia
3681 2466 3804 2520 per-

2232 2537 2459 2590 mutavit
2489 2535 2640 2608 (Cen.
2682 2542 2892 2610 vam).
2925 2539 3029 2593 Per
3063 2548 3298 2596 crucem
3325 2557 3558 2611 namque
3599 2541 3802 2596 factum

2229 2633 2314 2680 est
2365 2634 2421 2680 ut
2449 2628 2674 2697 populus
2710 2630 2971 2698 gentium,
3007 2639 3260 2700 tanquam
3301 2633 3641 2704 primogeniti
3681 2633 3803 2702 jure

2231 2729 2515 2788 praerepto,
2548 2721 2798 2789 populum
2826 2722 3499 2789 praecederetIudaeorum.
3541 2724 3670 2778 Illud
3695 2725 3801 2794 95

2232 2823 2446 2877 quoque
2471 2811 2612 2878 quod
2657 2811 2708 2863 in
2740 2811 2925 2866 Exodo
2954 2811 3170 2880 legitur,
3203 2815 3268 2868 ad
3303 2815 3594 2870 Dominieae
3625 2815 3803 2870 crucis

2233 2896 2467 2952 refertur
2489 2899 2672 2967 procul
2701 2900 2862 2954 dubio
2899 2913 3318 2959 sacramentum.
3355 2905 3496 2957 Dixit
3527 2905 3668 2958 enim
3696 2904 3800 2958 Do-

2233 2987 2412 3043 minus
2440 2988 2506 3041 ad
2535 2987 2752 3060 Moysen
2782 3007 2795 3042 :
2832 3009 2850 3041 ι
2883 2990 3094 3059 Projice
3136 2994 3340 3062 virgam
3373 3011 3532 3064 quam
3563 2996 3613 3048 in
3639 3011 3800 3048 manu
3847 3025 3852 3029 -

2233 3088 2433 3148 gestas,
2460 3079 2512 3132 in
2542 3089 2740 3134 terram
2775 3098 2788 3134 :
2819 3090 2873 3136 et
2893 3084 3136 3153 projecit,
3163 3095 3214 3139 et
3247 3085 3416 3140 lactus
3453 3097 3532 3140 est
3561 3101 3800 3156 serpens.

557 3183 662 3238 est,
699 3184 980 3244 postquam
1029 3173 1453 3237 adoraverimus,
1507 3173 1596 3228 ubi
1648 3173 1895 3229 videlicet
1922 3176 2126 3230 sacriﬁ-
2155 3163 2200 3226 ϐ
2233 3170 2463 3240 Expavit
2501 3170 2641 3225 illico
2671 3171 2900 3243 Moyses,
2930 3184 2985 3227 et
3023 3174 3177 3246 fugit.
3210 3177 3273 3231 Et
3296 3178 3373 3230 ait
3401 3177 3473 3230 illi
3502 3177 3757 3233 Dominus
3784 3192 3800 3232 :

557 3267 699 3319 cium
739 3266 1028 3319 Dominicae
1071 3266 1250 3320 erucis
1289 3265 1564 3334 impletum
1591 3281 1688 3336 per
1713 3283 1898 3322 omnes
1944 3277 2130 3339 gentes

561 3355 725 3408 fuerit
779 3355 1147 3424 praedicatum.
1183 3355 1334 3421 Quod
1363 3364 1542 3410 autem
1584 3357 1866 3426 sequitur:
1903 3377 1920 3408 ι
1964 3359 2027 3411 Ει
2053 3359 2132 3414 sic

559 3448 736 3500 omnis
775 3446 940 3502 Israel
982 3447 1162 3502 salvus
1193 3447 1313 3514 ﬁet,
1350 3467 1367 3500 ι
1399 3447 1502 3503 hoc
1541 3457 1658 3515 est,
1705 3459 2038 3504 revertemur
2065 3451 2132 3506 ad

560 3552 675 3590 VOS.

632 3626 768 3692 Quid
823 3635 909 3681 est
956 3635 1134 3682 autem
1172 3627 1313 3696 quod
1351 3627 1494 3681 aries
1530 3627 1672 3682 inter
1702 3643 1894 3697 vepres
1921 3630 2132 3684 haerens

556 3718 813 3772 cornibus
861 3718 1151 3782 invenitur,
1196 3719 1286 3786 qui
1317 3735 1413 3787 pro
1445 3719 1592 3774 Isaac
1640 3719 1945 3776 immolatus
1975 3723 2135 3777 oll‘er-

563 3809 682 3862 tur?
709 3808 852 3863 Crux
886 3824 1076 3878 nempe
1104 3825 1304 3864 cornua
1335 3810 1515 3876 habet,
1543 3811 1648 3866 duo
1688 3812 1955 3881 siquidem
1990 3813 2131 3884 ligna

560 3903 787 3956 invicem
845 3913 1258 3972 componuntur,
1313 3911 1367 3956 et
1419 3903 1500 3958 sic
1560 3905 1729 3959 "rucis
1759 3906 1990 3973 speciem
2014 3907 2135 3960 red-

564 3993 716 4045 dunt.
750 3992 883 4046 Ilinc
909 4003 992 4046 est
1034 3994 1178 4046 enim
1209 3994 1349 4062 quod
1379 3996 1445 4047 de
1471 3995 1688 4049 Christo
1717 3997 1978 4065 scriptum
2007 4007 2088 4052 est
2117 4016 2128 4051 :

565 4101 582 4131 ι
618 4083 828 4136 Cornua
860 4093 980 4136 sunt
1015 4100 1064 4136 In
1094 4086 1340 4141 manibus
1373 4085 1488 4151 ejus
1515 4085 1680 4156 (Hab.
1713 4087 1816 4156 ιιι).
1856 4109 1873 4141 ι
1907 4089 2129 4145 Maerens

560 4187 688 4238 ergo
715 4173 969 4226 cornibus
1009 4175 1170 4236 aries,
1211 4174 1458 4230 Christus
1507 4185 1590 4230 est
1645 4178 1936 4233 cruciﬁxus
1993 4181 2136 4235 inter

562 4260 833 4313 an-uleatas
875 4269 928 4313 et
974 4261 1254 4317 vulniﬁcas
1294 4262 1600 4319 Iudaeorum
1632 4266 1964 4335 iniquitates,
1996 4271 2133 4339 sicut

563 4351 675 4419 ipse
727 4363 823 4418 per
872 4347 1160 4403 Jeremiam
1218 4353 1588 4421 conqueritur,
1636 4355 1865 4412 dicens:
1900 4380 1917 4410 ι
1955 4360 2135 4429 Spinis

563 4450 907 4510 peccatorum
960 4455 1181 4496 suorum
1231 4442 1587 4500 circumdedit
1636 4462 1723 4501 me
1779 4450 2006 4518 populus
2048 4454 2136 4508 hic

2233 3261 2592 3330 Apprchcnde
2633 3264 2859 3316 caudam
2883 3265 3030 3334 ejus;
3073 3276 3129 3321 et
3151 3269 3523 3336 apprehendit,
3557 3268 3808 3337 factaque

2233 3365 2319 3409 est
2350 3355 2542 3408 iterum
2585 3355 2735 3424 virga
2765 3354 2961 3428 (Exod.
3000 3358 3094 3429 tv).
3132 3378 3150 3411 ι
3183 3360 3372 3414 Cuncti
3419 3361 3620 3429 liquido
3650 3361 3806 3415 novi-

2235 3461 2355 3500 mus
2393 3447 2517 3515 quia
2547 3463 2770 3518 serpens
2797 3449 2966 3502 suasit
2992 3449 3194 3504 homini
3243 3460 3470 3504 mortem
3513 3449 3664 3520 (Gen.
3694 3451 3802 3520 ιιι).

2235 3537 2374 3607 Ergo
2396 3553 2543 3593 mors
2563 3553 2591 3590 a
2616 3548 2885 3607 serpente.
2916 3539 3047 3606 Quis
3082 3549 3263 3594 autem
3295 3541 3442 3611 virga
3463 3580 3478 3604 ,
3513 3541 3614 3595 nisi
3642 3540 3804 3595 Chri-

2234 3637 2370 3690 stus,
2401 3630 2467 3681 de
2493 3643 2600 3696 quo
2626 3630 2885 3697 propheta
2927 3630 3056 3683 dicit
3086 3647 3100 3684 :
3136 3652 3152 3681 ι
3196 3629 3332 3697 Quia
3360 3631 3664 3699 egredietur
3691 3631 3803 3684 vir-

2234 3735 2298 3789 ga
2328 3719 2392 3773 de
2418 3721 2592 3774 radice
2614 3720 2809 3774 Jcssc?
2841 3742 2859 3773 ι
2896 3721 3051 3791 (1δαὶ.
3077 3723 3175 3793 xl.)
3213 3725 3366 3793 Virga
3403 3724 3583 3793 itaque
3613 3724 3664 3776 in
3692 3738 3808 3779 ser—

2235 3822 2469 3880 pentem,
2499 3811 2747 3866 Christus
2788 3813 2839 3865 in
2871 3823 3120 3867 mortem.
3143 3813 3352 3885 Moyses
3380 3824 3558 3868 autem
3591 3815 3810 3883 expavit

2235 3909 2290 3952 et
2329 3899 2482 3969 fugit,
2507 3902 2632 3969 quia
2656 3918 2918 3970 suspenso
2947 3903 2998 3956 in
3029 3918 3189 3958 cruce
3215 3904 3296 3957 vel
3329 3905 3590 3958 moriente
3621 3905 3805 3958 Domi-

2236 4003 2324 4049 no.
2349 3990 2525 4044 omnis
2552 3990 2637 4044 ille
2660 3991 3022 4059 apostolorum
3051 4008 3305 4046 nmnerus
3329 3994 3676 4047 tremefactus
3711 4009 3808 4048 ex-

2235 4083 2400 4150 pavit,
2429 4090 2484 4135 et
2503 4099 2531 4135 a
2564 4092 2726 4136 certae
2750 4085 2861 4151 spei
2889 4099 2952 4137 ac
2985 4084 3153 4138 ﬁrmae
3178 4085 3300 4139 lidei
3332 4085 3600 4139 soliditate
3625 4102 3806 4141 reces-

2236 4174 2326 4227 sit.
2379 4174 2513 4240 Quia
2565 4189 2692 4229 vero
2751 4177 2921 4230 cauda
2976 4186 3220 4231 extrema
3257 4193 3382 4246 pars
3431 4181 3674 4248 corporis
3703 4190 3806 4244 est,

2236 4263 2364 4331 quid
2392 4263 2494 4316 nisi
2526 4263 2685 4319 ﬁnem
2712 4267 3002 4321 Dominican
3031 4267 3297 4338 signiﬁcat
3324 4269 3630 4338 passionis?
3663 4270 3811 4340 Moy-

2237 4370 2322 4409 ses
2352 4355 2515 4424 igitur
2536 4357 2760 4411 caudam
2792 4359 3171 4426 apprehendit,
3194 4370 3247 4414 et
3277 4360 3407 4414 nihil
3427 4361 3477 4412 in
3508 4362 3652 4430 virga
3671 4360 3811 4414 ultra

2239 4446 2506 4514 serpentis
2543 4444 2771 4501 formam
2814 4449 3080 4519 apparuit,
3120 4451 3248 4519 quia
3273 4451 3538 4520 completo
3571 4453 3810 4506 Domini-

561 4532 695 4601 (Jer.
747 4530 900 4602 xxx).
936 4551 955 4582 ι
993 4530 1218 4587 Peracto
1277 4534 1562 4599 sacriﬁcio,
1617 4538 1816 4592 dicitur
1854 4542 2128 4610 Abrahae;
2165 4519 2212 4578 Ῐ)
2239 4554 2316 4592 cae
2361 4540 2625 4608 passionis
2651 4542 2936 4611 crucisqne
2982 4545 3260 4612 mysterio,
3285 4554 3337 4597 et
3367 4519 3542 4599 ﬁdelis
3583 4546 3812 4615 quisque

567 4643 586 4675 ι
625 4625 678 4678 Ιιι
707 4625 913 4679 semine
971 4635 1059 4678 tuo
1101 4625 1487 4682 benedicentur
1537 4645 1727 4686 omnes
1754 4643 1945 4702 gentes
1975 4635 2127 4707 (Gen.

562 4715 698 4785 xxu)
725 4757 740 4781 ,
779 4734 798 4765 ι
828 4723 882 4770 et
928 4724 1211 4784 postquam
1267 4717 1522 4783 Dominus
1576 4721 1752 4777 dicit:
1801 4743 1818 4775 ι
1862 4725 2132 4782 Foderunt

563 4824 752 4862 manus
779 4824 926 4862 meas
966 4817 1019 4862 et
1047 4810 1208 4877 pedes
1233 4826 1380 4866 meos
1407 4812 1734 4885 (PsaLxxr),
1773 4837 1792 4869 ι
1826 4820 1984 4886 paulo
2013 4834 2133 4889 post

563 4898 614 4951 iu
643 4898 829 4951 eodem
860 4897 1073 4952 Psahuo
1094 4901 1309 4968 subjieit
1334 4918 1348 4954 ε
1385 4923 1402 4952 ‹
1438 4903 1889 4972 Reminiscentur,
1919 4921 1975 4965 et
2001 4929 2131 4968 con-

560 4995 842 5043 vertentur
879 4989 944 5041 ad
975 4989 1255 5043 Dominum
1286 4993 1521 5047 universi
1549 4994 1680 5050 ﬁnes
1709 5006 1887 5064 terrae,
1916 5011 1972 5055 et
1997 5005 2130 5058 ado-

561 5080 759 5134 rabunt
798 5079 848 5132 in
901 5090 1194 5148 conspectu
1245 5081 1362 5150 ejus
1401 5100 1591 5140 omnes
1635 5089 1826 5156 patriae
1865 5095 2130 5162 gentium,

560 5169 817 5240 quoniam
873 5169 1081 5222 Domini
1131 5183 1213 5224 est
1255 5189 1496 5240 regnum,
1540 5185 1593 5231 ct
1629 5179 1742 5248 ipse
1771 5181 2135 5239 dominabitur

565 5261 802 5330 gentium
833 5258 1042 5330 (Ibid).
1076 5279 1094 5311 ι
1125 5260 1318 5317 Oblato
1367 5273 1550 5334 itaque
1595 5268 1869 5326 Abraham
1901 5274 2038 5340 lilio,
2083 5287 2140 5332 et

564 5363 659 5414 pro
684 5364 748 5402 co
769 5349 940 5403 ariete
964 5350 1264 5412 immolato,
1297 5355 1582 5422 appellavit
1605 5374 1799 5414 nomen
1829 5361 1933 5418 loci
1973 5359 2136 5433 illius,

565 5437 823 5492 Dominus
869 5440 1035 5504 videt,
1082 5442 1209 5509 quia
1245 5441 1571 5512 Redemptor
1611 5459 1820 5516 noster,
1853 5465 2137 5524 postquam

566 5523 616 5576 in
654 5542 745 5577 ara
771 5529 948 5583 crucis
994 5529 1207 5584 oblatus
1235 5532 1422 5587 mortis
1470 5547 1666 5592 nostrae
1697 5540 1933 5596 debitum
1960 5523 2138 5615 solvit,

566 5611 850 5669 videndum
903 5634 962 5674 se
1021 5621 1272 5690 deinceps
1323 5621 1556 5679 ﬁdelium
1609 5644 1828 5685 suorum
1863 5611 2140 5693 obtutibus

567 5704 818 5770 praebuit,
850 5717 906 5762 ut
933 5710 1188 5766 nimirum
1224 5715 1481 5786 redempti
1513 5735 1700 5776 omnes
1727 5723 1873 5779 illum
1909 5726 2013 5793 iam
2046 5746 2140 5795 per

2244 4640 2368 4685 tunc
2409 4633 2474 4684 ad
2527 4632 2684 4685 ﬁdem
2726 4633 2904 4698 rediit,
2933 4643 2988 4687 et
3016 4635 3264 4689 Christus
3292 4648 3608 4705 consumpta
3641 4645 3813 4690 morte

2243 4722 2470 4790 idipsum
2527 4723 2580 4775 in
2640 4738 2698 4777 se
2745 4725 2888 4794 quod
2916 4724 3094 4780 fuerat
3127 4741 3225 4795 per
3260 4727 3671 4782 resurrectionis
3695 4727 3810 4796 glo-

2239 4816 2374 4866 riam
2407 4813 2694 4881 reparavit.

2309 4903 2426 4958 .Iam
2457 4919 2584 4957 vero
2612 4905 2739 4973 quid
2786 4915 2869 4961 est
2896 4907 3036 4975 quod
3065 4907 3355 4962 Israelitica
3389 4908 3537 4978 plebs
3572 4908 3816 4978 postibus

2241 4997 2519 5050 domorum
2548 4997 2614 5051 de
2643 4999 2900 5065 sanguine
2923 5000 3042 5068 agni
3069 4999 3288 5066 jubetnr
3317 5002 3591 5070 imponere
3613 5000 3814 5070 (Exod.

2242 5087 2365 5154 xu),
2399 5087 2499 5140 nisi
2532 5099 2588 5141 ut
2609 5103 2706 5141 nos
2729 5090 3033 5158 praeﬁguret
3062 5093 3520 5156 crncemtlhristi,
3543 5095 3632 5162 qui
3657 5108 3818 5147 verus

2241 5191 2322 5234 εει
2351 5195 2538 5250 agnus,
2570 5181 2620 5232 in
2649 5180 2822 5236 fronte
2844 5185 3092 5252 portare?
3121 5185 3199 5238 Ad
3236 5201 3512 5254 vesperam
3553 5182 3816 5254 siquidem

2245 5269 2624 5324 immolabatur
2645 5285 2835 5338 agnus,
2887 5281 2940 5327 et
2978 5273 3029 5327 in
3061 5289 3286 5344 vespera
3309 5275 3491 5328 mundi
3520 5290 3709 5344 passus
3735 5282 3819 5327 est

2245 5366 2512 5421 Christus.
2568 5366 2853 5422 Liniuntur
2901 5371 3084 5439 utique
3113 5380 3315 5438 postes,
3348 5385 3416 5423 ne
3454 5377 3691 5422 vastator
3717 5385 3818 5420 an-

2245 5459 2396 5530 gelus
2423 5461 2617 5514 audeat
2647 5459 2844 5516 inferre
2878 5462 3198 5531 perniciem;
3229 5473 3282 5517 et
3307 5480 3406 5517 nos
3428 5463 3605 5517 crucis
3654 5459 3819 5515 vexil-

2249 5552 2355 5604 lum
2391 5553 2442 5605 in
2473 5554 2634 5607 corde
2663 5563 2933 5622 gestamus
2963 5563 3016 5608 et
3047 5555 3242 5619 fronte,
3288 5573 3355 5611 ue
3388 5556 3694 5624 repentinus
3725 5554 3820 5607 ho-

2248 5642 2346 5696 stis
2401 5644 2611 5698 irruens
2654 5643 2828 5698 valeat
2863 5643 3075 5698 aufcrre
3101 5645 3352 5700 salutem.
3386 5647 3538 5701 Unde
3566 5655 3618 5700 ct
3641 5645 3818 5700 securi

2250 5733 2537 5788 canimus:
2578 5752 2595 5785 ι
2633 5733 2912 5803 Signatum
2967 5747 3047 5791 est.
3103 5753 3263 5806 super
3305 5755 3402 5793 nos
3433 5739 3608 5794 lumen
3643 5745 3821 5793 vultus
