4184 6486
459 380 563 434 605

1856 378 1983 437 SER
1994 382 2088 439 MO
2126 382 2303 440 XVIII.

3591 388 3698 443 606

457 498 556 561 tui,
590 495 817 553 Domine
844 492 1017 567 (Prol.
1045 495 1140 568 tv).
1180 516 1199 550 ι
1240 496 1393 564 Quod
1441 505 1618 551 tamen
1650 494 1895 551 securius
1939 496 2021 550 di-
2050 498 2094 558 Α
2126 496 2300 559 (Cant.
2351 498 2465 568 vn).
2492 517 2511 550 ι
2546 492 2776 554 Fructus
2836 514 3027 570 nempe
3075 499 3252 560 crucis
3293 498 3484 559 omnes
3526 502 3694 559 'elerti

454 587 719 657 guiusque
766 597 1065 655 cantamus,
1117 587 1162 643 si
1195 589 1376 643 Rubro
1396 586 1508 657 jam
1535 587 1671 641 mari
1705 587 2022 643 transmisso

454 684 511 731 et
556 676 709 730 hoste
736 678 984 731 demerso
1018 685 1328 748 tympanum
1358 692 1482 732 cum
1519 676 1686 731 Maria
1705 676 1914 749 Moysis
1935 693 2025 733 so-

457 778 581 834 rore
605 762 898 819 deferimus
927 764 1125 832 (Exod.
1175 766 1288 837 xv).
1342 765 1480 833 Quid
1526 776 1611 821 est
1657 776 1835 822 autem
1886 775 2025 836 tym-

453 867 653 922 panum
693 854 943 923 portare?
987 854 1126 909 Audi
1174 855 1459 911 Dominum
1519 856 1787 912 dicentrm
1819 873 1832 910 :
1868 874 1887 907 ι
1924 855 2023 921 Qui

453 940 567 996 vult
594 940 783 997 venire
809 951 931 1012 post
956 958 1063 1008 me,
1096 944 1327 1015 abneget
1373 947 1720 1016 semetipsum
1746 986 1761 1010 ,
1791 955 1844 1001 et
1877 946 2026 1001 tollat

453 1045 672 1086 crucem
702 1046 852 1086 suam
885 1033 1144 1102 quotidie,
1177 1042 1235 1089 et
1268 1044 1529 1105 sequatur
1554 1052 1640 1091 me
1670 1037 1820 1108 (Luc.
1861 1038 1960 1104 ix).
2000 1056 2018 1091 ι

454 1123 555 1189 Qui
583 1124 728 1177 enim
758 1139 979 1180 carnem
1019 1140 1172 1180 suam
1209 1142 1332 1182 cum
1362 1128 1509 1183 vitiis
1548 1136 1604 1184 et
1636 1130 2023 1199 concupiscen-

457 1213 546 1269 tiis
572 1213 839 1284 crucifigit
867 1212 1064 1287 (Galat.
1095 1218 1171 1286 v),
1199 1217 1292 1287 qui
1325 1218 1565 1273 membra
1593 1235 1720 1283 sua,
1753 1235 1872 1289 quae
1898 1229 2025 1273 sunt

453 1318 618 1373 super
659 1313 883 1369 terram,
935 1306 1253 1362 abstinendo
1309 1309 1759 1381 ntortilicat(Col.
1800 1311 1905 1379 Ill),
1937 1311 2025 1367 ille

456 1405 583 1446 vere
607 1407 728 1447 cum
755 1392 922 1449 Maria
957 1403 1268 1466 tympanum
1297 1407 1496 1467 portat,
1527 1400 1650 1469 quia
1674 1401 2023 1469 semetipsum

453 1499 483 1536 a
532 1485 707 1540 noxiis
736 1494 965 1543 terrenae
997 1487 1285 1558 voluptatis
1312 1488 1625 1544 humoribus
1656 1489 1866 1543 aridum
1909 1504 2024 1543 ser-

454 1581 563 1626 vat.
604 1570 762 1627 Juxta
810 1575 1036 1630 rationis
1092 1576 1256 1646 igitur
1305 1577 1744 1647 consequentiam
1774 1615 1789 1641 ,
1840 1587 1898 1632 et
1937 1577 2025 1632 hic

455 1671 762 1733 tympanum
827 1664 1006 1721 crucis
1064 1666 1383 1737 mysterium
1442 1682 1548 1724 non
1598 1666 1828 1723 obscure
1882 1667 2025 1723 desi-

452 1762 599 1821 gnat.

2123 592 2267 637 Slllll.

2190 673 2450 730 Ascendit
2474 674 2637 746 igitur
2660 674 2922 732 Dominus
2952 677 3004 731 in
3040 677 3292 748 palmam,
3314 686 3371 732 et
3392 678 3694 748 apprehen-

2122 762 2200 815 dit
2241 762 2446 818 fructus
2492 763 2628 833 ejus,
2674 767 2799 835 quia
2846 781 2971 822 mox
3016 776 3075 822 ut
3106 768 3159 821 in
3187 782 3345 824 cruce
3380 782 3482 839 pro
3508 776 3695 823 nostra

2123 851 2298 907 salute
2348 855 2622 923 pependit,
2663 871 2853 913 omnes
2887 857 3087 914 electos
3116 859 3183 913 ad
3220 860 3570 929 semetipsum
3598 874 3697 928 per

2125 944 2324 1001 amoris
2372 945 2697 1001 desiderium
2758 950 2944 1004 traxit.
2991 949 3053 1003 Et
3087 958 3212 1005 tunc
3241 961 3426 1005 sancta
3456 950 3694 1005 Ecclesia

2123 1049 2220 1103 per
2269 1036 2497 1089 duorum
2544 1036 3011 1093 Testamentorum
3045 1040 3210 1095 ubera
3242 1039 3503 1109 spiritalis
3531 1040 3697 1109 coepit

2125 1123 2323 1179 laetitiae
2355 1125 2478 1178 vina
2507 1124 2828 1191 diti'undere,
2859 1137 3023 1199 atque
3051 1129 3272 1185 odorem
3303 1130 3546 1184 caelestis
3576 1144 3695 1185 con-

2124 1217 2471 1285 cupiscentiae
2492 1217 2849 1273 humanarum
2874 1220 3133 1273 mentium
3158 1220 3382 1274 naribus
3407 1220 3690 1288 inspirare,

2125 1317 2183 1360 ut
2215 1307 2437 1362 incitata
2467 1309 2532 1362 ad
2557 1308 2961 1377 obsequendum
2989 1323 3141 1364 mens
3167 1319 3352 1364 nostra
3384 1308 3484 1363 sibi
3515 1318 3693 1379 gratu-

2123 1397 2260 1462 lans,
2292 1398 2439 1453 dicat
2470 1416 2485 1451 :
2527 1417 2545 1450 ι
2575 1399 2755 1454 Trabe
2784 1415 2869 1454 me
2896 1410 3017 1469 post
3046 1409 3101 1456 te
3128 1440 3144 1466 ,
3174 1416 3455 1457 curremus
3481 1401 3535 1455 in
3562 1401 3695 1455 odo-

2125 1502 2236 1542 rem
2262 1497 2654 1558 unguentorum
2685 1499 2897 1544 tuorum
2923 1489 3097 1561 (Cant.
3126 1488 3186 1561 ι).
3227 1509 3245 1542 ι
3277 1490 3427 1556 Quod
3454 1491 3694 1560 profecto

2122 1590 2178 1637 et
2203 1591 2354 1652 petra
2381 1581 2467 1636 illa
2493 1580 2637 1637 Oreb
2664 1581 2715 1636 in
2738 1581 3024 1652 Baphidim
3049 1582 3183 1637 satis
3209 1596 3463 1651 expresse
3489 1582 3698 1637 denun—

2125 1673 2243 1737 tiat,
2282 1689 2444 1743 quam
2480 1673 2628 1743 virga
2660 1672 2895 1745 Moyses,
2925 1674 3154 1728 Domino
3183 1673 3433 1741 jubente,
3476 1687 3697 1742 percus-

2124 1767 2211 1831 sit,
2244 1775 2299 1822 et
2325 1781 2495 1837 aquas
2522 1765 2707 1821 elicuit
2745 1767 2940 1838 (Exod.
2967 1766 3122 1839 xvn).
3152 1766 3304 1821 lianc
3328 1781 3460 1821 sane
3483 1773 3692 1836 petram

520 1843 790 1901 Praeterea
838 1856 894 1903 et
943 1848 1072 1904 illud
1119 1865 1224 1905 non
1275 1850 1717 1908 inconvenienter
1757 1853 2017 1919 occurrit,
2052 1832 2093 1892 Β
2121 1856 2321 1911 Christi
2368 1832 2610 1912 tenuisse
2637 1832 2863 1926 figuram
2899 1864 2954 1912 et
2979 1832 3268 1925 Apostolus
3293 1832 3538 1927 testatur,
3570 1870 3693 1909 cum

453 1933 593 2001 quod
616 1935 864 1997 videlicet
898 1936 1228 1995 lsraelitieus
1249 1941 1474 2010 populus
1505 1941 1558 1996 in
1588 1941 1734 1996 Mara
1761 1943 2020 1998 adversus

454 2022 670 2094 Moysen
698 2034 1019 2090 murmurat,
1046 2027 1344 2084 vociferans
1369 2029 1574 2087 scilicet
1617 2046 1722 2085 non
1760 2046 1820 2085 se
1862 2046 2022 2102 posse

453 2114 689 2183 reperire
728 2116 871 2185 quod
919 2117 1084 2172 bibat.
1118 2118 1267 2177 Tunc
1299 2122 1535 2177 ostendit
1567 2121 1733 2194 Moysi
1761 2122 2021 2178 Dominus

452 2205 653 2277 lignum
687 2248 702 2273 ,
753 2208 895 2278 quod
946 2224 1069 2265 cum
1124 2211 1215 2267 ille
1262 2211 1498 2268 misisset
1557 2215 1613 2269 in
1655 2216 2020 2271 amarissimas

450 2316 642 2372 aquas,
667 2301 720 2356 in
743 2301 1078 2359 dulcedinem
1104 2305 1349 2374 protinus
1376 2315 1501 2363 sunt
1524 2323 1798 2364 conversae
1821 2308 2015 2379 (Exod.

452 2388 564 2461 xv).
633 2389 772 2457 Quid
828 2393 970 2446 enim
1006 2410 1205 2450 amarae
1233 2395 1337 2451 illae
1363 2412 1539 2472 aquae,
1565 2399 1667 2453 nisi
1713 2400 1839 2470 quia
1878 2401 2021 2456 occi-

452 2481 625 2537 dentis
650 2481 864 2548 litterae,
897 2494 951 2539 et
975 2486 1123 2543 durae
1155 2496 1319 2558 atque
1352 2488 1599 2558 iusipidae
1620 2491 1752 2563 legis
1785 2494 2016 2562 speciem

454 2574 672 2629 tenenti
721 2574 993 2646 Scriptum
1047 2586 1131 2632 est
1182 2579 1371 2634 enim:
1427 2579 1771 2636 t-Constitttit
1822 2583 2018 2652 popqu

451 2681 549 2722 suo
578 2666 838 2726 Dominus
904 2670 1099 2741 legem,
1145 2679 1200 2726 et
1243 2672 1467 2742 judicia.
1520 2682 1576 2729 et
1625 2676 1852 2729 tentavit
1893 2691 2015 2730 eum

451 2760 664 2834 (Ibid.).
694 2780 714 2814 ι
755 2762 823 2820 Ει
870 2762 995 2819 alibi
1029 2781 1047 2817 :
1092 2782 1112 2814 ι
1144 2762 1258 2833 Ego
1311 2765 1430 2818 dedi
1475 2764 1556 2820 eis
1606 2775 1870 2836 praecepta
1909 2781 2014 2820 non

450 2855 611 2918 bona,
644 2863 701 2909 et
718 2852 940 2920 judicia.
971 2855 1029 2910 in
1053 2856 1249 2926 quibus
1278 2872 1383 2911 non
1412 2856 1593 2913 vivent
1619 2858 1834 2927 (Ezech.
1863 2859 2008 2929 xx).t

449 2944 546 2999 Cui
586 2952 767 2999 tamen
796 2945 896 3016 legi
919 2945 965 3001 si
994 2946 1262 3003 confessio
1290 2949 1468 3005 crucis
1494 2958 1552 3004 et
1578 2950 1867 3005 Dominicac
1893 2966 2014 3020 pas—

450 3033 619 3089 sionis
646 3035 963 3106 mysterium
995 3037 1297 3108 copulatur,
1332 3040 1580 3109 protinus
1604 3041 1747 3110 quod
1770 3055 2013 3094 amarum

449 3119 646 3188 fuerat,
690 3123 744 3178 in
782 3124 1041 3194 Spiritalis
1079 3127 1442 3198 intelligentiae
1488 3129 1825 3184 dulcedinem
1846 3130 2012 3184 verti-

452 3219 557 3268 tur.
611 3210 914 3268 Notandum
977 3223 1154 3271 autem
1204 3217 1359 3285 juxta
1416 3218 1696 3275 veritatem
1749 3219 2012 3286 historia},

449 3303 592 3371 quod
616 3317 758 3373 aqua
779 3305 832 3361 in
856 3306 1189 3369 dulcedinem
1221 3323 1396 3374 versa,
1422 3311 1647 3368 subinde
1677 3313 1904 3383 populus
1924 3328 2016 3368 ve-

449 3394 661 3466 nit98
688 3398 741 3451 in
765 3395 958 3461 Helim,
987 3400 1073 3456 ubi
1119 3412 1276 3457 erant
1327 3403 1606 3461 duodecim
1652 3406 1825 3462 fontes
1851 3424 2016 3477 aqua-

449 3500 568 3541 rum
588 3495 644 3541 et
667 3488 1008 3560 septuaginta
1073 3492 1283 3562 palmae.
1342 3492 1479 3561 Quid
1540 3497 1684 3550 enim
1731 3498 2012 3553 duodecim

449 3574 644 3643 fontes,
696 3578 797 3633 nisi
852 3580 1132 3636 duodecim
1163 3593 1289 3639 sunt
1315 3584 1564 3654 apostoli,
1597 3600 1732 3655 quos
1758 3586 2015 3641 Dominus

447 3670 515 3724 ad
541 3669 645 3725 hoc
665 3672 961 3739 constituit,
994 3683 1053 3729 ut
1077 3675 1228 3730 arida
1254 3686 1311 3732 et
1338 3678 1637 3747 squalentia
1666 3678 1886 3733 humani
1919 3693 2014 3749 ge-

447 3761 594 3817 neris
621 3771 837 3832 pectora
865 3779 975 3820 suae
1000 3765 1398 3835 pnedicationis
1422 3768 1859 3829 inundationibus
1897 3774 2015 3830 irri-

446 3854 672 3920 garent?
718 3853 853 3921 Quid
904 3869 1031 3911 vero
1088 3858 1423 3928 septuaginta
1450 3860 1747 3930 palmarum
1769 3866 2010 3933 arbores,

447 3940 549 3996 nisi
582 3942 799 3997 totidem
846 3951 973 3999 sunt
1015 3945 1286 4016 discipuli,
1316 3963 1451 4018 quos
1474 3960 1600 4006 ante
1637 3952 1829 4021 faciem
1858 3972 2013 4014 suam

447 4031 648 4088 idcirco
674 4022 820 4088 misit
851 4032 1005 4100 (Luc.
1036 4035 1114 4107 χ),
1157 4046 1215 4091 ιιι
1239 4053 1332 4109 per
1357 4054 1452 4096 eos
1482 4041 1720 4099 victoriae
1754 4060 1865 4100 suae
1900 4048 2012 4116 pal-

446 4136 563 4177 mas
583 4123 812 4178 mundus
832 4126 1185 4193 agnosceret?
1225 4127 1294 4182 Et
1333 4138 1481 4185 certe
1505 4131 1634 4187 satis
1671 4149 1907 4204 congrue
1934 4137 2012 4192 vi-

445 4209 602 4266 detur
629 4214 1069 4282 consequentium
1101 4231 1278 4271 rerum
1308 4220 1441 4274 ordo
1470 4221 1778 4291 dispositus,
1809 4234 1866 4281 ut
1905 4229 2013 4296 pri-

446 4317 535 4357 mo
567 4302 796 4373 populus
824 4306 1111 4362 duceretur
1146 4310 1214 4362 ad
1264 4308 1497 4366 litteram
1546 4312 1696 4386 legis,
1722 4331 1754 4370 a
1783 4331 1889 4386 qua
1929 4318 2012 4373 ni-

444 4392 664 4460 mirum,
716 4395 842 4451 dum
891 4413 1072 4452 amara
1117 4398 1238 4477 luit,
1300 4403 1532 4458 transire
1585 4419 1689 4460 non
1725 4409 1914 4475 potuit.
1942 4408 2011 4464 At

2120 1944 2289 2000 dicit:
2329 1963 2347 1997 ι
2376 1944 2638 1999 Bibcbant
2694 1955 2872 1999 autem
2927 1945 2995 1999 de
3041 1945 3295 2013 spiritali,
3326 1952 3694 2012 consequente

2119 2049 2211 2091 eos
2240 2044 2423 2104 petra;
2459 2047 2607 2105 petra
2652 2045 2831 2091 autem
2874 2042 2994 2089 erat
3030 2034 3277 2091 Christus
3309 2034 3360 2102 (l
3385 2034 3505 2088 Car.
3558 2034 3634 2103 χ).
3665 2053 3686 2086 ι

2120 2123 2258 2181 Huic
2300 2125 2481 2195 itaque
2510 2134 2675 2193 petrae
2724 2124 2927 2195 lignum
2979 2125 3160 2180 erucis
3205 2123 3458 2185 accessit,
3485 2133 3540 2179 et
3566 2139 3690 2178 mox

2121 2227 2377 2286 tanquam
2408 2231 2562 2286 aquae
2587 2214 2900 2285 proliuentis
2927 2216 3296 2271 inundantium
3330 2202 3479 2286 larga
3516 2217 3688 2269 sancti

2120 2308 2359 2379 Spiritus
2380 2308 2520 2364 dona
2547 2308 2819 2378 profudit.
2854 2309 2935 2364 Ad
2978 2323 3111 2377 quas
3138 2308 3392 2362 nimirum
3438 2308 3691 2362 haurien-

2119 2401 2216 2455 das
2245 2415 2413 2470 aquas
2441 2415 2630 2454 omnes
2671 2399 2916 2455 sitientes
2961 2400 3152 2454 invitat
3192 2399 3326 2468 ipse,
3350 2416 3474 2455 cum
3505 2399 3641 2457 dicit
3672 2419 3686 2454 :

2125 2512 2143 2544 ι
2180 2490 2237 2548 Si
2278 2493 2401 2561 quis
2428 2492 2565 2555 sitit,
2596 2492 2777 2546 veniat
2800 2491 2867 2548 ad
2911 2508 3014 2556 me,
3055 2501 3112 2547 et
3136 2492 3307 2557 bibat,
3337 2502 3392 2547 et
3416 2493 3481 2547 de
3501 2501 3692 2547 ventre

2116 2585 2235 2650 eius
2260 2584 2426 2638 ﬂuent
2453 2598 2607 2653 aquae
2648 2584 2783 2638 vivae
2810 2582 2989 2651 (latin.
3015 2582 3133 2654 vn).
3168 2601 3186 2633 ι
3221 2582 3335 2636 lloc
3381 2590 3577 2643 autem,
3616 2582 3693 2635 in-

2117 2676 2235 2745 quit
2257 2674 2607 2745 evangelista,
2644 2691 2663 2723 t
2694 2673 2910 2729 dicebat
2946 2674 3011 2727 de
3034 2673 3260 2741 Spiritu,
3319 2687 3481 2727 auctu
3531 2687 3691 2728 acce-

2118 2767 2259 2837 pturi
2284 2774 2441 2820 erant
2467 2765 2752 2820 credentes
2783 2764 2837 2820 in
2868 2780 2991 2819 eum
3024 2764 3236 2834 (Ibid).
3272 2784 3292 2832 ρ

2187 2857 2294 2914 Sed
2343 2856 2473 2926 quid
2531 2856 2584 2911 in
2634 2855 2853 2926 reliquis
2886 2855 3088 2910 diutius
3137 2855 3509 2929 immorantur,
3556 2856 3687 2910 dum

2116 2955 2326 3004 constet
2370 2961 2491 3003 esse
2535 2947 2873 3017 perspicuum
2911 2947 3053 3015 quod
3076 2954 3127 2999 et
3168 2945 3297 3012 ipsae
3330 2944 3539 3002 tabulae.
3567 2961 3689 3015 quae

2120 3040 2210 3095 Dei
2238 3039 2405 3110 digito
2434 3038 2649 3108 scripta:
2699 3045 2844 3101 sunt,
2899 3037 3075 3091 crucis
3107 3036 3397 3092 Domi'nicae
3432 3036 3691 3112 praetule-

2117 3131 2227 3186 rint
2245 3132 2679 3186 sacramentum?
2714 3130 2910 3185 Dccem
2944 3144 3176 3199 namque
3205 3137 3471 3199 praecepta
3510 3129 3563 3183 in
3609 3128 3691 3184 eis

2117 3221 2317 3290 scripta
2370 3229 2517 3284 sunt,
2553 3228 2607 3275 et
2658 3220 2911 3274 denarius
2940 3235 3194 3276 numerus
3243 3218 3689 3289 peeritteram,

2114 3325 2235 3381 qua:
2296 3309 2475 3364 crucis
2518 3309 2772 3378 exprimit
2817 3308 3073 3377 speciem,
3131 3309 3463 3379 designatur.
3494 3309 3550 3364 ln
3587 3308 3691 3365 hac

2113 3413 2246 3454 sane
2277 3394 2480 3460 littera,
2528 3412 2647 3465 quae
2696 3396 2976 3450 denarium
3031 3397 3083 3450 iu
3136 3411 3195 3452 se
3238 3397 3473 3451 continet
3502 3413 3690 3453 nume-

2114 3507 2257 3554 rum,
2303 3490 2383 3545 sic
2436 3504 2573 3544 unus
2624 3504 2761 3558 apex
2808 3504 2839 3541 a
2892 3503 3104 3543 sununo
3159 3488 3210 3542 in
3244 3488 3405 3542 imum
3433 3503 3529 3557 per
3553 3490 3690 3544 obli-

2113 3596 2279 3651 quum
2302 3579 2534 3643 ducitur,
2560 3587 2617 3634 ut
2639 3577 2774 3634 alter
2795 3592 3010 3647 quoque
3040 3593 3144 3633 non
3167 3578 3350 3648 dispar
3376 3594 3469 3647 per
3507 3588 3686 3643 trans-7

2112 3687 2326 3727 versam
2355 3672 2586 3736 lineam,
2624 3671 2901 3741 productis
2940 3670 3192 3739 utrinque
3243 3670 3500 3736 brachiis,
3530 3687 3682 3726 com-

2110 3764 2383 3833 pingatur.
2434 3762 2502 3816 Et
2541 3762 2618 3817 sic
2651 3760 2820 3831 apicis
2870 3761 3148 3829 utriusque
3197 3759 3335 3813 facta
3385 3760 3687 3829 complexio

2111 3855 2220 3925 97
2249 3869 2356 3909 non
2386 3853 2556 3908 solum
2580 3852 2905 3907 exteriorem
2931 3850 3107 3905 crucis
3160 3849 3443 3919 praetendit
3495 3850 3685 3921 imagi-

2113 3961 2257 4011 nem,
2283 3944 2376 3998 sed
2399 3953 2452 4000 et
2476 3943 2756 4014 mysticam
2794 3942 2911 4012 ejus
2936 3940 3222 4010 quamdam
3271 3940 3485 3995 videtur
3540 3941 3687 3994 indi-

2113 4050 2239 4091 care
2277 4036 2550 4090 virtutem.
2606 4033 2744 4087 Dicit
2792 4033 2935 4086 enim
2981 4031 3286 4086 Dominus:
3340 4049 3359 4083 ι
3397 4029 3513 4084 Non
3562 4030 3687 4085 veni

2111 4125 2320 4181 solvere
2366 4124 2578 4195 legem,
2621 4124 2714 4178 sed
2756 4120 3054 4192 adimplere
3101 4120 3319 4191 (Matth.
3372 4120 3448 4193 v).
3509 4139 3528 4172 ι
3582 4120 3688 4175 Per

2112 4219 2290 4274 crucis
2321 4217 2503 4286 itaque
2530 4223 2928 4269 sacramentum
2955 4222 3222 4282 praecepta
3254 4213 3451 4268 veteris
3479 4212 3688 4267 instru-

2114 4307 2278 4363 menti
2305 4305 2630 4376 evangelicae
2657 4303 2844 4372 gratiae
2869 4301 3161 4371 copulavit,
3191 4311 3264 4366 et,
3298 4310 3356 4354 ut
3378 4301 3451 4355 ita
3473 4300 3686 4370 loquar,

2112 4397 2220 4452 duo
2246 4395 2593 4450 Testamenta
2625 4392 2772 4446 velut
2797 4391 2956 4446 unius
2978 4390 3237 4446 doctrinae
3264 4404 3463 4460 corpus
3485 4389 3683 4444 effecit.

446 4493 726 4555 postquam
774 4495 856 4544 est
901 4504 996 4558 per
1034 4490 1233 4560 lignum
1260 4493 1384 4548 vitae
1418 4495 1590 4551 dulcis
1611 4495 1822 4564 effecta,
1848 4510 1901 4554 et
1926 4502 2002 4555 in.
2045 4510 2091 4569 ι)
2120 4491 2185 4544 Et
2212 4488 2427 4558 quidem
2456 4486 2630 4556 Primo
2659 4485 2799 4538 dam
2827 4491 2955 4559 ευηι
3001 4482 3191 4537 iam“?
3215 4522 3232 4549 ι
3292 4483 3386 4537 sed
3436 4481 3687 4551 ιποιίιιηε

446 4575 612 4648 telligi
656 4577 1013 4647 spiritualiter
1058 4581 1242 4650 erepit,
1275 4581 1416 4638 illico
1438 4584 1529 4640 Dei
1569 4585 1794 4656 populus
1818 4588 1885 4642 de
1910 4589 2014 4645 Ve-

445 4668 546 4723 teri
573 4667 920 4726 Testamento
944 4673 1009 4726 ad
1033 4674 1355 4744 apostolicos
1393 4676 1570 4733 fontes
1608 4687 1664 4733 et
1706 4680 2008 4749 palmarum

442 4760 685 4826 arbores,
712 4761 766 4817 id
794 4770 877 4817 est
900 4763 966 4817 ad
994 4762 1267 4835 Evangelii
1297 4768 1528 4837 gratiam
1558 4772 1793 4826 transiit.
1831 4772 1895 4827 Et
1918 4772 2010 4829 be-

441 4865 511 4905 ne
545 4859 666 4919 post
717 4861 995 4922 acceptum
1037 4854 1357 4925 Decalogum
1395 4859 1673 4928 septuplus
1695 4863 2009 4931 praedicato-

441 4957 563 5009 rum
611 4958 869 5011 numerus
918 4945 1284 5011 constituitur,
1335 4948 1462 5018 quia
1509 4964 1607 5018 per
1633 4952 2001 5022 septiformetn

440 5036 613 5092 sancti
640 5035 874 5106 Spiritus
914 5038 1142 5107 gratiam
1168 5053 1329 5093 omne
1358 5041 1666 5096 mandatum
1696 5043 1891 5099 divinae
1938 5046 2005 5101 le-

437 5126 522 5196 gis
550 5126 823 5198 impletur.
855 5126 964 5183 Nec
995 5128 1262 5184 immerito
1289 5129 1445 5199 plane
1472 5133 1852 5200 praedicatores
1880 5152 2005 5191 cru-

439 5215 520 5270 cis
547 5215 847 5286 palmarum
893 5217 1147 5273 videntur
1167 5218 1384 5274 nomine
1409 5221 1643 5291 figurati,
1664 5222 1790 5277 dum
1818 5235 1867 5279 et
1890 5226 2002 5294 ipsa

439 5320 571 5359 crux
587 5304 710 5375 jure
733 5306 959 5364 dicenda
997 5309 1068 5363 sit
1089 5308 1284 5378 palma,
1315 5310 1441 5380 quia
1468 5310 1522 5364 in
1543 5325 1609 5366 ea
1631 5313 1834 5369 scilicet
1863 5315 2005 5374 facta

438 5405 525 5449 est
563 5395 630 5450 de
667 5406 941 5466 prostrato
964 5398 1146 5454 mundi
1171 5398 1325 5453 hoste
1352 5399 1605 5465 victoria;
1639 5401 1780 5457 sicut
1808 5405 1872 5460 de
1894 5405 2005 5475 ipsa

438 5501 599 5542 cruce
638 5502 868 5558 sponsus
913 5491 980 5544 ad
1026 5504 1299 5559 sponsam,
1342 5508 1360 5538 σ
1401 5489 1544 5556 Dixi,
1576 5492 1769 5562 inquit,
1814 5509 2010 5549 ascen-

438 5577 562 5632 dam
586 5579 640 5637 in
660 5580 913 5650 palmam,
943 5582 1342 5650 apprehendam
1368 5581 1574 5636 fructus
1600 5580 1747 5650 ejus;
1773 5578 1827 5638 et
1848 5592 2007 5639 erunt

439 5668 605 5724 ubera
661 5680 750 5743 tua
800 5671 945 5727 sicut
992 5674 1131 5746 botri
1163 5675 1349 5741 vineae,
1412 5681 1468 5728 et
1512 5673 1707 5729 odores
1758 5674 1833 5728 tui
1863 5674 2005 5731 sicut

445 5759 752 5837 malorum,
844 5769 1028 5831 guttur
1114 5773 1261 5819 tuum
1326 5763 1462 5819 sicut
1500 5762 1677 5819 vinum
1741 5763 2002 5832 optimum

2117 4589 2261 4642 sunt,
2294 4578 2487 4650 populo
2516 4576 2926 4648 praevarie'mtc,
2956 4574 3192 4630 effractae
3239 4573 3437 4645 (Exod.
3467 4570 3681 4641 una);

2116 4671 2354 4726 secundo
2380 4684 2507 4724 vero
2529 4669 2726 4722 dantur
2755 4665 2950 4721 tabulae
2972 4706 2987 4729 ,
3022 4666 3113 4722 sed
3154 4673 3411 4735 perpetuo
3436 4677 3687 4731 perman-

2115 4778 2276 4817 surae.
2329 4760 2495 4817 Plane
2548 4760 2754 4830 priores
2798 4757 2992 4813 tabulae
3037 4757 3227 4826 priscae
3272 4753 3406 4821 legis
3462 4761 3686 4807 tenuere

2116 4852 2360 4921 figuram,
2395 4866 2513 4922 quae
2538 4865 2568 4903 a
2595 4849 2680 4904 sui
2710 4848 2885 4904 cultus
2911 4846 3171 4915 obsequio
3200 4852 3315 4899 erat
3342 4842 3680 4913 postmodum

2115 4943 2359 5004 desitura,
2395 4938 2739 5013 [defectura].
2774 4937 3118 4993 Postmodum
3179 4948 3306 4989 vero
3357 4932 3554 4986 dantur
3601 4940 3684 4986 ta-

2110 5035 2270 5101 bulae,
2317 5035 2413 5089 sed
2461 5050 2566 5090 non
2610 5032 2965 5099 franguntur;
2996 5027 3121 5096 quia
3170 5024 3302 5081 Novi
3352 5023 3682 5080 Testamenti

2106 5127 2306 5198 gratia,
2329 5142 2449 5196 qua:
2476 5140 2570 5194 per
2597 5123 2775 5178 crucis
2798 5129 2883 5176 est
2907 5119 3134 5176 solidata
3175 5117 3494 5188 mysterium
3520 5156 3536 5182 ,
3568 5115 3682 5169 nul-

2110 5220 2222 5274 lum
2249 5218 2398 5274 novit
2423 5218 2624 5272 habere
2649 5212 2937 5268 defectum.

2180 5309 2350 5365 Porro
2398 5315 2579 5362 autem
2630 5320 2729 5360 nec
2774 5320 2902 5381 arca
2960 5303 3047 5357 illa
3101 5301 3307 5358 Veteris
3351 5301 3681 5357 Testamenti

2113 5401 2284 5456 beatae
2308 5397 2484 5454 crucis
2505 5394 2771 5451 credenda
2796 5403 2877 5449 est
2905 5395 3148 5450 caruisse
3177 5392 3464 5449 thesauris.
3490 5391 3684 5447 Crucis

2113 5507 2346 5561 namque
2375 5488 2826 5560 incomparabiles
2847 5488 3066 5542 divitias
3095 5486 3401 5542 occultabat
3427 5525 3442 5551 ,
3474 5484 3602 5556 quia
3627 5493 3682 5540 et

2110 5585 2259 5640 cruci
2299 5584 2412 5654 jam
2464 5598 2557 5652 per
2609 5592 2803 5637 cuncta
2878 5582 3168 5651 figurarum
3230 5596 3449 5636 suarum
3517 5586 3682 5649 atque

2109 5674 2454 5745 aenigmatum
2513 5674 2768 5744 mysteria
2825 5672 3105 5728 militabat.
3169 5672 3295 5742 Ejus
3352 5672 3548 5742 quippe
3610 5685 3679 5727 ex

2112 5772 2238 5818 tunc
2258 5762 2368 5832 jam
2397 5761 2515 5820 erat
2540 5765 2805 5831 ministra,
2835 5764 3011 5836 imago
3042 5765 3251 5821 scilicet
3294 5764 3536 5821 veritatis
3563 5803 3577 5830 ,
3622 5770 3677 5819 et
