4184 6484
482 334 584 391 607

1079 339 1139 395 S.
1168 339 1371 396 PETRI
1397 341 1681 399 DAMIANI
1703 343 1855 414 OPP.
1885 343 2068 406 PARS
2095 341 2228 400 SEU
2254 341 2491 401 TOMUS
2514 344 2576 400 ll.
2599 374 2669 386 --
2688 344 3077 402 SERMONES.

3652 349 3754 405 603

483 447 696 500 initium
721 447 1090 528 plenitudinis.
1125 450 1265 505 Area
1288 451 1517 519 scilicet,
1559 465 1745 512 sancta
1787 468 1907 513 erat
1955 456 2060 511 Ec—
2089 457 2139 518 Α
2167 462 2412 510 calorum
2442 470 2501 510 se
2529 456 2779 526 contagio
2805 471 2904 526 per
2939 456 3313 513 (ediﬁcationis
3365 457 3624 515 fraterna:
3649 463 3756 515 mi-

478 537 666 590 clesia.
693 536 821 591 Tria
855 553 980 592 vero
1011 542 1433 597 continebantur
1456 545 1507 598 in
1538 561 1688 611 arca,
1736 547 1854 602 dum
1883 546 2066 601 videli-

484 634 571 677 cet
619 625 848 694 lapidere
898 627 1113 694 tabula),
1161 645 1279 699 qua:
1323 632 1566 701 profecto
1611 636 1840 691 duorum
1873 636 2066 692 Testa-

479 727 785 772 rnentorum
845 721 1074 776 innuunt
1132 731 1464 795 perpetuam
1509 726 1862 793 ﬁrmitatem,
1927 744 2066 798 quas

479 809 642 862 etiam
675 811 856 865 crucis
888 812 939 866 in
969 827 1029 868 se
1075 816 1393 886 mysterium
1442 819 1726 873 continere
1761 836 1928 890 supra
1972 821 2072 875 do-

480 901 708 956 cuimus.
746 903 893 959 Urna
938 921 1153 976 quoque
1205 922 1370 964 aurea
1415 910 1623 966 habens
1669 927 1889 966 manna.
1941 899 2067 967 llaec

479 992 724 1060 profecto
748 1011 936 1064 puram
959 1005 1123 1067 atque
1145 998 1411 1055 sinceram
1435 1013 1656 1058 carnem
1683 1003 2060 1073 Redemptoris

484 1085 765 1151 exprimit,
794 1103 916 1157 quae
965 1089 1151 1157 procul
1197 1091 1361 1147 dubio
1402 1093 1739 1148 dulcedinem
1793 1105 2068 1165 perpetuze

480 1178 778 1235 divinitatis
852 1181 1097 1236 includit.
1169 1183 1299 1250 Quae
1342 1183 1570 1240 dulcedo
1616 1194 1743 1239 tunc
1783 1186 1835 1240 in
1890 1185 2067 1255 palato

483 1277 791 1324 nostrarum
824 1272 1087 1327 mentium
1117 1275 1314 1342 sapuit,
1350 1291 1418 1331 ex
1450 1291 1558 1346 quo
1588 1277 1742 1331 miles
1769 1277 2065 1346 pendentis

481 1360 535 1412 in
591 1376 752 1416 cruce
803 1363 1015 1418 Domini
1072 1364 1214 1420 latus
1243 1367 1456 1436 aperuit
1511 1368 1692 1438 (Joan.
1750 1366 1906 1438 xtx);
1943 1383 2067 1424 cum

483 1451 672 1506 botrns
704 1453 950 1509 videlicet
974 1471 1267 1525 expressus
1293 1467 1396 1522 est,
1430 1459 1523 1529 qui
1565 1459 1692 1514 dum
1734 1459 2064 1525 calcaretur,

485 1545 722 1598 torcular
775 1545 1007 1600 calcavit
1053 1547 1221 1603 solus.
1266 1549 1450 1605 Tertio
1495 1551 1548 1605 in
1591 1567 1716 1606 arca
1766 1551 1867 1605 fuit
1915 1552 2066 1624 virga

482 1635 685 1698 Aaron,
708 1650 828 1704 quae
854 1647 975 1706 post
1002 1638 1306 1695 ariditatem
1333 1639 1516 1695 ﬂoruit
1542 1639 1733 1712 (Num.
1765 1641 2068 1713 xvu).Qu:e

485 1725 737 1779 nimirum
766 1727 897 1796 quid
934 1729 1076 1784 aliud
1121 1731 1548 1813 signiﬁcattnisi
1601 1735 1798 1788 summi
1844 1736 2067 1805 verique

2168 542 2451 599 nisterium
2492 553 2747 616 purgant.

2237 634 2350 691 Sed
2373 637 2692 706 quibusdam
2743 636 2974 694 fortasse
3014 639 3296 709 displiceat
3344 643 3493 711 quod
3535 657 3636 698 nos
3679 642 3749 697 ad

2169 727 2380 782 laudem
2403 729 2582 783 crucis
2607 730 2846 784 totsacri
2875 730 3077 800 eloquii
3100 731 3347 801 exempla
3378 733 3747 802 congerimus,

2167 826 2225 872 et
2260 818 2748 874 velutinstruetam
2775 821 3124 875 instrumenti
3164 821 3368 876 veteris
3396 822 3570 876 aciem
3622 822 3753 886 huic

2168 910 2318 981 regio
2346 911 2540 966 vexillo
2567 926 2791 981 prorsus
2820 913 3082 968 intentam
3131 929 3324 985 parere
3359 924 3752 971 monstramus.

2165 997 2377 1065 Quibus
2425 1011 2576 1056 certe
2629 1001 2760 1070 quid
2808 1002 2953 1057 aliud
3003 1004 3290 1060 dicendum
3337 1016 3445 1071 est,
3475 1007 3578 1062 nisi
3606 1007 3751 1076 quod

2167 1092 2457 1162 Apostolus
2487 1094 2739 1163 perhibet
2761 1134 2776 1160 ,
2825 1095 3017 1151 dicens
3047 1113 3060 1150 :
3097 1113 3115 1148 ι
3157 1097 3395 1153 Verbum
3436 1100 3618 1153 crucis
3653 1113 3752 1168 pe-

2167 1185 2450 1241 reuntibus
2470 1186 2689 1256 quidem
2734 1187 2967 1242 stultitia
3008 1195 3130 1254 est;
3180 1190 3266 1244 his
3289 1198 3469 1244 autem
3491 1190 3581 1260 qui
3619 1190 3753 1244 salvi

2169 1279 2325 1346 ﬁunt,
2367 1281 2418 1334 id
2447 1290 2531 1336 est
2555 1281 2730 1346 nobis,
2760 1282 2938 1337 virtus
2969 1283 3063 1337 Dei
3106 1293 3190 1338 est
3215 1283 3266 1352 (1
3290 1283 3416 1338 Cor.
3443 1282 3506 1355 ι).
3543 1303 3560 1336 ι
3588 1284 3755 1351 Quid-

2167 1370 2297 1439 quid
2322 1372 2466 1425 enim
2497 1373 2564 1426 de
2589 1373 2771 1427 crucis
2795 1373 2954 1428 laude
2991 1374 3309 1429 disserimus
3335 1417 3349 1440 ,
3398 1375 3450 1429 in
3479 1374 3598 1443 ejus
3642 1391 3752 1430 non

2172 1460 2466 1531 ambigitur
2496 1463 2799 1516 redundare
2827 1464 3157 1531 pratcouium
3187 1465 3276 1533 qui
3306 1465 3486 1520 crucis
3517 1464 3755 1520 illustra-

2169 1551 2248 1606 vit
2272 1553 2487 1622 propria
2512 1562 2690 1608 morte
2717 1553 3001 1609 vexillum.

2241 1643 2344 1698 Per
2368 1645 2482 1698 haec
2509 1645 2712 1714 itaque,
2747 1643 2943 1701 fratres
2971 1646 3116 1711 mei,
3147 1662 3268 1716 quae
3306 1647 3451 1703 dicta
3477 1657 3646 1713 sunt,
3686 1647 3756 1702 li-

2173 1733 2336 1801 quido
2365 1734 2620 1805 colligere
2671 1751 2958 1804 possumus
2991 1737 3116 1806 quia
3165 1738 3268 1792 hoc
3315 1738 3554 1793 ccelestis
3589 1739 3756 1792 victu-

485 1816 753 1882 pontiﬁcis
785 1819 954 1873 nostri
991 1819 1118 1874 illud
1165 1822 1402 1876 salutare
1426 1806 1700 1877 'vexillnm
1748 1824 2071 1879 immortalis
2099 1805 2146 1870 Β
2178 1824 2270 1879 τίω
2299 1826 2536 1894 signum,
2569 1839 2666 1895 per
2696 1828 2840 1896 quod
2889 1805 3118 1882 mundus
3159 1830 3280 1882 cr’at
3318 1829 3384 1884 de
3423 1827 3756 1898 captivitatis

486 1908 759 1962 memoria'
774 1924 988 1979 semper
1010 1911 1280 1967 viriditate
1297 1910 1566 1978 ﬂoridum,
1587 1923 1640 1966 et
1655 1913 2068 1969 exuberantium

485 1999 756 2055 fructuum
800 2002 1078 2059 fertilitate
1125 2003 1620 2082 fecundum‘lCrux
1665 2008 1811 2060 enim
1856 2021 2071 2077 semper

485 2090 623 2144 viret
652 2094 704 2145 in
730 2108 847 2162 spe,
875 2093 1030 2149 ﬂoret
1058 2095 1111 2149 in
1138 2091 1262 2156 ﬁde.
1281 2095 1572 2152 frttctiticat
1595 2098 1646 2151 in
1680 2096 1965 2152 charitate.
2005 2095 2073 2152 Et

485 2191 768 2251 postquam
792 2201 822 2238 a
848 2194 1064 2242 terreno
1087 2189 1289 2258 cespite
1311 2188 1534 2258 praecisa
1555 2197 1660 2256 est,
1696 2189 2071 2261 frondet,quia

485 2273 730 2344 quisquis
759 2292 854 2346 per
880 2293 1122 2334 amorem
1153 2281 1334 2336 erucis
1367 2297 1397 2336 a
1429 2282 1666 2337 terrenis
1693 2297 1753 2338 se
1780 2279 2070 2338 desideriis

488 2363 540 2416 in
569 2363 683 2434 ipsa
713 2367 910 2422 mentis
956 2369 1136 2424 radice
1163 2369 1388 2442 [tuentis
1436 2371 1700 2444 radicem]
1746 2373 2027 2442 praescidit
2053 2413 2070 2441 ,

487 2452 554 2506 ad
618 2454 991 2514 haereditatem
1062 2460 1570 2518 immarcescibilem
1637 2465 2070 2534 capessendam,

485 2552 542 2597 et
592 2559 807 2617 semper
860 2546 1089 2606 virentia
1147 2557 1368 2610 alet-tia:
1431 2554 1554 2609 vitae
1614 2569 1819 2624 pascua
1876 2569 2075 2615 conva-

487 2640 662 2697 lescit.
1280 2657 1285 2662 '

566 2737 769 2795 Verum
799 2742 930 2810 quid
960 2742 1192 2812 amplius
1217 2742 1283 2797 de
1312 2742 1471 2798 laude
1513 2744 1689 2798 beatae
1717 2757 1898 2798 crucis
1926 2741 2075 2797 edis-

488 2848 690 2898 seram,
712 2834 1151 2902 quandoquidem
1175 2834 1358 2890 omnia
1391 2834 1482 2888 illa
1509 2831 1780 2890 sacriﬁcia
1823 2847 1945 2904 quae
1972 2831 2075 2887 sub

490 2924 740 2993 legalium
763 2925 1208 2979 caeremoniarum
1239 2925 1343 2978 ritu
1368 2921 1548 2979 oﬂ‘erri
1569 2923 1848 2992 iubentur,
1878 2923 1946 2976 ad
1969 2921 2075 2975 hoc

491 3029 656 3067 unum
705 3014 980 3083 singulare
1037 3028 1336 3083 verumque
1409 3013 1740 3069 sacriﬁcium
1801 3013 1945 3082 quod
2018 3014 2072 3066 in

487 3119 619 3160 arca
659 3106 838 3160 crucis
886 3105 1124 3160 oblatum
1172 3115 1257 3161 est
1303 3105 1659 3160 referantur?
1691 3105 1794 3159 Per
1847 3104 2072 3158 vitulum

2172 1916 2409 1984 antiquae
2439 1915 2669 1971 vinculis
2698 1917 3081 1984 absolvendus,
3122 1919 3190 1974 ab
3224 1919 3343 1988 ipso
3385 1927 3569 1974 mundi
3600 1935 3755 1991 prtu-

2172 2006 2313 2076 cipio
2337 2006 2526 2062 Patres
2555 2008 2804 2074 adorant,
2845 2008 3132 2078 Propheta:
3181 2012 3593 2080 praenuntiant,
3633 2025 3754 2064 om—

2175 2112 2379 2169 nesque
2409 2113 2688 2155 sacrarum
2726 2100 3083 2174 [sanctarum]
3111 2096 3518 2172 Scripturarum
3543 2103 3754 2173 pagina:

2174 2189 2544 2260 praztigurant.
2573 2189 2784 2260 Quippe
2811 2191 2956 2260 quod
2987 2207 3086 2246 nos
3107 2191 3405 2246 adoramus
3431 2192 3484 2246 in
3510 2207 3759 2254 munere,

2172 2277 2248 2331 illi
2268 2277 2382 2347 jam
2425 2278 2826 2333 venerabantur
2871 2280 2924 2333 in
2969 2279 3092 2334 ﬁde.
3137 2280 3204 2334 Et
3253 2281 3398 2350 quod
3448 2280 3586 2350 apud
3644 2279 3762 2335 illos

2173 2368 2646 2438 eratquibnsdam
2696 2369 3076 2440 aenigmatibus
3119 2369 3406 2441 ﬁguratum
3437 2410 3452 2434 ,
3503 2385 3604 2425 nos
3650 2385 3748 2440 per

2176 2458 2487 2515 Mediatoris
2507 2461 2735 2530 gratiam
2754 2460 2868 2530 jam
2900 2459 3146 2516 videmus
3179 2460 3482 2530 impletum,
3516 2467 3576 2514 ut
3611 2462 3758 2530 quod

2175 2549 2249 2603 illi
2273 2550 2735 2620 praesagiebautur
2765 2566 2861 2620 per
2883 2551 3156 2622 spiritum,
3177 2566 3275 2606 nos
3301 2551 3410 2622 jam
3443 2566 3539 2620 per
3559 2566 3758 2620 corpo-

2175 2639 2344 2695 ralem
2376 2654 2665 2695 cernamus
2697 2651 2754 2696 et
2782 2641 3177 2710 amplectamur
3206 2641 3482 2695 obtutum.
3512 2637 3556 2695 Ο
3584 2640 3761 2692 admi-

2179 2733 2345 2785 randa
2365 2730 2675 2786 Conditoris
2697 2733 2867 2785 nostri
2891 2732 2977 2800 pia
3005 2731 3330 2786 clementia!
3361 2745 3394 2784 ο
3423 2729 3762 2798 praedicanda

2175 2821 2468 2892 singularis
2515 2823 2688 2877 nostri
2726 2821 3108 2891 Redemptoris
3162 2821 3478 2888 humilitas!
3525 2821 3765 2872 Atracis-

2177 2912 2330 2986 simte
2360 2911 2550 2967 mortis
2572 2911 2759 2967 subire
2781 2911 3036 2984 dignatus
3062 2920 3148 2966 est
3173 2925 3413 2981 pceuam,
3436 2918 3494 2964 ut
3519 2924 3617 2963 nos
3639 2923 3766 2978 pro-

2177 3005 2401 3059 veheret
2462 3005 2529 3058 ad
2585 3019 2863 3060 coronam.
2914 3005 3312 3075 Turpissimum
3377 3002 3559 3059 crucis
3603 3001 3767 3072 elegit

2177 3098 2394 3168 propria
2420 3097 2701 3153 voluntate
2732 3096 3058 3168 supplicium
3080 3136 3096 3162 ,
3132 3107 3190 3150 ut
3217 3109 3316 3150 nos
3360 3095 3427 3149 de
3477 3092 3764 3148 servitutis

487 3211 746 3265 namque,
772 3197 862 3264 qui
903 3197 971 3252 de
1001 3205 1250 3252 armento
1297 3191 1481 3252 offerri
1524 3197 1836 3268 praecipitur
1874 3197 2075 3268 (Exod.
2106 3181 2152 3246 C
2177 3190 2306 3262 jngo
2330 3191 2648 3246 sublimaret
2671 3191 2738 3245 ad
2775 3204 3022 3258 regnum.
3057 3188 3302 3244 Maledici
3351 3203 3458 3242 non
3510 3185 3762 3254 respuit,

490 3291 692 3360 nix),
747 3288 1078 3359 Redemptor
1132 3297 1337 3354 noster,
1393 3289 1485 3358 qui
1538 3289 1606 3343 de
1645 3288 2078 3357 patriarcharum

488 3381 772 3436 descendit
807 3381 1082 3452 progenie,
1121 3379 1405 3450 ﬁguratur.
1454 3377 1554 3434 Hie
1585 3379 1842 3433 nimirum
1895 3387 2081 3433 aratro

490 3475 675 3529 crucis
702 3489 812 3528 sua;
841 3483 1039 3528 terram
1062 3473 1243 3528 carnis
1286 3482 1488 3528 nostra:
1535 3472 1872 3542 perdomuit,
1921 3478 1976 3524 et
2014 3483 2082 3524 ex

494 3565 729 3634 Spiritus
750 3565 922 3620 sancti
953 3566 1162 3619 semine
1213 3564 1476 3618 virtutum
1521 3577 1620 3616 nos
1660 3561 1812 3631 fruge
1863 3561 2077 3616 ditavit.

489 3659 591 3713 llic
629 3657 831 3713 vitulus
873 3657 992 3712 sine
1039 3655 1248 3710 macula
1297 3669 1401 3710 non
1446 3655 1501 3710 in
1555 3653 1941 3718 tabernaculo,
1985 3651 2082 3709 sed

486 3761 616 3805 ante
651 3750 850 3806 ostium
884 3747 1001 3817 ejus
1047 3763 1077 3802 a
1131 3747 1254 3802 ﬁliis
1294 3747 1477 3801 Aaron
1507 3744 1836 3799 oﬂ'erebatur
1880 3742 2080 3805 (Exod.

489 3844 645 3914 xxix)
673 3859 687 3909 ;
721 3841 847 3912 quia
870 3849 925 3893 et
956 3839 1234 3904 Dominus,
1272 3838 1362 3908 qui
1395 3839 1513 3893 sine
1547 3844 1770 3906 peccato
1810 3842 1894 3889 est
1921 3832 2080 3905 (lsai.

488 3934 634 4004 sin),
671 3932 772 3988 sub
801 3932 959 3986 Anna
1008 3938 1063 3985 et
1105 3930 1310 4000 Caipha
1342 3928 1497 3999 (Luc.
1539 3927 1624 3998 ιιι)
1670 3937 1826 3981 extra
1867 3935 2080 3996 portam

487 4035 576 4082 cst
605 4023 916 4081 cruciﬁxus.
947 4023 1068 4093 ipse
1097 4023 1281 4092 Agnus
1306 4022 1396 4092 qui
1432 4021 1617 4076 mundi
1647 4029 1871 4091 peccata
1899 4020 2082 4073 deter-

491 4117 568 4170 sit
593 4116 775 4187 (Joan.
803 4113 866 4188 ι).
891 4113 1010 4184 ipse
1039 4114 1248 4178 bardus,
1274 4113 1366 4183 qui
1410 4118 1692 4167 auctorem
1728 4109 1935 4179 peccati
1969 4109 2086 4164 dia-

495 4206 699 4271 bolum,
732 4206 911 4260 crucis
958 4204 1136 4275 gladio
1175 4201 1468 4273 jugulavit.
1517 4201 1636 4270 Ipse
1687 4200 1972 4264 columba,
2027 4199 2082 4254 in

495 4298 651 4368 cujus
679 4294 935 4350 nimirum
977 4293 1159 4364 specie
1201 4293 1438 4363 Spiritus
1488 4299 1710 4346 sanctus
1751 4304 1914 4359 super
1958 4304 2080 4344 eum

497 4390 564 4443 ad
593 4383 846 4443 Iordanis
871 4385 1067 4440 ﬂuenta
1093 4383 1372 4439 descendit
1394 4381 1616 4453 (Matth.
1643 4380 1744 4452 ιιι).
1771 4380 1892 4451 Ipse
1914 4381 2082 4435 etiam

498 4492 694 4543 turtur,
727 4479 852 4551 quia
894 4485 1168 4548 perpetuae
1207 4475 1479 4530 castitatis
1523 4481 1713 4528 auctor
1736 4473 1849 4544 98
1873 4459 2081 4538 existit,

2181 3291 2242 3336 ut
2285 3297 2383 3336 nos
2428 3283 2495 3337 de
2543 3281 2832 3336 maledicto
2878 3279 3010 3351 legis
3060 3279 3382 3334 absolveret.
3433 3277 3760 3332 Probrosam

2183 3383 2412 3428 mortem
2440 3373 2681 3443 pertulit,
2712 3381 2773 3427 ut
2824 3386 2924 3426 nos
2968 3371 3038 3426 ab
3068 3380 3284 3426 aeterme
3331 3369 3522 3440 iii-ortis
3563 3381 3763 3437 oppro-

2185 3465 2302 3520 brio
2330 3465 2606 3520 liberaret.
2641 3463 2796 3520 Unde
2817 3473 2873 3518 et
2917 3462 3208 3533 Apostolus
3239 3481 3251 3515 :
3291 3480 3309 3512 ι
3349 3461 3600 3515 Christus
3624 3501 3637 3524 ,
3685 3460 3768 3513 iu-

2183 3557 2317 3625 quit,
2353 3569 2452 3610 nos
2500 3555 2732 3610 redemit
2774 3555 2844 3609 de
2890 3553 3178 3609 maledicto
3212 3552 3386 3623 legis,
3440 3552 3615 3606 facms
3662 3565 3760 3618 pro

2184 3647 2340 3702 nobis
2372 3647 2713 3702 maledictum
2742 3685 2759 3711 ,
2809 3645 2937 3715 quia
2988 3645 3253 3714 scriptum
3288 3651 3410 3698 est:
3448 3641 3765 3696 Maledictus

2183 3737 2381 3801 Omnis,
2410 3737 2500 3807 qui
2531 3737 2727 3807 pendet
2760 3736 2816 3790 iu
2863 3735 3010 3804 ligno
3040 3750 3055 3799 ;
3091 3742 3150 3788 ut
3196 3734 3249 3788 in
3295 3734 3549 3804 gentibus
3594 3732 3763 3785 bene-

2184 3831 2349 3887 dictio
2372 3830 2602 3885 Abrahae
2629 3829 2781 3885 ﬁeret
2826 3828 2882 3882 in
2915 3825 3130 3884 Christo
3162 3827 3288 3882 Jesu
3319 3868 3334 3891 ,
3383 3836 3443 3881 ut
3485 3826 3756 3896 pollicita-

2185 3922 2385 3977 tionem
2411 3921 2632 3991 spiritus
2652 3919 2980 3990 accipiamus
3007 3933 3103 3988 per
3135 3919 3293 3972 fidem
3323 3915 3465 3991 (Gal.
3496 3917 3601 3984 ιιι).
3639 3935 3656 3968 ι

2255 4014 2393 4081 Quia
2412 4027 2564 4084 ergo,
2593 4011 2792 4067 fratres
2823 4011 2952 4076 mei,
2980 4009 3261 4064 servitutis
3286 4007 3416 4079 jugo
3437 4006 3598 4062 soluti
3623 4047 3639 4071 ,
3668 4007 3765 4061 he-

2185 4105 2544 4161 nedictionem
2571 4103 2802 4159 Abrahae
2829 4101 2885 4156 in
2913 4101 3131 4156 Christo
3173 4098 3284 4167 jam
3331 4113 3519 4152 sumus
3561 4097 3765 4166 adepti,

2184 4197 2312 4265 quid
2340 4203 2527 4260 restat,
2553 4193 2655 4249 nisi
2683 4202 2740 4247 ut
2767 4208 2832 4246 ea
2857 4206 2996 4260 quze,
3027 4190 3200 4261 gratia
3226 4187 3606 4257 praaveniente,
3640 4201 3766 4255 per-

2183 4286 2622 4356 cepimus,etiam
2651 4300 2748 4356 per
2771 4284 2892 4337 vitae
2917 4282 3166 4336 meritum
3193 4279 3568 4348 Redemptoris
3592 4278 3766 4333 nostri

2185 4381 2324 4435 dona
2367 4394 2664 4443 servemus,
2698 4393 2768 4432 ne
2810 4376 2901 4446 qui
2952 4391 3048 4446 per
3092 4375 3420 4444 baptismum
3465 4374 3518 4426 in
3547 4372 3769 4428 Christo

2188 4470 2544 4533 renascimur,
2571 4469 2866 4523 secumlum
2901 4475 3139 4520 veterem
3167 4478 3356 4518 rursus
3384 4464 3662 4517 hominem
3690 4462 3769 4516 vi—

496 4575 638 4629 sicut
669 4535 769 4628 sibi
815 4586 843 4625 a
893 4585 1090 4641 sponsa
1133 4567 1332 4622 dicitur
1361 4583 1374 4621 :
1413 4585 1433 4618 ι
1478 4564 1751 4636 Speciosae
1799 4579 1947 4636 genae
1979 4571 2084 4618 tua:
2112 4535 2160 4595 D
2189 4571 2395 4626 ventes,
2427 4561 2494 4614 ad
2517 4558 2880 4614 dammitiouis
2904 4556 3023 4627 ejus
3045 4557 3369 4620 sententiam
3402 4553 3771 4609 revocemur?

493 4667 640 4719 sicut
666 4662 893 4718 turturis
923 4658 1102 4732 (Cant.
1135 4659 1197 4729 ι).
1234 4678 1251 4710 ι

570 4755 825 4810 Eamdem
852 4767 1013 4824 porro
1035 4750 1262 4806 viviﬁca:
1287 4749 1468 4804 crucis
1497 4747 1730 4801 hostiam
1763 4745 2084 4817 designabat

493 4857 551 4900 et
574 4847 734 4900 vitula
760 4845 848 4899 illa
886 4843 1027 4909 rufa,
1059 4859 1200 4914 quae,
1231 4851 1391 4897 aetate
1434 4842 1653 4910 quidem
1691 4841 1902 4911 integra
1929 4881 1943 4907 ,
1988 4844 2083 4896 sed

498 4939 605 5008 jugi
638 4952 758 4992 esse
779 4935 1000 5004 jubetur
1029 4936 1219 5004 ignara
1243 4931 1432 5004 (Num.
1479 4931 1615 5002 xix).
1654 4930 1790 4985 Rufa
1824 4932 2080 4986 nimirum

498 5030 665 5084 vitula
709 5043 837 5083 caro
878 5037 960 5082 est
1012 5025 1332 5092 Salvatoris,
1361 5039 1517 5080 rosea
1567 5023 1776 5079 scilicet
1825 5023 2085 5092 sanguine

497 5123 786 5196 passionis.
818 5120 1077 5175 Perfecta:
1098 5120 1314 5188 quidem
1345 5119 1520 5173 aetatis
1552 5117 1813 5172 Dominus
1857 5116 1924 5171 ad
1956 5131 2085 5185 pas-

499 5219 709 5274 sionem
741 5215 911 5280 venit,
947 5214 1043 5268 sed
1091 5213 1206 5282 ejus
1250 5212 1446 5267 collum
1483 5210 1676 5281 jugum
1729 5207 1942 5280 peccati
1991 5225 2088 5264 cu-

495 5309 719 5380 juslibet
751 5324 856 5362 non
879 5305 1106 5360 attrivi‘t.
1151 5302 1252 5370 Qui
1281 5303 1503 5357 vitulam
1532 5300 1766 5356 oﬂ‘erunt
1813 5300 2082 5354 immundi

502 5411 649 5466 sunt,
691 5412 747 5456 et
787 5401 879 5471 qui
926 5398 1204 5454 Christum
1261 5395 1625 5464 eritciﬁgunt,
1673 5392 1816 5448 unde
1855 5392 2088 5447 mundus

504 5494 765 5557 abluitur,
799 5493 899 5562 ipsi
942 5487 1329 5546 damnabilitcr
1375 5486 1751 5556 inquinantur.
1804 5483 1907 5551 Qui
1959 5498 2089 5539 vero

507 5584 745 5654 cinerem
792 5585 1085 5654 colligens,
1135 5590 1291 5638 extra
1337 5588 1513 5634 castra
1571 5578 1808 5649 projicit,
1857 5577 2091 5631 mundus

507 5683 634 5740 est;
669 5676 794 5743 quia
831 5676 1138 5744 quicunque
1167 5672 1348 5728 erucis
1374 5669 1670 5727 Dumiuicm
1711 5669 2091 5740 passionisque

512 5766 831 5836 mysterium
863 5779 958 5835 per
983 5766 1166 5823 tnundi
1194 5763 1531 5822 latitudinem
1561 5762 1876 5833 praedicant,
1911 5778 1940 5816 a
1968 5776 2090 5832 pec-

2187 4655 2322 4710 Nam
2369 4663 2424 4709 et
2471 4652 2631 4708 hodie
2681 4653 2734 4706 in
2776 4651 3018 4706 Ecclesia
3075 4650 3202 4704 illud
3260 4648 3428 4703 David
3468 4648 3766 4702 canimus:

2190 4768 2208 4799 ι
2247 4745 2513 4802 Maledicti
2575 4744 2669 4814 qui
2715 4743 2990 4798 declinant
3035 4757 3066 4796 a
3103 4741 3372 4796 mandatis
3432 4740 3537 4795 tuis
3591 4735 3768 4810 (Paul.

2185 4837 2394 4911 cxvm).
2435 4857 2452 4890 ι
2483 4836 2886 4892 Consideranda
2923 4850 3116 4905 nempe
3165 4834 3433 4890 sententia
3461 4874 3474 4898 ,
3503 4832 3632 4904 quia
3661 4847 3768 4887 non

2184 4933 2403 4995 dicitur,
2434 4927 2703 4983 maledicti
2730 4927 2821 4996 qui
2875 4941 2980 4980 non
3033 4925 3144 4996 99
3187 4940 3291 4979 non
3317 4933 3680 4980 renascuntur
3715 4922 3770 4976 in

2189 5023 2542 5080 sacramentis
2574 5021 2702 5085 tuis,
2727 5019 2840 5083 sed,
2870 5021 2958 5088 qui
2989 5018 3263 5073 declinant
3291 5033 3320 5071 a
3347 5017 3614 5071 mandatis
3639 5014 3769 5078 tuis,

2189 5118 2314 5186 quia
2345 5113 2598 5169 videlicet
2626 5127 2732 5166 non
2781 5110 2954 5165 solum
2989 5109 3062 5163 illi
3109 5107 3500 5163 maledictionis
3542 5107 3772 5163 nexibus

2148 5235 2150 5237 -
2189 5215 2314 5263 sunt
2340 5203 2555 5260 obnoxii
2583 5244 2597 5267 ,
2626 5217 2762 5272 quos
2787 5203 2841 5255 in
2870 5201 3087 5256 Christo
3118 5215 3254 5269 aqua
3284 5199 3628 5268 baptismatis
3657 5213 3768 5254 non

2192 5303 2494 5367 regenerat,
2546 5293 2640 5350 sed
2669 5293 2744 5346 illi
2780 5293 2944 5347 etiam
2997 5305 3226 5361 quorum
3263 5291 3501 5360 pravitas
3542 5307 3572 5344 a
3609 5288 3773 5344 recti-

2191 5391 2374 5445 tudine
2405 5387 2782 5444 mandatorum
2815 5384 2907 5440 Dei
2941 5401 3036 5454 per
3061 5385 3315 5438 vitiorum
3344 5383 3568 5454 abrupta
3603 5382 3771 5436 decli-

2195 5489 2306 5534 nat.
2341 5479 2480 5546 Quid
2509 5493 2644 5548 ergo
2699 5480 2921 5549 prodest
2956 5479 3083 5547 quia
3131 5477 3196 5531 de
3227 5474 3455 5530 vinculis
3515 5475 3636 5543 quis
3682 5488 3774 5526 ve-

2191 5581 2346 5627 tusta:
2377 5570 2770 5626 maledictiunis
2799 5569 3116 5629 absolvitur.
3146 5568 3190 5621 si
3235 5582 3330 5638 per
3361 5567 3525 5619 vitam
3581 5580 3740 5633 repro

2194 5666 2318 5721 bam
2374 5663 2574 5719 eisdem
2630 5661 2858 5716 vinculis
2903 5659 3079 5715 denuo
3131 5647 3490 5713 retrud'atur?
3537 5655 3669 5710 Nam
3719 5667 3775 5711 ct

2197 5756 2484 5828 Apostolus
2513 5755 2628 5811 ait:
2663 5773 2681 5806 ι
2717 5753 2818 5822 Qui
2847 5769 2950 5810 non
2994 5761 3139 5807 amat
3187 5749 3474 5806 Dominum
3525 5757 3772 5804 nostrum
