4184 6448
434 329 540 385 669

1857 325 2091 384 SERMO
2133 323 2319 382 XVHE.

3620 337 3723 390 610

433 443 619 497 Jesutn
646 439 948 505 Christum,
979 438 1046 494 sit
1072 439 1391 508 anathema,
1434 439 1752 498 maranatlta
1799 438 1852 508 (1
1903 437 2026 495 Cor.
2060 447 2105 502 Α
2136 439 2188 493 in
2214 454 2412 510 aquam
2444 437 2614 507 misit,
2646 448 2697 496 et
2737 457 2860 496 mox
2905 442 3108 498 ferrum
3157 445 3398 514 natavit,
3450 458 3612 521 alque
3655 451 3724 508 ad

435 534 571 603 xvt).
610 531 714 587 Ubi
744 547 900 602 aeque
944 531 1239 586 notandum
1263 531 1389 600 quia
1416 548 1522 586 non
1563 531 1734 587 dicit:
1768 530 1870 598 Qui
1915 548 2023 586 non

433 625 738 680 renascitur
768 623 821 682 in
864 621 1150 694 Dominum
1202 631 1448 677 nostrum
1489 621 1673 680 Jesnm
1720 623 2024 693 Christum,

432 715 526 768 sed
553 713 646 783 qui
679 728 784 766 non
819 719 986 775 amat,
1020 719 1080 764 ut
1127 711 1290 766 etiam
1340 710 1384 765 si
1430 710 1703 780 baptismo
1750 713 2015 782 probetur

431 805 555 876 quis
591 805 644 858 in
670 804 886 859 Christo
911 813 1152 867 renatus,
1180 804 1220 856 si
1249 819 1352 860 non
1385 803 1456 858 sit
1499 803 1660 858 etiam
1699 820 1762 858 ex
1797 819 2026 860 conver-

431 897 644 953 satione
665 907 1062 958 commortuus,
1091 910 1433 964 nequaquam
1459 897 1535 950 sit
1561 911 1592 949 a
1613 895 2018 950 ntaledictionis

431 991 653 1044 omnino
677 989 904 1046 vinculis
931 988 1242 1047 absolutus:
1281 1010 1300 1045 ι
1331 989 1386 1047 Si
1415 990 1586 1055 enim,
1613 991 1767 1060 juxta
1790 991 2024 1062 Aposto-

435 1080 579 1144 lmn,
615 1080 964 1149 complantati
1017 1095 1207 1134 sumus
1253 1081 1593 1136 similitudini
1645 1082 1837 1140 mortis
1880 1082 2020 1151 ejus,

440 1172 601 1227 simul
635 1182 692 1228 et
721 1173 1134 1228 resurrectionis
1162 1173 1368 1230 erimus
1393 1172 1570 1242 (Rom.
1610 1175 1708 1243 vr).
1751 1194 1769 1231 ι
1803 1175 1873 1231 Ει
1905 1191 2023 1240 rur-

432 1281 526 1320 sus
555 1278 571 1318 :
609 1283 628 1316 ι
668 1263 723 1318 Si
756 1264 1142 1333 compatimnr,
1174 1275 1229 1318 et
1261 1265 1752 1335 conregnahimus;
1799 1267 1842 1321 si
1875 1283 2025 1323 com-

431 1355 724 1422 morimur,
753 1364 809 1410 et
834 1356 1185 1411 convivemus
1207 1354 1288 1425 (II
1321 1354 1456 1410 Tim.
1485 1357 1569 1425 tt).
1597 1374 1615 1408 ι
1650 1355 1756 1413 Sed
1781 1357 1903 1426 quis
1935 1358 2025 1412 ille

430 1445 633 1513 estqui
677 1460 784 1502 non
831 1453 980 1504 amat
1023 1444 1296 1499 Christum
1325 1445 1347 1496 ?
1374 1443 1507 1510 Quis
1551 1445 1696 1500 enim
1748 1457 2020 1512 nostrum,

429 1535 573 1591 side
620 1534 819 1590 Christi
875 1534 1166 1590 dilectione
1213 1535 1558 1602 consulitur,
1609 1553 1718 1592 non
1766 1539 2018 1608 protinus

429 1633 766 1690 constanter,
797 1625 904 1680 imo
935 1626 1340 1696 promptissime
1389 1642 1451 1682 se
1476 1625 1754 1684 Christum
1794 1629 2020 1701 diligere

429 1714 708 1772 fateatur?
742 1713 936 1770 Verqu
963 1715 1050 1770 ille
1088 1731 1196 1772 non
1242 1727 1392 1772 amat
1417 1716 1694 1774 Christum
1761 1720 1853 1788 qui
1914 1737 2018 1774 non

2129 529 2472 583 manubrium
2507 529 2666 584 rediit
2699 529 2804 600 (IV
2836 530 2959 600 Reg.
3004 532 3101 603 vt).
3137 533 3273 600 Quid
3301 544 3384 590 est
3423 547 3601 593 autem
3643 555 3726 594 se-

2129 617 2299 682 curis,
2325 617 2428 670 nisi
2465 618 2732 687 sapientia
2781 619 2872 673 Dei
2913 629 3133 690 operata
3187 637 3283 691 per
3310 640 3504 693 corpus
3531 627 3554 679 ?
3581 627 3721 694 Quid

2128 706 2352 772 ferrum,
2371 707 2472 762 nisi
2497 709 2788 765 divinitas?
2812 710 2950 778 Qui-l
2977 712 3209 783 lignum,
3236 716 3338 771 nisi
3363 718 3672 775 humanitas
3696 720 3722 774 ἲ

2125 796 2192 852 Et
2227 807 2372 853 recte
2407 814 2614 868 corpus
2639 799 2839 856 Christi
2865 802 3064 872 lignum
3097 804 3314 872 dicitur,
3347 808 3470 876 quia
3507 824 3536 862 a
3565 809 3714 880 ligno

2123 891 2397 958 pependit.
2450 889 2672 946 Securis
2724 892 2885 961 igitur
2936 893 3093 963 juxta
3135 892 3426 950 Jordanem
3488 897 3714 955 arbores

2123 981 2452 1048 succidebat,
2483 984 2608 1054 quia
2633 984 2725 1038 Dei
2752 986 3042 1056 sapientia,
3065 986 3224 1056 juxta
3256 988 3477 1043 ﬂuidum
3507 1001 3716 1046 morta-

2123 1068 2293 1126 litatis
2315 1081 2515 1128 nostra:
2539 1073 2848 1141 decursum,
2877 1075 3094 1147 dignata
3140 1087 3225 1132 est
3261 1079 3455 1148 impios
3499 1079 3716 1136 .ludaeos

2127 1178 2237 1218 sua:
2287 1166 2686 1233 praedicationis
2737 1170 3052 1224 austeritate
3112 1172 3421 1242 corripere,
3471 1181 3526 1227 et
3571 1175 3720 1228 velut

2124 1251 2492 1311 iufructuosas
2541 1257 2766 1313 arbores
2795 1273 2824 1310 a
2857 1267 3001 1314 statu
3035 1260 3221 1330 rigida:
3268 1264 3532 1332 superbia:
3562 1263 3719 1320 dese-

2121 1357 2270 1397 care.
2305 1343 2458 1398 Unde
2481 1353 2536 1400 et
2561 1343 2801 1402 Joannes
2823 1347 2992 1404 dicit:
3027 1367 3044 1400 ι
3085 1349 3205 1404 Jam
3259 1355 3472 1408 securis
3499 1356 3565 1408 ad
3619 1371 3714 1408 ra—

2122 1433 2297 1488 dicem
2321 1433 2578 1490 arborum
2605 1437 2781 1506 posita
2832 1447 2936 1493 est.
3001 1437 3190 1496 Omnis
3235 1444 3397 1497 arbor
3431 1461 3552 1513 quae
3599 1462 3712 1502 non

2123 1523 2253 1578 facit
2283 1523 2518 1580 fructum
2545 1525 2766 1592 bonum,
2795 1529 3100 1596 excidetur,
3132 1542 3188 1586 et
3218 1533 3270 1586 in
3302 1535 3479 1603 ignem
3526 1537 3704 1592 mitte-

2127 1625 2216 1671 tur
2240 1617 2457 1688 (Matth.
2493 1636 2552 1676 nt
2582 1637 2597 1687 ;
2631 1621 2762 1677 Luc.
2805 1624 2912 1695 in).
2952 1643 2972 1678 ι
3017 1625 3206 1698 Itaque
3251 1630 3378 1684 dtnn
3415 1631 3558 1702 ligna
3611 1649 3719 1691 οω-
3808 1679 3813 1683 .

2127 1708 2352 1774 duntnr,
2399 1711 2606 1768 ferrttm
2638 1715 2691 1769 in
2720 1731 2916 1785 aquam
2944 1719 3012 1774 de
3039 1721 3323 1778 manubrio
3347 1726 3562 1791 cecidit,
3588 1728 3714 1797 quia

432 1811 582 1858 amat
619 1819 840 1860 erucem
868 1804 1094 1861 Christi.
1126 1806 1195 1862 Et
1241 1807 1333 1876 qui
1364 1816 1491 1863 sunt
1529 1809 1620 1878 qui
1651 1808 1853 1865 Christi
1893 1825 2013 1866 crn-
2051 1798 2093 1856 Β
2130 1802 2257 1855 dum
2297 1802 2574 1860 silvestres
2599 1805 2908 1862 Jttdaeorum
2956 1820 3167 1867 mentes
3217 1813 3432 1871 Veritas
3451 1818 3674 1888 corripit
3697 1859 3714 1884 ,

429 1911 547 1952 cem
580 1912 688 1953 non
711 1905 899 1952 amant
927 1898 950 1952 ?
975 1898 1110 1954 Audi
1141 1897 1368 1956 Paulum
1420 1900 1706 1958 manifesta
1745 1917 1840 1957 eos
1888 1917 2020 1958 voce

428 1997 754 2043 notantem:
796 2006 814 2040 ι
859 1987 1032 2053 Multi,
1059 1990 1274 2059 inquit,
1331 1991 1652 2057 ambulant,
1698 2008 1835 2062 quos
1873 2008 2020 2062 saepe

427 2080 674 2139 dicebam
706 2082 856 2140 vobis
882 2081 1050 2151 (nunc
1083 2092 1264 2139 autem
1299 2094 1354 2140 et
1396 2083 1529 2138 ﬂens
1570 2085 1714 2155 dico)
1759 2087 2016 2144 inimicos

427 2173 608 2229 crucis
635 2172 863 2236 Christi,
889 2189 1120 2244 quorum
1147 2174 1268 2231 linis
1297 2175 1569 2241 interitus,
1595 2192 1828 2246 quorum
1873 2178 2020 2234 Dens

430 2273 623 2320 venter
648 2273 728 2324 est
759 2283 774 2320 :
805 2273 860 2323 et
887 2265 1057 2336 gloria
1088 2265 1143 2323 in
1165 2266 1487 2322 confusione
1507 2283 1726 2334 eorum,
1763 2270 1857 2338 qui
1897 2279 2012 2327 tcr-

430 2369 561 2409 rena
593 2353 1054 2429 sapiuut(PItilip.
1097 2356 1203 2426 ut).
1250 2375 1270 2410 ι
1314 2357 1592 2427 Loquatur
1627 2367 1684 2414 et
1728 2357 2009 2415 Jacobns:

433 2469 452 2502 ι
487 2451 588 2518 Qui
613 2451 856 2516 amicus,
890 2452 1004 2517 ait,
1055 2461 1140 2506 est
1187 2451 1351 2520 hujus
1379 2454 1582 2519 stet-"li,
1625 2454 1880 2510 inimicus
1911 2456 2006 2510 Dei

428 2541 778 2596 constituitur
810 2541 952 2612 (Jac.
979 2543 1076 2611 tv).
1114 2562 1134 2594 ι

504 2629 761 2702 Quisquis
798 2631 1248 2701 ergovdesiderat
1292 2635 1360 2689 ab
1404 2633 1553 2687 omni
1595 2633 1810 2689 vinculo
1849 2635 2018 2690 male-

345 2710 349 2715 ’
433 2721 683 2776 dictionis
709 2721 960 2786 absolvi,
1017 2731 1072 2776 et
1115 2722 1325 2791 plenam
1359 2737 1515 2777 novte
1564 2724 1754 2793 gratia:
1797 2723 2016 2780 benedi-

431 2812 666 2866 ctionem
703 2814 985 2883 consequi,
1015 2828 1234 2869 crucem
1265 2811 1477 2882 diligat,
1504 2829 1572 2869 ex
1601 2828 1706 2882 qua
1761 2813 2016 2870 videlicet

431 2905 609 2959 omnis
628 2905 904 2974 plenitudo
933 2905 1329 2961 benedictionis
1357 2914 1596 2960 emanat.
1642 2905 1748 2961 Per
1792 2922 2010 2962 crucem

430 3009 492 3049 se
513 2994 610 3049 Dei
633 2996 903 3051 mandatis
923 2997 1209 3067 astringat.
1227 2996 1332 3051 Per
1353 3011 1570 3052 crucem
1593 2996 1813 3054 effrenis
1831 2999 2014 3054 carnis

434 3083 706 3138 incentiva
738 3085 1011 3141 cohibeat.
1044 3083 1200 3140 Sicut
1226 3083 1387 3140 enim'
1417 3089 1805 3144 consenticudo
1835 3090 2009 3150 carni.

433 3175 762 3229 sententiam
792 3175 1184 3231 maledictionis
1221 3176 1570 3242 incurrimus,
1592 3177 1672 3235 sic
1692 3177 2017 3236 refrenando

433 3277 678 3328 carnem,
710 3261 1102 3319 benedictionis
1123 3265 1352 3334 gratiam
1378 3280 1770 3334 promeremur.
1795 3267 1873 3323 Ex
1907 3279 2014 3323 tor-

429 3351 603 3408 culari
649 3365 886 3424 namque
937 3352 1176 3427 [nempe]
1214 3355 1392 3410 crucis
1443 3355 1746 3426 largissime
1793 3358 1929 3416 bene
1951 3360 2016 3414 li-

429 3448 630 3503 ctionis
656 3449 796 3503 unda
838 3447 1117 3518 proﬂuxit,
1166 3464 1288 3519 quae
1336 3448 1736 3505 maledictionis
1781 3452 2016 3521 antiqua:

432 3539 587 3595 virus
614 3553 776 3594 omne
801 3540 1048 3594 detersit.
1084 3539 1208 3594 lude
1261 3538 1516 3594 nimirum
1563 3539 1840 3597 stillicidia
1881 3541 2012 3596 cha-

432 3634 722 3688 rismatum
751 3631 1054 3687 emlestium
1101 3641 1506 3701 proruperunt,
1534 3647 1655 3701 qum
1703 3633 2014 3690 ariditatem

429 3725 787 3778 humanarum
831 3723 1093 3778 mentium
1136 3721 1425 3777 salubriter
1463 3721 1717 3794 irrigant,
1742 3725 2016 3780 omnium-

427 3826 536 3882 que
564 3812 821 3867 virtutum
855 3811 995 3867 felici
1034 3811 1188 3880 fruge
1235 3809 1547 3868 fecundam.
1589 3811 1715 3868 Haec
1748 3822 1832 3869 est
1865 3814 2012 3870 enim

430 3908 602 3962 nubes
646 3906 737 3960 illa
757 3921 878 3977 quae
904 3905 1034 3960 Elia:
1059 3905 1158 3960 sub
1182 3905 1410 3975 vestigio
1430 3905 1670 3986 hominis
1692 3906 1748 3961 in
1772 3913 2017 3977 tempore

432 4000 700 4056 siccitatis
723 3998 996 4070 apparuit,
1026 4007 1081 4052 et
1115 4014 1239 4053 mox
1285 3997 1598 4052 innndantis
1621 3998 1814 4067 pluvia:
1853 3999 2008 4068 copia

430 4089 770 4144 abundanter
789 4085 1230 4160 [subsequenter]
1243 4087 1442 4157 erupit.
1459 4087 1552 4142 Sic
1571 4089 1717 4142 enim
1733 4087 2014 4158 Scriptura

429 4188 825 4237 commemorat
856 4199 870 4234 :
911 4197 932 4230 ι
966 4179 1122 4240 Ecce,
1157 4179 1352 4248 inquit,
1377 4179 1636 4236 nubecula
1666 4196 1830 4250 parva
1858 4182 2013 4250 quasi

429 4274 717 4344 vestigium
765 4273 999 4328 hominis
1047 4272 1376 4327 ascendebat
1424 4272 1492 4328 de
1540 4274 1678 4327 mari
1733 4273 1856 4344 (Ill
1888 4274 2014 4345 Reg.

429 4369 677 4439 xvm).-i
733 4368 868 4435 Quia
917 4369 1064 4423 enim
1113 4383 1215 4422 non
1265 4369 1418 4438 quasi
1465 4369 1662 4433 homo,
1711 4371 1804 4428 sed
1857 4374 2014 4441 quasi

428 4461 716 4531 vestigium
743 4460 978 4515 hominis
1003 4459 1315 4515 ascendisse
1336 4458 1558 4524 dicitur,
1584 4471 1732 4516 recte
1781 4478 1878 4531 per
1905 4464 2010 4519 hoc

2134 1892 2390 1948 divinitas
2418 1909 2641 1951 carnem
2666 1897 2924 1954 deserens
2951 1902 3019 1955 ad
3048 1901 3243 1958 inferni
3272 1905 3536 1973 profunda
3569 1909 3700 1963 des-

2122 1985 2322 2039 cendit.
2353 1984 2458 2041 Sed
2483 1986 2687 2058 lignum
2709 1989 2762 2044 in
2786 2005 2982 2060 aquam
3014 1993 3272 2060 mittitur,
3305 2005 3361 2050 et
3384 1995 3590 2051 ferrum
3621 2013 3711 2054 re-

2128 2073 2229 2137 dit,
2264 2075 2391 2144 qnia
2430 2091 2627 2145 corpus
2653 2077 2885 2144 Domini,
2910 2083 3054 2150 quod
3084 2083 3138 2138 in
3166 2083 3313 2153 ligno
3353 2088 3710 2156 pependerat,

2121 2165 2175 2219 in
2230 2167 2480 2236 scpulcro
2524 2169 2745 2237 ponitur
2772 2211 2786 2236 ,
2830 2171 3026 2230 deinde
3072 2191 3139 2230 ex
3186 2177 3492 2246 profundis“
3522 2180 3709 2250 inferi,

2121 2259 2317 2327 spiritu
2346 2260 2628 2328 redeunte,
2653 2265 2909 2320 surrexit.

2193 2391 2349 2447 Unde
2371 2395 2661 2449 notandum
2687 2405 2791 2463 est,
2825 2397 3022 2455 fratres
3056 2401 3185 2467 mei,
3213 2411 3267 2456 et
3295 2403 3710 2472 diligentissime

2120 2483 2560 2552 perpendendum
2581 2486 2707 2554 quia
2740 2487 2854 2556 ipse
2878 2488 3205 2559 Redemptor
3235 2501 3421 2546 noster
3456 2506 3582 2548 ante
3612 2510 3710 2565 per

2117 2587 2333 2626 crucem
2360 2574 2596 2641 transiit,
2619 2587 2672 2629 et
2693 2576 2774 2631 sic
2793 2577 3189 2634 humanitatem
3213 2596 3367 2636 suam
3395 2583 3447 2636 in
3466 2594 3707 2652 putemne

2117 2665 2352 2718 dextera:
2377 2664 2601 2734 gloriam
2631 2667 2963 2722 sublimavit.
2990 2669 3306 2740 Exemplum
3359 2673 3558 2742 quippe
3605 2690 3704 2728 no-

2116 2754 2200 2810 bis
2219 2756 2490 2823 exhibuit,
2519 2767 2579 2811 ttt
2605 2759 2745 2813 unde
2765 2770 2932 2830 caput
2958 2763 3302 2831 prmeessisse
3334 2766 3706 2836 cognoscitur,

2116 2861 2213 2915 per
2228 2849 2478 2902 eamdem
2509 2848 2650 2903 viam
2679 2857 2734 2905 et
2761 2853 3004 2906 membra
3028 2853 3411 2924 subsequentia
3442 2859 3705 2926 gradian-

2117 2949 2221 2994 tur.
2240 2939 2588 2998 Prteferitnus
2611 2943 2774 3014 igitur
2796 2960 3013 3000 crucem
3040 2947 3092 3001 in
3125 2946 3326 3014 fronte,
3344 2952 3442 3006 sed
3459 2952 3709 3006 eamdem

2097 3047 2334 3085 crucem
2379 3032 2550 3088 multo
2603 3034 2875 3090 salubrius
2926 3038 3289 3094 recondamus
3343 3040 3397 3094 in
3435 3042 3622 3097 corde.
3652 3040 3709 3094 lu

2043 3148 2088 3204 η
2120 3136 2351 3196 utroque
2374 3137 2529 3196 poste
2572 3128 2891 3199 sanguinem
2943 3143 3238 3200 pereussor
3263 3132 3490 3203 angelos
3528 3131 3710 3189 vldeat

2121 3216 2319 3288 (Exod.
2354 3215 2475 3288 xn),
2509 3224 2567 3270 ut
2612 3217 2870 3274 exclusus
2905 3220 3131 3287 evadat,
3175 3239 3281 3278 non
3333 3233 3711 3294 perempturus

2119 3307 2406 3375 irrumpat.
2443 3305 2554 3362 Nec
2597 3307 2698 3362 sibi
2745 3308 3015 3378 quispiam
3059 3311 3124 3366 de
3175 3312 3289 3368 solo
3336 3313 3491 3383 signo
3532 3315 3712 3369 crucis

2118 3397 2427 3468 applaudat,
2457 3399 2502 3452 si
2532 3399 2817 3454 veritatem
2846 3401 3027 3456 crucis
3057 3401 3109 3456 in
3131 3403 3390 3472 operibus
3419 3421 3523 3458 noti
3551 3405 3709 3458 exhi-

2119 3491 2263 3545 beat.
2303 3490 2534 3546 Crucem
2559 3507 2754 3562 nempe
2778 3492 2867 3546 illo
2896 3493 2948 3548 in
2981 3493 3096 3549 suis
3141 3494 3386 3551 moribus
3427 3497 3712 3568 signanter

2117 3593 2481 3653 expresserat.
2519 3584 2609 3654 qni
2636 3585 2852 3641 dicebat
2883 3603 2896 3640 :
2936 3603 2955 3637 t
2983 3585 3098 3656 Ego
3131 3587 3276 3642 enim
3299 3587 3555 3657 stigmata
3581 3586 3710 3646 Jesu

2118 3675 2171 3730 in
2199 3690 2428 3746 corpore
2459 3691 2580 3731 meo
2615 3686 2771 3748 porto
2803 3677 2947 3748 (Gal.
2975 3677 3075 3750 vt).
3107 3697 3127 3732 ι

2188 3806 2507 3864 Mnndantes
2529 3809 2693 3879 igitur
2717 3811 3096 3880 nosmetipsos,
3114 3811 3445 3880 charissimi,
3463 3814 3532 3870 ab
3552 3817 3705 3870 omni

2119 3898 2530 3968 inquinamento
2555 3900 2736 3954 carnis
2762 3908 2815 3955 et
2837 3901 3081 3970 spiritus.
3113 3903 3464 3972 accingamur
3503 3905 3700 3960 adver-

2117 3991 2352 4044 santium
2382 3991 2637 4045 vitiorum
2667 3993 2901 4060 impetus
2926 3992 3198 4064 frangere,
3231 3995 3466 4051 carnalis
3506 3997 3696 4053 illece-

2117 4084 2229 4138 brae
2250 4083 2593 4153 passionibus
2622 4085 2848 4139 obviare
2873 4125 2887 4150 ,
2923 4085 3013 4155 pie
3058 4087 3430 4157 proximorum
3469 4093 3712 4147 necessi-

2121 4173 2324 4229 tatibus
2361 4174 2800 4229 condescendere
2830 4215 2844 4240 ,
2890 4175 3067 4232 illatas
3111 4176 3276 4231 etiam
3316 4181 3710 4239 contumelias.

2118 4274 2332 4321 servata
2372 4265 2683 4332 charitate,
2740 4264 3005 4336 perferre.
3066 4266 3150 4322 Sit
3210 4284 3364 4324 mens
3407 4280 3593 4326 nostra
3645 4273 3716 4326 ab

2118 4357 2263 4412 omni
2299 4365 2528 4412 terrente
2555 4355 2872 4427 cupiditatis
2899 4357 3141 4427 pondere
3172 4356 3344 4413 libera
3372 4400 3386 4424 ,
3425 4369 3484 4414 ιιι
3536 4363 3709 4416 sancti

2119 4447 2372 4512 desiderii
2401 4447 2595 4502 librata
2626 4447 2822 4518 pennis
2852 4448 2957 4503 ima
2988 4447 3102 4518 jam
3142 4449 3358 4506 deserat
3386 4492 3400 4515 ,
3452 4460 3618 4520 atque
3644 4454 3713 4505 ad

431 4524 599 4616 crux:
613 4567 733 4620 quae
758 4551 1019 4606 membris
1044 4559 1125 4606 est
1151 4558 1334 4621 aptata
1361 4550 1653 4608 Dominicis
1677 4524 2014 4626 designatur.

2120 4537 2414 4592 Auctorem
2445 4552 2603 4592 suum
2631 4537 2850 4593 rediens
2881 4537 2936 4591 in
2967 4536 3088 4607 ejus
3117 4553 3305 4593 amore
3355 4540 3599 4594 suaviter
3628 4556 3713 4602 rea

432 4641 499 4697 Et
524 4641 664 4695 bene
693 4657 825 4695 crux
855 4632 1142 4710 vestigium
1194 4640 1428 4695 hominis
1469 4641 1703 4705 dicitur,
1750 4643 1875 4713 quia
1920 4658 2020 4714 per

432 4746 552 4785 eam
580 4730 720 4786 Deus
746 4730 910 4785 homo
938 4731 1224 4785 transitum
1257 4731 1402 4794 fecit,
1439 4747 1561 4786 eum
1590 4732 1655 4786 ad
1685 4732 1756 4786 Pa
1770 4743 1903 4788 tretn
1938 4748 2022 4788 rc-

431 4824 551 4887 diit,
580 4825 722 4878 sicut
748 4839 843 4893 per
871 4821 1134 4878 Joannem
1163 4825 1395 4879 dicitur:
1430 4843 1448 4876 ι
1487 4825 1682 4882 Sciens
1707 4826 1866 4882 Jesus
1892 4829 2016 4896 quia

431 4915 582 4969 venit
610 4914 726 4982 ejus
755 4915 911 4981 hora,
945 4925 1004 4970 ιιι
1049 4925 1292 4971 transeat
1319 4931 1384 4970 ex
1419 4917 1523 4972 hoc
1570 4921 1772 4974 mundo
1801 4921 1866 4974 ad
1918 4920 2022 4976 Pa-

433 5013 569 5058 trem
602 5004 783 5074 (Joan.
809 5007 951 5073 xm).
982 5024 1001 5058 ›
1036 5004 1244 5061 Pascha
1281 5007 1481 5076 quippe
1505 5008 1760 5062 transitus
1791 5009 2012 5067 dicitur.

432 5093 501 5150 Et
530 5089 617 5148 hic
647 5097 911 5151 transitus
935 5111 1034 5165 per
1067 5111 1284 5150 crucem
1327 5095 1503 5152 factus
1548 5107 1666 5164 est,
1701 5100 1843 5155 sicut
1885 5102 2018 5158 dicit

431 5183 747 5256 Apostolus:
781 5205 799 5237 ι
833 5186 1304 5267 Paschanostrum
1333 5189 1644 5246 immolatus
1666 5200 1750 5246 est
1768 5191 2018 5248 Christus

436 5275 487 5346 (Ι
515 5274 638 5332 Cor.
666 5278 742 5349 v).
772 5297 792 5331 ι
843 5277 1000 5334 Sient
1028 5293 1159 5348 ergo
1183 5295 1280 5350 per
1310 5280 1589 5349 Virginem
1625 5282 1910 5338 descendit
1951 5283 2018 5339 ad

435 5376 641 5433 nostra,
682 5370 761 5424 sic
789 5385 887 5440 per
939 5385 1158 5426 crucem
1208 5379 1294 5427 est
1348 5387 1601 5428 reversus
1647 5377 1714 5428 ad
1770 5377 2008 5446 propria.

436 5457 590 5524 Quod
620 5470 983 5530 congruenter
1019 5463 1288 5532 expressit
1333 5463 1494 5532 100
1525 5464 1654 5518 illud
1682 5465 1884 5523 factum
1918 5466 2020 5520 sub

437 5548 618 5607 Eliseo
658 5552 1000 5608 miraculum.
1038 5553 1174 5608 Nam
1203 5569 1324 5610 cum
1359 5553 1514 5623 juxta
1547 5553 1836 5610 Iordanem
1871 5556 2015 5625 ligna

437 5642 810 5708 caederentur,
859 5653 1080 5714 repente
1137 5647 1348 5701 securis
1412 5644 1691 5715 cujusdam
1735 5647 2018 5702 materiam

436 5733 764 5790 succidentis
788 5735 841 5789 in
870 5751 1065 5807 aquam
1096 5738 1310 5797 cecidit.
1344 5737 1500 5792 Tune
1523 5737 1788 5808 pmpheta
1813 5738 2015 5814 lignum

2125 4626 2389 4697 quiescat.
2430 4625 2673 4682 Fastidio
2703 4626 2860 4682 nobis
2881 4627 2992 4682 sint
3023 4636 3218 4689 cuneta
3250 4642 3372 4696 quas
3408 4628 3712 4689 cernimus.

2123 4719 2205 4774 Ad
2238 4719 2323 4773 illa
2375 4735 2505 4774 vero
2533 4734 2654 4790 quae
2680 4720 2976 4784 credimus,
3007 4720 3255 4775 continui
3281 4719 3482 4774 laboris
3506 4722 3714 4776 instan~

2128 4812 2200 4865 tia
2242 4811 2584 4867 festinemus.
2609 4811 2745 4867 Hec
2782 4811 3026 4882 profecto
3057 4827 3188 4866 crux
3239 4819 3344 4872 est,
3378 4825 3540 4880 quam
3591 4827 3713 4868 mo-

2124 4903 2276 4958 ribus
2303 4913 2359 4958 et
2405 4905 2618 4959 actibus
2663 4904 2864 4959 nostris
2903 4903 3166 4956 debemus
3204 4901 3538 4972 imprimere.
3587 4903 3712 4958 llaec

2123 5007 2225 5063 est,
2254 5013 2414 5066 quam
2439 4997 2696 5066 jubemur
2717 4995 2958 5066 quotidie
2979 5003 3100 5063 post
3129 4994 3414 5049 Dominum
3443 4995 3706 5066 hajnlare.

2124 5088 2224 5156 Qui
2241 5089 2381 5142 banc
2405 5095 2608 5156 portat,
2632 5084 2869 5156 passioni
2899 5083 3283 5153 Redemptoris
3305 5085 3388 5138 sui
3410 5100 3538 5140 vere
3565 5101 3707 5140 com-

2125 5181 2385 5237 municat.
2419 5179 2532 5233 Hoc
2585 5178 2800 5248 signum
2847 5191 2978 5230 oves
3017 5175 3088 5231 ab
3142 5176 3311 5232 haedis
3363 5176 3416 5229 in
3462 5186 3714 5230 extremo

2125 5275 2376 5329 examine
2402 5277 2653 5341 segregat
2690 5267 2906 5340 (Matth.
2941 5266 3094 5339 xxv).
3148 5269 3213 5323 Et
3260 5268 3424 5338 jndex
3453 5309 3467 5328 ,
3499 5268 3588 5336 qui
3628 5284 3714 5330 re-

2126 5365 2326 5436 probos
2362 5363 2570 5426 nescit,
2595 5361 2737 5415 hunc
2767 5360 2821 5414 in
2869 5361 2984 5415 suis
3041 5361 3414 5414 characterem
3455 5375 3711 5430 recogno-

2125 5458 2249 5513 scit.
2313 5454 2519 5522 Quibus
2585 5465 2768 5509 autem
2834 5455 3160 5523 impressum
3229 5467 3459 5522 propriae
3520 5455 3724 5509 mortis

2123 5547 2316 5617 stigma
2344 5545 2690 5611 considerat;
2743 5559 2868 5599 mox
2919 5545 2986 5598 ad
3037 5553 3257 5598 aeternae
3306 5545 3434 5598 vitae
3489 5545 3710 5615 praemia

2125 5647 2310 5710 gratus
2362 5646 2735 5692 remunerator
2779 5635 3018 5690 invitat:
3057 5653 3076 5686 ι
3130 5634 3360 5700 Venite,
3412 5636 3665 5707 inquiens
3693 5676 3711 5702 ,

2125 5730 2412 5790 benedicti
2445 5731 2626 5789 Patris
2656 5731 2799 5797 mei,
2855 5728 3118 5802 pereipite
3155 5744 3383 5801 regnum
3417 5729 3646 5803 (Ibid.);
3685 5747 3704 5782 ι
