4184 6468
511 334 608 388 (itll

1184 329 1239 385 S.
1275 327 1478 385 PETRI
1504 326 1783 413 DAMlaNl
1808 325 1958 383 OPP.
1981 326 2160 383 PARS
2186 328 2316 386 SEU
2350 329 2584 388 TOMUS
2622 332 2681 387 ll.
2701 362 2772 373 -—
2793 332 3180 392 SERMONES.

3643 340 3749 396 612

501 465 623 502 cum
648 463 754 518 quo
790 447 903 516 ipse
934 443 1066 498 vivit
1088 450 1141 498 et
1167 449 1356 512 regnat
1383 455 1480 511 per
1513 440 1695 494 omnia
1742 440 1938 494 saecula
1965 455 2062 493 szr-
2096 452 2139 509 Α
2170 441 2250 497 los
2276 442 2427 512 ligat,
2479 443 2533 497 in
2570 457 2842 513 unumque
2870 445 3210 517 constringit,
3255 454 3310 501 et
3342 448 3518 503 saneti
3561 449 3748 506 docto-

500 541 765 597 culorum.
796 540 985 591 Amen.

980 625 1131 704 ιοι
1177 622 1408 677 senae
1450 620 1587 674 XIX.

694 733 760 772 ns
795 728 994 770 δικετο
1032 728 1267 766 aa'rnmo
1303 723 1572 766 sannae.
1615 708 1691 780 (ιι
1732 708 1891 779 aut.)

566 808 701 864 Cum
754 806 898 861 beati
946 803 1205 867 Autbimi,
1251 802 1444 855 fratres
1497 798 1820 862 charissitui,
1876 798 2066 851 trium-

496 903 676 973 phalia
701 910 848 971 gesta
892 896 1198 960 recolimus,
1248 891 1630 962 triumphantis
1687 892 1740 943 in
1774 905 1840 943 eo
1868 888 2067 943 Christi

494 994 750 1050 victorias
794 989 1147 1046 celebramus.
1177 985 1270 1040 llle
1298 983 1561 1054 siquidem
1587 981 1639 1034 in
1671 995 1735 1035 eo
1774 978 2068 1049 pugnabat,

494 1086 584 1140 ille
630 1081 937 1153 superabat,
988 1077 1078 1147 qui
1116 1084 1169 1130 et
1217 1066 1341 1128 ﬁdei
1384 1071 1746 1128 constantiam
1797 1076 2070 1138 praebebat

492 1173 693 1233 animo,
745 1184 811 1223 ne
850 1166 1124 1237 suppliciis
1161 1163 1396 1225 cederet,
1434 1169 1491 1215 et
1531 1159 1695 1214 verba
1746 1159 1871 1211 vitae
1913 1156 2070 1211 labiis

493 1260 834 1332 suggerebat,
866 1264 925 1310 ut
963 1253 1205 1309 inﬁdeles
1232 1263 1287 1305 et
1310 1250 1550 1320 perditos
1598 1247 1666 1301 ab
1711 1259 1896 1301 errore
1923 1254 2069 1298 vete-

493 1353 567 1406 ris
590 1349 829 1420 perﬁdiae
868 1352 1169 1401 revocaret.
1215 1360 1234 1392 ι
1254 1340 1372 1395 Non
1397 1339 1565 1404 enim,
1593 1337 1784 1406 inquit,
1825 1348 1921 1389 vos
1942 1334 2071 1388 estis

491 1445 582 1511 qui
611 1439 915 1508 loquimini,
938 1438 1030 1491 sed
1053 1435 1276 1505 spiritus
1300 1432 1476 1486 Patris
1505 1430 1688 1496 vestri,
1716 1429 1806 1499 qui
1832 1426 2070 1496 loquitur

494 1536 546 1587 ia
580 1532 732 1586 vobis
758 1530 969 1602 (Matth.
995 1528 1074 1598 x).
1109 1547 1126 1578 ι
1160 1525 1539 1594 Stringebatur
1569 1536 1762 1591 corpus
1799 1519 1929 1573 loris
1975 1533 2069 1571 ne-

492 1636 677 1683 xuum,
696 1620 789 1675 sed
807 1619 1027 1673 verbum
1047 1616 1139 1670 Dei
1163 1631 1268 1669 nou
1290 1622 1408 1669 erat
1424 1613 1694 1682 alligatum
1715 1609 1797 1682 (11
1817 1609 1954 1662 Tim.
1979 1606 2064 1675 ιι).

492 1711 758 1764 Horrebat
814 1707 1053 1763 tenebris
1093 1719 1281 1760 carcer
1304 1712 1582 1775 angustus,
1606 1702 1701 1755 sed
1732 1713 1885 1754 mens
1930 1696 2066 1751 atria

2176 547 2262 587 res
2289 533 2342 587 in
2379 526 2641 589 unitatein
2670 535 2792 589 ﬁdei
2826 537 3210 605 praedicatione
3245 554 3342 594 sua
3375 540 3611 597 ﬁdelium
3639 545 3747 601 col-

2175 623 2346 694 ligunt
2392 624 2791 680 multitudinem
2838 635 3001 696 atque
3042 628 3095 681 in
3138 644 3303 683 unum
3351 631 3598 700 redigunt
3643 636 3744 690 sub
3780 696 3793 701 _

2176 722 2370 768 mutuae
2394 715 2676 770 charitatis
2703 730 2963 787 compage
2996 717 3271 772 decorem.
3300 717 3578 775 Postremo
3600 723 3745 792 quis-

2171 805 2292 875 quis
2314 816 2469 861 extra
2504 807 2659 876 102
2691 808 2906 862 domum
2939 807 3086 862 illam
3113 808 3364 863 inventus
3400 819 3505 877 est,
3536 812 3743 881 gladios

2177 912 2282 952 non
2320 897 2544 962 vitavit;
2578 899 2888 968 quicunque
2932 899 3098 953 etiam
3140 897 3207 952 ab
3246 884 3505 956 Ecclesize
3550 902 3742 969 limite,

2171 988 2261 1056 qui
2286 986 2417 1042 ﬁdes
2442 997 2544 1052 est,
2572 989 2811 1043 exterior
2838 988 3020 1055 fuerit,
3049 990 3344 1059 periculum
3370 993 3558 1062 procul
3580 995 3744 1049 dUlJIO

2171 1078 2361 1134 mortis
2387 1079 2629 1134 incurrit.

2240 1170 2405 1225 Extra
2439 1170 2581 1225 hanc
2620 1170 2838 1226 domum
2870 1171 3167 1242 sacrilegus
3217 1172 3305 1227 ille
3344 1174 3609 1230 Ceremon
3649 1193 3741 1231 rc-

2169 1272 2356 1330 pertus
2403 1270 2514 1329 est,
2569 1263 2659 1333 qui
2720 1264 2958 1333 acceptis
3016 1265 3084 1320 ab
3130 1265 3395 1333 imperiali
3457 1271 3743 1340 tyrannide

2170 1352 2471 1418 codicillis,
2517 1353 2644 1407 dum
2701 1360 2894 1409 contra
2949 1352 3290 1415 Christianos
3351 1372 3546 1412 vesana
3592 1361 3745 1415 rabie

2169 1448 2367 1502 fureret
2382 1488 2397 1513 ,
2419 1461 2715 1517 eorumque
2730 1462 2916 1503 necem
2941 1448 3183 1504 cruentis
3207 1449 3461 1504 dentibus
3489 1452 3740 1517 esurirct,

2171 1555 2200 1593 a
2234 1540 2500 1595 metuonio
2540 1550 2761 1611 repente
2804 1550 3094 1611 correptus
3128 1541 3196 1596 de
3227 1542 3477 1597 vehiculo
3512 1547 3740 1611 corruit,

2170 1631 2369 1698 diuque
2388 1636 2633 1695 vexatus,
2652 1630 2777 1684 dum
2793 1637 3008 1685 sanctos
3025 1630 3318 1696 invocaret,
3335 1638 3474 1701 quos
3490 1632 3606 1702 ipse
3619 1648 3741 1687 cru-

2169 1720 2359 1774 delitcr
2381 1719 2698 1785 laniaverat,
2721 1719 3034 1789 exspiravit.
3065 1719 3145 1774 Ad
3169 1720 3309 1774 hanc
3327 1721 3543 1775 domum
3565 1721 3741 1777 Pinia-

489 1814 735 1870 supernze
761 1797 1024 1853 claritatis
1055 1794 1387 1858 inhabitans,
1417 1792 1576 1846 beato
1617 1786 2062 1882 luminc'frueba-
2101 1819 2140 1877 Β
2171 1828 2272 1867 "us
2306 1811 2617 1882 coumgium
2649 1810 2798 1877 fecit,
2820 1786 2915 1881 'qu
2946 1826 3070 1865 mox
3116 1820 3174 1865 ιη
3201 1826 3297 1881 per
3322 1811 3385 1865 Β.
3424 1812 3739 1867 Ammmum

491 1891 823 1945 tur:dicens
846 1903 967 1942 cum
1011 1886 1220 1940 Paulo:
1257 1902 1275 1935 ι
1313 1884 1413 1950 Qui
1464 1897 1564 1937 nos
1607 1879 1967 1944 resuscitav'it,
2012 1889 2067 1933 et

485 1974 781 2033 consedere
806 1976 937 2030 fecit
964 1990 1145 2030 secum
1164 1974 1216 2027 in
1238 1969 1781 2042 cmlestibus(Ephes.
1816 1970 1945 2037 tt).i
1976 1967 2065 2020 Li-

489 2068 687 2121 vebant
707 2065 944 2119 membra
969 2064 1141 2135 plagis
1173 2063 1479 2127 verberum,
1510 2059 1606 2114 sed
1632 2058 1849 2113 aiebat:
1877 2076 1894 2107 ι
1913 2056 2066 2110 Licet

487 2157 553 2221 is,
585 2157 676 2225 qui
719 2155 847 2210 foris
872 2162 978 2219 est,
1022 2163 1205 2208 noster
1233 2153 1393 2206 homo
1439 2158 1846 2219 corrumpatur;
1876 2146 1968 2202 sed
1995 2147 2063 2212 is,

483 2250 576 2318 “qui
608 2249 751 2301 intus
764 2257 864 2308 est,
898 2254 1190 2300 renovatur
1209 2245 1274 2299 de
1299 2244 1387 2299 die
1411 2243 1467 2297 in
1489 2243 1631 2298 diem
1657 2241 1741 2311 (11
1772 2239 1897 2295 Cor.
1925 2244 2055 2310 ιν).ι

484 2341 618 2394 Cum
653 2337 846 2392 talibus
895 2335 1121 2390 armatis
1148 2344 1333 2390 noster
1374 2332 1532 2389 Jesus
1561 2332 1805 2387 ascendit
1847 2330 1899 2386 in
1924 2346 2062 2401 prac-

485 2426 638 2488 lium,
663 2424 915 2478 dcfuucto
966 2421 1150 2495 Moyse
1196 2431 1253 2477 et
1302 2420 1539 2476 Jordane
1572 2420 1910 2484 transmisso,
1944 2434 2060 2473 ces-

485 2525 638 2570 sante
685 2512 893 2569 scilicet
938 2512 1135 2566 veteris
1177 2511 1312 2582 legis
1353 2510 1695 2565 observantia
1731 2517 1782 2562 ct
1806 2515 2059 2577 percepto

484 2605 824 2677 baptismatis
867 2613 1225 2659 sacramento.
1271 2621 1288 2654 ι
1321 2602 1430 2658 Lex
1490 2602 1633 2656 enim
1683 2608 1737 2654 et
1784 2597 2057 2669 prophetae

488 2710 656 2764 usque
679 2695 746 2748 ad
774 2692 1034 2748 JOannem
1064 2690 1214 2763 (Luc.
1246 2691 1390 2761 xvi);
1424 2709 1441 2741 ι
1477 2699 1533 2742 ιιι
1558 2687 1803 2743 videlicet
1829 2686 1935 2743 illic
1955 2685 2053 2757 legi

483 2788 693 2844 Veteris
723 2785 1051 2841 Testamenti
1083 2785 1206 2839 ﬁnis
1232 2791 1566 2846 occurreret,
1598 2785 1735 2836 unde
1762 2796 1913 2835 nova:
1936 2794 2055 2851 gra-

484 2879 569 2932 tiae
597 2877 870 2931 lavacrum
900 2875 1194 2945 profluendi
1238 2876 1304 2951 ad
1332 2874 1557 2929 salutem
1590 2874 1866 2929 hominum
1893 2872 2055 2942 origi-

481 2985 604 3023 nem
655 2968 939 3021 inveniret.
970 2965 1126 3021 Jesus
1165 2968 1345 3035 itaque
1394 2966 1483 3020 ille
1534 2965 1843 3020 Israelitica:
1884 2964 2054 3035 plebis

482 3059 612 3123 dux,
637 3069 880 3112 nostrum
911 3057 1288 3113 verumJesum
1313 3057 1536 3112 humani
1565 3058 1778 3129 generis
1802 3050 2048 3111 Salvato-

2172 1903 2392 1959 verbum
2406 1903 2598 1959 salutis
2616 1903 2842 1969 audivit,
2866 1904 3091 1959 credens
3122 1904 3175 1958 in
3207 1903 3501 1970 Christum,
3523 1919 3739 1960 omnem

2171 1995 2469 2050 molestiam
2518 1994 2784 2064 desperati
2840 1993 3117 2064 languoris
3174 2008 3337 2064 quem
3412 1995 3738 2064 patiebatur,

2167 2085 2353 2140 evasit.
2385 2085 2449 2139 Et
2478 2085 2616 2139 bene
2651 2084 2827 2138 factus
2871 2082 3174 2154 transfuga,
3205 2085 3331 2139 dum
3364 2084 3584 2140 victoris
3610 2085 3739 2139 Jesu

2166 2175 2361 2230 castris
2388 2174 2661 2245 applicuit,
2692 2173 3012 2244 peregrinus
3033 2174 3085 2227 in
3112 2172 3468 2229 domesticum
3502 2174 3737 2238 transiit,

2168 2266 2221 2321 in
2251 2266 2603 2322 Israelitieam
2642 2267 3008 2322 luereditatem
3052 2266 3353 2337 alienigena
3384 2267 3734 2322 subintravit.

2165 2355 2225 2411 lu
2253 2370 2349 2410 ore
2387 2353 2597 2426 [opere]
2622 2354 2818 2424 quippe
2852 2354 2996 2410 beati
3037 2355 3293 2425 martyris
3317 2356 3580 2416 Anthimi.
3617 2364 3735 2410 tau-

2162 2462 2325 2518 quam
2373 2461 2440 2501 ex
2489 2444 2727 2500 fenestra
2770 2445 2961 2499 domus
3006 2443 3295 2499 coccineus
3341 2444 3739 2513 quodammodo

2164 2534 2434 2591 funiculus
2455 2534 2811 2604 dependebat,
2839 2534 2963 2604 quia
3003 2535 3302 2604 tropbteum
3335 2533 3513 2588 crucis
3535 2532 3737 2589 Christi

2160 2626 2415 2683 onmibus
2459 2626 2801 2680 innotescere
2830 2625 3040 2697 [notum
3083 2623 3288 2697 facere]
3321 2640 3425 2679 non
3466 2627 3732 2680 cessabat.

2161 2720 2273 2774 Nec
2311 2719 2510 2773 mirum
2543 2718 2794 2772 videatur
2836 2716 2961 2785 quia
3014 2714 3076 2770 Β.
3121 2715 3436 2770 Anthimum
3475 2724 3534 2770 et
3578 2729 3736 2785 supe-

2161 2810 2277 2866 rius
2303 2806 2427 2862 cum
2458 2809 2595 2863 duce
2617 2806 2744 2861 Jesu
2777 2815 3044 2860 armatum
3083 2805 3298 2860 venisse
3323 2805 3730 2873 descripsimus.

2160 2911 2211 2955 et
2261 2913 2408 2954 nunc
2436 2901 2630 2954 domus
2653 2896 2842 2951 liabab
2892 2896 3119 2968 ﬁguram
3149 2904 3333 2950 tenere
3363 2895 3728 2965 perhibemus.

2159 2992 2319 3059 Quia,
2358 2990 2503 3061 quod
2534 2989 2881 3059 perspicuum
2912 2995 3016 3051 est,
3043 2996 3096 3042 et
3127 2986 3510 3056 praedicatores
3535 2993 3588 3040 et
3635 3001 3732 3039 au-

2156 3084 2396 3151 ditores,
2424 3098 2556 3139 oves
2592 3081 2753 3137 simul
2781 3081 3085 3145 etarietes,
3119 3081 3261 3135 intra
3310 3096 3474 3135 unum
3509 3095 3730 3149 congre-

481 3168 595 3205 rem
644 3162 699 3206 et
727 3152 987 3205 vocabulo
1015 3151 1377 3221 prtefgguravit
1418 3159 1468 3206 ct
1500 3151 1661 3207 facto.
1706 3151 1937 3206 Mittitur
1965 3151 2051 3206 ille
2079 3184 2123 3247 C
2155 3182 2354 3244 83ml".
2399 3174 2581 3240 ονίιθ,
2635 3174 2778 3228 sicut
2822 3187 2987 3225 unum
3038 3172 3337 3233 noscuntur
3385 3170 3585 3226 habere
3631 3171 3734 3226 pa-

479 3241 546 3294 ad
574 3241 875 3310 perdendas
896 3242 1136 3310 gentium
1185 3243 1460 3306 nationes;
1495 3243 1639 3297 venit
1664 3244 1751 3298 hic
1775 3244 1842 3297 ad
1868 3241 2050 3298 debel-

479 3332 667 3386 landos
710 3346 898 3386 aereas
940 3339 1252 3407 potestates.
1307 3330 1470 3387 Mittit
1517 3331 1605 3388 ille
1649 3330 1867 3389 Iericho
1917 3334 2051 3387 duos

477 3423 844 3494 exploratores
873 3420 1014 3493 (Jos.
1052 3422 1136 3493 tt),
1187 3421 1370 3493 dirigit
1397 3423 1499 3478 iste
1529 3423 1582 3477 in
1611 3421 1754 3478 hunc
1793 3423 2048 3479 mundum

476 3517 574 3569 sub
600 3514 837 3587 ejusdem
866 3513 1074 3568 numeri
1121 3522 1461 3569 sacramento
1484 3529 1609 3570 suos
1648 3515 2046 3585 prmdicatorcs.

481 3627 498 3658 ι
531 3604 692 3668 Misit,
727 3604 893 3669 enim,
944 3611 1175 3658 testante
1234 3603 1592 3675 Evangelista,
1623 3604 1780 3661 binos
1806 3613 1930 3659 ante
1960 3605 2045 3659 fa-

473 3697 611 3751 ciem
636 3711 785 3750 suam
810 3695 862 3749 in
889 3709 1103 3750 omnem
1132 3694 1405 3749 civitatem
1458 3704 1513 3750 et
1555 3695 1731 3750 locum
1781 3711 1888 3767 quo
1931 3707 2048 3752 erat

473 3789 590 3857 ipse
618 3797 877 3843 venturus
901 3784 1053 3857 (Luc.
1088 3785 1199 3857 x).i
1229 3785 1577 3842 Mittebautur
1596 3786 1692 3855 illi,
1722 3796 1781 3842 ut
1805 3788 2045 3844 locorum

471 3881 611 3936 situs
633 3878 859 3934 sollicita
902 3877 1215 3933 curiositate
1262 3879 1668 3947 pcrquirerent;
1719 3879 1870 3934 missi
1923 3888 2049 3934 sunt

472 3970 586 4037 isti,
614 3976 673 4023 ut
703 3968 935 4024 venienti
965 3965 1092 4022 Jesu
1113 3967 1257 4021 viam
1282 3967 1403 4022 lidei
1436 3968 1488 4022 in
1514 3969 1766 4026 humanis
1794 3971 2047 4027 cordibus

470 4068 854 4131 praepararent.
881 4059 960 4113 llli
982 4060 1039 4113 in
1072 4058 1261 4114 Rabab
1283 4061 1585 4117 meretricis
1611 4062 1846 4131 hospitio
1877 4063 2049 4117 susci-

472 4153 691 4220 piuntur
736 4149 875 4220 (Jos.
906 4149 998 4219 tt);
1029 4149 1120 4203 isti
1167 4150 1306 4218 apud
1328 4149 1625 4206 Ecclesium
1650 4153 2046 4222 gentium,qu;c

469 4256 592 4295 cum
610 4240 765 4296 idolis
783 4238 1041 4295 fornicata
1064 4238 1260 4307 fuerat,
1283 4241 1643 4311 requiescunt.
1666 4242 1834 4297 Porro
1857 4243 2046 4298 Rahab

469 4333 782 4388 coccineum
810 4331 1128 4398 funiculum,
1156 4334 1437 4405 sanguinei
1454 4334 1716 4389 videlicet
1740 4334 1958 4398 coloris,
1987 4335 2042 4389 in

467 4425 704 4478 fenestra
730 4425 957 4494 propriae
979 4425 1167 4480 domus
1197 4426 1483 4496 appendit;
1510 4434 1565 4480 et
1589 4434 1777 4480 sancta
1802 4424 2043 4481 Ecclesia

2152 3276 2376 3318 storem.

2222 3355 2487 3410 Praeterea
2513 3350 2573 3406 Β.
2611 3350 2924 3415 Anthimus,
2948 3349 3103 3421 cujus
3127 3349 3241 3420 jam
3276 3363 3375 3420 per
3400 3331 3586 3403 multa
3612 3362 3726 3404 cer-

2153 3447 2356 3501 tamina
2383 3447 2685 3502 testabatur
2716 3453 2858 3498 terra
2883 3443 3162 3505 victorias,
3204 3452 3263 3496 ut
3298 3450 3354 3497 et
3390 3442 3441 3496 in
3477 3441 3584 3496 alio
3614 3440 3728 3495 elc—

2149 3547 2332 3594 mento
2362 3537 2555 3593 nobilis
2602 3538 2720 3609 ejus
2768 3536 2944 3607 palma
2990 3534 3337 3599 claresceret,
3392 3535 3445 3589 in
3487 3533 3725 3588 Tiberini

2148 3630 2377 3701 gurgitis
2404 3629 2605 3685 ﬂuenta
2636 3628 2917 3684 demersus
2945 3636 3047 3683 est.
3090 3627 3156 3681 Et
3199 3637 3258 3682 ιιι
3283 3627 3476 3681 artifex
3505 3626 3722 3681 carniﬁ-

2147 3736 2269 3774 cum
2315 3719 2496 3775 rabies
2519 3719 2654 3774 nihil
2680 3718 2958 3773 omitteret
2992 3716 3337 3790 [dimitteret]
3379 3719 3722 3781 intentatum,

2149 3824 2315 3865 saxea
2345 3809 2505 3865 corda
2538 3816 2836 3880 gestantes,
2877 3809 3084 3879 pondus
3118 3808 3341 3879 alligant
3378 3809 3516 3875 saxi,
3546 3810 3727 3863 minus

2148 3901 2377 3957 ﬁdentes
2434 3915 2710 3970 corporea:
2757 3901 3033 3971 gravitati.
3096 3900 3202 3957 Sed
3262 3900 3462 3957 frustra
3511 3902 3719 3972 lapidea

2148 3991 2319 4046 moles
2372 3992 2634 4061 aggravat
2689 4003 2851 4059 quem
2906 4004 3082 4059 penna
3147 3990 3464 4045 meritorum
3549 3990 3715 4045 levat.

2148 4080 2337 4135 Aliena
2361 4081 2697 4151 perversitas
2724 4079 2959 4135 inaniter
2985 4079 3237 4149 deprimit
3278 4095 3437 4150 quem
3462 4081 3717 4150 altipctax

2149 4166 2421 4240 [Sublimia
2458 4168 2670 4241 petens]
2701 4167 3005 4223 sanctitatis
3031 4168 3261 4238 propria:
3288 4169 3460 4223 virtus
3488 4170 3718 4225 extollit.

2146 4259 2297 4315 Felix
2327 4259 2417 4315 ille
2430 4260 2796 4329 vinctus,qui,
2822 4259 2953 4313 dum
2982 4261 3219 4314 humano
3245 4260 3441 4315 solatio
3470 4261 3722 4316 destitui-

2148 4359 2258 4414 tur,
2296 4365 2366 4405 ne
2391 4349 2752 4419 pusillanimis
2780 4349 2894 4413 ﬁat,
2935 4349 3201 4418 angelitus
3231 4350 3500 4407 visitatur.
3536 4350 3714 4416 Felix,

2144 4440 2388 4510 inquam,
2435 4438 2751 4511 naufragus,
2781 4440 2898 4509 qui,
2942 4448 3001 4493 ut
3048 4439 3116 4494 de
3149 4440 3409 4507 voragine
3452 4439 3623 4509 pelagi
3651 4443 3718 4494 ad

467 4514 782 4571 ίυίθηθεῑτθ
813 4532 925 4572 θυῖε
970 4517 1162 4572 domus
1207 4516 1603 4587 ‘l‘lOdi‘mmOdo
1631 4517 1882 4577 ruborem
1914 4527 2123 4588 san'D
2150 4531 2439 4599 stationem
2484 4529 2682 4585 littoris
2735 4538 3061 4599 reportetur,
3095 4544 3202 4584 non
3248 4531 3445 4585 terreni
3498 4531 3717 4601 remigis

467 4607 647 4677 guinis
677 4606 846 4677 ponit,
878 4607 1003 4661 dum
1040 4616 1096 4661 et
1120 4607 1425 4675 passionem
1453 4606 1654 4661 Christi
1680 4606 1894 4676 publice
1912 4622 2042 4661 con-

465 4700 648 4753 ﬁtetur
677 4699 730 4753 in
776 4714 929 4765 voce,
973 4711 1030 4753 et
1080 4698 1292 4768 signum
1340 4698 1518 4751 crucis
1560 4697 1735 4765 palam
1783 4706 1962 4767 portat
1987 4701 2039 4753 in

463 4789 664 4845 fronte.
703 4789 852 4845 Unde
872 4788 1009 4845 beite
1035 4804 1267 4858 sponsus
1303 4789 1367 4842 ad
1393 4803 1642 4857 sponsam
1671 4789 1800 4844 dicit
1827 4791 1878 4846 in
1906 4793 2042 4846 Can-

463 4885 584 4941 ticis
617 4903 631 4940 :
670 4905 688 4938 ι
718 4886 871 4940 Sicut
906 4886 1039 4938 vitta
1067 4883 1319 4938 coccinea
1346 4881 1483 4936 labia
1529 4892 1637 4947 tua,
1670 4892 1724 4937 et
1766 4884 2038 4955 eloquium

461 4989 611 5032 tuum
637 4975 792 5031 dulce
831 4973 1008 5045 (Cant.
1059 4976 1154 5044 tv).
1193 4990 1211 5023 ι
1246 4970 1383 5039 Quid
1415 4972 1559 5027 enim
1604 4973 1748 5029 labia
1799 4989 2039 5044 sponsa},-

459 5068 562 5123 nisi
598 5069 848 5122 doctores
891 5064 1261 5134 intelliguntur
1305 5062 1589 5123 Ecclesiae?
1606 5064 1814 5121 Coccus
1847 5078 2028 5123 autem

458 5160 737 5230 sanguinis
782 5159 943 5213 habet
982 5159 1255 5221 ruborem,
1284 5156 1366 5209 vel
1410 5156 1546 5227 ignis
1590 5156 1846 5226 speciem,
1886 5161 2029 5228 quod

457 5252 724 5321 signiﬁcat
749 5248 1089 5304 charitatem.
1121 5246 1285 5301 Labia
1312 5261 1440 5316 ergo
1474 5247 1746 5312 Ecclesiae,
1779 5248 1882 5304 hoc
1921 5257 2026 5314 est,

456 5342 841 5411 praedicatores
888 5338 1082 5402 sancti,
1125 5338 1392 5391 coccinea:
1440 5338 1585 5392 vitta:
1636 5349 1762 5393 sunt
1799 5338 2025 5404 similes,

457 5432 580 5501 quia
621 5440 846 5486 mortem
878 5429 1077 5484 Chriin
1113 5428 1429 5498 praedicant,
1459 5443 1691 5498 eumque
1718 5443 1816 5499 pro
1844 5430 2028 5484 chari-

459 5534 570 5579 tate
596 5527 813 5593 generis
839 5524 1058 5579 humani
1101 5523 1280 5578 crucis
1313 5522 1543 5578 subiisse
1572 5522 1871 5591 patibulum
1906 5538 2031 5575 con-

456 5624 660 5670 stanter
707 5616 996 5671 aﬂirmant.
1058 5616 1124 5669 Et
1176 5614 1313 5671 bene
1355 5629 1451 5683 per
1489 5614 1674 5670 vittam
1717 5615 2024 5670 coccineatn

459 5705 862 5767 praedicatorum
888 5706 1022 5761 ordo
1049 5707 1312 5774 signatur.
1357 5705 1498 5760 Vitta
1546 5703 1812 5774 siquidem
1857 5704 2023 5774 capil-

2136 4622 2314 4679 otlicio
2349 4622 2568 4688 fruitur,
2613 4621 2708 4676 sed
2748 4621 2988 4677 ctelestis
3016 4621 3192 4676 nuntii
3223 4621 3472 4676 vehiculo
3512 4622 3713 4692 bajula-

2140 4725 2248 4770 tur.
2283 4714 2520 4786 Angelus
2545 4714 2691 4768 enim
2737 4714 2948 4768 Domini
2986 4716 3229 4780 veniens,
3265 4724 3325 4768 ut
3355 4715 3406 4769 in
3449 4731 3562 4785 Ipsa
3593 4730 3716 4784 pas-

2137 4806 2306 4862 sionis
2330 4805 2446 4874 ejus
2475 4813 2729 4857 narratur
2768 4803 3020 4869 historia,
3058 4815 3114 4859 et
3140 4804 3477 4859 vinculorum
3516 4819 3712 4859 nexum

2136 4897 2310 4958 solvil,
2342 4902 2398 4950 et
2424 4897 2639 4950 beatum
2663 4903 2957 4965 martyrem
2979 4896 3048 4949 ad
3067 4897 3291 4951 oratorii
3317 4898 3399 4951 sui
3424 4895 3712 4953 rorationis

2138 4984 2270 5057 suae]
2296 4984 2541 5040 cellulam
2572 4986 2866 5040 revocavit.

2205 5078 2485 5133 Imitemur
2536 5076 2680 5130 hunc
2729 5076 3006 5146 egregium
3069 5076 3279 5142 virum,
3338 5076 3710 5143 dilectissimi,

2136 5177 2325 5224 sancte
2362 5166 2615 5231 vivendo,
2664 5166 2846 5221 carnis
2892 5166 3161 5223 incentiva
3189 5165 3474 5232 frenando,
3524 5168 3707 5223 mundi

2134 5256 2358 5328 gloriam
2391 5253 2800 5310 contemnendo.
2841 5254 2992 5309 Beati
3018 5269 3116 5310 nos
3143 5262 3412 5325 martyres
3440 5256 3493 5311 in
3518 5270 3709 5326 opera-

2137 5350 2282 5403 tione
2307 5348 2632 5417 prtecedant,
2662 5356 2719 5400 ut
2762 5347 2936 5402 sancti
2980 5347 3154 5417 angeli
3204 5349 3360 5402 nobis
3387 5348 3444 5403 in
3481 5347 3706 5404 tribula-

2135 5441 2278 5495 tione
2305 5448 2643 5495 succurrant.
2676 5437 2948 5493 Delicatus
2983 5439 3249 5508 mquidem
3291 5439 3445 5495 miles
3477 5447 3582 5503 est,
3611 5440 3703 5509 qui

2130 5538 2257 5583 ante
2287 5529 2399 5583 vu‘lt
2444 5527 2780 5598 triumphare
2809 5543 2971 5597 quam
3007 5543 3159 5582 arma
3199 5543 3508 5594 conserere,
3540 5530 3704 5599 prius

2131 5620 2389 5675 triturare
2411 5634 2571 5688 quam
2604 5633 2729 5673 rura
2763 5618 3133 5687 proscindere.

2200 5709 2552 5768 Considerate
2582 5723 2775 5780 nempe
2796 5707 2985 5765 ordine
3016 5708 3420 5781 Scripturarum
3451 5712 3555 5767 rite
3576 5726 3696 5783 per-
