4184 6504
385 320 489 376 615

1811 318 2043 374 SERMO
2080 315 2215 372 XIX.

3521 331 3627 380 ωδ

382 436 635 507 penditur
664 442 967 489 nostrarum
996 432 1167 488 series
1186 432 1481 487 actionum.
1502 431 1660 488 Prius
1680 433 1823 487 enim
1847 431 1953 496 lex,
1983 435 2030 494 Α
2062 430 2215 483 nistri
2252 429 2386 499 ejus,
2415 439 2470 484 ct
2498 430 2791 501 principes,
2819 441 2871 486 et
2903 432 3096 502 duces,
3138 444 3192 488 et
3219 435 3456 506 prwfccti
3500 456 3629 494 cur-

380 524 577 579 deimle
627 522 928 591 judicium,
984 530 1256 593 postremo
1315 522 1660 591 subsequitur
1719 521 1944 576 historia

383 630 589 685 regum.
630 612 782 667 Nunc
805 628 935 667 sane
967 628 1065 667 nos
1105 614 1322 682 expedit
1348 612 1546 666 indicta
1578 613 1729 667 nobis
1754 612 1949 666 divinae

381 705 516 777 legis
569 704 825 758 mandata
874 718 1118 768 servare,
1161 711 1347 772 postea
1394 701 1772 770 compellimur
1819 709 1948 756 ante

380 795 613 850 tribunal
647 794 908 849 tremendi
938 792 1143 848 Iudicis
1183 793 1448 848 rationem
1480 795 1545 848 de
1575 795 1775 848 nostris
1814 810 1946 864 ope-

381 886 530 941 ribus
564 884 829 948 reddere,
883 892 1154 952 postremo
1198 882 1415 937 dabitur
1462 882 1515 936 in
1557 883 1647 937 illa
1699 898 1947 953 superna:

378 974 644 1031 claritatis
677 973 846 1044 gloria
877 974 993 1027 sine
1024 972 1129 1026 ﬁne
1176 988 1422 1043 regnare.
1452 973 1659 1027 Teneat
1686 989 1813 1042 ergo
1853 991 1945 1029 or-

379 1072 581 1136 dinem,
608 1071 700 1140 qui
726 1071 897 1122 vitare
918 1068 1032 1121 vult
1059 1067 1408 1139 Babylonem.
1437 1067 1531 1124 Ille
1547 1068 1799 1123 nimirum
1823 1069 1948 1124 vita:

382 1159 537 1230 103
572 1174 683 1213 suae
707 1156 950 1211 ordinem
982 1157 1210 1211 vivendo
1237 1156 1535 1222 confundit,
1560 1157 1653 1226 qui
1684 1168 1810 1212 ante
1833 1159 1949 1213 vult

378 1251 558 1305 ridere
591 1262 752 1317 quam
787 1245 916 1301 ﬁere
943 1261 1113 1303 :.cum
1155 1244 1412 1299 Salomon
1443 1245 1623 1299 dicat:
1663 1263 1681 1296 ι
1714 1243 1948 1315 Tempus

377 1339 559 1405 flendi,
597 1349 652 1394 et
706 1347 917 1408 tempus
961 1336 1168 1391 ridendi
1211 1333 1408 1407 (Eccle.
1448 1335 1552 1405 tu).
1588 1354 1606 1386 ι
1648 1336 1741 1390 Ille
1782 1337 1946 1390 etiam

379 1431 511 1485 recti
543 1429 753 1485 ordinis
778 1429 973 1482 lineam
1010 1427 1228 1491 deserit,
1255 1428 1345 1497 qui
1376 1426 1576 1481 creatis
1598 1428 1758 1481 rebus
1785 1427 1950 1482 Crea-

378 1530 550 1576 torem
582 1518 820 1573 omnium
853 1518 906 1572 in
957 1532 1143 1571 amore
1191 1517 1483 1587 postponit.
1513 1515 1667 1571 Sicut
1692 1531 1949 1584 perverso

376 1609 585 1667 homini
616 1609 797 1663 divina
828 1624 959 1664 voce
985 1608 1218 1662 dicitur:
1250 1625 1269 1659 ι
1301 1606 1533 1662 Posuisti
1570 1622 1656 1662 me
1678 1617 1801 1677 post
1828 1622 1950 1661 cor-

374 1715 475 1771 pus
500 1708 646 1753 tuum
677 1696 794 1770 (III
818 1696 943 1767 Reg.
972 1696 1105 1769 xiv).
1136 1717 1154 1750 ι
1189 1696 1357 1751 Deum
1387 1698 1584 1766 quippe
1606 1704 1728 1767 post
1747 1710 1946 1766 corpus

2052 537 2207 575 ruunt
2256 532 2312 577 et
2357 537 2622 592 equorum
2672 523 2790 594 (111
2834 524 2966 595 Reg.
3003 526 3103 598 Ix).
3158 546 3179 580 ι
3232 528 3334 585 Ubi
3383 540 3632 601 patenter

2048 612 2353 668 ostenditur
2409 629 2528 683 quae
2581 614 2722 670 inter
2764 616 3095 672 concubinas
3144 619 3399 675 distantia
3452 623 3524 678 sit
3573 633 3630 679 et

2048 706 2285 774 reginas.
2316 705 2455 772 Quid
2505 704 2717 761 differat
2759 708 2901 762 inter
2944 722 3041 763 eos
3094 711 3185 778 qui
3231 713 3372 767 servi
3419 715 3629 783 peccati

2048 794 2196 848 dune
2224 795 2526 850 exactionis
2569 797 2769 850 tributa
2799 797 3147 867 persolvunt,
3187 809 3244 855 et
3293 816 3387 857 eos
3417 803 3505 872 qui
3532 817 3630 875 per

2048 885 2233 938 sedata
2275 883 2413 940 bella
2445 887 2799 940 certaminum
2831 888 3228 959 principatuum
3271 892 3469 947 infulas
3511 910 3630 949 sor—

2050 972 2278 1027 tiuntur.
2312 972 2457 1028 Inter
2484 973 2581 1029 hos
2608 989 2736 1031 sane
2761 976 3055 1047 principes,
3083 988 3137 1033 et
3164 980 3399 1037 etelestis
3421 984 3624 1041 militiae

2047 1062 2373 1129 bellatores,
2423 1063 2483 1118 B.
2530 1066 2819 1121 Antbintus
2877 1066 3101 1137 insignis
3147 1069 3377 1136 enituit,
3428 1075 3518 1142 qui
3570 1087 3624 1130 et

2048 1153 2290 1208 cruentis
2341 1153 2628 1223 impiorum
2688 1155 2934 1211 manibus
2982 1157 3035 1212 in
3094 1163 3467 1229 persecutione
3516 1182 3621 1220 non

2048 1242 2248 1306 cessit,
2290 1250 2346 1297 et
2387 1243 2440 1297 in
2481 1258 2613 1312 pace
2655 1245 2896 1312 positus,
2940 1247 3327 1317 insurgentium
3378 1262 3622 1323 portenta

2049 1333 2304 1387 vitiorum
2337 1333 2572 1403 spiritali
2600 1335 2854 1388 virtutum
2881 1351 3137 1393 mucrone
3166 1342 3457 1396 truncavit.
3493 1342 3626 1399 Car-

2052 1426 2137 1478 nis
2166 1437 2277 1478 suse
2314 1423 2555 1478 membra
2588 1426 2872 1480 tormentis
2908 1429 3186 1496 exposuit,
3218 1430 3492 1488 interioris
3523 1436 3621 1489 lm—

2050 1512 2209 1566 minis
2231 1512 2438 1567 viscera
2464 1512 2623 1566 illaesa
2657 1512 2815 1587 1M
2832 1515 3082 1570 servavit.
3108 1517 3279 1586 Caput
3309 1536 3415 1574 non
3451 1523 3629 1577 timuit

2050 1600 2259 1656 ferienti
2287 1601 2462 1673 gladio
2488 1603 2751 1668 subdere,
2797 1604 3104 1661 ut'Christo
3134 1608 3295 1678 capiti
3327 1622 3628 1668 mereretur

2051 1690 2489 1762 inseparabiliter
2510 1693 2805 1748 adhaerere.
2836 1693 2969 1749 Erat
2993 1696 3136 1750 enim
3165 1697 3218 1751 in
3245 1714 3311 1754 eo
3342 1701 3492 1768 ﬁdes,
3518 1686 3641 1759 non-

373 1805 529 1844 suum
558 1789 709 1860 ponit
737 1787 828 1857 qui
861 1788 1031 1855 magis
1057 1787 1237 1848 studet
1282 1787 1503 1841 utilitati
1547 1786 1630 1841 vel
1687 1785 1946 1854 voluptati
1982 1786 2024 1846 Β
2053 1799 2172 1853 quae
2201 1792 2412 1838 mortua
2444 1792 2586 1840 esset
2633 1784 2684 1838 in
2730 1787 3046 1857 semetipsa,
3090 1789 3189 1843 sed
3228 1806 3350 1860 qnze
3377 1807 3472 1862 per
3497 1796 3630 1849 dite-

371 1880 553 1935 carnis
598 1893 709 1934 sua:
736 1878 1044 1942 consulere,
1082 1893 1244 1948 quam
1278 1878 1370 1932 Dei
1396 1886 1664 1947 praecepta
1706 1890 1944 1931 servare.

372 1970 510 2026 Hinc
531 1978 614 2025 est
657 1968 800 2039 quod
825 1967 1031 2040 Sponsa
1056 1968 1185 2022 dicit
1207 1968 1259 2022 in
1290 1966 1558 2021 Canticis:
1592 1985 1611 2019 ι
1649 1964 1950 2021 Introduxit

372 2075 460 2115 me
494 2075 587 2113 rex
617 2059 671 2113 in
701 2058 892 2114 cellam
924 2057 1210 2123 vinariam,
1242 2057 1512 2112 ordinavit
1541 2057 1593 2110 in
1639 2070 1726 2110 me
1773 2054 1950 2109 chari-

375 2159 541 2204 tatem
580 2148 760 2218 (Cant.
788 2147 872 2221 ιι).
913 2166 933 2200 ι
977 2146 1093 2201 Νοη
1123 2147 1199 2202 ait
1228 2165 1241 2201 :
1270 2147 1438 2213 dedit,
1472 2162 1634 2217 quam
1660 2161 1764 2198 non
1792 2158 1949 2225 repe-

371 2242 474 2307 rit;
516 2241 610 2295 sed
638 2240 927 2304 ordinavit,
960 2254 1121 2309 quam
1154 2238 1514 2293 inordinatam
1547 2236 1769 2291 invenit.
1802 2233 1948 2288 Non-

371 2331 501 2386 nulli
535 2346 770 2402 namque
810 2331 864 2386 in
907 2329 1190 2400 principali
1237 2329 1418 2385 cordis
1463 2328 1545 2383 sui
1592 2328 1710 2383 loco
1747 2328 1948 2383 habent

371 2436 593 2486 uxores,
621 2420 780 2487 filios,
811 2420 1032 2489 praedia,
1064 2418 1148 2474 vel
1176 2420 1443 2484 honores;
1494 2419 1547 2472 in
1589 2419 1828 2473 secundo
1854 2431 1946 2472 au-

374 2522 478 2565 tem
526 2511 920 2580 quodammodo
961 2511 1127 2564 Deum
1176 2518 1405 2579 ponunt,
1437 2510 1562 2564 dum
1611 2525 1737 2563 eum
1768 2512 1947 2568 minus

372 2601 619 2673 diligunt.
655 2601 690 2654 li
721 2600 972 2655 nimirum
1015 2599 1263 2654 videntur
1287 2599 1501 2668 quidem
1544 2600 1742 2654 habere
1770 2601 1951 2655 chari-

375 2701 561 2757 tatem,
593 2692 686 2746 scd
728 2692 1119 2755 inordinatam;
1146 2706 1245 2745 nec
1280 2690 1429 2743 illum
1457 2698 1675 2744 servant
1701 2689 1947 2744 ordinent

376 2782 677 2847 charitatis,
707 2797 864 2851 quem
911 2780 1125 2838 Veritas
1154 2781 1267 2850 ipsa
1311 2780 1587 2850 disposuit,
1621 2795 1743 2835 cum
1770 2780 1897 2835 dicit
1929 2797 1946 2837 :

381 2889 401 2922 ι
442 2871 672 2941 Diligere
711 2871 878 2925 Deum
906 2887 972 2926 ex
1005 2878 1116 2926 toto
1140 2871 1324 2935 corde,
1357 2872 1459 2925 hoc
1485 2885 1606 2926 esse
1653 2871 1948 2927 maximum

372 2962 713 3033 primumque
734 2963 1082 3028 mandatum;
1110 2964 1402 3018 secundum
1425 2972 1603 3017 autem
1627 2960 1801 3017 simile
1829 2976 1949 3018 esse

376 3052 521 3119 huic,
554 3062 611 3106 nt
635 3053 820 3124 diligat
845 3053 1144 3124 proximum
1175 3052 1389 3117 (Matth.
1422 3053 1578 3122 χιιι).
1615 3071 1634 3104 ι
1670 3050 1784 3105 Non
1818 3067 1948 3123 ergo

2051 1874 2284 1929 ctioncm
2323 1875 2679 1946 operabatur.
2734 1875 3101 1943 Quorumdam
3156 1879 3314 1949 plane
3368 1883 3501 1939 ﬁdes
3543 1896 3629 1940 est

2038 1978 2212 2039 .vana,
2242 1963 2464 2019 flaccida
2483 2003 2497 2028 ,
2529 1965 2872 2033 prtelendens
2912 1966 3126 2035 quidem
3156 1968 3210 2022 in
3234 1972 3517 2038 superﬁcie
3546 1974 3624 2028 si-

2050 2056 2437 2123 militudinem,
2488 2073 2593 2112 non
2638 2067 2821 2114 autem
2866 2057 3070 2114 habens
3115 2060 3442 2119 intrinsecus
3483 2066 3620 2119 veri-

2052 2154 2240 2202 tatem.
3098 2216 3101 2219 Α

2122 2237 2325 2292 Horum
2347 2253 2507 2308 porro
2538 2248 2759 2295 tenuere
2778 2240 3005 2312 ﬁguram
3030 2243 3122 2313 qui
3148 2242 3277 2299 olim
3326 2252 3394 2301 de
3422 2249 3624 2318 papnlo

2050 2327 2307 2398 Ephraim
2335 2329 2613 2385 venientes
2641 2330 2706 2385 ad
2731 2331 2864 2399 vada
2889 2329 3165 2400 Iordanis,
3195 2335 3318 2389 dum
3353 2337 3625 2393 nescirent

2051 2420 2356 2491 exprimere
2378 2421 2659 2476 sebboleth
2675 2420 2876 2494 (ludis.
2893 2422 3015 2495 xu),
3038 2425 3132 2480 sed
3161 2425 3435 2495 jebboleth
3459 2426 3620 2499 [scib-

2051 2511 2215 2566 bolet.
2251 2509 2500 2582 sibbolet]
2564 2511 2742 2580 potius
2796 2518 3053 2582 tanquam
3109 2516 3389 2586 peregrina
3441 2518 3621 2586 lingua

2050 2602 2380 2672 proferrent,
2409 2601 2810 2657 Galaaditarum
2862 2604 3052 2673 gladiis
3089 2606 3216 2660 caesi
3276 2616 3418 2661 sunt.
3482 2607 3620 2675 Quid

2049 2694 2192 2747 enim
2238 2708 2334 2761 per
2373 2690 2695 2759 Jordanem,
2730 2693 2783 2747 in
2819 2708 2927 2763 quo
2957 2692 3206 2748 Salvator
3235 2704 3419 2751 noster
3444 2698 3623 2766 bapti-

2049 2781 2162 2835 zari
2200 2781 2450 2851 dignatus
2495 2788 2608 2844 est,
2658 2779 2761 2836 nisi
2801 2781 3131 2850 baptismus?
3161 2782 3300 2849 Quid
3345 2800 3471 2840 vero
3525 2799 3621 2854 per

2051 2871 2359 2937 Sebboletlt,
2391 2886 2510 2940 qua:
2532 2871 2921 2942 interpretatur
2946 2872 3111 2942 spica,
3141 2874 3245 2929 nisi
3269 2873 3402 2930 ﬁdes
3432 2884 3516 2931 est
3542 2876 3624 2930 in-

2054 2963 2372 3035 telligenda?
2423 2962 2577 3019 Sicut
2626 2964 2769 3018 enim
2795 2966 2944 3035 spica
2984 2965 3182 3020 victum
3216 2968 3419 3037 praebet
3447 2969 3622 3023 homi-

2053 3055 2244 3120 nibus,
2290 3057 2361 3109 ita
2392 3065 2448 3109 et
2493 3053 2561 3110 de
2601 3042 2719 3114 ﬁde.
2743 3055 2970 3123 dicitur;
3007 3074 3026 3108 ι
3060 3058 3185 3127 quia
3215 3058 3396 3127 justus
3423 3073 3488 3115 ex
3522 3061 3625 3115 ﬁde

373 3156 435 3199 se
450 3144 617 3215 jactet
638 3144 759 3214 quis
780 3144 980 3198 habere
999 3143 1338 3205 charitatem,
1364 3142 1407 3196 si
1431 3142 1677 3196 ordinata
1705 3156 1811 3196 non
1840 3152 1940 3206 est,
1971 3129 2017 3193 C
2040 3137 2373 3228 'vivitl(llab.
2400 3162 2469 3212 ll;
2501 3145 2652 3200 Rom.
2680 3149 2744 3216 ι).
2775 3165 2794 3198 ι
2821 3146 2888 3202 Et
2910 3148 3047 3202 sicut
3071 3149 3216 3219 spica
3238 3149 3402 3205 multa
3434 3152 3486 3206 in
3510 3152 3624 3207 suis

375 3235 514 3289 sicut
559 3249 658 3289 nec
692 3234 855 3289 etiam
889 3233 1072 3302 ﬁdem,
1103 3232 1150 3287 si
1180 3231 1297 3287 sine
1340 3231 1595 3301 operibus
1631 3246 1695 3285 ac
1718 3247 1815 3302 per
1844 3233 1944 3288 hoc

373 3326 543 3381 otiosa
574 3334 654 3380 est
691 3324 831 3395 (Jac.
864 3325 947 3396 ιι).

444 3415 665 3485 Legitur
686 3415 829 3470 enim
856 3415 981 3486 quia
1011 3413 1285 3470 Salomoui
1322 3412 1541 3470 fuerunt
1567 3428 1764 3468 uxores
1791 3415 1944 3482 quasi

376 3507 573 3577 reginae
602 3506 954 3577 septingenta:
984 3516 1037 3560 et
1066 3505 1379 3561 concubinae
1406 3511 1660 3558 trecentae
1675 3501 1758 3574 (ll
1765 3503 1791 3555 Ι
1816 3501 1942 3572 Reg.

373 3601 468 3671 xl).
496 3600 632 3666 Quid
659 3609 840 3655 autem
871 3598 1000 3653 mihi
1027 3614 1148 3654 cum
1188 3610 1442 3668 gynaeceo
1474 3595 1812 3650 Salomonis?
1841 3592 1948 3649 Sed

374 3707 601 3747 excussa
630 3691 783 3762 palea
812 3691 1096 3747 verborum
1119 3688 1389 3744 invenitur
1408 3687 1461 3741 in
1489 3685 1718 3740 medulla
1745 3693 1948 3755 myste-

373 3784 535 3838 rium.
563 3783 700 3851 Quid
727 3783 872 3837 enim
894 3798 991 3852 per
1017 3781 1404 3851 septingentas,
1429 3793 1551 3850 quae
1572 3792 1765 3832 uxores
1788 3774 1947 3831 simul

354 3883 427 3928 'et
450 3875 648 3947 reginae
673 3881 1063 3939 memorantur,
1084 3872 1187 3928 nisi
1211 3872 1315 3926 illae
1340 3860 1710 3940 intelliguntur
1731 3869 1944 3934 anitum,

371 3980 492 4034 qua:
515 3974 571 4020 et
599 3964 927 4034 septiformis
951 3963 1151 4018 habent
1188 3960 1377 4032 gratia:
1405 3959 1686 4029 Spirittun,
1711 3970 1764 4014 et
1787 3976 1948 4030 super

372 4052 753 4108 resultantium
777 4053 1029 4108 vitiorum
1056 4063 1233 4106 motus
1262 4050 1411 4120 quasi
1443 4050 1674 4119 regalem
1702 4050 1949 4104 obtineant

356 4145 766 4218 principatum?
792 4143 931 4213 Quid
958 4153 1135 4203 autem
1166 4158 1263 4213 per
1307 4150 1579 4196 trecentas
1622 4141 1947 4210 easdemque

371 4237 721 4301 concubinas,
752 4237 853 4291 nisi
882 4235 984 4290 illa:
1014 4235 1206 4290 anima:
1232 4232 1553 4304 ﬁgurantur,
1586 4247 1704 4302 quae
1735 4246 1832 4301 per
1858 4246 1947 4285 so-

372 4328 480 4383 lam
509 4337 708 4382 sanctte
728 4325 1010 4381 Trinitatis
1036 4324 1216 4390 ﬁdem,
1243 4323 1535 4378 thalamum
1559 4323 1773 4394 quidem
1803 4322 1946 4393 regis

372 4419 626 4488 ingressae
655 4424 799 4482 sunt,
831 4416 924 4470 sed
950 4423 1114 4470 casta:
1141 4412 1566 4469 conversationis
1595 4421 1650 4468 et
1684 4413 1947 4480 quodam-

331 4521 336 4525 '
372 4508 533 4562 modo
551 4506 865 4561 matronalis
886 4506 1153 4576 pudicitiae
1178 4505 1496 4560 munditiam
1527 4519 1629 4558 non
1662 4504 1944 4568 habentes,

372 4599 579 4654 dotales
605 4613 830 4653 uxorum
867 4597 1076 4652 tabulas
1098 4611 1204 4651 non
1232 4595 1546 4652 merentur?
1572 4593 1666 4649 lite
1691 4594 1943 4649 nimirum

372 4703 428 4747 et
455 4692 727 4748 Salomoni
758 4707 855 4762 per
891 4690 1106 4746 carnale
1131 4689 1515 4746 commercium
1549 4689 1750 4758 junctae
1785 4698 1943 4755 sunt;

374 4786 497 4854 quia
522 4784 816 4839 Salvatoris
838 4782 1006 4837 nostri
1038 4782 1149 4836 veri
1178 4781 1386 4851 paciﬁci
1410 4789 1749 4836 sacramenta
1775 4781 1949 4849 perci-

373 4876 549 4946 piunt,
569 4882 625 4929 et
650 4881 828 4927 tamen
852 4887 947 4943 per
969 4871 1287 4940 degenerem
1306 4869 1663 4926 lenocinantis
1687 4869 1813 4923 vitae
1835 4879 1948 4923 tor-

376 4979 587 5035 porem,
616 4979 715 5018 nec
743 4964 1003 5019 habentes
1028 4962 1120 5017 uni
1165 4962 1281 5016 viro
1314 4959 1534 5030 pudoris
1574 4959 1845 5025 allectum,
1879 4960 1948 5012 ad

377 5055 862 5127 nuptialisftederis
885 5053 1183 5110 d0talitium
1207 5069 1313 5107 non
1336 5060 1645 5122 assurgunt.
1661 5050 1950 5106 Enimvero

376 5148 477 5202 illa:
509 5148 701 5201 anima:
725 5146 914 5201 uxorio
939 5160 1002 5200 ac
1032 5143 1194 5214 regali
1226 5143 1439 5197 nomine
1463 5141 1636 5213 dignae
1664 5151 1806 5208 sunt,
1833 5158 1952 5213 qua:

379 5237 431 5290 in
471 5236 587 5290 solo
627 5235 865 5290 ctelestis
896 5233 1091 5304 Sponsi
1121 5231 1389 5287 desiderio
1432 5233 1795 5302 requiescunt,
1832 5224 1953 5301 qua:

379 5327 824 5381 infmderabiliter
850 5334 1038 5382 contra
1075 5323 1427 5394 malignorum
1462 5324 1743 5392 Spirituum
1772 5331 1948 5377 tenta-

378 5428 559 5472 ntenta
587 5416 895 5487 conﬂigunt.
944 5415 1096 5472 Sicut
1126 5415 1422 5471 deeodem
1464 5416 1753 5470 Salomone
1799 5414 1951 5470 Scri-

379 5518 538 5581 ptura
562 5519 829 5566 testatur:
875 5527 895 5561 ι
929 5509 1063 5576 Quia
1091 5506 1417 5578 alienigenas
1438 5512 1680 5577 quosque
1725 5507 1950 5561 tributa-

383 5607 492 5662 rios
525 5604 683 5672 fecit;
726 5604 794 5660 de
824 5602 947 5659 ﬁliis
968 5613 1145 5657 autem
1189 5601 1353 5657 Israel
1392 5616 1494 5655 non
1536 5598 1814 5654 constituit
1856 5613 1945 5651 rex

381 5697 587 5752 servire
617 5709 960 5767 quemquam,
987 5692 1078 5748 sed
1104 5702 1258 5748 erant
1300 5692 1400 5746 viri
1435 5689 1741 5756 bellatores,
1771 5699 1824 5746 et
1852 5689 1949 5744 mi-

1976 4469 2026 4528 D

2051 3236 2235 3290 aristis
2258 3251 2423 3306 grana
2458 3237 2730 3301 recondit,
2763 3238 2836 3291 ita
2867 3247 2924 3293 et
2946 3240 3245 3311 symbolum
3275 3252 3472 3298 nostrm
3498 3258 3630 3299 con-

2049 3325 2306 3380 fessionis
2337 3326 2571 3394 plurima
2597 3326 2648 3380 in
2680 3341 2741 3380 se
2765 3327 2889 3381 ﬁdei
2920 3330 3124 3383 semina
3145 3330 3365 3399 colligit.
3397 3332 3623 3389 Venien-

2052 3424 2133 3470 tes
2184 3415 2368 3484 itaque
2412 3417 2479 3470 ad
2528 3415 2817 3471 Jordancm
2869 3416 3137 3487 Ephratmi
3192 3421 3548 3476 consuluntur
3591 3438 3622 3476 a

2048 3505 2346 3561 Galaaditis
2396 3505 2667 3574 quomodo
2709 3505 2913 3576 spicam
2956 3507 3294 3577 exprimant;
3346 3510 3624 3566 venientes

2047 3601 2211 3654 etiam
2246 3599 2312 3653 ad
2348 3597 2603 3668 baptismi
2638 3597 2913 3653 lavacrum
2939 3599 3313 3656 catechumeni
3345 3600 3622 3670 inquirun-

2050 3698 2139 3743 tur
2174 3703 2204 3742 a
2245 3688 2616 3742 sacerdoﬁbus
2674 3687 2906 3757 qualiter
2954 3690 3196 3744 credant.
3251 3690 3317 3746 Et
3366 3694 3619 3761 quoniam

2048 3779 2252 3835 Galaad
2300 3779 2688 3849 interpretatur
2733 3795 2949 3833 acervus
2990 3782 3306 3846 testimonii,
3349 3791 3492 3839 recte
3528 3801 3622 3855 per

2049 3873 2363 3930 Galaaditas
2411 3873 2722 3927 sacerdotes
2770 3870 3026 3926 Ecclesiae
3076 3873 3482 3944 intelliguntur,
3531 3879 3622 3945 qui

2050 3962 2524 4034 prtedicationibus
2567 3962 2681 4016 suis
2724 3976 2888 4031 opera
2940 3961 3120 4016 divina
3180 3972 3469 4019 testantur.
3518 3965 3624 4021 Per

2047 4055 2306 4125 Epltraitn
2343 4067 2511 4121 vero,
2560 4053 2652 4122 qui
2699 4052 3070 4123 fecunditatem
3123 4064 3310 4121 sonat,
3352 4056 3426 4111 illi
3478 4057 3622 4113 desi-

2048 4155 2282 4216 gnantur
2316 4143 2408 4213 qni
2460 4143 2663 4197 idcirco
2694 4141 2761 4197 ad
2796 4141 2919 4196 ﬁdei
2956 4130 3277 4211 perveniunt
3329 4146 3534 4216 spicam
3566 4157 3625 4201 ut

2049 4243 2364 4306 proventum
2396 4231 2741 4287 fecunditatis
2762 4246 2857 4302 per
2875 4231 3001 4286 boni
3028 4233 3207 4301 operis
3229 4244 3467 4304 segetem
3491 4252 3615 4305 pro-

2048 4323 2245 4380 ferant.
2303 4320 2457 4377 Sicut
2516 4337 2646 4390 ergo
2704 4320 2739 4374 ii
2790 4322 2881 4390 qui
2932 4322 2999 4390 ad
3049 4320 3338 4378 Jordancm
3380 4327 3622 4392 veniunt,

2050 4406 2254 4485 Spicam
2284 4411 2498 4481 quidem
2540 4409 2874 4479 intelligunt,
2903 4410 2994 4465 sed
3023 4410 3149 4480 quia
3178 4411 3483 4482 exprimere
3511 4432 3627 4483 nes-

2051 4508 2228 4573 ciunt,
2262 4507 2595 4569 moriuntur;
2627 4504 2699 4557 ita
2729 4512 2783 4558 et
2810 4503 2901 4571 qui
2932 4501 3131 4559 fontem
3162 4502 3500 4574 baptismatis
3526 4523 3624 4560 ex-

2050 4606 2269 4670 petunt,
2298 4614 2328 4652 a
2354 4597 2466 4652 ‘vita
2504 4594 2746 4650 funditus
2780 4595 3063 4660 decidunt,
3092 4596 3192 4649 nisi
3230 4596 3385 4650 ﬁdem
3420 4591 3587 4667 ipsam
3609 4637 3623 4664 ,

2050 4705 2213 4762 quam
2250 4687 2426 4742 edocti
2465 4695 2592 4740 sunt
2637 4684 2889 4750 credere,
2917 4685 3224 4739 studuerint
3258 4687 3420 4739 etiam
3454 4688 3623 4741 bono-

2053 4799 2172 4837 rum
2224 4793 2448 4849 operum
2490 4777 2866 4831 enuntiatione
2917 4774 3180 4845 proferre.
3234 4774 3309 4829 Ita
3366 4775 3620 4830 nimirum

2048 4874 2280 4928 alterum
2307 4869 2505 4940 pendet
2541 4882 2608 4922 ex
2648 4866 2848 4931 altero,
2877 4875 2933 4921 ut
2961 4881 3144 4922 semen
3168 4866 3289 4920 ﬁdei
3332 4881 3625 4939 exsurgere

2051 4961 2244 5017 debeat
2270 4959 2322 5013 in
2349 4959 2553 5029 spicam
2592 4956 2939 5026 operationis.
2975 4954 3127 5021 Quod
3155 4963 3210 5009 et
3237 4952 3486 5011 Salvator
3532 4973 3628 5012 no-

2052 5062 2164 5107 ster
2186 5050 2465 5107 evidenter
2493 5036 2747 5103 Ostendit.
2800 5032 2931 5099 Nam
2962 5060 3083 5100 cum
3109 5045 3427 5116 przeciperet
3456 5046 3620 5103 disci-

2053 5144 2190 5215 pulis
2214 5184 2229 5208 ,
2259 5143 2488 5197 dicens:
2524 5160 2542 5192 ι
2576 5139 2683 5205 lte,
2741 5139 2929 5193 docete
2967 5152 3153 5193 omnes
3197 5148 3415 5208 gentes,
3445 5140 3622 5210 bapti-

2054 5230 2240 5291 zantes
2261 5248 2357 5287 eos
2383 5231 2438 5286 in
2464 5231 2681 5285 nomine
2708 5227 2904 5294 Patris,
2927 5236 2982 5282 et
3006 5226 3147 5294 Filii,
3172 5238 3227 5282 et
3249 5228 3482 5298 Spiritus
3506 5245 3625 5284 san-

2052 5322 2156 5389 cti,
2214 5323 2462 5393 protinus
2492 5318 2697 5373 addidit
2722 5332 2737 5372 :
2764 5318 3029 5373 Docentes
3070 5333 3164 5373 eos
3194 5333 3414 5373 servare
3441 5318 3624 5372 omnia

2052 5425 2389 5484 quaecunque
2417 5407 2665 5464 mandavi
2709 5406 2860 5462 vobis
2910 5406 3128 5479 (Matth.
3162 5406 3372 5479 xxvm).
3409 5427 3428 5460 ι
3456 5408 3534 5462 Ac
3579 5409 3624 5462 si

2055 5512 2240 5576 aperte
2287 5502 2480 5557 dicat:
2515 5498 2712 5554 Semen
2762 5498 2886 5553 ﬁdei
2931 5498 2985 5553 in
3046 5500 3300 5555 cordibus
3344 5499 3621 5554 hominum

2050 5595 2253 5656 serite,
2284 5600 2341 5647 et
2381 5604 2504 5646 mox
2549 5590 2929 5645 mandatorum
2959 5591 3376 5659 germinantium
3422 5592 3624 5662 spicam

2053 5684 2286 5760 qualiter
2320 5682 2652 5755 operationis
2680 5681 2859 5753 lingua
2889 5681 3190 5752 exprimere
3212 5682 3474 5750 debeant,
3501 5685 3622 5737 edo-
