4184 6466
582 333 686 389 615

1182 326 1238 380 S.
1267 323 1471 380 PETRI
1494 319 1775 377 DAMHNI
1817 319 1966 375 OPP.
2001 318 2184 373 PARS
2209 317 2338 373 SE‘J
2374 314 2612 372 TOIIUS
2648 315 2713 369 Il.
2740 344 2808 356 ——-
2848 314 3238 395 SERMONRS.

3743 313 3848 369 616

580 452 699 501 cete
725 481 742 506 ,
771 455 836 495 ne
866 435 1232 494 soloecismum
1258 433 1462 489 faciant
1493 433 1545 486 in
1574 432 1719 501 spica
1746 431 1948 500 operis,
1979 429 2068 498 qui
2098 444 2155 483 se
2186 435 2231 491 Α
2259 427 2422 482 corde
2452 427 2754 481 diceremus
2785 443 2798 479 :
2835 444 2853 477 ι
2886 424 3064 480 Trahe
3096 441 3181 480 me
3217 434 3338 495 post
3376 433 3450 491 te,
3481 439 3762 482 curremus
3795 444 3851 482 ιιι

580 537 646 591 de
672 542 859 589 monte
876 527 1130 599 Ephraim
1149 566 1163 591 ,
1195 526 1299 581 hoc
1330 535 1447 588 est,
1479 524 1545 578 de
1571 521 1890 577 celsitudine
1922 534 2042 575 esse
2073 527 2157 572 te-

580 634 797 682 stantur
825 619 1208 677 ecclesiastica:
1234 614 1599 672 fecunditatis.

651 716 1019 784 Quapropter,
1078 706 1450 768 dilectissimi,
1537 717 1825 758 caveamus
1901 713 1968 755 ne
2027 697 2161 754 lides

581 817 766 863 nostra
822 803 1150 874 superducto
1208 814 1305 853 nos
1346 796 1514 851 solius
1574 790 1928 864 prolessionis
1978 789 2161 844 colore

579 898 834 967 decipiat,
852 903 907 948 et
935 903 1187 961 tanquam
1212 887 1387 943 inanis
1408 886 1577 973 spica,
1596 883 1919 938 vacantibus
1946 879 2157 943 culmis,

579 991 784 1059 absque
812 984 1116 1043 dilectionis
1145 980 1375 1036 medulla
1400 978 1660 1034 follcscal.
1692 975 1970 1030 Imitemur
2001 973 2159 1027 ﬁdem

581 1092 914 1151 martyrum,
953 1092 1052 1146 per
1086 1087 1272 1144 quam,
1322 1073 1604 1125 vincentes
1653 1082 1815 1135 regna
1859 1073 2159 1151 terrarum,

580 1148 758 1239 adepti
807 1175 931 1222 sunt
967 1162 1189 1235 praemia
1223 1159 1491 1231 promissa
1527 1155 1789 1212 caelorum
1831 1151 2017 1224 (Hebr.
2056 1148 2160 1221 xl),
2200 1224 2203 1228 η

583 1258 667 1314 Sit
695 1273 824 1329 ergo
856 1255 991 1310 ﬁdes
1023 1268 1207 1307 nos:ra
1233 1249 1427 1314 solida,
1455 1247 1528 1302 sit
1553 1260 1705 1309 vera,
1733 1244 1803 1299 sit
1835 1243 2076 1307 robusta,
2104 1248 2165 1294 ut

584 1365 728 1404 nunc
762 1347 940 1403 eundo
979 1360 1076 1415 per
1115 1342 1306 1407 ﬁdem,
1356 1337 1733 1412 perveniamus
1783 1334 1850 1389 ad
1897 1332 2160 1403 speciem,

583 1437 819 1492 videndo
841 1452 938 1505 per
964 1430 1270 1502 arnigmatis
1297 1426 1576 1499 speculum
1605 1424 1657 1497 (Ι
1681 1423 1804 1480 Cor.
1827 1424 1972 1494 xm),
2001 1436 2164 1492 quan-

584 1529 765 1597 doque
796 1526 1159 1596 perducamur
1190 1523 1255 1577 ad
1280 1518 1449 1594 ipsius
1471 1535 1699 1575 summa:
1724 1517 1969 1572 veritatis
2007 1516 2165 1570 obtu—

582 1628 697 1675 tum
720 1659 736 1685 ,
773 1618 862 1673 ubi
911 1632 1056 1672 nunc
1098 1617 1290 1671 beatus
1321 1620 1530 1686 martyr
1557 1611 1879 1674 Anthimus,
1918 1606 2164 1678 deposita

580 1710 793 1766 sarcina
853 1705 1223 1778 corruptibilis
1286 1704 1511 1769 carnis,
1567 1701 1759 1758 stolam
1808 1698 2035 1770 adeptus
2082 1705 2166 1752 est

2260 522 2482 574 odorem
2512 523 2866 588 ugnentorum
2898 524 3109 571 tuorum
3142 512 3319 582 (Cant.
3355 515 3416 584 ι).
3449 535 3468 568 ι

2331 611 2399 666 Et
2431 611 2660 666 fortasse
2688 610 2777 665 isti
2805 619 2929 665 sunt
2959 610 3157 681 gradus
3184 611 3325 665 illius
3353 611 3633 683 horologii,
3660 612 3713 666 in
3742 630 3853 684 quo

2261 717 2357 757 rex
2405 700 2668 756 Ezechias
2716 700 2963 755 umbram
3012 700 3209 755 reverti
3249 701 3436 755 decem
3478 701 3637 758 lineis
3677 702 3851 774 petiit.

2263 791 2416 859 Quod
2458 789 2709 846 videlicet
2749 788 2917 844 Isaias
2963 790 3223 860 propheta
3268 791 3320 843 in
3359 790 3571 863 signum
3623 809 3852 865 recupe-

2265 884 2445 936 randa:
2470 882 2661 937 salutis
2698 881 2843 936 illius
2875 881 3160 935 Dominum
3190 881 3447 937 invocans
3482 884 3728 952 protinus
3754 888 3856 941 im-

2264 972 2496 1041 petravit
2524 970 2659 1044 (Isa.
2685 988 2935 1042 XXXVIII}.
2977 972 3341 1027 Descenderat
3364 974 3546 1043 itaque
3569 977 3647 1030 sol
3670 991 3855 1032 cmen-

2265 1060 2474 1129 sisjam
2513 1062 2698 1116 decem
2729 1062 2986 1134 gradibus
3028 1061 3312 1132 horologii,
3362 1064 3455 1119 sed
3494 1080 3590 1134 per
3636 1068 3851 1123 eosdem

2265 1153 2465 1224 gradus
2510 1154 2705 1208 iterum
2757 1155 2937 1210 rediit.
2988 1154 3139 1223 Quod
3168 1155 3419 1227 videlicet
3443 1157 3657 1227 signum
3686 1170 3849 1228 esset,

2265 1259 2363 1314 per
2390 1242 2535 1313 quod
2568 1257 2629 1299 se
2663 1259 2755 1299 rex
2785 1244 3048 1302 Ezechias
3076 1245 3236 1301 saluti
3276 1249 3522 1318 pristinae
3567 1250 3857 1307 restituen-

2266 1334 2393 1389 dum
2432 1349 2551 1391 esse
2573 1335 2887 1391 conﬁderet.
2932 1336 3219 1394 Enimvero
3241 1354 3342 1394 nec
3363 1355 3533 1410 genus
3559 1341 3854 1398 humanum

2267 1424 2333 1479 ad
2365 1424 2785 1481 incolumitatem
2813 1441 2975 1497 quam
3028 1428 3307 1494 amiserat,
3348 1429 3417 1486 de
3463 1430 3546 1485 sui
3583 1431 3858 1504 languoris

2266 1515 2620 1584 aegrotatione
2663 1515 2958 1580 convaluit,
3004 1518 3243 1587 quandiu
3288 1517 3382 1574 lux
3432 1534 3559 1575 vera
3605 1520 3857 1577 Christus

2269 1609 2458 1664 decem
2507 1622 2603 1664 eos
2651 1623 2789 1678 quos
2837 1608 3274 1665 enumeravimus
3332 1611 3548 1683 mystici
3593 1611 3856 1684 horologii

2270 1698 2468 1770 gradus
2505 1698 2574 1754 ad
2601 1714 2855 1756 occasum
2886 1714 2946 1755 se
2973 1699 3307 1756 bumiliando
3347 1702 3636 1772 percurrit.
3679 1702 3859 1770 Quan-

581 1801 839 1873 angelicae
863 1777 1150 1855 claritatis.
1183 1797 1322 1853 Ecce
1346 1795 1489 1850 enim
1527 1795 1671 1850 inter
1694 1790 1892 1863 ignitus
1916 1802 2162 1859 supernae
2192 1777 2237 1836 Β
2266 1806 2428 1860 quam
2458 1805 2554 1861 per
2582 1791 2828 1846 umbram
2861 1791 3046 1847 decem
3071 1791 3335 1862 graduum
3358 1800 3413 1847 et
3434 1792 3592 1847 aliter
3612 1808 3862 1864 superna:

584 1891 923 1947 Hierusalem
974 1889 1186 1960 lapides
1227 1888 1427 1943 emicat
1456 1905 1468 1941 :
1497 1899 1625 1941 ecce
1668 1884 1814 1938 inter
1837 1889 2163 1952 purpuratas

581 1993 878 2053 martyrum
904 1980 1142 2052 legiones
1161 1979 1336 2035 victor
1356 1986 1412 2034 et
1427 1985 1722 2034 coronatus
1743 1973 2000 2028 exsultat.
2024 1970 2167 2027 Con-

578 2087 850 2135 summatu
881 2076 1038 2147 105
1086 2075 1286 2147 quippe
1332 2071 1549 2146 gloriosi
1592 2066 1910 2126 certaminis
1957 2079 2117 2121 cursu
2149 2103 2164 2128 ,

577 2171 826 2226 eumdem
852 2170 1026 2239 ipsum
1049 2170 1104 2223 in
1140 2167 1363 2239 praemio
1394 2166 1567 2223 beatae
1595 2159 2047 2219 renumeratiouis
2079 2173 2168 2212 ac-

579 2258 723 2328 cepit
751 2258 841 2328 qui
883 2257 1054 2312 faetus
1078 2265 1163 2315 est
1205 2263 1262 2310 et
1288 2254 1518 2327 pretium
1549 2268 1674 2309 cum
1701 2251 1957 2315 redemit,
1983 2248 2168 2305 Jcsnln

578 2350 854 2405 Chrismm
877 2347 1169 2402 Dominum
1197 2355 1462 2411 nostrum,
1494 2344 1585 2416 qui
1630 2358 1754 2399 cum
1785 2340 1894 2397 Deo
1923 2339 2085 2395 Patre
2119 2347 2173 2391 et

584 2440 788 2511 Spiritu
812 2451 1003 2495 sancto
1027 2438 1161 2493 vivit
1184 2446 1239 2493 et
1270 2444 1456 2510 regnat
1484 2450 1581 2507 per
1615 2434 1796 2490 omnia
1824 2431 2019 2489 szecula
2067 2445 2171 2486 sa:-

581 2533 843 2587 cnlorum.
876 2532 1069 2588 Amen.

1175 2663 1408 2722 SERMO
1459 2662 1577 2719 XX.

749 2801 816 2840 ne
854 2798 1058 2840 samc'ro
1094 2795 1371 2838 BONIFACIO
1409 2792 1659 2834 uan'rvns
1698 2776 1812 2848 (xiv
1845 2776 2024 2847 nul).-

651 2900 803 2956 Beati
854 2895 1114 2953 Buttifacii
1170 2895 1402 2968 gloriosa
1457 2892 1755 2958 festivitas,
1801 2889 1998 2945 fratres
2044 2887 2172 2953 mei.

581 2992 708 3046 dum
736 2990 947 3045 cunctis
968 2987 1168 3043 Christi
1199 2985 1445 3041 ﬁdelibus
1467 2996 1755 3040 commune
1798 2982 1853 3035 ﬁt
1897 2979 2173 3052 gaudium,

2268 1880 2685 1952 dispensationis
2704 1895 2991 1953 possumus
3012 1881 3308 1952 intelligere
3329 1892 3751 1939 sacramentum.
3778 1882 3865 1936 Dis

2268 1971 2555 2027 versitates
2593 1972 2792 2042 quippe
2827 1979 3128 2044 temporum
3175 1972 3331 2028 euasi
3376 1974 3624 2046 qtuedam
3663 1974 3859 2029 distin-

2268 2062 2478 2118 ctiones
2524 2072 2649 2117 sunt
2703 2064 2755 2117 in
2806 2064 3086 2135 horologio
3131 2064 3418 2120 linearum.
3471 2065 3585 2121 Soli
3625 2082 3863 2137 namque

2265 2151 2494 2219 iustitia:
2527 2152 2745 2208 Christo
2781 2154 2991 2224 primus
3032 2156 3098 2209 ad
3141 2172 3238 2210 nos
3271 2156 3640 2213 descensionis
3665 2159 3866 2227 gradus

2272 2242 2376 2297 fuit
2402 2242 2468 2298 de
2489 2243 2600 2298 Deo
2634 2242 2688 2297 in
2719 2244 2987 2317 angelum.
3034 2246 3194 2318 106
3222 2245 3373 2301 Unde
3407 2254 3488 2301 est
3518 2247 3661 2317 quod
3691 2256 3748 2302 et
3768 2262 3869 2318 per

2272 2331 2467 2387 Isaiam
2506 2334 2685 2403 magni
2724 2334 2934 2389 consilii
2968 2335 3204 2405 Angelus
3234 2336 3432 2393 dicitur
3462 2335 3617 2407 (Isai.
3653 2336 3754 2407 ix).
3799 2337 3868 2395 Et

2274 2423 2367 2493 qui
2418 2439 2540 2478 cum
2591 2422 2761 2481 Jacob
2791 2425 3110 2496 loquebatur
3137 2426 3298 2493 Deus,
3327 2427 3550 2499 angelus
3582 2444 3866 2499 nuncupa-

2278 2522 2383 2568 tur.
2420 2512 2556 2568 Ilinc
2584 2522 2668 2570 est
2696 2516 2838 2586 quod
2869 2531 2964 2585 per
2990 2519 3238 2573 eumdem
3263 2517 3429 2574 Jacob
3450 2519 3647 2575 dicitur
3677 2538 3690 2574 :
3725 2542 3743 2572 ι
3774 2522 3866 2576 Di-

2278 2606 2356 2660 xit
2388 2605 2611 2677 angelus
2651 2606 2861 2662 Domini
2885 2611 2950 2663 ad
2978 2624 3064 2665 me
3083 2610 3136 2665 ia
3158 2611 3364 2667 somnis
3396 2628 3409 2665 :
3439 2611 3549 2683 Ego
3577 2627 3696 2668 sum
3723 2612 3868 2669 Deus

2275 2698 2488 2765 Bcthel,
2536 2698 2629 2754 ubi
2674 2699 2875 2755 unxisti
2925 2700 3159 2771 lapidem
3204 2710 3260 2758 et
3297 2711 3477 2757 votum
3509 2703 3701 2758 vovisti
3732 2704 3864 2759 mihi

2278 2789 2434 2863 (Gen.
2472 2790 2648 2863 xxxx).
2677 2810 2697 2844 ι
2740 2791 3026 2859 Nimirum,
3060 2802 3118 2849 ut
3148 2793 3291 2853 idem
3318 2794 3435 2865 ipse
3463 2796 3554 2866 qui
3606 2795 3864 2868 loquitur,

2279 2889 2333 2935 et
2363 2881 2507 2936 Deus
2533 2880 2693 2936 simul
2720 2889 2776 2937 et
2807 2882 3032 2955 angelus
3074 2883 3410 2941 ostendatur.
3454 2885 3736 2942 Secundus
3770 2888 3867 2943 de-

2278 2973 2582 3029 scensionis
2614 2975 2815 3045 gradus
2848 2974 2949 3030 fuit
2977 2975 3030 3031 in
3062 2977 3409 3046 patriarchis,
3441 2993 3536 3048 per
3557 2994 3693 3048 quos
3720 2979 3872 3035 scili-

583 3078 892 3151 specialitcr
934 3088 1110 3133 tamen
1151 3075 1530 3146 peccatoribus
1553 3074 1620 3128 ad
1647 3072 2060 3144 promerendam
2084 3085 2175 3125 ve-
2205 3139 2243 3151 -
2280 3073 2368 3120 cet
2409 3065 2524 3137 ipse
2568 3064 2831 3122 Dominus
2860 3067 3031 3123 unius
3083 3066 3177 3122 Dei
3231 3068 3432 3125 cultum
3468 3083 3537 3125 ac
3573 3084 3717 3125 verae
3745 3071 3868 3127 fidei

584 3139 730 3227 niam
784 3180 948 3225 certa:
990 3169 1102 3240 Spei
1153 3139 1343 3223 tribuit
1387 3139 1806 3220 incrementum.
1844 3160 2000 3217 "Nam
2048 3177 2170 3217 cum
2200 3139 2245 3202 (ἶ
2276 3155 2939 3214 fundamentaconstituit.
2974 3154 3691 3232 Tertiusinprom'ulgatione
3710 3162 3863 3232 legis,

582 3263 708 3318 vita:
731 3261 848 3333 ejus
873 3275 938 3315 ac
968 3260 1141 3316 beatae
1188 3254 1672 3314 consummationis
1710 3264 1861 3326 gesta
1896 3254 2167 3324 percurri-

582 3370 724 3419 mus,
769 3353 897 3425 quid
936 3351 1086 3407 aliud
1130 3349 1433 3405 invenimus
1463 3363 1627 3418 quam
1665 3347 1791 3417 quia
1834 3345 2029 3417 stipula
2060 3352 2174 3400 tar-

585 3445 715 3511 tari,
749 3444 945 3500 cedrus
983 3441 1125 3498 facta
1156 3451 1241 3496 est
1265 3437 1500 3510 paradisi
1525 3438 1548 3492 ?
1575 3432 1776 3507 Atque,
1802 3444 1862 3491 ut
1884 3437 1957 3492 ita
1976 3436 2173 3503 fatear,

585 3537 750 3593 torris
780 3533 974 3591 inferni
1007 3533 1178 3589 factus
1220 3540 1305 3586 cst
1342 3529 1680 3604 splendidum
1722 3528 1874 3585 sidus
1919 3527 2063 3584 eteli.
2100 3526 2178 3584 De

583 3628 829 3701 lupanari
866 3624 1133 3697 siquidem
1184 3622 1383 3693 prodiit
1426 3619 1768 3693 praeliaturus
1813 3618 1881 3676 ad
1919 3618 2175 3682 stadium,

584 3721 653 3774 de
688 3717 864 3775 stadio
898 3714 1248 3787 suspenditur
1283 3712 1351 3766 ad
1401 3717 1751 3774 tormentum,
1796 3709 1865 3766 de
1910 3717 2179 3764 tormento

585 3815 801 3871 ducitur
838 3812 906 3868 ad
946 3812 1201 3883 gladium,
1254 3810 1319 3865 de
1364 3806 1540 3880 gladio
1572 3805 1889 3861 sublevatur
1920 3801 2096 3858 victor
2126 3809 2180 3855 et

584 3915 877 3961 coronatus
924 3905 990 3958 ad
1033 3902 1251 3959 coelum.
1303 3901 1406 3957 Per
1451 3901 1648 3974 gradus
1695 3913 1888 3970 nempe
1926 3905 2182 3970 peccator

588 4000 689 4052 iste
730 3998 799 4051 ad
836 3997 1002 4051 vitam
1045 3993 1223 4060 rediit,
1254 3994 1378 4063 quia
1409 4002 1462 4050 et
1484 4008 1579 4065 per
1598 3992 1859 4064 quosdam
1904 3990 2103 4063 gradus
2133 3989 2180 4046 is

587 4088 678 4157 qui
701 4087 819 4142 sine
840 4095 1062 4156 peccato
1079 4091 1163 4140 est
1188 4083 1240 4154 (Ι
1269 4082 1416 4139 Petr.
1443 4084 1537 4156 ιι),
1566 4085 1634 4139 ad
1660 4091 1861 4141 nostra),
1882 4081 2181 4139 mortalita-

589 4183 661 4236 tis
689 4180 792 4234 ima
840 4178 1135 4234 descendit.
1173 4176 1310 4233 Hine
1340 4185 1423 4232 est
1461 4178 1603 4250 quod
1636 4192 1701 4231 ex
1727 4190 1957 4246 persona
1979 4183 2181 4230 sanctae

591 4272 847 4328 Ecclesiae
881 4286 975 4342 per
1013 4270 1351 4326 Salomonem
1384 4271 1580 4325 dicitur
1608 4283 1623 4323 :
1658 4288 1676 4321 ι
1703 4268 1842 4324 Ecce
1889 4266 1991 4322 iste
2034 4267 2184 4322 venit

592 4365 791 4421 saliens
817 4364 869 4420 in
896 4362 1201 4431 montibus,
1227 4371 1283 4418 et
1312 4361 1619 4419 transiliens
1648 4360 1811 4417 colles
1841 4358 2018 4432 (Cant.
2047 4360 2130 4429 ιι).
2157 4379 2175 4414 ι

593 4456 845 4513 Salvator
883 4455 1081 4511 etenim
1127 4464 1313 4511 noster
1339 4454 1495 4526 quasi
1526 4453 1789 4525 quosdam
1820 4451 1989 4508 saltus
2026 4453 2180 4508 exhi-

591 4551 728 4613 buit,
754 4565 877 4604 cum
904 4550 971 4603 ad
994 4547 1362 4605 redimendum
1388 4560 1559 4618 genus
1577 4545 1873 4600 humanum
1897 4542 2062 4598 venit.
2104 4542 2180 4600 De

590 4642 731 4697 ctelo
752 4622 949 4711 quippe
977 4640 1124 4694 venit
1148 4640 1200 4693 in
1232 4647 1447 4692 uterum
1479 4635 1735 4706 Virginis,
1763 4635 1831 4690 de
1857 4642 2009 4691 utero
2035 4634 2183 4689 venit

590 4731 646 4786 in
682 4744 942 4801 praesepe,
975 4730 1042 4784 de
1072 4740 1310 4800 praesepe
1338 4726 1534 4781 transit
1575 4727 1642 4781 ad
1690 4725 2179 4792 circumcisionem,

592 4823 661 4878 de
691 4821 1103 4877 circumcisione
1125 4817 1193 4873 ad
1226 4816 1515 4887 templum,
1559 4817 1629 4871 de
1668 4816 1866 4886 templo
1901 4817 1966 4870 ad
2009 4816 2186 4887 bapti.

595 4927 798 4974 smum,
824 4912 888 4964 de
915 4908 1181 4977 baptismo
1200 4906 1266 4960 ad
1292 4921 1534 4973 crucem,
1553 4905 1621 4960 de
1647 4919 1810 4960 cruce
1834 4906 1901 4959 ad
1929 4917 2179 4969 mortem,

595 5002 664 5056 de
695 5010 868 5055 morte
895 5001 962 5051 ad
988 4997 1312 5067 sepulcrum,
1351 5003 1622 5065 postremo
1641 4995 1805 5049 etiam
1830 4994 2105 5050 descendit
2128 4997 2181 5049 in

596 5090 890 5152 infernum,
916 5096 973 5142 ut
996 5087 1119 5142 inde
1139 5096 1358 5141 sanctos
1387 5101 1511 5140 suos
1534 5094 1770 5145 erueret,
1798 5099 1934 5154 quos
1969 5086 2034 5139 ad
2079 5099 2186 5139 cte-

597 5184 787 5239 lestem
831 5180 1055 5251 gloriam
1104 5178 1312 5234 calcato
1379 5176 1568 5233 mortis
1610 5178 1836 5246 imperio
1881 5187 2182 5233 revocaret.

600 5275 783 5336 I‘lane,
821 5283 878 5325 ut
905 5287 1003 5325 nos
1035 5278 1154 5340 post
1182 5285 1241 5324 se
1266 5285 1485 5325 currere
1505 5269 1727 5335 faceret,
1752 5272 1883 5325 istos
1908 5284 2006 5338 pro
2030 5270 2184 5325 nobis

597 5366 795 5436 gradus
823 5362 1159 5419 manifestata
1186 5378 1282 5432 per
1304 5377 1522 5417 carnem
1547 5360 1757 5417 Veritas
1768 5361 1833 5416 ad
1851 5376 1948 5415 nos
1959 5361 2185 5416 descen-

600 5457 773 5511 dendo
804 5456 1087 5526 disposuit,
1138 5463 1192 5509 et
1237 5453 1634 5524 quodammodo
1662 5453 1941 5521 cujusdam
1972 5451 2183 5522 mystici

600 5544 860 5617 horologii
897 5546 976 5601 sol
1000 5546 1224 5618 justitise
1260 5545 1507 5599 Christus
1547 5545 1660 5599 hanc
1696 5547 1763 5600 ad
1806 5559 1903 5598 nos
1937 5558 1997 5599 se
2031 5540 2190 5598 incli-

602 5636 778 5690 nando
808 5647 1077 5692 momenta
1109 5638 1372 5693 distinxit.
1406 5637 1513 5705 Qui
1537 5637 1791 5691 nimirum
1816 5635 2104 5691 exsultavit
2126 5645 2185 5692 ut

603 5724 752 5795 gigas
784 5726 852 5780 ad
895 5729 1214 5783 currendam
1247 5729 1386 5783 viam
1420 5724 1590 5799 (Paul.
1635 5730 1809 5798 xvm),
1835 5735 1893 5780 ut
1919 5742 2018 5782 nos
2043 5727 2090 5780 ei
2116 5742 2183 5783 ex

2277 3262 2440 3318 quam
2469 3255 2526 3303 et
2553 3248 2667 3319 ipse
2688 3247 2840 3318 prius
2864 3248 3119 3305 audiente
3138 3251 3333 3320 populo
3363 3252 3602 3321 protulit,
3631 3260 3687 3308 et
3712 3264 3867 3324 post-

2278 3340 2497 3398 modum
2541 3340 2596 3398 in
2635 3339 2863 3411 lapideis
2913 3339 3106 3397 tabulis
3145 3343 3361 3417 proprio
3400 3344 3569 3415 digito
3605 3357 3869 3401 exarante

2279 3432 2586 3504 descripsit.
2636 3432 2874 3501 Quartus
2914 3433 2967 3489 in
3013 3432 3143 3490 Iesu
3182 3434 3352 3503 Nave,
3387 3437 3579 3508 inquo
3606 3438 3745 3494 sicut
3770 3456 3870 3496 no-

2280 3528 2426 3582 mine
2452 3526 2531 3583 sic
2559 3535 2615 3582 et
2644 3542 2809 3599 opere
2838 3528 3050 3600 degens~
3075 3528 3133 3584 in
3177 3536 3378 3585 terram
3430 3533 3870 3603 repromissionis

2278 3620 2535 3693 populum
2559 3621 2878 3677 introduxit.
2908 3623 3141 3691 Quintus
3162 3623 3480 3697 fuitgradus
3503 3627 3868 3697 injudicibus,

2283 3726 2379 3781 per
2404 3727 2541 3782 quos
2575 3713 2829 3768 nimirum
2862 3714 3210 3771 lsraeliticam
3248 3716 3455 3785 plebem
3484 3727 3535 3771 et
3571 3718 3684 3787 ipse
3714 3734 3867 3790 rcge-

2282 3802 2395 3859 bat.
2436 3802 2633 3860 Senus
2670 3804 2723 3856 in
2761 3805 2978 3873 regibus
3004 3801 3334 3875 Judzeorum,
3373 3807 3499 3878 quia
3530 3807 3584 3861 in
3613 3809 3692 3862 eis
3723 3811 3872 3878 prin-

2282 3892 2527 3964 cipaliter
2557 3895 2674 3965 ipse
2702 3895 2981 3965 regnabat.
3024 3895 3299 3967 Septimus
3330 3898 3381 3952 in
3415 3898 3711 3969 prophetis,
3742 3901 3870 3969 quia

2282 3997 2382 4053 per
2410 3999 2506 4041 eos
2525 3985 2643 4056 ipse
2661 3994 2715 4039 et
2735 3984 3087 4040 annuntiatus
3106 3994 3189 4042 est
3216 3995 3272 4041 et
3290 3987 3516 4044 locutus.
3560 3986 3797 4045 Octavus
3816 3992 3871 4045 in

2282 4074 2650 4146 pontificibus,
2693 4075 2746 4129 in
2787 4075 2983 4147 quibus
3027 4077 3162 4147 ipse,
3212 4080 3301 4148 qui
3333 4095 3576 4135 summus
3605 4090 3688 4137 est
3732 4083 3873 4138 Pon-

2230 4218 2241 4221 -
2286 4165 2438 4233 tifex,
2477 4167 2591 4223 veri
2618 4176 2673 4224 et
2696 4169 2882 4225 aeterni
2922 4170 3003 4225 sui
3043 4172 3331 4227 sacerdotii
3377 4174 3693 4244 mysterium
3738 4176 3875 4246 ﬁgu-

2288 4259 2443 4313 ravit.
2502 4258 2684 4314 Nonus
2725 4269 2906 4315 autem
2941 4261 3139 4332 gradus
3186 4256 3499 4334 designatus
3546 4276 3630 4320 est
3676 4267 3728 4321 in
3776 4269 3875 4323 ho-

2287 4353 2450 4409 mine.
2511 4350 2762 4407 Decimus
2804 4352 2858 4407 in
2901 4351 3170 4422 passione.
3225 4352 3448 4409 I’erhos
3480 4356 3660 4425 itaque
3686 4358 3870 4413 decem

2285 4443 2503 4513 gradus,
2536 4442 2691 4514 quasi
2739 4457 2836 4513 per
2875 4442 3121 4497 umbram
3172 4443 3382 4499 Veteris
3411 4444 3763 4513 Testamenti,
3791 4450 3873 4505 sol

2276 4532 2507 4603 justitite
2555 4530 2806 4588 ChriStus
2853 4532 2907 4586 in
2958 4543 3160 4588 nostra:
3206 4534 3552 4590 mortalitatis
3597 4536 3875 4591 descendit

2283 4638 2569 4690 occasum,
2620 4633 2675 4677 et
2721 4637 2818 4694 per
2865 4638 2957 4678 eos
3004 4624 3199 4703 iterum
3257 4634 3380 4694 post
3419 4628 3869 4683 resurrectionem

2284 4729 2437 4769 suam
2468 4714 2520 4769 in
2544 4712 2742 4768 coelum
2768 4713 2943 4768 victor
2972 4715 3237 4784 ascendit,
3260 4730 3582 4786 omnemque
3603 4718 3750 4772 illam
3782 4733 3875 4773 ve-

2289 4813 2447 4861 tustte
2491 4805 2625 4876 legis
2652 4806 2900 4861 umbram
2949 4808 3199 4888 veritatis
3244 4824 3356 4865 suae
3401 4826 3466 4865 ac
3508 4826 3659 4867 novae
3686 4814 3875 4880 gratiae

2286 4899 2453 4955 radiis
2496 4897 2805 4963 illustravit,
2846 4900 3073 4954 obscura
3107 4900 3370 4968 revelans,
3393 4902 3576 4957 clausa
3606 4918 3873 4968 reserans,

2288 4996 2345 5045 et
2371 4990 2550 5046 omnia
2588 4988 2688 5045 sub
2732 4989 2997 5045 velamine
3042 4990 3236 5047 litterae
3288 5002 3435 5048 tecta
3469 4996 3769 5050 denulans.
3812 4996 3878 5050 Et

2288 5084 2432 5138 sicut
2456 5090 2587 5138 tunc
2623 5082 2705 5164 sol
2737 5082 2979 5140 lineatim
3017 5085 3237 5154 quidem
3263 5101 3327 5141 ac
3356 5102 3571 5141 morose
3597 5102 3878 5155 processe-

2290 5185 2394 5242 rat,
2438 5184 2662 5246 repente
2709 5188 2889 5231 autem
2924 5177 2993 5231 ad
3025 5188 3177 5232 ortus
3208 5179 3290 5234 sui
3322 5189 3408 5234 est
3433 5193 3683 5234 reversus
3711 5182 3878 5250 origi-

2291 5282 2445 5332 nem;
2483 5267 2563 5322 sic
2605 5263 2882 5333 nimirum,
2921 5268 2998 5324 sic
3028 5268 3356 5340 Redemptor
3401 5279 3585 5326 noster
3645 5287 3707 5327 ea
3757 5288 3878 5342 quae

2289 5360 2357 5417 de
2404 5361 2791 5417 incarnationis
2828 5377 2937 5417 sua:
2966 5363 3225 5434 mysterio
3253 5378 3350 5432 per
3381 5346 3537 5429 longa
3573 5374 3875 5434 tempormn

2290 5453 2569 5507 intervalla
2609 5455 2939 5526 signaverat,
2989 5453 3041 5506 in
3086 5451 3200 5507 sola
3255 5455 3668 5510 resuriectionis
3713 5464 3877 5523 atque

2288 5545 2624 5601 ascensionis
2670 5561 2781 5599 suae
2820 5544 2988 5615 gloria
3037 5544 3214 5599 subito
3261 5545 3470 5614 patefec
3492 5554 3532 5602 t.
3579 5546 3698 5603 Non
3744 5561 3878 5613 ero

2288 5639 2506 5703 mirum,
2535 5637 2580 5692 si
2609 5637 2668 5690 Β.
2700 5635 3006 5691 Bonifacius
3035 5635 3356 5704 quibusdam
3388 5639 3643 5705 gradibus
3669 5640 3875 5709 pertin-

2287 5743 2412 5798 gere
2457 5730 2652 5784 meruit
2683 5730 2748 5784 ad
2784 5744 3062 5795 coronam,
3092 5730 3525 5800 quandoquidem
3569 5741 3624 5787 et
3664 5733 3872 5786 Auc:or
