4184 6478
293 291 401 352 617

1845 278 2091 340 SEBMO
2129 277 2253 339 XX.

3694 293 3800 350 618

293 414 500 472 salutis
531 412 808 470 humana
840 424 939 482 pro
969 408 1241 465 charitate
1268 415 1482 478 nostra,
1518 408 1679 464 velut
1711 423 1812 483 per
1840 405 2072 482 quas-A
2096 403 2263 460 dunt.
2328 402 2484 461 Sicut
2543 404 2842 463 Cornelius
2901 407 2997 464 ille.
3055 409 3314 466 centurio
3340 455 3356 481 ,
3413 413 3515 484 qui
3570 415 3802 486 gentilis

293 505 429 563 dam
460 497 907 574 dispensationis
935 512 1057 556 sua
1091 497 1293 568 lineas,
1326 496 1618 556 descendit
1647 498 1718 556 ad
1756 513 2007 572 poenam.

293 591 601 652 Descendit
650 589 748 647 hic
791 587 860 645 ad
904 602 1189 659 occasum,
1215 593 1279 644 ut
1312 586 1411 645 ille
1451 586 1657 644 rediret
1695 586 1766 644 ad
1795 593 2006 645 ortum.

294 680 538 754 Pertulit
566 678 849 738 Dominus
880 693 1176 750 vesperam
1219 675 1647 750 temporalitatis
1683 682 1913 749 nostra,
1948 682 2012 734 ut

293 789 401 834 nos
447 771 740 830 reduceret
789 769 860 827 ad
915 768 1112 827 lumen
1165 767 1224 825 in
1282 767 1588 826 occiduum
1637 768 2011 842 perennitatis

294 880 440 923 sua.
496 861 608 921 Sed
647 858 1132 918 considerandum
1171 863 1273 927 est,
1305 856 1508 914 fratres
1552 856 1688 926 mei,
1724 857 2011 930 quomodo

294 953 362 1012 B.
420 951 784 1012 Bonifacium
839 948 988 1006 inter
1041 947 1192 1020 ipsas
1254 946 1510 1019 reproba
1563 945 1698 1003 vita
1748 946 2012 1004 tenebras

295 1039 612 1100 sanctitatis
639 1036 928 1112 igniculus
954 1051 1070 1093 non
1099 1034 1374 1105 deseruit,
1396 1034 1495 1092 sed
1523 1033 1722 1092 tandiu
1746 1035 1916 1094 illum
1947 1035 2010 1092 in

293 1127 559 1186 minimis
590 1126 749 1196 fovit,
779 1126 959 1183 donec
986 1123 1055 1181 ad
1087 1137 1295 1194 magna
1332 1123 1624 1195 perduxit.
1666 1123 1799 1181 Erat
1828 1124 2008 1192 enim,

297 1218 448 1275 sicut
478 1215 542 1273 in
580 1221 876 1288 gestorum
911 1213 1035 1286 ejus
1066 1212 1400 1270 continetur
1445 1210 1680 1269 historia
1703 1259 1718 1282 ,
1753 1211 2012 1270 ebriosus

297 1314 355 1368 et
405 1306 652 1378 adulter,
686 1313 740 1363 et
795 1303 1062 1364 omnium
1113 1301 1389 1360 vitiorum
1443 1300 1664 1359 amicus
1708 1317 1840 1376 qua
1893 1301 2013 1359 odit

299 1398 472 1456 Deus.

373 1488 727 1547 Audivimus
764 1482 1202 1544 obscurissimas
1241 1482 1506 1540 tenebras
1555 1480 1851 1555 pravitatis
1874 1524 1888 1552 ,
1919 1479 2010 1538 vi-

2089 494 2279 552 adhuc
2316 493 2702 570 eleemosynis
2736 501 2790 554 et
2817 497 3176 557 orationibus
3207 499 3430 559 institit.
3467 501 3688 572 Quibus
3717 507 3800 564 vi-

2090 583 2293 642 delicet
2343 585 2835 660 suifragantibus,
2877 588 2948 646 ad
2996 588 3262 662 baptismi
3305 593 3669 662 postmodum
3717 611 3804 654 sa-

2090 680 2380 733 cramenta
2440 676 2720 748 pervenit.
2776 677 2880 735 Cui
2936 678 3184 750 profecto
3235 680 3496 754 angelus,
3557 685 3803 744 necdum

2089 769 2353 836 percepta
2377 765 2826 836 regenerationis
2849 767 3050 839 gratia,
3080 767 3229 826 dixit
3259 789 3272 827 :
3311 795 3336 818 «
3369 769 3665 831 Orationes
3692 778 3805 832 tua

2091 857 2146 908 et
2201 853 2587 926 eleemosyna
2649 861 2763 913 tua
2819 855 3200 921 ascenderunt
3252 858 3314 916 in
3371 863 3709 920 memoriam
3743 862 3805 920 in

2091 947 2396 1014 conspectu
2431 942 2682 1014 Domini,
2716 949 2770 1001 et
2804 959 2964 1002 nunc
2991 946 3152 1003 mitte
3189 946 3344 1005 viros
3383 947 3445 1006 in
3474 948 3716 1023 Joppen,
3749 957 3806 1009 et

2090 1028 2298 1085 accersi
2358 1029 2651 1088 Simonem
2711 1030 2963 1090 Petrum.
3019 1032 3128 1091 Hic
3181 1033 3329 1092 (licet
3390 1035 3492 1093 tibi
3547 1035 3691 1110 quid
3751 1042 3806 1094 te

2090 1127 2345 1194 oporteat
2389 1123 2572 1182 facere
2615 1127 2760 1194 (Act.
2799 1129 2881 1196 Χ).
2922 1149 2944 1175 η
2979 1126 3063 1183 Ac
3109 1125 3157 1183 si
3197 1126 3500 1200 perspicue
3540 1127 3798 1186 diceret:

2091 1214 2221 1272 Jam
2279 1213 2389 1272 Deo
2439 1231 2574 1288 qua
2625 1222 2720 1274 tua
2775 1223 2910 1274 sunt
2946 1215 3229 1286 obtulisti,
3277 1218 3346 1275 de
3393 1224 3599 1277 catero
3653 1221 3805 1278 nihil

2093 1307 2370 1375 superest,
2404 1303 2516 1360 nisi
2564 1310 2628 1362 ut
2664 1309 2720 1361 et
2762 1304 2883 1378 ipse
2922 1304 3131 1363 debeas
3180 1321 3398 1364 munus
3437 1307 3607 1380 longe
3653 1325 3804 1382 pra-

2095 1391 2339 1448 stantius
2379 1390 2495 1448 tuis
2524 1392 2866 1450 muneribus
2910 1392 3236 1465 superaddi,
3269 1394 3496 1467 tuisque
3533 1400 3586 1454 te
3616 1395 3802 1455 facul-

2093 1480 2306 1538 tatibus
2344 1494 2634 1552 possessor
2671 1480 2925 1554 adjicias,
2956 1485 3019 1538 ut
3048 1496 3234 1539 unum
3262 1497 3336 1539 ex
3366 1483 3659 1555 omnibus,
3688 1499 3804 1544 non

303 1579 542 1638 deamus
569 1576 740 1635 etiam
783 1573 1084 1632 sublucere
1125 1570 1216 1630 vel
1248 1578 1480 1630 tenuem
1520 1569 1895 1629 scintillulam
1932 1586 2015 1626 re-
2089 1569 2208 1642 jam
2241 1568 2610 1639 sacrificium,
2643 1568 2741 1627 sed
2781 1568 3180 1628 holocaustum
3208 1571 3399 1644 potius
3423 1571 3541 1629 fiat.

304 1667 625 1728 ctitudinis.
681 1665 958 1737 Habebat,
1015 1664 1226 1737 inquit,
1285 1662 1748 1736 hospitalitatem,
1790 1661 2016 1735 largita-

2166 1657 2256 1715 Ad
2287 1657 2462 1729 hujus
2499 1656 2678 1730 igitur
2715 1657 3072 1716 centurionis
3109 1659 3446 1732 exemplum
3476 1658 3539 1718 B.
3572 1658 3808 1718 Bonifa-

308 1765 423 1816 tem
451 1765 506 1816 et
547 1756 1202 1828 misericordiam;qua
1242 1759 1430 1810 tamen
1475 1752 1581 1810 tria
1621 1767 1808 1810 unum
1855 1757 2008 1817 sunt,
2037 1748 2222 1813 Bcius
2280 1747 2441 1820 prius
2492 1745 2649 1805 dedit
2703 1762 2826 1817 sua,
2881 1747 3247 1821 postmodum
3299 1763 3393 1820 se;
3449 1749 3587 1822 quia
3638 1749 3812 1823 juxta

306 1852 364 1906 et
406 1846 582 1906 unius
631 1845 890 1903 membra
941 1849 1078 1902 sunt
1131 1841 1444 1902 charitatis.
1501 1839 1780 1914 Sequitur
1832 1839 2024 1897 adhuc

312 1936 571 2006 historia,
602 1941 656 1994 et
693 1934 844 2008 quod
892 1932 1138 1991 breviter
1175 1932 1476 2007 pramisit,
1524 1930 1763 2004 exponit
1793 1949 1804 1987 :
1841 1929 1944 2003 qui
1976 1929 2024 1986 si

307 2024 638 2099 aliquando,
671 2024 876 2098 inquit,
912 2023 1130 2081 videret
1159 2022 1550 2096 peregrinum,
1583 2030 1684 2080 aut
1717 2021 1787 2079 de
1818 2020 2025 2078 itinere

2104 1843 2452 1912 praceptum
2500 1836 2639 1910 legis
2678 1837 2878 1907 (Emod.
2926 1842 3057 1907 XII),
3098 1853 3317 1911 agnum
3355 1839 3702 1898 innocentia
3747 1840 3812 1898 in

2105 1927 2225 1986 suis
2250 1925 2522 2000 gregibus
2547 1925 2795 1999 reperire
2818 1941 2936 1984 non
2961 1927 3167 2000 potuit,
3196 1928 3431 1987 hadum
3457 1929 3814 2002 panitentia

2106 2019 2479 2093 semetipsum
2519 2019 2726 2077 offerre
2763 2019 3006 2078 curavit.
3041 2020 3277 2092 Agnum
3316 2020 3604 2096 siquidem
3639 2024 3813 2082 inno-

308 2112 661 2183 venientem,
693 2127 827 2170 cum
870 2111 1030 2170 omni
1064 2111 1428 2169 festinatione
1467 2115 1522 2168 et
1558 2110 1849 2168 alacritate
1887 2110 2022 2167 hor-

309 2203 536 2261 tabatur
573 2202 893 2275 hospitium
935 2218 1110 2261 suum
1151 2203 1397 2275 ingredi,
1429 2210 1483 2261 et
1529 2200 1887 2259 ministrabat
1932 2201 2022 2270 ei;

311 2292 578 2350 noctibus
622 2299 816 2350 autem
861 2291 1142 2348 circuibat
1179 2291 1395 2364 plateas
1446 2295 1500 2347 et
1550 2291 1706 2348 vicos
1757 2288 2027 2357 civitatis,

319 2381 582 2440 tribuens
633 2381 716 2439 eis
748 2397 880 2454 qua
925 2380 1242 2439 necessaria
1282 2386 1460 2437 erant.
1509 2379 1653 2437 Ecce
1694 2379 1845 2437 inter
1889 2375 2029 2432 107

319 2469 663 2527 densissima
721 2468 1178 2526 horrescentium
1237 2467 1469 2525 dumeta
1524 2468 1866 2540 spinarum,
1924 2465 2031 2523 etsi

317 2573 444 2616 rara
472 2602 485 2629 ,
524 2566 710 2616 tamen
767 2559 997 2616 inventa
1035 2563 1174 2615 sunt
1220 2555 1345 2613 lilia
1399 2557 1679 2633 ﬂoresque
1729 2558 2027 2614 virtutum.

319 2645 389 2703 Et
427 2648 630 2704 multa
662 2654 798 2704 sunt
834 2647 1042 2721 plaga,
1076 2663 1209 2721 qua
1260 2646 1554 2704 volucrem
1591 2647 1823 2706 Domini
1853 2654 2031 2706 terra-

321 2742 488 2794 tenus
513 2744 861 2810 aggravant;
902 2753 1098 2811 pauca
1123 2754 1350 2812 penna,
1383 2754 1516 2810 qua
1548 2739 1758 2796 levant.
1803 2737 1914 2797 Sed
1951 2739 2032 2796 fa-

2106 2117 2316 2181 centes,
2378 2111 2611 2168 hadum
2656 2109 2908 2168 oﬂ‘erunt
2948 2116 3284 2184 peccatores.
3336 2112 3452 2171 Nec
3503 2114 3720 2173 mirum
3767 2115 3817 2173 si

2109 2200 2352 2274 quilibet
2395 2207 2626 2258 sanctus
2663 2205 2789 2273 post
2817 2208 3044 2273 peccata
3074 2215 3404 2274 conversus,
3438 2202 3642 2262 hadus
3672 2203 3818 2263 dici-

2113 2295 2225 2360 tur,
2260 2303 2394 2346 cum
2427 2295 2482 2345 et
2519 2288 2640 2362 ipse
2669 2287 2772 2360 qui
2809 2288 2880 2346 de
2909 2289 3054 2348 coelo
3091 2304 3193 2362 pro
3221 2291 3616 2363 peccatoribus
3642 2293 3821 2362 venit,

2110 2393 2213 2451 per
2256 2377 2484 2435 hircum
2514 2375 2786 2449 dignatus
2827 2383 2913 2435 est
2953 2378 3212 2452 figurari.
3255 2377 3421 2438 Unde
3458 2388 3543 2439 est
3580 2382 3734 2456 quod
3761 2383 3824 2441 in

2115 2467 2371 2524 Levitico
2404 2466 2663 2539 pontifex
2692 2465 2985 2525 viventem
3004 2467 3240 2526 hircum
3269 2469 3376 2528 hoc
3404 2471 3573 2530 modo
3590 2472 3829 2546 jubetur

2113 2557 2336 2626 offerre,
2373 2563 2439 2615 ut
2465 2557 2648 2629 posita
2672 2572 2845 2630 super
2865 2564 3035 2630 caput
3063 2561 3188 2633 ejus
3205 2563 3448 2634 utraque
3473 2577 3675 2632 manu,
3697 2576 3830 2620 con-

2115 2648 2346 2705 fiteatur
2393 2661 2596 2703 omnes
2646 2646 2986 2720 iniquitates
3032 2648 3288 2706 filiorum
3330 2649 3528 2720 Israel,
3589 2647 3730 2706 108
3775 2657 3832 2710 et

2117 2738 2385 2794 universa
2438 2733 2646 2792 delicta
2685 2740 2859 2809 atque
2907 2742 3135 2808 peccata
3181 2752 3404 2808 eorum,
3450 2753 3584 2812 qua
3627 2739 3832 2812 impre-

322 2826 431 2883 cile
458 2833 541 2884 est
569 2827 789 2885 medico
823 2827 1152 2885 animarum
1182 2828 1299 2886 Deo
1329 2829 1581 2902 patentia
1605 2828 1850 2886 vulnera
1877 2827 2032 2886 tenui
2115 2840 2251 2882 cans
2301 2821 2472 2896 capiti
2527 2825 2670 2896 ejus,
2727 2822 2946 2881 emittat
3001 2823 3170 2884 illum
3222 2825 3283 2882 in
3334 2825 3625 2884 desertum
3679 2829 3832 2896 (Lev.

325 2917 745 2976 medicamento
775 2931 1134 2990 componere,
1164 2925 1218 2974 et
1252 2917 1354 2974 ubi
1388 2933 1595 2976 sanum
1627 2917 1768 2993 quid
1804 2918 2033 2991 reperit,
2119 2920 2364 2982 XXXVI).
2401 2910 2552 2981 Quid
2582 2918 2668 2969 est
2689 2917 2884 2971 autem
2908 2911 3141 2971 hircum
3161 2913 3395 2988 utrique
3421 2917 3619 2974 manui
3644 2917 3836 2990 ponti-

320 3011 546 3076 catera,
580 3021 711 3080 qua
755 3005 1208 3080 circumquaque
1237 3007 1465 3080 putrida
1504 3013 1656 3077 sunt,
1688 3007 1758 3064 ad
1792 3007 2034 3066 salutem
2119 3004 2245 3061 ﬁcis
2287 3002 2516 3074 subjici,
2548 3001 2663 3060 nisi
2716 3001 2931 3060 Filium
2979 3003 3232 3062 hominis
3277 3003 3339 3061 in
3390 3004 3836 3064 similitudinem

319 3094 624 3169 pristinam
667 3111 951 3154 revocare.
998 3095 1170 3153 Porro
1220 3102 1434 3165 autem,
1473 3096 1620 3154 sicut
1656 3097 1805 3154 mari
1853 3093 2310 3172 possi-Cearnis
2359 3093 2578 3165 peccati
2614 3097 2780 3167 (Rom.
2815 3094 2936 3166 VIII)
2969 3095 3296 3154 venientem
3336 3112 3438 3171 per
3481 3096 3838 3157 voluntatem

320 3184 439 3243 bile
497 3191 580 3242 est
645 3184 823 3242 unius
883 3184 1140 3242 hominis
1195 3199 1402 3258 corpus
1463 3184 1739 3256 abluere,
1798 3185 1873 3242 ita
1926 3185 2040 3244 Deo
2128 3184 2274 3255 Dei,
2310 3184 2614 3256 utriusque
2649 3183 2886 3257 populi,
2929 3183 3155 3243 Judaici
3192 3185 3458 3246 videlicet
3493 3194 3548 3246 et
3585 3186 3839 3261 gentilis,

321 3271 592 3346 perfacile
630 3277 733 3342 est,
765 3273 1199 3346 quantumlibet
1247 3274 1409 3346 lapsi,
1447 3274 1878 3347 quantumlibet
1907 3289 2040 3346 pec—
2129 3271 2523 3346 persecutione
2586 3271 2814 3344 gravari
2857 3280 2880 3329 ?
2928 3272 3107 3331 Plane
3165 3275 3469 3350 utriusque
3529 3291 3589 3334 sc
3660 3277 3846 3336 voluit

324 3360 531 3419 catoris
581 3359 838 3417 hominis
889 3360 1146 3418 animam
1199 3361 1272 3418 ab
1322 3362 1483 3419 omni
1537 3369 1729 3420 reatus
1777 3362 2042 3435 squalore
2129 3360 2400 3419 manibus
2447 3361 2760 3434 subjacere,
2807 3361 2907 3435 qui
2954 3363 3024 3420 de
3069 3363 3210 3436 jugo
3260 3364 3472 3423 diaboli
3525 3372 3842 3441 utrumque

322 3465 588 3525 purgare.
627 3448 736 3507 Sed
781 3447 928 3507 sicut
954 3449 1086 3523 quis
1128 3451 1384 3523 quandiu
1420 3452 1480 3509 in
1531 3459 1725 3509 monte
1762 3451 2038 3523 consiStit,
2132 3457 2367 3508 venerat
2395 3451 2680 3525 populum
2718 3451 2982 3510 liberare.
3021 3451 3167 3521 Quid
3215 3469 3350 3512 vero
3388 3461 3473 3513 est
3520 3455 3672 3529 quod
3718 3464 3844 3532 post

327 3537 576 3596 marinis
601 3537 872 3596 ﬂuctibus
909 3553 1023 3595 non
1071 3537 1353 3609 abluitur,
1383 3539 1460 3596 ita
1499 3545 1759 3612 peccator
1783 3539 2044 3613 quandiu
2131 3539 2550 3598 confessionem
2597 3545 2768 3616 atque
2806 3541 3277 3614 imprecationem
3323 3543 3589 3602 omnium
3624 3544 3846 3619 iniqui-

327 3624 388 3683 in
420 3634 644 3684 tumore
673 3625 958 3700 superbia
984 3633 1330 3700 perseverat,
1363 3627 1494 3685 licet
1521 3627 1678 3700 larga
1707 3627 1796 3696 sit,
1827 3628 2044 3685 divina
2133 3635 2312 3688 latum
2339 3629 2598 3687 ﬁliorum
2624 3628 2800 3688 Israel
2824 3646 2996 3704 super
3022 3631 3202 3705 capita
3223 3633 3349 3704 ejus
3379 3633 3574 3691 hircus
3599 3634 3848 3692 mittitur

325 3713 551 3788 pietatis
582 3730 714 3773 eum
745 3714 1106 3772 abundantia
1145 3731 1261 3773 non
1291 3722 1594 3790 expurgat.
1635 3716 1881 3774 Accedat
1911 3732 2046 3790 ergo
2134 3719 2193 3776 in
2220 3719 2532 3790 desertum,
2564 3718 2677 3776 nisi
2717 3719 2854 3793 quia
2887 3719 2937 3777 is
2961 3719 3061 3792 qui
3091 3727 3317 3793 peccata
3345 3729 3536 3780 nostra
3576 3723 3848 3796 portavit,

222 3867 241 3884 .
325 3819 426 3878 per
477 3803 872 3877 panitentiam
918 3803 988 3860 ad
1033 3806 1246 3862 fontem
1287 3805 1717 3875 misericordia,
1749 3807 1848 3879 qui
1892 3805 2046 3863 desi-
2133 3809 2234 3882 qui
2282 3808 2427 3881 legis
2471 3807 2772 3865 maledicta
2807 3800 3104 3878 sustinuit,
3139 3810 3405 3881 protinus
3431 3810 3489 3867 in
3532 3810 3849 3880 desertum,

329 3894 488 3952 derat
533 3893 691 3951 ablui
717 3909 749 3950 a
777 3893 1060 3966 contagiis
1085 3896 1296 3969 culpa.
1333 3896 1405 3953 Et
1432 3897 1534 3970 qui
1565 3896 1674 3956 sibi
1703 3913 1736 3954 a
1764 3898 1880 3955 Deo
1921 3897 2048 3954 ﬁeri
2134 3899 2237 3958 ubi
2289 3898 2602 3968 nonaginta
2648 3913 2859 3956 novem
2896 3898 3224 3971 reliquerat,
3256 3916 3421 3959 ovem
3473 3901 3845 3959 centesimam

331 3981 785 4040 misericordiam
839 3984 1120 4054 postulat,
1171 3984 1294 4058 ipse
1350 4001 1581 4060 quoque
1640 3987 2050 4045 misericordia
2138 3983 2502 4060 reportavit?
2534 3988 2756 4054 (Matth.
2798 3986 2988 4059 XVIII.)
3026 3984 3189 4045 Unde
3236 3993 3291 4045 et
3331 3987 3682 4061 Apostolus:
3723 4015 3748 4038 «
3776 3987 3851 4046 Ut

331 4071 554 4130 viscera
591 4071 877 4144 proximis
925 4071 1327 4145 indigentibus
1373 4075 1684 4134 clementer
1734 4075 2045 4149 impendat.
2095 4135 2098 4139 ,
2136 4092 2259 4147 nos,
2302 4075 2513 4150 inquit,
2577 4075 2845 4133 liberaret
2887 4090 2920 4132 a
2977 4075 3300 4145 maledicto,
3329 4077 3475 4151 ipse
3523 4078 3710 4138 factus
3761 4084 3851 4138 est

331 4157 575 4232 Videtis,
618 4160 821 4218 fratres
857 4161 1206 4232 charissimi,
1237 4164 1378 4238 quia
1410 4165 1642 4230 beatum
1685 4167 1840 4224 hunc
1873 4164 2052 4224 Boni-
2136 4165 2506 4223 maledictum
2554 4165 2691 4234 (Gal.
2747 4164 2848 4236 III).
2893 4185 2918 4216 »
2966 4164 3071 4222 Per
3120 4163 3348 4226 hircum
3394 4183 3529 4240 ergo
3564 4169 3849 4242 ﬁguratus

334 4248 549 4306 facium
598 4250 669 4306 de
723 4255 799 4307 tot
856 4250 1088 4322 ﬂagitiis
1139 4268 1276 4324 qua
1323 4253 1630 4326 commisit,
1669 4255 1856 4312 solum
1909 4271 2054 4329 Opus
2137 4259 2222 4312 est
2266 4253 2566 4320 Dominus,
2623 4253 2723 4326 qui
2778 4268 2879 4326 pro
2919 4254 3316 4328 peccatoribus
3367 4255 3544 4313 venit.
3597 4254 3847 4315 Hadum

332 4337 747 4396 misericordia
804 4337 1087 4409 liberavit,
1158 4347 1223 4399 ut
1279 4357 1396 4400 non
1464 4343 1632 4401 modo
1690 4350 2053 4416 peccatorum
2139 4341 2469 4402 Bonifacius
2514 4342 2740 4412 obtulit,
2797 4343 2899 4418 qui
2949 4359 3072 4401 sese
3119 4343 3192 4401 ad
3244 4345 3583 4418 portandam
3621 4361 3848 4405 crucem

334 4441 522 4484 nexus
551 4426 838 4496 evaderet,
866 4427 963 4484 sed
1000 4429 1176 4486 etiam
1213 4430 1544 4504 insignibus
1583 4431 1838 4489 victoria
1871 4431 2114 4538 titulisD
2139 4434 2262 4506 ejus
2291 4439 2412 4506 post
2441 4438 2664 4506 peccata
2690 4432 2987 4490 convertit.
3018 4433 3086 4490 Et
3112 4433 3250 4507 quia
3284 4434 3343 4491 in
3372 4433 3497 4508 lege
3524 4433 3853 4508 pracipitur

334 4514 398 4538 ..Δ
444 4515 667 4538 Ρηιέηλυ...
723 4515 981 4538 ηιμ-,ιηκζε
1036 4517 1265 4538 ,ΛΑ-2-..-
1314 4519 1635 4538 _-____--:_-_‘
1703 4519 1769 4538 1'1;
1830 4537 1869 4538 νη
1904 4521 1913 4538 ,-
1940 4521 1981 4538 I,
2010 4537 2019 4538 κ
2144 4528 2204 4538 μ-.
2248 4519 2337 4538 -ih:
2380 4519 2434 4538 ἐκ,
2483 4521 2617 4538 _-_,:,_,
2647 4535 2661 4538 Α
2712 4536 2759 4538 μγ
2783 4535 2901 4538 -ηΑ-
2958 4519 3160 4538 h___|,_
3215 4521 3253 4538 1L
3280 4536 3387 4538 ,,_.,
3432 4537 3458 4538 η
3482 4536 3537 4538 ,κγ
3582 4537 3604 4538 η
3632 4526 3691 4538 κιγ
3738 4520 3826 4538 ηε.

332 4514 403 4572 ad
444 4515 672 4572 felicem
721 4515 986 4589 martyrii
1030 4517 1273 4589 gloriam
1312 4519 1658 4592 perveniret.
1701 4519 1772 4576 Et
1817 4514 2114 4593 quidem”
2143 4528 2207 4577 ut
2239 4519 2342 4593 qui
2380 4519 2441 4576 in
2483 4521 2671 4591 primo
2712 4535 2910 4577 mense
2958 4519 3173 4578 Pascha
3212 4521 3395 4578 facere
3431 4536 3547 4578 non
3581 4520 3850 4594 potuerit,

337 4617 452 4660 non
498 4609 620 4660 erat
658 4603 870 4675 dignus
915 4608 1044 4662 uta
1080 4605 1196 4663 Deo
1244 4607 1648 4680 susciperetur,
1713 4610 1811 4667 sed
1863 4610 2054 4668 dando
2145 4609 2313 4667 faciat
2360 4608 2419 4665 in
2469 4610 2751 4679 secundo;
2783 4608 3011 4682 primus
3056 4616 3250 4667 autem
3289 4607 3526 4678 mensis,
3553 4607 3741 4680 prima
3771 4614 3855 4666 est

338 4708 462 4762 sua,
505 4693 822 4765 promeruit
853 4703 915 4752 ut
944 4695 1322 4769 semetipsum
1356 4697 1470 4755 Deo
1501 4699 1844 4757 sacrificium
1873 4699 2052 4772 daret,
2142 4699 2346 4772 gratia.
2379 4697 2588 4755 Beatus
2640 4698 2735 4755 hic
2790 4703 3008 4772 martyr
3031 4742 3044 4769 ,
3071 4698 3207 4771 quia
3257 4695 3582 4769 paschalem
3633 4713 3852 4770 agnum

337 4786 411 4852 et,
441 4782 544 4855 qui
573 4787 812 4840 eatenus
844 4785 1150 4842 carnaliter
1188 4786 1435 4858 vixerat,
1470 4787 1828 4861 spiritualem
1861 4805 1920 4846 se
1948 4791 2054 4849 ho-
2143 4803 2261 4846 non
2322 4787 2608 4847 obtulerat
2675 4789 2733 4845 in
2802 4788 2990 4862 primo
3061 4801 3255 4844 mense
3309 4784 3634 4843 innocentis
3694 4786 3850 4860 vita,

336 4871 506 4927 stiam
533 4869 598 4926 in
625 4869 859 4928 odorem
889 4872 1188 4929 suavitatis
1214 4873 1460 4932 offerret.
1495 4875 1778 4934 Nonnulli
1805 4893 2057 4952 namque
2147 4875 2376 4933 hadum
2426 4875 2637 4933 obtulit
2674 4875 2733 4932 in
2771 4875 3044 4944 secundo,
3077 4874 3387 4931 fructuosa
3423 4872 3691 4932 videlicet
3727 4890 3848 4948 pce-

339 4960 501 5034 prius
532 4959 868 5034 semetipsos
905 4961 1176 5033 otferunt,
1206 4964 1572 5036 postmodum
1615 4982 1738 5024 sua.
1788 4966 1947 5026 Sicut
1986 4967 2056 5026 de
2146 4964 2424 5023 nitentia.
2458 4964 2570 5034 Qui
2618 4965 2760 5023 dum
2793 4965 3002 5038 quarit
3035 4965 3315 5022 honorare
3361 4971 3662 5038 martyres,
3695 4980 3849 5023 mar-

337 5051 514 5124 primi
551 5051 803 5125 parentis
834 5052 954 5110 filio
996 5052 1275 5125 scriptum
1319 5060 1446 5112 est:
1485 5077 1505 5105 σι
1538 5055 1815 5130 Respexit
1855 5057 2056 5114 Domi-
2145 5057 2236 5127 tyr
2270 5052 2534 5124 efﬁcitur,
2560 5051 2706 5110 sicut
2751 5058 2806 5110 et
2845 5053 2942 5109 ille
2972 5053 3031 5109 in
3078 5051 3458 5126 hospitalitate
3497 5067 3614 5110 non
3656 5051 3851 5125 dispar

339 5155 452 5198 nus
495 5139 564 5197 ad
614 5138 762 5196 Abel
813 5147 866 5198 et
911 5141 980 5200 ad
1031 5157 1276 5200 munera
1325 5143 1450 5215 ejus
1496 5147 1650 5214 (Gen.
1680 5147 1781 5218 Iv).
1821 5169 1841 5197 ι
1899 5145 2059 5205 Sicut
2145 5141 2382 5210 Abdias,
2411 5141 2553 5198 dum
2590 5141 2889 5213 prophetas
2935 5139 3114 5214 pascit
3161 5140 3222 5198 in
3262 5143 3565 5214 specubus,
3604 5141 3849 5214 prophe-

341 5233 502 5291 enim
540 5232 688 5291 Abel
723 5233 1096 5306 semetipsum
1136 5231 1250 5290 Deo
1282 5234 1444 5310 prius
1486 5235 1790 5305 obtulerat,
1821 5241 1876 5294 et
1901 5243 2054 5311 post—
2148 5231 2306 5289 tandi
2330 5230 2572 5304 gratiam
2594 5235 2647 5286 et
2677 5228 2799 5301 ipse
2830 5236 3080 5287 meretur
3107 5233 3209 5300 (III
3221 5233 3352 5300 Reg.
3386 5236 3559 5299 XVII).

341 5320 583 5378 modum
628 5335 872 5378 munera
910 5318 1204 5390 offerebat,
1244 5320 1323 5377 ita
1362 5326 1416 5377 et
1458 5320 1741 5380 Dominus
1782 5323 1944 5396 prius
1986 5325 2058 5382 ad
2225 5319 2479 5387 Videtis,
2537 5318 2738 5374 fratres
2796 5317 3120 5376 charissimi
3148 5363 3161 5390 ,
3212 5324 3428 5391 quanta
3477 5333 3670 5377 coram
3737 5319 3851 5379 Deo

339 5408 554 5482 ipsum,
584 5406 794 5466 deinde
820 5408 892 5465 ad
917 5407 1044 5481 ejus
1065 5422 1309 5465 munera
1343 5409 1665 5480 respexisse
1699 5412 2054 5483 perhibetur.
2149 5408 2535 5481 eleemosyna
2575 5405 2649 5463 sit
2683 5405 2968 5478 potentia;
3001 5405 3332 5480 perpendite
3357 5413 3570 5480 quanta
3602 5405 3850 5481 impera-

348 5496 629 5556 Nonnulli
691 5511 827 5554 vero
879 5495 940 5553 in
995 5495 1202 5570 primis
1251 5511 1384 5571 qua
1435 5513 1538 5555 sua
1590 5504 1730 5556 sunt
1786 5500 2056 5568 offerunt,
2154 5495 2310 5553 tricis
2354 5493 2768 5552 misericordia
2825 5493 2899 5552 sit
2937 5495 3221 5569 majestas.
3270 5494 3476 5554 Nonne
3526 5495 3684 5553 enim
3731 5495 3859 5554 hac

343 5585 556 5644 deinde
604 5585 942 5659 semetipsos
966 5627 982 5658 ,
1036 5585 1260 5644 meritis
1307 5585 1737 5660 adjuvantibus,
1794 5587 2060 5662 superad-
2152 5587 2383 5647 videtur
2406 5583 2572 5646 velut
2596 5591 2923 5661 prapotens
2946 5587 3145 5660 regina
3169 5585 3323 5645 inter
3349 5591 3586 5646 cateras
3611 5586 3867 5646 eminere

660 5699 916 5762 Pyrnoc.
950 5699 1197 5762 CXLIV.
3501 5703 3575 5764 20
