  <div class='ocr_page' id='page_1' title='image "/cluster/home/n/w/nwhite01/storage/ocr_20150623/144/umn.31951002477437p/335.png"; bbox 0 0 4184 6452; ppageno 0'>
   <div class='ocr_carea' id='block_1_1' title="bbox 380 290 485 346">
    <p class='ocr_par' dir='ltr' id='par_1_1' title="bbox 380 290 485 346">
     <span class='ocr_line' id='line_1_1' title="bbox 380 290 485 346; baseline 0 -1"><span class='ocrx_word' id='word_1_1' title='bbox 380 290 485 346; x_wconf 77' lang='grc'>619</span> 
     </span>
    </p>
   </div>
   <div class='ocr_carea' id='block_1_2' title="bbox 1004 278 3270 350">
    <p class='ocr_par' dir='ltr' id='par_1_2' title="bbox 1004 278 3270 350">
     <span class='ocr_line' id='line_1_2' title="bbox 1004 278 3270 350; baseline 0.003 -8"><span class='ocrx_word' id='word_1_2' title='bbox 1004 284 1061 342; x_wconf 92' lang='lat' dir='ltr'>S.</span> <span class='ocrx_word' id='word_1_3' title='bbox 1107 282 1327 343; x_wconf 83' lang='lat' dir='ltr'>PETRI</span> <span class='ocrx_word' id='word_1_4' title='bbox 1368 280 1689 340; x_wconf 83' lang='lat' dir='ltr'>DAMIANI</span> <span class='ocrx_word' id='word_1_5' title='bbox 1729 279 1886 340; x_wconf 89' lang='lat' dir='ltr'>OPP.</span> <span class='ocrx_word' id='word_1_6' title='bbox 1928 278 2120 341; x_wconf 81' lang='lat' dir='ltr'>PARS</span> <span class='ocrx_word' id='word_1_7' title='bbox 2163 279 2302 343; x_wconf 89' lang='lat' dir='ltr'>SEU</span> <span class='ocrx_word' id='word_1_8' title='bbox 2344 284 2594 345; x_wconf 89' lang='lat' dir='ltr'>TOMUS</span> <span class='ocrx_word' id='word_1_9' title='bbox 2632 285 2707 344; x_wconf 93' lang='lat' dir='ltr'>II.</span> <span class='ocrx_word' id='word_1_10' title='bbox 2750 318 2817 329; x_wconf 92' lang='lat'>-—</span> <span class='ocrx_word' id='word_1_11' title='bbox 2857 286 3270 350; x_wconf 86' lang='lat' dir='ltr'>SERMONES.</span> 
     </span>
    </p>
   </div>
   <div class='ocr_carea' id='block_1_3' title="bbox 3777 294 3884 355">
    <p class='ocr_par' dir='ltr' id='par_1_3' title="bbox 3777 294 3884 355">
     <span class='ocr_line' id='line_1_3' title="bbox 3777 294 3884 355; baseline 0.019 -2"><span class='ocrx_word' id='word_1_12' title='bbox 3777 294 3884 355; x_wconf 78' lang='lat'>6‘20</span> 
     </span>
    </p>
   </div>
   <div class='ocr_carea' id='block_1_4' title="bbox 382 405 3885 489">
    <p class='ocr_par' dir='ltr' id='par_1_4' title="bbox 382 405 3885 489">
     <span class='ocr_line' id='line_1_4' title="bbox 382 405 3885 489; baseline 0.003 -19"><span class='ocrx_word' id='word_1_13' title='bbox 382 412 644 481; x_wconf 80' lang='lat' dir='ltr'>virtutes,</span> <span class='ocrx_word' id='word_1_14' title='bbox 678 425 809 485; x_wconf 89' lang='lat' dir='ltr'>qua</span> <span class='ocrx_word' id='word_1_15' title='bbox 848 408 1133 467; x_wconf 87' lang='lat' dir='ltr'>nimirum</span> <span class='ocrx_word' id='word_1_16' title='bbox 1162 408 1233 464; x_wconf 91' lang='lat' dir='ltr'>de</span> <span class='ocrx_word' id='word_1_17' title='bbox 1270 406 1564 465; x_wconf 90' lang='lat' dir='ltr'>communi</span> <span class='ocrx_word' id='word_1_18' title='bbox 1603 405 1767 479; x_wconf 89' lang='lat' dir='ltr'><strong>plebe</strong></span> <span class='ocrx_word' id='word_1_19' title='bbox 1796 405 2150 476; x_wconf 90' lang='lat' dir='ltr'>homines,A</span> <span class='ocrx_word' id='word_1_20' title='bbox 2174 410 2410 467; x_wconf 88' lang='lat' dir='ltr'>ctaverit</span> <span class='ocrx_word' id='word_1_21' title='bbox 2441 454 2455 481; x_wconf 93' lang='lat'>,</span> <span class='ocrx_word' id='word_1_22' title='bbox 2518 411 2743 486; x_wconf 89' lang='lat' dir='ltr'>aliquid</span> <span class='ocrx_word' id='word_1_23' title='bbox 2811 413 2973 473; x_wconf 84' lang='lat' dir='ltr'>vobis</span> <span class='ocrx_word' id='word_1_24' title='bbox 3005 458 3021 485; x_wconf 95' lang='lat'>,</span> <span class='ocrx_word' id='word_1_25' title='bbox 3087 415 3256 489; x_wconf 84' lang='lat' dir='ltr'>juxta</span> <span class='ocrx_word' id='word_1_26' title='bbox 3325 417 3662 479; x_wconf 82' lang='lat' dir='ltr'>rusticitatis</span> <span class='ocrx_word' id='word_1_27' title='bbox 3737 437 3885 481; x_wconf 88' lang='lat' dir='ltr'>mea</span> 
     </span>
    </p>
   </div>
   <div class='ocr_carea' id='block_1_5' title="bbox 379 494 2087 575">
    <p class='ocr_par' dir='ltr' id='par_1_5' title="bbox 379 494 2087 575">
     <span class='ocr_line' id='line_1_5' title="bbox 379 494 2087 575; baseline -0.002 -17"><span class='ocrx_word' id='word_1_28' title='bbox 379 501 564 559; x_wconf 90' lang='lat' dir='ltr'>alium</span> <span class='ocrx_word' id='word_1_29' title='bbox 616 499 855 575; x_wconf 89' lang='lat' dir='ltr'>quidem</span> <span class='ocrx_word' id='word_1_30' title='bbox 899 497 970 555; x_wconf 91' lang='lat' dir='ltr'>ad</span> <span class='ocrx_word' id='word_1_31' title='bbox 1014 495 1331 570; x_wconf 90' lang='lat' dir='ltr'>prophetia</span> <span class='ocrx_word' id='word_1_32' title='bbox 1374 495 1638 570; x_wconf 83' lang='lat' dir='ltr'>provehit</span> <span class='ocrx_word' id='word_1_33' title='bbox 1682 495 1946 568; x_wconf 83' lang='lat' dir='ltr'>gratiam,</span> <span class='ocrx_word' id='word_1_34' title='bbox 1987 494 2087 554; x_wconf 90' lang='lat' dir='ltr'>alii</span> 
     </span>
    </p>
   </div>
   <div class='ocr_carea' id='block_1_6' title="bbox 382 585 2087 666">
    <p class='ocr_par' dir='ltr' id='par_1_6' title="bbox 382 585 2087 666">
     <span class='ocr_line' id='line_1_6' title="bbox 382 585 2087 666; baseline -0.002 -18"><span class='ocrx_word' id='word_1_35' title='bbox 382 591 645 666; x_wconf 73' lang='lat' dir='ltr'>martyrii</span> <span class='ocrx_word' id='word_1_36' title='bbox 676 590 771 647; x_wconf 89' lang='lat' dir='ltr'>dat</span> <span class='ocrx_word' id='word_1_37' title='bbox 800 604 1070 648; x_wconf 87' lang='lat' dir='ltr'>coronam</span> <span class='ocrx_word' id='word_1_38' title='bbox 1098 585 1125 645; x_wconf 86' lang='lat'><strong><em>?</em></strong></span> <span class='ocrx_word' id='word_1_39' title='bbox 1150 586 1244 645; x_wconf 88' lang='lat' dir='ltr'>Illi</span> <span class='ocrx_word' id='word_1_40' title='bbox 1288 587 1382 647; x_wconf 92' lang='lat' dir='ltr'>dat</span> <span class='ocrx_word' id='word_1_41' title='bbox 1411 595 1476 647; x_wconf 90' lang='lat' dir='ltr'>ut</span> <span class='ocrx_word' id='word_1_42' title='bbox 1514 586 1827 647; x_wconf 88' lang='lat' dir='ltr'>Ecclesiam</span> <span class='ocrx_word' id='word_1_43' title='bbox 1872 586 2087 645; x_wconf 84' lang='lat' dir='ltr'>Christi</span> 
     </span>
    </p>
   </div>
   <div class='ocr_carea' id='block_1_7' title="bbox 379 662 2085 751">
    <p class='ocr_par' dir='ltr' id='par_1_7' title="bbox 379 662 2085 751">
     <span class='ocr_line' id='line_1_7' title="bbox 379 662 2085 751; baseline -0.007 -9"><span class='ocrx_word' id='word_1_44' title='bbox 379 662 628 742; x_wconf 68' lang='lat' dir='ltr'>caelestis</span> <span class='ocrx_word' id='word_1_45' title='bbox 675 676 894 739; x_wconf 86' lang='lat' dir='ltr'>oraculi</span> <span class='ocrx_word' id='word_1_46' title='bbox 944 677 1191 751; x_wconf 87' lang='lat' dir='ltr'>dapibus</span> <span class='ocrx_word' id='word_1_47' title='bbox 1236 682 1459 750; x_wconf 90' lang='lat' dir='ltr'>pascat;</span> <span class='ocrx_word' id='word_1_48' title='bbox 1496 676 1589 733; x_wconf 88' lang='lat' dir='ltr'>isti</span> <span class='ocrx_word' id='word_1_49' title='bbox 1639 678 1854 750; x_wconf 84' lang='lat' dir='ltr'>prabet</span> <span class='ocrx_word' id='word_1_50' title='bbox 1900 681 1963 733; x_wconf 94' lang='lat' dir='ltr'>ut</span> <span class='ocrx_word' id='word_1_51' title='bbox 2013 674 2085 731; x_wconf 93' lang='lat' dir='ltr'>ad</span> 
     </span>
    </p>
   </div>
   <div class='ocr_carea' id='block_1_8' title="bbox 380 764 2085 848">
    <p class='ocr_par' dir='ltr' id='par_1_8' title="bbox 380 764 2085 848">
     <span class='ocr_line' id='line_1_8' title="bbox 380 764 2085 848; baseline -0.005 -17"><span class='ocrx_word' id='word_1_52' title='bbox 380 786 649 848; x_wconf 90' lang='lat' dir='ltr'>superna</span> <span class='ocrx_word' id='word_1_53' title='bbox 699 766 901 842; x_wconf 90' lang='lat' dir='ltr'>gloria</span> <span class='ocrx_word' id='word_1_54' title='bbox 949 766 1209 840; x_wconf 85' lang='lat' dir='ltr'>nuptiale</span> <span class='ocrx_word' id='word_1_55' title='bbox 1262 766 1596 825; x_wconf 88' lang='lat' dir='ltr'>convivium</span> <span class='ocrx_word' id='word_1_56' title='bbox 1652 771 1777 840; x_wconf 92' lang='lat' dir='ltr'>post</span> <span class='ocrx_word' id='word_1_57' title='bbox 1829 764 2085 823; x_wconf 92' lang='lat' dir='ltr'>victoria</span> 
     </span>
    </p>
   </div>
   <div class='ocr_carea' id='block_1_9' title="bbox 377 855 2081 938">
    <p class='ocr_par' dir='ltr' id='par_1_9' title="bbox 377 855 2081 938">
     <span class='ocr_line' id='line_1_9' title="bbox 377 855 2081 938; baseline -0.005 -17"><span class='ocrx_word' id='word_1_58' title='bbox 377 863 631 938; x_wconf 88' lang='lat' dir='ltr'>palmam</span> <span class='ocrx_word' id='word_1_59' title='bbox 664 858 909 916; x_wconf 86' lang='lat' dir='ltr'>feliciter</span> <span class='ocrx_word' id='word_1_60' title='bbox 931 856 1268 931; x_wconf 88' lang='lat' dir='ltr'>epulaturus</span> <span class='ocrx_word' id='word_1_61' title='bbox 1290 856 1537 915; x_wconf 90' lang='lat' dir='ltr'>accedat.</span> <span class='ocrx_word' id='word_1_62' title='bbox 1574 855 1903 914; x_wconf 84' lang='lat' dir='ltr'>Habeamus</span> <span class='ocrx_word' id='word_1_63' title='bbox 1925 869 2081 929; x_wconf 74' lang='lat' dir='ltr'>ergo~</span> 
     </span>
    </p>
   </div>
   <div class='ocr_carea' id='block_1_10' title="bbox 375 945 2084 1024">
    <p class='ocr_par' dir='ltr' id='par_1_10' title="bbox 375 945 2084 1024">
     <span class='ocr_line' id='line_1_10' title="bbox 375 945 2084 1024; baseline -0.006 -12"><span class='ocrx_word' id='word_1_64' title='bbox 375 955 596 1024; x_wconf 84' lang='lat' dir='ltr'>fratres,</span> <span class='ocrx_word' id='word_1_65' title='bbox 656 947 1152 1019; x_wconf 89' lang='lat' dir='ltr'>misericordiam,</span> <span class='ocrx_word' id='word_1_66' title='bbox 1212 952 1278 1005; x_wconf 90' lang='lat' dir='ltr'>ut</span> <span class='ocrx_word' id='word_1_67' title='bbox 1346 953 1401 1003; x_wconf 89' lang='lat' dir='ltr'>et</span> <span class='ocrx_word' id='word_1_68' title='bbox 1460 945 1571 1020; x_wconf 86' lang='lat' dir='ltr'>ipsi</span> <span class='ocrx_word' id='word_1_69' title='bbox 1632 945 2084 1022; x_wconf 80' lang='lat' dir='ltr'>misericordiam</span> 
     </span>
    </p>
   </div>
   <div class='ocr_carea' id='block_1_11' title="bbox 376 1035 2083 1114">
    <p class='ocr_par' dir='ltr' id='par_1_11' title="bbox 376 1035 2083 1114">
     <span class='ocr_line' id='line_1_11' title="bbox 376 1035 2083 1114; baseline -0.005 -14"><span class='ocrx_word' id='word_1_70' title='bbox 376 1054 834 1114; x_wconf 88' lang='lat' dir='ltr'>consequamur;</span> <span class='ocrx_word' id='word_1_71' title='bbox 871 1052 1143 1095; x_wconf 90' lang='lat' dir='ltr'>curemus</span> <span class='ocrx_word' id='word_1_72' title='bbox 1171 1036 1556 1110; x_wconf 75' lang='lat' dir='ltr'>eleemosynis</span> <span class='ocrx_word' id='word_1_73' title='bbox 1598 1041 1653 1093; x_wconf 94' lang='lat' dir='ltr'>et</span> <span class='ocrx_word' id='word_1_74' title='bbox 1682 1035 1908 1108; x_wconf 91' lang='lat' dir='ltr'>pietatis</span> <span class='ocrx_word' id='word_1_75' title='bbox 1946 1050 2083 1108; x_wconf 86' lang='lat' dir='ltr'>ope-</span> 
     </span>
    </p>
   </div>
   <div class='ocr_carea' id='block_1_12' title="bbox 371 1125 2082 1201">
    <p class='ocr_par' dir='ltr' id='par_1_12' title="bbox 371 1125 2082 1201">
     <span class='ocr_line' id='line_1_12' title="bbox 371 1125 2082 1201; baseline -0.005 -11"><span class='ocrx_word' id='word_1_76' title='bbox 371 1132 555 1198; x_wconf 89' lang='lat' dir='ltr'>ribus,</span> <span class='ocrx_word' id='word_1_77' title='bbox 586 1130 647 1187; x_wconf 91' lang='lat' dir='ltr'>in</span> <span class='ocrx_word' id='word_1_78' title='bbox 694 1133 977 1201; x_wconf 90' lang='lat' dir='ltr'>quantum</span> <span class='ocrx_word' id='word_1_79' title='bbox 1012 1126 1255 1184; x_wconf 87' lang='lat' dir='ltr'>facultas</span> <span class='ocrx_word' id='word_1_80' title='bbox 1302 1125 1595 1199; x_wconf 86' lang='lat' dir='ltr'>permittit,</span> <span class='ocrx_word' id='word_1_81' title='bbox 1644 1125 1929 1183; x_wconf 86' lang='lat' dir='ltr'>insistere.</span> <span class='ocrx_word' id='word_1_82' title='bbox 1974 1127 2082 1181; x_wconf 93' lang='lat' dir='ltr'>De-</span> 
     </span>
    </p>
   </div>
   <div class='ocr_carea' id='block_1_13' title="bbox 372 1212 2084 1291">
    <p class='ocr_par' dir='ltr' id='par_1_13' title="bbox 372 1212 2084 1291">
     <span class='ocr_line' id='line_1_13' title="bbox 372 1212 2084 1291; baseline -0.004 -13"><span class='ocrx_word' id='word_1_83' title='bbox 372 1221 539 1278; x_wconf 90' lang='lat' dir='ltr'>lectet</span> <span class='ocrx_word' id='word_1_84' title='bbox 592 1216 996 1291; x_wconf 83' lang='lat' dir='ltr'>hospitalitatis</span> <span class='ocrx_word' id='word_1_85' title='bbox 1041 1231 1106 1274; x_wconf 90' lang='lat' dir='ltr'>ac</span> <span class='ocrx_word' id='word_1_86' title='bbox 1158 1216 1426 1272; x_wconf 84' lang='lat' dir='ltr'>fraterna</span> <span class='ocrx_word' id='word_1_87' title='bbox 1475 1213 1851 1287; x_wconf 85' lang='lat' dir='ltr'>susceptionis</span> <span class='ocrx_word' id='word_1_88' title='bbox 1893 1212 2084 1271; x_wconf 89' lang='lat' dir='ltr'>studio</span> 
     </span>
    </p>
   </div>
   <div class='ocr_carea' id='block_1_14' title="bbox 374 1303 2084 1379">
    <p class='ocr_par' dir='ltr' id='par_1_14' title="bbox 374 1303 2084 1379">
     <span class='ocr_line' id='line_1_14' title="bbox 374 1303 2084 1379; baseline -0.005 -12"><span class='ocrx_word' id='word_1_89' title='bbox 374 1309 687 1375; x_wconf 86' lang='lat' dir='ltr'>deservire,</span> <span class='ocrx_word' id='word_1_90' title='bbox 715 1313 782 1365; x_wconf 90' lang='lat' dir='ltr'>ut</span> <span class='ocrx_word' id='word_1_91' title='bbox 815 1305 917 1379; x_wconf 91' lang='lat' dir='ltr'>qui</span> <span class='ocrx_word' id='word_1_92' title='bbox 954 1304 1202 1363; x_wconf 80' lang='lat' dir='ltr'>calestis</span> <span class='ocrx_word' id='word_1_93' title='bbox 1231 1303 1411 1360; x_wconf 88' lang='lat' dir='ltr'>curia</span> <span class='ocrx_word' id='word_1_94' title='bbox 1447 1310 1736 1361; x_wconf 87' lang='lat' dir='ltr'>senatores</span> <span class='ocrx_word' id='word_1_95' title='bbox 1770 1303 2084 1376; x_wconf 90' lang='lat' dir='ltr'>aspicimus</span> 
     </span>
    </p>
   </div>
   <div class='ocr_carea' id='block_1_15' title="bbox 372 1392 2081 1473">
    <p class='ocr_par' dir='ltr' id='par_1_15' title="bbox 372 1392 2081 1473">
     <span class='ocr_line' id='line_1_15' title="bbox 372 1392 2081 1473; baseline -0.003 -16"><span class='ocrx_word' id='word_1_96' title='bbox 372 1415 476 1473; x_wconf 90' lang='lat' dir='ltr'>per</span> <span class='ocrx_word' id='word_1_97' title='bbox 499 1397 725 1473; x_wconf 89' lang='lat' dir='ltr'>pietatis</span> <span class='ocrx_word' id='word_1_98' title='bbox 754 1410 924 1470; x_wconf 90' lang='lat' dir='ltr'>opera</span> <span class='ocrx_word' id='word_1_99' title='bbox 964 1400 1135 1452; x_wconf 88' lang='lat' dir='ltr'>tanta</span> <span class='ocrx_word' id='word_1_100' title='bbox 1170 1392 1466 1465; x_wconf 79' lang='lat' dir='ltr'>dignitatis</span> <span class='ocrx_word' id='word_1_101' title='bbox 1501 1392 1744 1463; x_wconf 83' lang='lat' dir='ltr'>gloriam</span> <span class='ocrx_word' id='word_1_102' title='bbox 1782 1394 2081 1466; x_wconf 89' lang='lat' dir='ltr'>meruisse,</span> 
     </span>
    </p>
   </div>
   <div class='ocr_carea' id='block_1_16' title="bbox 371 1482 2081 1562">
    <p class='ocr_par' dir='ltr' id='par_1_16' title="bbox 371 1482 2081 1562">
     <span class='ocr_line' id='line_1_16' title="bbox 371 1482 2081 1562; baseline -0.002 -16"><span class='ocrx_word' id='word_1_103' title='bbox 371 1488 484 1562; x_wconf 91' lang='lat' dir='ltr'>ipsi</span> <span class='ocrx_word' id='word_1_104' title='bbox 520 1487 723 1545; x_wconf 89' lang='lat' dir='ltr'>saltem</span> <span class='ocrx_word' id='word_1_105' title='bbox 762 1484 965 1560; x_wconf 92' lang='lat' dir='ltr'>procul</span> <span class='ocrx_word' id='word_1_106' title='bbox 1003 1483 1182 1541; x_wconf 93' lang='lat' dir='ltr'>dubio</span> <span class='ocrx_word' id='word_1_107' title='bbox 1219 1482 1578 1541; x_wconf 90' lang='lat' dir='ltr'>conﬁdamus</span> <span class='ocrx_word' id='word_1_108' title='bbox 1621 1484 1692 1540; x_wconf 91' lang='lat' dir='ltr'>ad</span> <span class='ocrx_word' id='word_1_109' title='bbox 1723 1491 2081 1558; x_wconf 88' lang='lat' dir='ltr'>peccatorum</span> 
     </span>
    </p>
   </div>
   <div class='ocr_carea' id='block_1_17' title="bbox 371 1570 2079 1647">
    <p class='ocr_par' dir='ltr' id='par_1_17' title="bbox 371 1570 2079 1647">
     <span class='ocr_line' id='line_1_17' title="bbox 371 1570 2079 1647; baseline -0.002 -12"><span class='ocrx_word' id='word_1_110' title='bbox 371 1582 703 1636; x_wconf 90' lang='lat' dir='ltr'>nostrorum</span> <span class='ocrx_word' id='word_1_111' title='bbox 750 1572 1175 1647; x_wconf 89' lang='lat' dir='ltr'>indulgentiam</span> <span class='ocrx_word' id='word_1_112' title='bbox 1222 1571 1560 1644; x_wconf 86' lang='lat' dir='ltr'>pervenire,</span> <span class='ocrx_word' id='word_1_113' title='bbox 1622 1570 1873 1629; x_wconf 89' lang='lat' dir='ltr'>Veritate</span> <span class='ocrx_word' id='word_1_114' title='bbox 1909 1573 2079 1647; x_wconf 92' lang='lat' dir='ltr'>polli-</span> 
     </span>
    </p>
   </div>
   <div class='ocr_carea' id='block_1_18' title="bbox 371 1650 2079 1740">
    <p class='ocr_par' dir='ltr' id='par_1_18' title="bbox 371 1650 2079 1740">
     <span class='ocr_line' id='line_1_18' title="bbox 371 1650 2079 1740; baseline -0.002 -14"><span class='ocrx_word' id='word_1_115' title='bbox 371 1650 553 1737; x_wconf 86' lang='lat' dir='ltr'>cente,</span> <span class='ocrx_word' id='word_1_116' title='bbox 583 1681 719 1740; x_wconf 89' lang='lat' dir='ltr'>qua</span> <span class='ocrx_word' id='word_1_117' title='bbox 756 1666 835 1723; x_wconf 91' lang='lat' dir='ltr'>ait</span> <span class='ocrx_word' id='word_1_118' title='bbox 867 1689 879 1723; x_wconf 86' lang='lat'>:</span> <span class='ocrx_word' id='word_1_119' title='bbox 920 1687 939 1715; x_wconf 76' lang='grc' dir='ltr'>ι</span> <span class='ocrx_word' id='word_1_120' title='bbox 972 1662 1132 1721; x_wconf 85' lang='lat' dir='ltr'>Beati</span> <span class='ocrx_word' id='word_1_121' title='bbox 1163 1662 1562 1721; x_wconf 87' lang='lat' dir='ltr'>misericordes</span> <span class='ocrx_word' id='word_1_122' title='bbox 1582 1706 1597 1734; x_wconf 95' lang='lat'>,</span> <span class='ocrx_word' id='word_1_123' title='bbox 1628 1662 1908 1736; x_wconf 90' lang='lat' dir='ltr'>quoniam</span> <span class='ocrx_word' id='word_1_124' title='bbox 1939 1664 2079 1738; x_wconf 90' lang='lat' dir='ltr'>ipsis</span> 
     </span>
    </p>
   </div>
   <div class='ocr_carea' id='block_1_19' title="bbox 2172 499 3886 582">
    <p class='ocr_par' dir='ltr' id='par_1_19' title="bbox 2172 499 3886 582">
     <span class='ocr_line' id='line_1_19' title="bbox 2172 499 3886 582; baseline 0.009 -24"><span class='ocrx_word' id='word_1_125' title='bbox 2172 499 2500 560; x_wconf 90' lang='lat' dir='ltr'>rudimenta</span> <span class='ocrx_word' id='word_1_126' title='bbox 2539 503 2921 575; x_wconf 88' lang='lat' dir='ltr'>conscribere,</span> <span class='ocrx_word' id='word_1_127' title='bbox 2953 512 3018 564; x_wconf 93' lang='lat' dir='ltr'>ut</span> <span class='ocrx_word' id='word_1_128' title='bbox 3062 513 3118 564; x_wconf 91' lang='lat' dir='ltr'>et</span> <span class='ocrx_word' id='word_1_129' title='bbox 3162 506 3284 582; x_wconf 91' lang='lat' dir='ltr'>ipse</span> <span class='ocrx_word' id='word_1_130' title='bbox 3327 516 3521 569; x_wconf 90' lang='lat' dir='ltr'>sancto</span> <span class='ocrx_word' id='word_1_131' title='bbox 3569 514 3886 573; x_wconf 88' lang='lat' dir='ltr'>eonventui</span> 
     </span>
    </p>
   </div>
   <div class='ocr_carea' id='block_1_20' title="bbox 2172 590 3884 673">
    <p class='ocr_par' dir='ltr' id='par_1_20' title="bbox 2172 590 3884 673">
     <span class='ocr_line' id='line_1_20' title="bbox 2172 590 3884 673; baseline 0.009 -28"><span class='ocrx_word' id='word_1_132' title='bbox 2172 596 2362 647; x_wconf 88' lang='lat' dir='ltr'>vestro</span> <span class='ocrx_word' id='word_1_133' title='bbox 2389 590 2585 649; x_wconf 88' lang='lat' dir='ltr'>deesse</span> <span class='ocrx_word' id='word_1_134' title='bbox 2617 607 2735 650; x_wconf 91' lang='lat' dir='ltr'>non</span> <span class='ocrx_word' id='word_1_135' title='bbox 2765 593 2985 665; x_wconf 91' lang='lat' dir='ltr'>videar,</span> <span class='ocrx_word' id='word_1_136' title='bbox 3012 600 3219 668; x_wconf 84' lang='lat' dir='ltr'>prater</span> <span class='ocrx_word' id='word_1_137' title='bbox 3241 596 3344 654; x_wconf 91' lang='lat' dir='ltr'>illa</span> <span class='ocrx_word' id='word_1_138' title='bbox 3366 614 3501 673; x_wconf 86' lang='lat' dir='ltr'>qua</span> <span class='ocrx_word' id='word_1_139' title='bbox 3528 599 3733 673; x_wconf 89' lang='lat' dir='ltr'>legitis,</span> <span class='ocrx_word' id='word_1_140' title='bbox 3769 602 3884 660; x_wconf 91' lang='lat' dir='ltr'>sal-</span> 
     </span>
    </p>
   </div>
   <div class='ocr_carea' id='block_1_21' title="bbox 2174 682 3885 764">
    <p class='ocr_par' dir='ltr' id='par_1_21' title="bbox 2174 682 3885 764">
     <span class='ocr_line' id='line_1_21' title="bbox 2174 682 3885 764; baseline 0.009 -28"><span class='ocrx_word' id='word_1_141' title='bbox 2174 683 2287 737; x_wconf 89' lang='lat' dir='ltr'>tem</span> <span class='ocrx_word' id='word_1_142' title='bbox 2317 696 2522 754; x_wconf 90' lang='lat' dir='ltr'>parum</span> <span class='ocrx_word' id='word_1_143' title='bbox 2567 682 2811 757; x_wconf 90' lang='lat' dir='ltr'>aliquid,</span> <span class='ocrx_word' id='word_1_144' title='bbox 2844 683 3005 742; x_wconf 91' lang='lat' dir='ltr'>velut</span> <span class='ocrx_word' id='word_1_145' title='bbox 3051 691 3301 758; x_wconf 85' lang='lat' dir='ltr'>agrestes</span> <span class='ocrx_word' id='word_1_146' title='bbox 3338 687 3545 746; x_wconf 89' lang='lat' dir='ltr'>herbas</span> <span class='ocrx_word' id='word_1_147' title='bbox 3590 689 3885 764; x_wconf 86' lang='lat' dir='ltr'>opulentis</span> 
     </span>
    </p>
   </div>
   <div class='ocr_carea' id='block_1_22' title="bbox 2170 766 3887 847">
    <p class='ocr_par' dir='ltr' id='par_1_22' title="bbox 2170 766 3887 847">
     <span class='ocr_line' id='line_1_22' title="bbox 2170 766 3887 847; baseline 0.009 -23"><span class='ocrx_word' id='word_1_148' title='bbox 2170 766 2403 825; x_wconf 90' lang='lat' dir='ltr'>ferculis</span> <span class='ocrx_word' id='word_1_149' title='bbox 2447 768 2740 829; x_wconf 90' lang='lat' dir='ltr'>adhibere.</span> <span class='ocrx_word' id='word_1_150' title='bbox 2778 771 2873 830; x_wconf 91' lang='lat' dir='ltr'>Sic</span> <span class='ocrx_word' id='word_1_151' title='bbox 2899 772 3099 847; x_wconf 85' lang='lat' dir='ltr'>itaque</span> <span class='ocrx_word' id='word_1_152' title='bbox 3136 775 3342 833; x_wconf 90' lang='lat' dir='ltr'>vestris</span> <span class='ocrx_word' id='word_1_153' title='bbox 3385 776 3686 836; x_wconf 89' lang='lat' dir='ltr'>desideriis</span> <span class='ocrx_word' id='word_1_154' title='bbox 3723 779 3887 840; x_wconf 89' lang='lat' dir='ltr'>satis-</span> 
     </span>
    </p>
   </div>
   <div class='ocr_carea' id='block_1_23' title="bbox 2170 856 3885 937">
    <p class='ocr_par' dir='ltr' id='par_1_23' title="bbox 2170 856 3885 937">
     <span class='ocr_line' id='line_1_23' title="bbox 2170 856 3885 937; baseline 0.006 -24"><span class='ocrx_word' id='word_1_155' title='bbox 2170 856 2287 928; x_wconf 86' lang='lat' dir='ltr'>ﬁet,</span> <span class='ocrx_word' id='word_1_156' title='bbox 2319 856 2479 929; x_wconf 92' lang='lat' dir='ltr'>dum,</span> <span class='ocrx_word' id='word_1_157' title='bbox 2511 858 2648 932; x_wconf 90' lang='lat' dir='ltr'>quia</span> <span class='ocrx_word' id='word_1_158' title='bbox 2678 858 2823 917; x_wconf 91' lang='lat' dir='ltr'>mihi</span> <span class='ocrx_word' id='word_1_159' title='bbox 2864 860 3186 921; x_wconf 90' lang='lat' dir='ltr'>litterarum</span> <span class='ocrx_word' id='word_1_160' title='bbox 3226 864 3389 937; x_wconf 90' lang='lat' dir='ltr'>copia</span> <span class='ocrx_word' id='word_1_161' title='bbox 3423 865 3732 926; x_wconf 89' lang='lat' dir='ltr'>artiﬁciosa</span> <span class='ocrx_word' id='word_1_162' title='bbox 3760 882 3885 927; x_wconf 89' lang='lat' dir='ltr'>non</span> 
     </span>
    </p>
   </div>
   <div class='ocr_carea' id='block_1_24' title="bbox 2169 946 3883 1027">
    <p class='ocr_par' dir='ltr' id='par_1_24' title="bbox 2169 946 3883 1027">
     <span class='ocr_line' id='line_1_24' title="bbox 2169 946 3883 1027; baseline 0.006 -21"><span class='ocrx_word' id='word_1_163' title='bbox 2169 946 2434 1021; x_wconf 88' lang='lat' dir='ltr'>suppetit,</span> <span class='ocrx_word' id='word_1_164' title='bbox 2464 963 2530 1006; x_wconf 92' lang='lat' dir='ltr'>ea</span> <span class='ocrx_word' id='word_1_165' title='bbox 2570 965 2703 1023; x_wconf 88' lang='lat' dir='ltr'>qua</span> <span class='ocrx_word' id='word_1_166' title='bbox 2742 956 3036 1011; x_wconf 88' lang='lat' dir='ltr'>tentavero</span> <span class='ocrx_word' id='word_1_167' title='bbox 3082 955 3350 1027; x_wconf 88' lang='lat' dir='ltr'>scribere,</span> <span class='ocrx_word' id='word_1_168' title='bbox 3382 973 3415 1014; x_wconf 92' lang='lat' dir='ltr'>a</span> <span class='ocrx_word' id='word_1_169' title='bbox 3462 958 3612 1017; x_wconf 89' lang='lat' dir='ltr'>vivis</span> <span class='ocrx_word' id='word_1_170' title='bbox 3658 958 3883 1018; x_wconf 90' lang='lat' dir='ltr'>modice</span> 
     </span>
    </p>
   </div>
   <div class='ocr_carea' id='block_1_25' title="bbox 2167 1033 3881 1114">
    <p class='ocr_par' dir='ltr' id='par_1_25' title="bbox 2167 1033 3881 1114">
     <span class='ocr_line' id='line_1_25' title="bbox 2167 1033 3881 1114; baseline 0.009 -24"><span class='ocrx_word' id='word_1_171' title='bbox 2167 1033 2477 1092; x_wconf 89' lang='lat' dir='ltr'>videantur</span> <span class='ocrx_word' id='word_1_172' title='bbox 2502 1037 2869 1097; x_wconf 89' lang='lat' dir='ltr'>sermonibus</span> <span class='ocrx_word' id='word_1_173' title='bbox 2897 1038 3241 1114; x_wconf 89' lang='lat' dir='ltr'>discrepare.</span> <span class='ocrx_word' id='word_1_174' title='bbox 3276 1041 3388 1101; x_wconf 93' lang='lat' dir='ltr'>Sed</span> <span class='ocrx_word' id='word_1_175' title='bbox 3418 1045 3572 1102; x_wconf 90' lang='lat' dir='ltr'>unde</span> <span class='ocrx_word' id='word_1_176' title='bbox 3604 1044 3711 1103; x_wconf 89' lang='lat' dir='ltr'>ista</span> <span class='ocrx_word' id='word_1_177' title='bbox 3740 1062 3881 1105; x_wconf 92' lang='lat' dir='ltr'>con-</span> 
     </span>
    </p>
   </div>
   <div class='ocr_carea' id='block_1_26' title="bbox 2166 1125 3883 1210">
    <p class='ocr_par' dir='ltr' id='par_1_26' title="bbox 2166 1125 3883 1210">
     <span class='ocr_line' id='line_1_26' title="bbox 2166 1125 3883 1210; baseline 0.01 -31"><span class='ocrx_word' id='word_1_178' title='bbox 2166 1125 2469 1198; x_wconf 90' lang='lat' dir='ltr'>gruentius</span> <span class='ocrx_word' id='word_1_179' title='bbox 2507 1125 2760 1199; x_wconf 86' lang='lat' dir='ltr'>incipere</span> <span class='ocrx_word' id='word_1_180' title='bbox 2811 1145 3151 1203; x_wconf 90' lang='lat' dir='ltr'>possumus,</span> <span class='ocrx_word' id='word_1_181' title='bbox 3186 1133 3302 1191; x_wconf 89' lang='lat' dir='ltr'>nisi</span> <span class='ocrx_word' id='word_1_182' title='bbox 3336 1150 3371 1191; x_wconf 89' lang='lat' dir='ltr'>a</span> <span class='ocrx_word' id='word_1_183' title='bbox 3407 1141 3601 1194; x_wconf 90' lang='lat' dir='ltr'>sancto</span> <span class='ocrx_word' id='word_1_184' title='bbox 3637 1134 3883 1210; x_wconf 88' lang='lat' dir='ltr'>Spiritu,</span> 
     </span>
    </p>
   </div>
   <div class='ocr_carea' id='block_1_27' title="bbox 2166 1217 3887 1291">
    <p class='ocr_par' dir='ltr' id='par_1_27' title="bbox 2166 1217 3887 1291">
     <span class='ocr_line' id='line_1_27' title="bbox 2166 1217 3887 1291; baseline 0.009 -20"><span class='ocrx_word' id='word_1_185' title='bbox 2166 1217 2335 1287; x_wconf 87' lang='lat' dir='ltr'>cujus</span> <span class='ocrx_word' id='word_1_186' title='bbox 2377 1231 2478 1274; x_wconf 91' lang='lat' dir='ltr'>vos</span> <span class='ocrx_word' id='word_1_187' title='bbox 2528 1219 2858 1291; x_wconf 89' lang='lat' dir='ltr'>nuperrime</span> <span class='ocrx_word' id='word_1_188' title='bbox 2900 1227 2956 1279; x_wconf 90' lang='lat' dir='ltr'>et</span> <span class='ocrx_word' id='word_1_189' title='bbox 2986 1223 3268 1283; x_wconf 90' lang='lat' dir='ltr'>solemnia</span> <span class='ocrx_word' id='word_1_190' title='bbox 3301 1224 3549 1285; x_wconf 90' lang='lat' dir='ltr'>coluisse</span> <span class='ocrx_word' id='word_1_191' title='bbox 3586 1232 3887 1287; x_wconf 80' lang='grc'><strong>018011110-</strong></span> 
     </span>
    </p>
   </div>
   <div class='ocr_carea' id='block_1_28' title="bbox 2166 1303 3889 1390">
    <p class='ocr_par' dir='ltr' id='par_1_28' title="bbox 2166 1303 3889 1390">
     <span class='ocr_line' id='line_1_28' title="bbox 2166 1303 3889 1390; baseline 0.009 -29"><span class='ocrx_word' id='word_1_192' title='bbox 2166 1319 2301 1361; x_wconf 89' lang='lat' dir='ltr'>nem</span> <span class='ocrx_word' id='word_1_193' title='bbox 2340 1320 2415 1361; x_wconf 83' lang='lat' dir='ltr'>ex</span> <span class='ocrx_word' id='word_1_194' title='bbox 2452 1303 2624 1363; x_wconf 80' lang='lat' dir='ltr'>oﬂicii</span> <span class='ocrx_word' id='word_1_195' title='bbox 2664 1308 2846 1366; x_wconf 89' lang='lat' dir='ltr'>nostri</span> <span class='ocrx_word' id='word_1_196' title='bbox 2882 1310 3204 1371; x_wconf 90' lang='lat' dir='ltr'>ministerio</span> <span class='ocrx_word' id='word_1_197' title='bbox 3228 1329 3347 1371; x_wconf 92' lang='lat' dir='ltr'>non</span> <span class='ocrx_word' id='word_1_198' title='bbox 3377 1314 3607 1375; x_wconf 90' lang='lat' dir='ltr'>audisse</span> <span class='ocrx_word' id='word_1_199' title='bbox 3631 1317 3889 1390; x_wconf 82' lang='lat' dir='ltr'>graviter</span> 
     </span>
    </p>
   </div>
   <div class='ocr_carea' id='block_1_29' title="bbox 2166 1391 3884 1476">
    <p class='ocr_par' dir='ltr' id='par_1_29' title="bbox 2166 1391 3884 1476">
     <span class='ocr_line' id='line_1_29' title="bbox 2166 1391 3884 1476; baseline 0.01 -29"><span class='ocrx_word' id='word_1_200' title='bbox 2166 1391 2455 1464; x_wconf 88' lang='lat' dir='ltr'>suspirare</span> <span class='ocrx_word' id='word_1_201' title='bbox 2485 1392 2794 1452; x_wconf 86' lang='lat' dir='ltr'>videmus?</span> <span class='ocrx_word' id='word_1_202' title='bbox 2827 1396 2897 1454; x_wconf 91' lang='lat' dir='ltr'>Et</span> <span class='ocrx_word' id='word_1_203' title='bbox 2932 1398 3055 1456; x_wconf 92' lang='lat' dir='ltr'>hac</span> <span class='ocrx_word' id='word_1_204' title='bbox 3084 1400 3325 1473; x_wconf 91' lang='lat' dir='ltr'>quidem</span> <span class='ocrx_word' id='word_1_205' title='bbox 3373 1418 3488 1461; x_wconf 90' lang='lat' dir='ltr'>non</span> <span class='ocrx_word' id='word_1_206' title='bbox 3535 1403 3752 1476; x_wconf 91' lang='lat' dir='ltr'>timide,</span> <span class='ocrx_word' id='word_1_207' title='bbox 3781 1403 3884 1464; x_wconf 91' lang='lat' dir='ltr'>sed</span> 
     </span>
    </p>
   </div>
   <div class='ocr_carea' id='block_1_30' title="bbox 2164 1478 3885 1565">
    <p class='ocr_par' dir='ltr' id='par_1_30' title="bbox 2164 1478 3885 1565">
     <span class='ocr_line' id='line_1_30' title="bbox 2164 1478 3885 1565; baseline 0.009 -30"><span class='ocrx_word' id='word_1_208' title='bbox 2164 1478 2409 1537; x_wconf 89' lang='lat' dir='ltr'>ﬁdenter</span> <span class='ocrx_word' id='word_1_209' title='bbox 2434 1482 2828 1553; x_wconf 83' lang='lat' dir='ltr'>aggredimur,</span> <span class='ocrx_word' id='word_1_210' title='bbox 2861 1486 3019 1559; x_wconf 88' lang='lat' dir='ltr'>quia,</span> <span class='ocrx_word' id='word_1_211' title='bbox 3049 1487 3121 1545; x_wconf 93' lang='lat' dir='ltr'>de</span> <span class='ocrx_word' id='word_1_212' title='bbox 3152 1503 3268 1563; x_wconf 91' lang='lat' dir='ltr'>quo</span> <span class='ocrx_word' id='word_1_213' title='bbox 3297 1488 3458 1565; x_wconf 92' lang='lat' dir='ltr'>loqui</span> <span class='ocrx_word' id='word_1_214' title='bbox 3487 1491 3775 1565; x_wconf 89' lang='lat' dir='ltr'>volumus,</span> <span class='ocrx_word' id='word_1_215' title='bbox 3806 1492 3885 1551; x_wconf 89' lang='lat' dir='ltr'>ab</span> 
     </span>
    </p>
   </div>
   <div class='ocr_carea' id='block_1_31' title="bbox 2163 1568 3524 1649">
    <p class='ocr_par' dir='ltr' id='par_1_31' title="bbox 2163 1568 3524 1649">
     <span class='ocr_line' id='line_1_31' title="bbox 2163 1568 3524 1649; baseline 0.008 -22"><span class='ocrx_word' id='word_1_216' title='bbox 2163 1569 2286 1643; x_wconf 91' lang='lat' dir='ltr'>ipso</span> <span class='ocrx_word' id='word_1_217' title='bbox 2316 1568 2679 1642; x_wconf 87' lang='lat' dir='ltr'>concipimus</span> <span class='ocrx_word' id='word_1_218' title='bbox 2715 1579 2781 1630; x_wconf 93' lang='lat' dir='ltr'>ut</span> <span class='ocrx_word' id='word_1_219' title='bbox 2812 1572 2972 1648; x_wconf 92' lang='lat' dir='ltr'>loqui</span> <span class='ocrx_word' id='word_1_220' title='bbox 3003 1574 3178 1649; x_wconf 91' lang='lat' dir='ltr'>digne</span> <span class='ocrx_word' id='word_1_221' title='bbox 3203 1577 3524 1638; x_wconf 89' lang='lat' dir='ltr'>valeamus.</span> 
     </span>
    </p>
   </div>
   <div class='ocr_carea' id='block_1_32' title="bbox 2237 1658 3882 1745">
    <p class='ocr_par' dir='ltr' id='par_1_32' title="bbox 2237 1658 3882 1745">
     <span class='ocr_line' id='line_1_32' title="bbox 2237 1658 3882 1745; baseline 0.009 -28"><span class='ocrx_word' id='word_1_222' title='bbox 2237 1659 2429 1718; x_wconf 90' lang='lat' dir='ltr'>Primo</span> <span class='ocrx_word' id='word_1_223' title='bbox 2492 1658 2690 1733; x_wconf 90' lang='lat' dir='ltr'>itaque</span> <span class='ocrx_word' id='word_1_224' title='bbox 2741 1662 3066 1722; x_wconf 89' lang='lat' dir='ltr'>notandum</span> <span class='ocrx_word' id='word_1_225' title='bbox 3114 1670 3215 1735; x_wconf 89' lang='lat' dir='ltr'>est,</span> <span class='ocrx_word' id='word_1_226' title='bbox 3268 1665 3471 1726; x_wconf 84' lang='lat' dir='ltr'>fratres</span> <span class='ocrx_word' id='word_1_227' title='bbox 3522 1670 3658 1742; x_wconf 91' lang='lat' dir='ltr'>mei,</span> <span class='ocrx_word' id='word_1_228' title='bbox 3704 1674 3882 1745; x_wconf 90' lang='lat' dir='ltr'>atque</span> 
     </span>
    </p>
   </div>
   <div class='ocr_carea' id='block_1_33' title="bbox 368 1748 3881 1834">
    <p class='ocr_par' dir='ltr' id='par_1_33' title="bbox 368 1748 3881 1834">
     <span class='ocr_line' id='line_1_33' title="bbox 368 1748 3881 1834; baseline 0.001 -18"><span class='ocrx_word' id='word_1_229' title='bbox 368 1756 823 1816; x_wconf 90' lang='lat' dir='ltr'>misericordiam</span> <span class='ocrx_word' id='word_1_230' title='bbox 866 1753 1024 1812; x_wconf 83' lang='lat' dir='ltr'>dabit</span> <span class='ocrx_word' id='word_1_231' title='bbox 1057 1752 1210 1810; x_wconf 90' lang='lat' dir='ltr'>Deus</span> <span class='ocrx_word' id='word_1_232' title='bbox 1261 1755 1473 1819; x_wconf 81' lang='lat' dir='ltr'>(Matth.</span> <span class='ocrx_word' id='word_1_233' title='bbox 1509 1754 1585 1827; x_wconf 88' lang='lat' dir='ltr'>v),</span> <span class='ocrx_word' id='word_1_234' title='bbox 1619 1774 1647 1805; x_wconf 89' lang='lat'>»</span> <span class='ocrx_word' id='word_1_235' title='bbox 1687 1753 1792 1827; x_wconf 90' lang='lat' dir='ltr'>qui</span> <span class='ocrx_word' id='word_1_236' title='bbox 1821 1769 1977 1811; x_wconf 91' lang='lat' dir='ltr'>unus</span> <span class='ocrx_word' id='word_1_237' title='bbox 2021 1758 2136 1823; x_wconf 89' lang='lat' dir='ltr'>etB</span> <span class='ocrx_word' id='word_1_238' title='bbox 2160 1748 2322 1806; x_wconf 89' lang='lat' dir='ltr'>omni</span> <span class='ocrx_word' id='word_1_239' title='bbox 2372 1750 2592 1808; x_wconf 87' lang='lat' dir='ltr'>annisu</span> <span class='ocrx_word' id='word_1_240' title='bbox 2645 1751 2947 1809; x_wconf 80' lang='lat' dir='ltr'>memoria</span> <span class='ocrx_word' id='word_1_241' title='bbox 2991 1754 3519 1816; x_wconf 87' lang='lat' dir='ltr'>commendandum</span> <span class='ocrx_word' id='word_1_242' title='bbox 3562 1758 3719 1834; x_wconf 88' lang='lat' dir='ltr'>quia,</span> <span class='ocrx_word' id='word_1_243' title='bbox 3763 1759 3881 1820; x_wconf 90' lang='lat' dir='ltr'>nisi</span> 
     </span>
    </p>
   </div>
   <div class='ocr_carea' id='block_1_34' title="bbox 367 1841 2075 1915">
    <p class='ocr_par' dir='ltr' id='par_1_34' title="bbox 367 1841 2075 1915">
     <span class='ocr_line' id='line_1_34' title="bbox 367 1841 2075 1915; baseline -0.003 -9"><span class='ocrx_word' id='word_1_244' title='bbox 367 1862 541 1906; x_wconf 90' lang='lat' dir='ltr'>verus</span> <span class='ocrx_word' id='word_1_245' title='bbox 578 1846 640 1903; x_wconf 90' lang='lat' dir='ltr'>in</span> <span class='ocrx_word' id='word_1_246' title='bbox 670 1844 952 1903; x_wconf 89' lang='lat' dir='ltr'>Trinitate</span> <span class='ocrx_word' id='word_1_247' title='bbox 992 1841 1239 1915; x_wconf 88' lang='lat' dir='ltr'>perfecta</span> <span class='ocrx_word' id='word_1_248' title='bbox 1267 1841 1413 1899; x_wconf 87' lang='lat' dir='ltr'>vivit</span> <span class='ocrx_word' id='word_1_249' title='bbox 1440 1850 1495 1899; x_wconf 89' lang='lat' dir='ltr'>et</span> <span class='ocrx_word' id='word_1_250' title='bbox 1533 1847 1731 1915; x_wconf 88' lang='lat' dir='ltr'>regnat</span> <span class='ocrx_word' id='word_1_251' title='bbox 1758 1841 1823 1899; x_wconf 91' lang='lat' dir='ltr'>in</span> <span class='ocrx_word' id='word_1_252' title='bbox 1859 1842 2075 1902; x_wconf 88' lang='lat' dir='ltr'>sacula</span> 
     </span>
    </p>
   </div>
   <div class='ocr_carea' id='block_1_35' title="bbox 368 1933 971 1995">
    <p class='ocr_par' dir='ltr' id='par_1_35' title="bbox 368 1933 971 1995">
     <span class='ocr_line' id='line_1_35' title="bbox 368 1933 971 1995; baseline -0.008 -2"><span class='ocrx_word' id='word_1_253' title='bbox 368 1934 736 1995; x_wconf 85' lang='lat' dir='ltr'>saculorum.</span> <span class='ocrx_word' id='word_1_254' title='bbox 762 1933 971 1991; x_wconf 86' lang='lat' dir='ltr'>Amen.</span> 
     </span>
    </p>
   </div>
   <div class='ocr_carea' id='block_1_36' title="bbox 1008 2072 1433 2134">
    <p class='ocr_par' dir='ltr' id='par_1_36' title="bbox 1008 2072 1433 2134">
     <span class='ocr_line' id='line_1_36' title="bbox 1008 2072 1433 2134; baseline -0.009 0"><span class='ocrx_word' id='word_1_255' title='bbox 1008 2072 1258 2134; x_wconf 84' lang='lat' dir='ltr'>SERMO</span> <span class='ocrx_word' id='word_1_256' title='bbox 1278 2073 1433 2134; x_wconf 87' lang='lat' dir='ltr'>XXI.</span> 
     </span>
    </p>
   </div>
   <div class='ocr_carea' id='block_1_37' title="bbox 492 2179 1940 2249">
    <p class='ocr_par' dir='ltr' id='par_1_37' title="bbox 492 2179 1940 2249">
     <span class='ocr_line' id='line_1_37' title="bbox 492 2179 1940 2249; baseline -0.006 -5"><span class='ocrx_word' id='word_1_257' title='bbox 492 2198 567 2244; x_wconf 88' lang='lat' dir='ltr'>DE</span> <span class='ocrx_word' id='word_1_258' title='bbox 597 2194 825 2244; x_wconf 79' lang='lat' dir='ltr'>SPIRITU</span> <span class='ocrx_word' id='word_1_259' title='bbox 858 2194 1080 2242; x_wconf 82' lang='lat' dir='ltr'>SANCTO</span> <span class='ocrx_word' id='word_1_260' title='bbox 1108 2194 1179 2240; x_wconf 85' lang='lat' dir='ltr'>ET</span> <span class='ocrx_word' id='word_1_261' title='bbox 1208 2192 1343 2240; x_wconf 86' lang='lat' dir='ltr'>EJUS</span> <span class='ocrx_word' id='word_1_262' title='bbox 1370 2192 1607 2239; x_wconf 81' lang='lat' dir='ltr'>GBATIA.</span> <span class='ocrx_word' id='word_1_263' title='bbox 1639 2180 1745 2249; x_wconf 78' lang='lat' dir='ltr'>(XV</span> <span class='ocrx_word' id='word_1_264' title='bbox 1772 2179 1940 2247; x_wconf 81' lang='grc' dir='ltr'>ΜΑΙΙ.)</span> 
     </span>
    </p>
   </div>
   <div class='ocr_carea' id='block_1_38' title="bbox 436 2285 2075 2360">
    <p class='ocr_par' dir='ltr' id='par_1_38' title="bbox 436 2285 2075 2360">
     <span class='ocr_line' id='line_1_38' title="bbox 436 2285 2075 2360; baseline -0.005 -8"><span class='ocrx_word' id='word_1_265' title='bbox 436 2292 736 2351; x_wconf 88' lang='lat' dir='ltr'>Latamur</span> <span class='ocrx_word' id='word_1_266' title='bbox 768 2290 839 2349; x_wconf 92' lang='lat' dir='ltr'>de</span> <span class='ocrx_word' id='word_1_267' title='bbox 876 2288 1283 2347; x_wconf 89' lang='lat' dir='ltr'>honestissima</span> <span class='ocrx_word' id='word_1_268' title='bbox 1318 2286 1590 2360; x_wconf 89' lang='lat' dir='ltr'>petitione</span> <span class='ocrx_word' id='word_1_269' title='bbox 1628 2290 1836 2354; x_wconf 89' lang='lat' dir='ltr'>vestra,</span> <span class='ocrx_word' id='word_1_270' title='bbox 1873 2285 2075 2344; x_wconf 88' lang='lat' dir='ltr'>fratres</span> 
     </span>
    </p>
   </div>
   <div class='ocr_carea' id='block_1_39' title="bbox 363 2374 2074 2452">
    <p class='ocr_par' dir='ltr' id='par_1_39' title="bbox 363 2374 2074 2452">
     <span class='ocr_line' id='line_1_39' title="bbox 363 2374 2074 2452; baseline -0.005 -12"><span class='ocrx_word' id='word_1_271' title='bbox 363 2380 714 2452; x_wconf 89' lang='lat' dir='ltr'>charissimi,</span> <span class='ocrx_word' id='word_1_272' title='bbox 745 2384 801 2437; x_wconf 92' lang='lat' dir='ltr'>et</span> <span class='ocrx_word' id='word_1_273' title='bbox 824 2377 1049 2437; x_wconf 91' lang='lat' dir='ltr'>ﬂebiles</span> <span class='ocrx_word' id='word_1_274' title='bbox 1086 2376 1534 2449; x_wconf 88' lang='lat' dir='ltr'>importunitatis</span> <span class='ocrx_word' id='word_1_275' title='bbox 1571 2381 1777 2433; x_wconf 88' lang='lat' dir='ltr'>vestra</span> <span class='ocrx_word' id='word_1_276' title='bbox 1812 2374 2074 2448; x_wconf 88' lang='lat' dir='ltr'>querelas</span> 
     </span>
    </p>
   </div>
   <div class='ocr_carea' id='block_1_40' title="bbox 363 2465 2073 2549">
    <p class='ocr_par' dir='ltr' id='par_1_40' title="bbox 363 2465 2073 2549">
     <span class='ocr_line' id='line_1_40' title="bbox 363 2465 2073 2549; baseline -0.006 -15"><span class='ocrx_word' id='word_1_277' title='bbox 363 2471 657 2549; x_wconf 90' lang='lat' dir='ltr'>gaudendi</span> <span class='ocrx_word' id='word_1_278' title='bbox 693 2469 862 2530; x_wconf 91' lang='lat' dir='ltr'>nobis</span> <span class='ocrx_word' id='word_1_279' title='bbox 889 2468 1189 2528; x_wconf 90' lang='lat' dir='ltr'>materiam</span> <span class='ocrx_word' id='word_1_280' title='bbox 1222 2467 1585 2541; x_wconf 88' lang='lat' dir='ltr'>deputamus,</span> <span class='ocrx_word' id='word_1_281' title='bbox 1615 2465 1756 2540; x_wconf 88' lang='lat' dir='ltr'>quia</span> <span class='ocrx_word' id='word_1_282' title='bbox 1792 2465 1949 2523; x_wconf 91' lang='lat' dir='ltr'>enim</span> <span class='ocrx_word' id='word_1_283' title='bbox 1982 2465 2073 2523; x_wconf 91' lang='lat' dir='ltr'>his</span> 
     </span>
    </p>
   </div>
   <div class='ocr_carea' id='block_1_41' title="bbox 360 2553 2066 2634">
    <p class='ocr_par' dir='ltr' id='par_1_41' title="bbox 360 2553 2066 2634">
     <span class='ocr_line' id='line_1_41' title="bbox 360 2553 2066 2634; baseline -0.005 -13"><span class='ocrx_word' id='word_1_284' title='bbox 360 2561 569 2622; x_wconf 90' lang='lat' dir='ltr'>diebus</span> <span class='ocrx_word' id='word_1_285' title='bbox 621 2560 692 2618; x_wconf 89' lang='lat' dir='ltr'>ad</span> <span class='ocrx_word' id='word_1_286' title='bbox 740 2559 970 2634; x_wconf 88' lang='lat' dir='ltr'>propria</span> <span class='ocrx_word' id='word_1_287' title='bbox 1016 2564 1241 2633; x_wconf 87' lang='lat' dir='ltr'>peccata</span> <span class='ocrx_word' id='word_1_288' title='bbox 1299 2554 1645 2614; x_wconf 87' lang='lat' dir='ltr'>familiarius</span> <span class='ocrx_word' id='word_1_289' title='bbox 1699 2553 2066 2627; x_wconf 90' lang='lat' dir='ltr'>deploranda,</span> 
     </span>
    </p>
   </div>
   <div class='ocr_carea' id='block_1_42' title="bbox 366 2642 2073 2717">
    <p class='ocr_par' dir='ltr' id='par_1_42' title="bbox 366 2642 2073 2717">
     <span class='ocr_line' id='line_1_42' title="bbox 366 2642 2073 2717; baseline -0.004 -10"><span class='ocrx_word' id='word_1_290' title='bbox 366 2664 483 2708; x_wconf 92' lang='lat' dir='ltr'>non</span> <span class='ocrx_word' id='word_1_291' title='bbox 513 2649 702 2707; x_wconf 91' lang='lat' dir='ltr'>solum</span> <span class='ocrx_word' id='word_1_292' title='bbox 731 2645 1057 2705; x_wconf 88' lang='lat' dir='ltr'>remotioris</span> <span class='ocrx_word' id='word_1_293' title='bbox 1084 2643 1361 2703; x_wconf 90' lang='lat' dir='ltr'>custodia</span> <span class='ocrx_word' id='word_1_294' title='bbox 1390 2643 1611 2702; x_wconf 88' lang='lat' dir='ltr'>obicem</span> <span class='ocrx_word' id='word_1_295' title='bbox 1638 2646 1860 2717; x_wconf 90' lang='lat' dir='ltr'>corpori</span> <span class='ocrx_word' id='word_1_296' title='bbox 1890 2642 1987 2701; x_wconf 89' lang='lat' dir='ltr'>sed</span> <span class='ocrx_word' id='word_1_297' title='bbox 2019 2648 2073 2700; x_wconf 92' lang='lat' dir='ltr'>et</span> 
     </span>
    </p>
   </div>
   <div class='ocr_carea' id='block_1_43' title="bbox 358 2732 2068 2812">
    <p class='ocr_par' dir='ltr' id='par_1_43' title="bbox 358 2732 2068 2812">
     <span class='ocr_line' id='line_1_43' title="bbox 358 2732 2068 2812; baseline -0.004 -17"><span class='ocrx_word' id='word_1_298' title='bbox 358 2738 582 2812; x_wconf 88' lang='lat' dir='ltr'>procaci</span> <span class='ocrx_word' id='word_1_299' title='bbox 624 2738 844 2810; x_wconf 90' lang='lat' dir='ltr'>lingua</span> <span class='ocrx_word' id='word_1_300' title='bbox 880 2736 1044 2794; x_wconf 88' lang='lat' dir='ltr'>frena</span> <span class='ocrx_word' id='word_1_301' title='bbox 1080 2733 1402 2808; x_wconf 89' lang='lat' dir='ltr'>posuimus.</span> <span class='ocrx_word' id='word_1_302' title='bbox 1444 2732 1712 2803; x_wconf 90' lang='lat' dir='ltr'>Pulsatis,</span> <span class='ocrx_word' id='word_1_303' title='bbox 1748 2732 1957 2806; x_wconf 88' lang='lat' dir='ltr'>petitis,</span> <span class='ocrx_word' id='word_1_304' title='bbox 1992 2736 2068 2803; x_wconf 91' lang='lat' dir='ltr'>et,</span> 
     </span>
    </p>
   </div>
   <div class='ocr_carea' id='block_1_44' title="bbox 367 2822 2067 2897">
    <p class='ocr_par' dir='ltr' id='par_1_44' title="bbox 367 2822 2067 2897">
     <span class='ocr_line' id='line_1_44' title="bbox 367 2822 2067 2897; baseline -0.002 -16"><span class='ocrx_word' id='word_1_305' title='bbox 367 2823 508 2882; x_wconf 86' lang='lat'>109</span> <span class='ocrx_word' id='word_1_306' title='bbox 532 2833 598 2885; x_wconf 93' lang='lat' dir='ltr'>ut</span> <span class='ocrx_word' id='word_1_307' title='bbox 625 2825 789 2884; x_wconf 90' lang='lat' dir='ltr'>vobis</span> <span class='ocrx_word' id='word_1_308' title='bbox 814 2824 1213 2883; x_wconf 86' lang='lat' dir='ltr'>adiﬁcationis</span> <span class='ocrx_word' id='word_1_309' title='bbox 1238 2824 1411 2882; x_wconf 89' lang='lat' dir='ltr'>verba</span> <span class='ocrx_word' id='word_1_310' title='bbox 1437 2825 1690 2897; x_wconf 91' lang='lat' dir='ltr'>proferre</span> <span class='ocrx_word' id='word_1_311' title='bbox 1710 2838 1827 2881; x_wconf 92' lang='lat' dir='ltr'>non</span> <span class='ocrx_word' id='word_1_312' title='bbox 1858 2822 2067 2896; x_wconf 87' lang='lat' dir='ltr'>pigeat,</span> 
     </span>
    </p>
   </div>
   <div class='ocr_carea' id='block_1_45' title="bbox 357 2910 2071 2986">
    <p class='ocr_par' dir='ltr' id='par_1_45' title="bbox 357 2910 2071 2986">
     <span class='ocr_line' id='line_1_45' title="bbox 357 2910 2071 2986; baseline -0.004 -12"><span class='ocrx_word' id='word_1_313' title='bbox 357 2914 774 2975; x_wconf 86' lang='lat' dir='ltr'>instantissime</span> <span class='ocrx_word' id='word_1_314' title='bbox 822 2912 1109 2986; x_wconf 86' lang='lat' dir='ltr'>ﬂagitatis,</span> <span class='ocrx_word' id='word_1_315' title='bbox 1155 2911 1413 2970; x_wconf 83' lang='lat' dir='ltr'>maxime</span> <span class='ocrx_word' id='word_1_316' title='bbox 1459 2910 1599 2985; x_wconf 91' lang='lat' dir='ltr'>quia</span> <span class='ocrx_word' id='word_1_317' title='bbox 1644 2926 1831 2984; x_wconf 91' lang='lat' dir='ltr'>nuper</span> <span class='ocrx_word' id='word_1_318' title='bbox 1873 2917 2071 2968; x_wconf 89' lang='lat' dir='ltr'>octava</span> 
     </span>
    </p>
   </div>
   <div class='ocr_carea' id='block_1_46' title="bbox 356 2999 2070 3072">
    <p class='ocr_par' dir='ltr' id='par_1_46' title="bbox 356 2999 2070 3072">
     <span class='ocr_line' id='line_1_46' title="bbox 356 2999 2070 3072; baseline -0.002 -10"><span class='ocrx_word' id='word_1_319' title='bbox 356 3020 532 3062; x_wconf 87' lang='lat' dir='ltr'>sacra</span> <span class='ocrx_word' id='word_1_320' title='bbox 577 3002 957 3072; x_wconf 89' lang='lat' dir='ltr'>Pentecostes,</span> <span class='ocrx_word' id='word_1_321' title='bbox 1007 3015 1101 3057; x_wconf 92' lang='lat' dir='ltr'>me</span> <span class='ocrx_word' id='word_1_322' title='bbox 1140 3004 1394 3067; x_wconf 88' lang='lat' dir='ltr'>tacente,</span> <span class='ocrx_word' id='word_1_323' title='bbox 1443 2999 1792 3072; x_wconf 89' lang='lat' dir='ltr'>pertransiit,</span> <span class='ocrx_word' id='word_1_324' title='bbox 1836 3006 1890 3058; x_wconf 91' lang='lat' dir='ltr'>et</span> <span class='ocrx_word' id='word_1_325' title='bbox 1941 2999 2070 3058; x_wconf 90' lang='lat' dir='ltr'>ideo</span> 
     </span>
    </p>
   </div>
   <div class='ocr_carea' id='block_1_47' title="bbox 356 3087 2068 3162">
    <p class='ocr_par' dir='ltr' id='par_1_47' title="bbox 356 3087 2068 3162">
     <span class='ocr_line' id='line_1_47' title="bbox 356 3087 2068 3162; baseline -0.003 -10"><span class='ocrx_word' id='word_1_326' title='bbox 356 3110 475 3153; x_wconf 92' lang='lat' dir='ltr'>non</span> <span class='ocrx_word' id='word_1_327' title='bbox 534 3092 822 3150; x_wconf 90' lang='lat' dir='ltr'>mediocre</span> <span class='ocrx_word' id='word_1_328' title='bbox 868 3105 972 3148; x_wconf 90' lang='lat' dir='ltr'>vos</span> <span class='ocrx_word' id='word_1_329' title='bbox 1023 3087 1386 3146; x_wconf 89' lang='lat' dir='ltr'>arbitramini</span> <span class='ocrx_word' id='word_1_330' title='bbox 1431 3088 1677 3162; x_wconf 89' lang='lat' dir='ltr'>prepria</span> <span class='ocrx_word' id='word_1_331' title='bbox 1725 3088 1927 3147; x_wconf 90' lang='lat' dir='ltr'>salutis</span> <span class='ocrx_word' id='word_1_332' title='bbox 1975 3089 2068 3147; x_wconf 90' lang='lat' dir='ltr'>iu-</span> 
     </span>
    </p>
   </div>
   <div class='ocr_carea' id='block_1_48' title="bbox 354 3177 2071 3255">
    <p class='ocr_par' dir='ltr' id='par_1_48' title="bbox 354 3177 2071 3255">
     <span class='ocr_line' id='line_1_48' title="bbox 354 3177 2071 3255; baseline -0.004 -12"><span class='ocrx_word' id='word_1_333' title='bbox 354 3182 604 3243; x_wconf 86' lang='lat' dir='ltr'>currisse</span> <span class='ocrx_word' id='word_1_334' title='bbox 643 3179 1034 3255; x_wconf 91' lang='lat' dir='ltr'>dispendium,</span> <span class='ocrx_word' id='word_1_335' title='bbox 1073 3179 1210 3252; x_wconf 88' lang='lat' dir='ltr'>quia</span> <span class='ocrx_word' id='word_1_336' title='bbox 1260 3192 1487 3236; x_wconf 91' lang='lat' dir='ltr'>mecum</span> <span class='ocrx_word' id='word_1_337' title='bbox 1525 3194 1641 3236; x_wconf 92' lang='lat' dir='ltr'>non</span> <span class='ocrx_word' id='word_1_338' title='bbox 1693 3180 1958 3251; x_wconf 91' lang='lat' dir='ltr'>potuistis</span> <span class='ocrx_word' id='word_1_339' title='bbox 2000 3177 2071 3237; x_wconf 92' lang='lat' dir='ltr'>de</span> 
     </span>
    </p>
   </div>
   <div class='ocr_carea' id='block_1_49' title="bbox 354 3268 2071 3344">
    <p class='ocr_par' dir='ltr' id='par_1_49' title="bbox 354 3268 2071 3344">
     <span class='ocr_line' id='line_1_49' title="bbox 354 3268 2071 3344; baseline -0.002 -13"><span class='ocrx_word' id='word_1_340' title='bbox 354 3274 604 3331; x_wconf 88' lang='lat' dir='ltr'>adventu</span> <span class='ocrx_word' id='word_1_341' title='bbox 646 3269 824 3329; x_wconf 89' lang='lat' dir='ltr'>sancti</span> <span class='ocrx_word' id='word_1_342' title='bbox 865 3269 1113 3343; x_wconf 88' lang='lat' dir='ltr'>Spiritus</span> <span class='ocrx_word' id='word_1_343' title='bbox 1156 3268 1425 3344; x_wconf 89' lang='lat' dir='ltr'>frequens</span> <span class='ocrx_word' id='word_1_344' title='bbox 1458 3269 1671 3326; x_wconf 91' lang='lat' dir='ltr'>habere</span> <span class='ocrx_word' id='word_1_345' title='bbox 1708 3269 1875 3326; x_wconf 91' lang='lat' dir='ltr'>solito</span> <span class='ocrx_word' id='word_1_346' title='bbox 1909 3283 2071 3327; x_wconf 90' lang='lat' dir='ltr'>more</span> 
     </span>
    </p>
   </div>
   <div class='ocr_carea' id='block_1_50' title="bbox 348 3359 2068 3439">
    <p class='ocr_par' dir='ltr' id='par_1_50' title="bbox 348 3359 2068 3439">
     <span class='ocr_line' id='line_1_50' title="bbox 348 3359 2068 3439; baseline -0.002 -15"><span class='ocrx_word' id='word_1_347' title='bbox 348 3364 729 3439; x_wconf 91' lang='lat' dir='ltr'>colloquium.</span> <span class='ocrx_word' id='word_1_348' title='bbox 772 3362 934 3420; x_wconf 92' lang='lat' dir='ltr'>Unde</span> <span class='ocrx_word' id='word_1_349' title='bbox 972 3377 1088 3419; x_wconf 93' lang='lat' dir='ltr'>non</span> <span class='ocrx_word' id='word_1_350' title='bbox 1125 3359 1417 3418; x_wconf 89' lang='lat' dir='ltr'>immerito</span> <span class='ocrx_word' id='word_1_351' title='bbox 1460 3360 1824 3434; x_wconf 87' lang='lat' dir='ltr'>gratulamur</span> <span class='ocrx_word' id='word_1_352' title='bbox 1858 3361 1920 3418; x_wconf 91' lang='lat' dir='ltr'>in</span> <span class='ocrx_word' id='word_1_353' title='bbox 1958 3361 2068 3420; x_wconf 86' lang='lat' dir='ltr'>Do-</span> 
     </span>
    </p>
   </div>
   <div class='ocr_carea' id='block_1_51' title="bbox 2163 1837 3881 1919">
    <p class='ocr_par' dir='ltr' id='par_1_51' title="bbox 2163 1837 3881 1919">
     <span class='ocr_line' id='line_1_51' title="bbox 2163 1837 3881 1919; baseline 0.006 -24"><span class='ocrx_word' id='word_1_354' title='bbox 2163 1837 2297 1908; x_wconf 90' lang='lat' dir='ltr'>quis</span> <span class='ocrx_word' id='word_1_355' title='bbox 2352 1839 2538 1912; x_wconf 89' lang='lat' dir='ltr'>gratia</span> <span class='ocrx_word' id='word_1_356' title='bbox 2595 1840 2777 1898; x_wconf 89' lang='lat' dir='ltr'>sancti</span> <span class='ocrx_word' id='word_1_357' title='bbox 2835 1840 3088 1915; x_wconf 90' lang='lat' dir='ltr'>Spiritus</span> <span class='ocrx_word' id='word_1_358' title='bbox 3148 1851 3439 1904; x_wconf 88' lang='lat' dir='ltr'>mereatur</span> <span class='ocrx_word' id='word_1_359' title='bbox 3489 1847 3690 1919; x_wconf 80' lang='lat' dir='ltr'>afﬂari,</span> <span class='ocrx_word' id='word_1_360' title='bbox 3743 1847 3881 1907; x_wconf 91' lang='lat' dir='ltr'>licet</span> 
     </span>
    </p>
   </div>
   <div class='ocr_carea' id='block_1_52' title="bbox 2161 1926 3879 2013">
    <p class='ocr_par' dir='ltr' id='par_1_52' title="bbox 2161 1926 3879 2013">
     <span class='ocr_line' id='line_1_52' title="bbox 2161 1926 3879 2013; baseline 0.007 -29"><span class='ocrx_word' id='word_1_361' title='bbox 2161 1933 2418 1998; x_wconf 89' lang='lat' dir='ltr'>conetur,</span> <span class='ocrx_word' id='word_1_362' title='bbox 2469 1926 2600 1987; x_wconf 92' lang='lat' dir='ltr'>licet</span> <span class='ocrx_word' id='word_1_363' title='bbox 2638 1930 2711 1987; x_wconf 90' lang='lat' dir='ltr'>ad</span> <span class='ocrx_word' id='word_1_364' title='bbox 2766 1935 2991 2004; x_wconf 88' lang='lat' dir='ltr'>tempus</span> <span class='ocrx_word' id='word_1_365' title='bbox 3039 1932 3182 1991; x_wconf 91' lang='lat' dir='ltr'>eniti</span> <span class='ocrx_word' id='word_1_366' title='bbox 3234 1934 3518 2009; x_wconf 91' lang='lat' dir='ltr'>videatur,</span> <span class='ocrx_word' id='word_1_367' title='bbox 3569 1953 3879 2013; x_wconf 88' lang='lat' dir='ltr'>nunquam</span> 
     </span>
    </p>
   </div>
   <div class='ocr_carea' id='block_1_53' title="bbox 2157 2018 3875 2105">
    <p class='ocr_par' dir='ltr' id='par_1_53' title="bbox 2157 2018 3875 2105">
     <span class='ocr_line' id='line_1_53' title="bbox 2157 2018 3875 2105; baseline 0.008 -32"><span class='ocrx_word' id='word_1_368' title='bbox 2157 2022 2353 2075; x_wconf 88' lang='lat' dir='ltr'>tamen</span> <span class='ocrx_word' id='word_1_369' title='bbox 2401 2018 2475 2075; x_wconf 90' lang='lat' dir='ltr'>ad</span> <span class='ocrx_word' id='word_1_370' title='bbox 2522 2018 2673 2077; x_wconf 91' lang='lat' dir='ltr'>bona</span> <span class='ocrx_word' id='word_1_371' title='bbox 2712 2022 3036 2093; x_wconf 87' lang='lat' dir='ltr'>peragenda</span> <span class='ocrx_word' id='word_1_372' title='bbox 3077 2037 3313 2095; x_wconf 90' lang='lat' dir='ltr'>prorsus</span> <span class='ocrx_word' id='word_1_373' title='bbox 3357 2040 3677 2105; x_wconf 83' lang='lat' dir='ltr'>assurgere,</span> <span class='ocrx_word' id='word_1_374' title='bbox 3717 2044 3875 2088; x_wconf 88' lang='lat' dir='ltr'>nun-</span> 
     </span>
    </p>
   </div>
   <div class='ocr_carea' id='block_1_54' title="bbox 2157 2107 3879 2184">
    <p class='ocr_par' dir='ltr' id='par_1_54' title="bbox 2157 2107 3879 2184">
     <span class='ocr_line' id='line_1_54' title="bbox 2157 2107 3879 2184; baseline 0.006 -19"><span class='ocrx_word' id='word_1_375' title='bbox 2157 2122 2330 2179; x_wconf 89' lang='lat' dir='ltr'>quam</span> <span class='ocrx_word' id='word_1_376' title='bbox 2366 2107 2483 2167; x_wconf 93' lang='lat' dir='ltr'>Deo</span> <span class='ocrx_word' id='word_1_377' title='bbox 2520 2107 2715 2182; x_wconf 91' lang='lat' dir='ltr'>placiti</span> <span class='ocrx_word' id='word_1_378' title='bbox 2761 2111 2950 2184; x_wconf 88' lang='lat' dir='ltr'>operis</span> <span class='ocrx_word' id='word_1_379' title='bbox 2978 2111 3132 2170; x_wconf 90' lang='lat' dir='ltr'>valet</span> <span class='ocrx_word' id='word_1_380' title='bbox 3170 2113 3393 2173; x_wconf 90' lang='lat' dir='ltr'>fructus</span> <span class='ocrx_word' id='word_1_381' title='bbox 3430 2114 3652 2174; x_wconf 75' lang='lat' dir='ltr'>afferre.</span> <span class='ocrx_word' id='word_1_382' title='bbox 3686 2117 3879 2178; x_wconf 85' lang='lat' dir='ltr'>Arbor</span> 
     </span>
    </p>
   </div>
   <div class='ocr_carea' id='block_1_55' title="bbox 2157 2196 3874 2280">
    <p class='ocr_par' dir='ltr' id='par_1_55' title="bbox 2157 2196 3874 2280">
     <span class='ocr_line' id='line_1_55' title="bbox 2157 2196 3874 2280; baseline 0.008 -29"><span class='ocrx_word' id='word_1_383' title='bbox 2157 2210 2414 2268; x_wconf 89' lang='lat' dir='ltr'>namque</span> <span class='ocrx_word' id='word_1_384' title='bbox 2440 2196 2559 2255; x_wconf 93' lang='lat' dir='ltr'>solo</span> <span class='ocrx_word' id='word_1_385' title='bbox 2590 2197 2862 2257; x_wconf 89' lang='lat' dir='ltr'>radicitus</span> <span class='ocrx_word' id='word_1_386' title='bbox 2890 2199 3009 2257; x_wconf 85' lang='lat' dir='ltr'>ﬁxa</span> <span class='ocrx_word' id='word_1_387' title='bbox 3035 2216 3233 2260; x_wconf 89' lang='lat' dir='ltr'>succos</span> <span class='ocrx_word' id='word_1_388' title='bbox 3258 2216 3334 2259; x_wconf 81' lang='lat' dir='ltr'>ex</span> <span class='ocrx_word' id='word_1_389' title='bbox 3358 2201 3581 2277; x_wconf 89' lang='lat' dir='ltr'>uligine</span> <span class='ocrx_word' id='word_1_390' title='bbox 3603 2206 3874 2280; x_wconf 88' lang='lat' dir='ltr'>concipit,</span> 
     </span>
    </p>
   </div>
   <div class='ocr_carea' id='block_1_56' title="bbox 2155 2283 3879 2358">
    <p class='ocr_par' dir='ltr' id='par_1_56' title="bbox 2155 2283 3879 2358">
     <span class='ocr_line' id='line_1_56' title="bbox 2155 2283 3879 2358; baseline 0.008 -18"><span class='ocrx_word' id='word_1_391' title='bbox 2155 2283 2370 2355; x_wconf 90' lang='lat' dir='ltr'>quibus</span> <span class='ocrx_word' id='word_1_392' title='bbox 2416 2297 2517 2358; x_wconf 91' lang='lat' dir='ltr'>per</span> <span class='ocrx_word' id='word_1_393' title='bbox 2566 2285 2840 2355; x_wconf 83' lang='lat' dir='ltr'>interiora</span> <span class='ocrx_word' id='word_1_394' title='bbox 2889 2287 3136 2358; x_wconf 81' lang='lat' dir='ltr'>diffusis,</span> <span class='ocrx_word' id='word_1_395' title='bbox 3184 2296 3240 2347; x_wconf 91' lang='lat' dir='ltr'>et</span> <span class='ocrx_word' id='word_1_396' title='bbox 3289 2290 3353 2348; x_wconf 90' lang='lat' dir='ltr'>in</span> <span class='ocrx_word' id='word_1_397' title='bbox 3402 2292 3760 2352; x_wconf 89' lang='lat' dir='ltr'>incrementa</span> <span class='ocrx_word' id='word_1_398' title='bbox 3815 2312 3879 2356; x_wconf 88' lang='lat' dir='ltr'>se</span> 
     </span>
    </p>
   </div>
   <div class='ocr_carea' id='block_1_57' title="bbox 2156 2372 3879 2454">
    <p class='ocr_par' dir='ltr' id='par_1_57' title="bbox 2156 2372 3879 2454">
     <span class='ocr_line' id='line_1_57' title="bbox 2156 2372 3879 2454; baseline 0.008 -25"><span class='ocrx_word' id='word_1_399' title='bbox 2156 2372 2373 2431; x_wconf 88' lang='lat' dir='ltr'>roboris</span> <span class='ocrx_word' id='word_1_400' title='bbox 2411 2373 2580 2445; x_wconf 87' lang='lat' dir='ltr'>erigit</span> <span class='ocrx_word' id='word_1_401' title='bbox 2616 2381 2672 2432; x_wconf 93' lang='lat' dir='ltr'>et</span> <span class='ocrx_word' id='word_1_402' title='bbox 2714 2390 2952 2448; x_wconf 89' lang='lat' dir='ltr'>germen</span> <span class='ocrx_word' id='word_1_403' title='bbox 2986 2378 3213 2437; x_wconf 85' lang='lat' dir='ltr'>emittit.</span> <span class='ocrx_word' id='word_1_404' title='bbox 3252 2379 3476 2454; x_wconf 90' lang='lat' dir='ltr'>Quique</span> <span class='ocrx_word' id='word_1_405' title='bbox 3507 2388 3700 2440; x_wconf 90' lang='lat' dir='ltr'>autem</span> <span class='ocrx_word' id='word_1_406' title='bbox 3739 2382 3879 2443; x_wconf 88' lang='lat' dir='ltr'>ﬁde-</span> 
     </span>
    </p>
   </div>
   <div class='ocr_carea' id='block_1_58' title="bbox 2156 2462 3878 2542">
    <p class='ocr_par' dir='ltr' id='par_1_58' title="bbox 2156 2462 3878 2542">
     <span class='ocr_line' id='line_1_58' title="bbox 2156 2462 3878 2542; baseline 0.006 -23"><span class='ocrx_word' id='word_1_407' title='bbox 2156 2462 2239 2520; x_wconf 92' lang='lat' dir='ltr'>les</span> <span class='ocrx_word' id='word_1_408' title='bbox 2260 2463 2493 2522; x_wconf 89' lang='lat' dir='ltr'>arbores</span> <span class='ocrx_word' id='word_1_409' title='bbox 2518 2480 2721 2523; x_wconf 90' lang='lat' dir='ltr'>sumus</span> <span class='ocrx_word' id='word_1_410' title='bbox 2747 2466 2903 2525; x_wconf 91' lang='lat' dir='ltr'>intra</span> <span class='ocrx_word' id='word_1_411' title='bbox 2930 2475 3143 2526; x_wconf 88' lang='lat' dir='ltr'>sancta</span> <span class='ocrx_word' id='word_1_412' title='bbox 3171 2484 3378 2528; x_wconf 91' lang='lat' dir='ltr'>nemus</span> <span class='ocrx_word' id='word_1_413' title='bbox 3397 2469 3686 2542; x_wconf 89' lang='lat' dir='ltr'>Ecclesia,</span> <span class='ocrx_word' id='word_1_414' title='bbox 3711 2471 3878 2531; x_wconf 89' lang='lat' dir='ltr'>illius</span> 
     </span>
    </p>
   </div>
   <div class='ocr_carea' id='block_1_59' title="bbox 2155 2552 3878 2635">
    <p class='ocr_par' dir='ltr' id='par_1_59' title="bbox 2155 2552 3878 2635">
     <span class='ocr_line' id='line_1_59' title="bbox 2155 2552 3878 2635; baseline 0.006 -27"><span class='ocrx_word' id='word_1_415' title='bbox 2155 2552 2373 2610; x_wconf 89' lang='lat' dir='ltr'>summi</span> <span class='ocrx_word' id='word_1_416' title='bbox 2418 2554 2707 2627; x_wconf 87' lang='lat' dir='ltr'>Agricola</span> <span class='ocrx_word' id='word_1_417' title='bbox 2751 2554 3126 2629; x_wconf 90' lang='lat' dir='ltr'>dispositione</span> <span class='ocrx_word' id='word_1_418' title='bbox 3172 2557 3433 2627; x_wconf 88' lang='lat' dir='ltr'>plantati.</span> <span class='ocrx_word' id='word_1_419' title='bbox 3479 2558 3667 2629; x_wconf 88' lang='lat' dir='ltr'>Quam</span> <span class='ocrx_word' id='word_1_420' title='bbox 3704 2559 3878 2635; x_wconf 88' lang='lat' dir='ltr'>plan-</span> 
     </span>
    </p>
   </div>
   <div class='ocr_carea' id='block_1_60' title="bbox 2156 2640 3871 2720">
    <p class='ocr_par' dir='ltr' id='par_1_60' title="bbox 2156 2640 3871 2720">
     <span class='ocr_line' id='line_1_60' title="bbox 2156 2640 3871 2720; baseline 0.007 -24"><span class='ocrx_word' id='word_1_421' title='bbox 2156 2640 2430 2699; x_wconf 91' lang='lat' dir='ltr'>tationem</span> <span class='ocrx_word' id='word_1_422' title='bbox 2481 2642 2698 2702; x_wconf 90' lang='lat' dir='ltr'>Paulus</span> <span class='ocrx_word' id='word_1_423' title='bbox 2747 2643 3035 2704; x_wconf 84' lang='lat' dir='ltr'>indicabat</span> <span class='ocrx_word' id='word_1_424' title='bbox 3085 2646 3349 2720; x_wconf 84' lang='lat' dir='ltr'>Ephesiis</span> <span class='ocrx_word' id='word_1_425' title='bbox 3381 2696 3395 2718; x_wconf 93' lang='lat'>,</span> <span class='ocrx_word' id='word_1_426' title='bbox 3425 2663 3560 2706; x_wconf 93' lang='lat' dir='ltr'>cum</span> <span class='ocrx_word' id='word_1_427' title='bbox 3604 2648 3871 2709; x_wconf 87' lang='lat' dir='ltr'>dicebat:</span> 
     </span>
    </p>
   </div>
   <div class='ocr_carea' id='block_1_61' title="bbox 2159 2731 3875 2812">
    <p class='ocr_par' dir='ltr' id='par_1_61' title="bbox 2159 2731 3875 2812">
     <span class='ocr_line' id='line_1_61' title="bbox 2159 2731 3875 2812; baseline 0.006 -23"><span class='ocrx_word' id='word_1_428' title='bbox 2159 2753 2181 2782; x_wconf 75' lang='grc' dir='ltr'><strong>α</strong></span> <span class='ocrx_word' id='word_1_429' title='bbox 2216 2731 2291 2790; x_wconf 94' lang='lat' dir='ltr'>Ut</span> <span class='ocrx_word' id='word_1_430' title='bbox 2321 2734 2415 2791; x_wconf 88' lang='lat' dir='ltr'>det</span> <span class='ocrx_word' id='word_1_431' title='bbox 2453 2733 2619 2793; x_wconf 92' lang='lat' dir='ltr'>vobis</span> <span class='ocrx_word' id='word_1_432' title='bbox 2649 2735 2971 2795; x_wconf 89' lang='lat' dir='ltr'>secundum</span> <span class='ocrx_word' id='word_1_433' title='bbox 2998 2735 3232 2796; x_wconf 90' lang='lat' dir='ltr'>divitias</span> <span class='ocrx_word' id='word_1_434' title='bbox 3256 2738 3458 2812; x_wconf 88' lang='lat' dir='ltr'>gloria</span> <span class='ocrx_word' id='word_1_435' title='bbox 3495 2755 3618 2798; x_wconf 90' lang='lat' dir='ltr'>sua</span> <span class='ocrx_word' id='word_1_436' title='bbox 3656 2740 3875 2800; x_wconf 88' lang='lat' dir='ltr'>virtute</span> 
     </span>
    </p>
   </div>
   <div class='ocr_carea' id='block_1_62' title="bbox 2152 2823 3875 2899">
    <p class='ocr_par' dir='ltr' id='par_1_62' title="bbox 2152 2823 3875 2899">
     <span class='ocr_line' id='line_1_62' title="bbox 2152 2823 3875 2899; baseline 0.002 -19"><span class='ocrx_word' id='word_1_437' title='bbox 2152 2823 2511 2882; x_wconf 90' lang='lat' dir='ltr'>corroborari</span> <span class='ocrx_word' id='word_1_438' title='bbox 2560 2841 2661 2899; x_wconf 89' lang='lat' dir='ltr'>per</span> <span class='ocrx_word' id='word_1_439' title='bbox 2706 2824 2991 2899; x_wconf 90' lang='lat' dir='ltr'>Spiritum</span> <span class='ocrx_word' id='word_1_440' title='bbox 3030 2828 3155 2899; x_wconf 88' lang='lat' dir='ltr'>ejus</span> <span class='ocrx_word' id='word_1_441' title='bbox 3199 2827 3259 2886; x_wconf 92' lang='lat' dir='ltr'>in</span> <span class='ocrx_word' id='word_1_442' title='bbox 3300 2829 3635 2887; x_wconf 89' lang='lat' dir='ltr'>interiorem</span> <span class='ocrx_word' id='word_1_443' title='bbox 3688 2829 3875 2888; x_wconf 92' lang='lat' dir='ltr'>homi-</span> 
     </span>
    </p>
   </div>
   <div class='ocr_carea' id='block_1_63' title="bbox 2157 2912 3875 2989">
    <p class='ocr_par' dir='ltr' id='par_1_63' title="bbox 2157 2912 3875 2989">
     <span class='ocr_line' id='line_1_63' title="bbox 2157 2912 3875 2989; baseline 0.005 -21"><span class='ocrx_word' id='word_1_444' title='bbox 2157 2926 2335 2981; x_wconf 90' lang='lat' dir='ltr'>nem,</span> <span class='ocrx_word' id='word_1_445' title='bbox 2394 2912 2693 2972; x_wconf 88' lang='lat' dir='ltr'>Christum</span> <span class='ocrx_word' id='word_1_446' title='bbox 2760 2914 3020 2974; x_wconf 89' lang='lat' dir='ltr'>habitare</span> <span class='ocrx_word' id='word_1_447' title='bbox 3083 2932 3184 2989; x_wconf 92' lang='lat' dir='ltr'>per</span> <span class='ocrx_word' id='word_1_448' title='bbox 3244 2915 3418 2976; x_wconf 86' lang='lat' dir='ltr'>fidem</span> <span class='ocrx_word' id='word_1_449' title='bbox 3482 2917 3544 2976; x_wconf 91' lang='lat' dir='ltr'>in</span> <span class='ocrx_word' id='word_1_450' title='bbox 3600 2917 3875 2977; x_wconf 89' lang='lat' dir='ltr'>cordibus</span> 
     </span>
    </p>
   </div>
   <div class='ocr_carea' id='block_1_64' title="bbox 2151 3000 3871 3080">
    <p class='ocr_par' dir='ltr' id='par_1_64' title="bbox 2151 3000 3871 3080">
     <span class='ocr_line' id='line_1_64' title="bbox 2151 3000 3871 3080; baseline 0.005 -23"><span class='ocrx_word' id='word_1_451' title='bbox 2151 3000 2403 3071; x_wconf 90' lang='lat' dir='ltr'>vestris,</span> <span class='ocrx_word' id='word_1_452' title='bbox 2466 3002 2531 3059; x_wconf 90' lang='lat' dir='ltr'>in</span> <span class='ocrx_word' id='word_1_453' title='bbox 2593 3002 2868 3061; x_wconf 88' lang='lat' dir='ltr'>cbaritate</span> <span class='ocrx_word' id='word_1_454' title='bbox 2935 3003 3172 3064; x_wconf 89' lang='lat' dir='ltr'>radicati</span> <span class='ocrx_word' id='word_1_455' title='bbox 3242 3012 3298 3063; x_wconf 90' lang='lat' dir='ltr'>et</span> <span class='ocrx_word' id='word_1_456' title='bbox 3364 3007 3589 3066; x_wconf 90' lang='lat' dir='ltr'>fundati</span> <span class='ocrx_word' id='word_1_457' title='bbox 3643 3010 3871 3080; x_wconf 83' lang='lat' dir='ltr'>(Ephes.</span> 
     </span>
    </p>
   </div>
   <div class='ocr_carea' id='block_1_65' title="bbox 2093 3089 3876 3184">
    <p class='ocr_par' dir='ltr' id='par_1_65' title="bbox 2093 3089 3876 3184">
     <span class='ocr_line' id='line_1_65' title="bbox 2093 3089 3876 3184; baseline 0.007 -39"><span class='ocrx_word' id='word_1_458' title='bbox 2093 3093 2263 3184; x_wconf 75' lang='lat' dir='ltr'>Cm).</span> <span class='ocrx_word' id='word_1_459' title='bbox 2308 3112 2346 3184; x_wconf 28' lang='lat' dir='ltr'><strong>An</strong></span> <span class='ocrx_word' id='word_1_460' title='bbox 2399 3089 2580 3184; x_wconf 62' lang='lat' dir='ltr'>:I&#39;erra</span> <span class='ocrx_word' id='word_1_461' title='bbox 2637 3098 2830 3151; x_wconf 91' lang='lat' dir='ltr'>autem</span> <span class='ocrx_word' id='word_1_462' title='bbox 2890 3099 3083 3151; x_wconf 89' lang='lat' dir='ltr'>nostra</span> <span class='ocrx_word' id='word_1_463' title='bbox 3114 3140 3129 3164; x_wconf 94' lang='lat'>,</span> <span class='ocrx_word' id='word_1_464' title='bbox 3186 3095 3289 3153; x_wconf 92' lang='lat' dir='ltr'>ubi</span> <span class='ocrx_word' id='word_1_465' title='bbox 3344 3097 3465 3169; x_wconf 92' lang='lat' dir='ltr'>spei</span> <span class='ocrx_word' id='word_1_466' title='bbox 3523 3102 3735 3156; x_wconf 88' lang='lat' dir='ltr'>nostra</span> <span class='ocrx_word' id='word_1_467' title='bbox 3788 3114 3876 3156; x_wconf 89' lang='lat' dir='ltr'>ra-</span> 
     </span>
    </p>
   </div>
   <div class='ocr_carea' id='block_1_66' title="bbox 2156 3176 3872 3261">
    <p class='ocr_par' dir='ltr' id='par_1_66' title="bbox 2156 3176 3872 3261">
     <span class='ocr_line' id='line_1_66' title="bbox 2156 3176 3872 3261; baseline 0.005 -24"><span class='ocrx_word' id='word_1_468' title='bbox 2156 3179 2260 3237; x_wconf 82' lang='lat' dir='ltr'>dix</span> <span class='ocrx_word' id='word_1_469' title='bbox 2295 3176 2437 3233; x_wconf 90' lang='lat'><strong>110</strong></span> <span class='ocrx_word' id='word_1_470' title='bbox 2467 3180 2761 3254; x_wconf 90' lang='lat' dir='ltr'>innititur,</span> <span class='ocrx_word' id='word_1_471' title='bbox 2792 3183 2894 3241; x_wconf 93' lang='lat' dir='ltr'>illa</span> <span class='ocrx_word' id='word_1_472' title='bbox 2932 3184 3182 3256; x_wconf 89' lang='lat' dir='ltr'>profecto</span> <span class='ocrx_word' id='word_1_473' title='bbox 3219 3190 3304 3244; x_wconf 89' lang='lat' dir='ltr'>est</span> <span class='ocrx_word' id='word_1_474' title='bbox 3330 3184 3401 3243; x_wconf 93' lang='lat' dir='ltr'>de</span> <span class='ocrx_word' id='word_1_475' title='bbox 3427 3201 3540 3259; x_wconf 90' lang='lat' dir='ltr'>qua</span> <span class='ocrx_word' id='word_1_476' title='bbox 3571 3202 3673 3261; x_wconf 90' lang='lat' dir='ltr'>per</span> <span class='ocrx_word' id='word_1_477' title='bbox 3710 3185 3872 3245; x_wconf 88' lang='lat' dir='ltr'>Psal-</span> 
     </span>
    </p>
   </div>
   <div class='ocr_carea' id='block_1_67' title="bbox 2157 3267 3870 3335">
    <p class='ocr_par' dir='ltr' id='par_1_67' title="bbox 2157 3267 3870 3335">
     <span class='ocr_line' id='line_1_67' title="bbox 2157 3267 3870 3335; baseline 0.005 -10"><span class='ocrx_word' id='word_1_478' title='bbox 2157 3269 2390 3326; x_wconf 87' lang='lat' dir='ltr'>mistam</span> <span class='ocrx_word' id='word_1_479' title='bbox 2437 3267 2699 3328; x_wconf 90' lang='lat' dir='ltr'>dicitur:</span> <span class='ocrx_word' id='word_1_480' title='bbox 2753 3297 2778 3319; x_wconf 85' lang='grc'>‹‹</span> <span class='ocrx_word' id='word_1_481' title='bbox 2834 3271 3025 3330; x_wconf 82' lang='grc' dir='ltr'><strong>Ρο1110</strong></span> <span class='ocrx_word' id='word_1_482' title='bbox 3075 3288 3203 3331; x_wconf 90' lang='lat' dir='ltr'>mea</span> <span class='ocrx_word' id='word_1_483' title='bbox 3242 3273 3304 3331; x_wconf 92' lang='lat' dir='ltr'>in</span> <span class='ocrx_word' id='word_1_484' title='bbox 3348 3280 3495 3333; x_wconf 90' lang='lat' dir='ltr'>terra</span> <span class='ocrx_word' id='word_1_485' title='bbox 3545 3275 3870 3335; x_wconf 87' lang='lat' dir='ltr'>viventium</span> 
     </span>
    </p>
   </div>
   <div class='ocr_carea' id='block_1_68' title="bbox 2158 3360 3874 3440">
    <p class='ocr_par' dir='ltr' id='par_1_68' title="bbox 2158 3360 3874 3440">
     <span class='ocr_line' id='line_1_68' title="bbox 2158 3360 3874 3440; baseline 0.007 -27"><span class='ocrx_word' id='word_1_486' title='bbox 2158 3361 2333 3425; x_wconf 88' lang='lat' dir='ltr'>(Psal.</span> <span class='ocrx_word' id='word_1_487' title='bbox 2361 3360 2560 3430; x_wconf 78' lang='lat' dir='ltr'>CXLI);</span> <span class='ocrx_word' id='word_1_488' title='bbox 2594 3384 2616 3409; x_wconf 79' lang='grc' dir='ltr'><strong>υ</strong></span> <span class='ocrx_word' id='word_1_489' title='bbox 2650 3360 2772 3418; x_wconf 86' lang='lat' dir='ltr'>sive</span> <span class='ocrx_word' id='word_1_490' title='bbox 2805 3362 2977 3419; x_wconf 92' lang='lat' dir='ltr'>etiam</span> <span class='ocrx_word' id='word_1_491' title='bbox 3017 3360 3349 3421; x_wconf 91' lang='lat' dir='ltr'>humanitas</span> <span class='ocrx_word' id='word_1_492' title='bbox 3379 3362 3613 3436; x_wconf 90' lang='lat' dir='ltr'>Christi,</span> <span class='ocrx_word' id='word_1_493' title='bbox 3648 3365 3719 3423; x_wconf 92' lang='lat' dir='ltr'>de</span> <span class='ocrx_word' id='word_1_494' title='bbox 3756 3382 3874 3440; x_wconf 89' lang='lat' dir='ltr'>qua</span> 
     </span>
    </p>
   </div>
   <div class='ocr_carea' id='block_1_69' title="bbox 356 3444 3869 3524">
    <p class='ocr_par' dir='ltr' id='par_1_69' title="bbox 356 3444 3869 3524">
     <span class='ocr_line' id='line_1_69' title="bbox 356 3444 3869 3524; baseline 0 -13"><span class='ocrx_word' id='word_1_495' title='bbox 356 3446 539 3524; x_wconf 81' lang='lat' dir='ltr'>mino,</span> <span class='ocrx_word' id='word_1_496' title='bbox 571 3451 712 3510; x_wconf 93' lang='lat' dir='ltr'>dum</span> <span class='ocrx_word' id='word_1_497' title='bbox 736 3449 809 3508; x_wconf 91' lang='lat' dir='ltr'>ad</span> <span class='ocrx_word' id='word_1_498' title='bbox 835 3449 965 3508; x_wconf 89' lang='lat' dir='ltr'>illas</span> <span class='ocrx_word' id='word_1_499' title='bbox 994 3465 1095 3507; x_wconf 92' lang='lat' dir='ltr'>vos</span> <span class='ocrx_word' id='word_1_500' title='bbox 1122 3449 1325 3522; x_wconf 90' lang='lat' dir='ltr'>epulas</span> <span class='ocrx_word' id='word_1_501' title='bbox 1349 3448 1548 3506; x_wconf 90' lang='lat' dir='ltr'>avidos</span> <span class='ocrx_word' id='word_1_502' title='bbox 1573 3454 1746 3523; x_wconf 91' lang='lat' dir='ltr'>atque</span> <span class='ocrx_word' id='word_1_503' title='bbox 1776 3449 2071 3509; x_wconf 90' lang='lat' dir='ltr'>inhiantes</span> <span class='ocrx_word' id='word_1_504' title='bbox 2154 3444 2309 3503; x_wconf 92' lang='lat' dir='ltr'>idem</span> <span class='ocrx_word' id='word_1_505' title='bbox 2351 3447 2629 3521; x_wconf 91' lang='lat' dir='ltr'>propheta</span> <span class='ocrx_word' id='word_1_506' title='bbox 2664 3448 2805 3506; x_wconf 89' lang='lat' dir='ltr'>alibi</span> <span class='ocrx_word' id='word_1_507' title='bbox 2842 3449 3127 3522; x_wconf 87' lang='lat' dir='ltr'>perhibet,</span> <span class='ocrx_word' id='word_1_508' title='bbox 3160 3450 3357 3509; x_wconf 84' lang='lat' dir='ltr'>dicens</span> <span class='ocrx_word' id='word_1_509' title='bbox 3388 3470 3401 3509; x_wconf 91' lang='lat'><strong>:</strong></span> <span class='ocrx_word' id='word_1_510' title='bbox 3454 3475 3476 3503; x_wconf 78' lang='grc' dir='ltr'>ι</span> <span class='ocrx_word' id='word_1_511' title='bbox 3512 3451 3742 3511; x_wconf 89' lang='lat' dir='ltr'>Etenim</span> <span class='ocrx_word' id='word_1_512' title='bbox 3772 3454 3869 3511; x_wconf 86' lang='lat' dir='ltr'>ﬁr-</span> 
     </span>
    </p>
   </div>
   <div class='ocr_carea' id='block_1_70' title="bbox 356 3534 3868 3616">
    <p class='ocr_par' dir='ltr' id='par_1_70' title="bbox 356 3534 3868 3616">
     <span class='ocr_line' id='line_1_70' title="bbox 356 3534 3868 3616; baseline -0 -16"><span class='ocrx_word' id='word_1_513' title='bbox 356 3542 691 3615; x_wconf 90' lang='lat' dir='ltr'>aspicimus,</span> <span class='ocrx_word' id='word_1_514' title='bbox 726 3555 975 3616; x_wconf 87' lang='lat' dir='ltr'>quarum</span> <span class='ocrx_word' id='word_1_515' title='bbox 1019 3538 1237 3597; x_wconf 90' lang='lat' dir='ltr'>sobrios</span> <span class='ocrx_word' id='word_1_516' title='bbox 1273 3541 1327 3595; x_wconf 88' lang='lat' dir='ltr'>et</span> <span class='ocrx_word' id='word_1_517' title='bbox 1361 3539 1698 3607; x_wconf 86' lang='lat' dir='ltr'>fastidiosos,</span> <span class='ocrx_word' id='word_1_518' title='bbox 1732 3539 1890 3597; x_wconf 90' lang='lat' dir='ltr'>velut</span> <span class='ocrx_word' id='word_1_519' title='bbox 1919 3538 2069 3597; x_wconf 90' lang='lat' dir='ltr'>male</span> <span class='ocrx_word' id='word_1_520' title='bbox 2154 3534 2335 3591; x_wconf 90' lang='lat' dir='ltr'>mavit</span> <span class='ocrx_word' id='word_1_521' title='bbox 2378 3535 2576 3594; x_wconf 91' lang='lat' dir='ltr'>orbem</span> <span class='ocrx_word' id='word_1_522' title='bbox 2624 3542 2809 3608; x_wconf 90' lang='lat' dir='ltr'>terra,</span> <span class='ocrx_word' id='word_1_523' title='bbox 2859 3538 2964 3611; x_wconf 91' lang='lat' dir='ltr'>qui</span> <span class='ocrx_word' id='word_1_524' title='bbox 3016 3555 3131 3597; x_wconf 91' lang='lat' dir='ltr'>non</span> <span class='ocrx_word' id='word_1_525' title='bbox 3185 3542 3647 3599; x_wconf 90' lang='lat' dir='ltr'>commovebitur</span> <span class='ocrx_word' id='word_1_526' title='bbox 3695 3544 3868 3607; x_wconf 83' lang='lat' dir='ltr'>(Psal.</span> 
     </span>
    </p>
   </div>
   <div class='ocr_carea' id='block_1_71' title="bbox 363 3624 3870 3706">
    <p class='ocr_par' dir='ltr' id='par_1_71' title="bbox 363 3624 3870 3706">
     <span class='ocr_line' id='line_1_71' title="bbox 363 3624 3870 3706; baseline -0 -16"><span class='ocrx_word' id='word_1_527' title='bbox 363 3634 765 3706; x_wconf 85' lang='lat' dir='ltr'>languescente</span> <span class='ocrx_word' id='word_1_528' title='bbox 822 3630 1034 3688; x_wconf 88' lang='lat' dir='ltr'>mentis</span> <span class='ocrx_word' id='word_1_529' title='bbox 1074 3628 1388 3698; x_wconf 90' lang='lat' dir='ltr'>stomacho,</span> <span class='ocrx_word' id='word_1_530' title='bbox 1420 3628 1589 3686; x_wconf 91' lang='lat' dir='ltr'>morti</span> <span class='ocrx_word' id='word_1_531' title='bbox 1631 3628 1928 3703; x_wconf 85' lang='lat' dir='ltr'>proximos</span> <span class='ocrx_word' id='word_1_532' title='bbox 1970 3631 2070 3703; x_wconf 92' lang='lat' dir='ltr'>ju-</span> <span class='ocrx_word' id='word_1_533' title='bbox 2154 3627 2317 3693; x_wconf 83' lang='lat' dir='ltr'>XCII).</span> <span class='ocrx_word' id='word_1_534' title='bbox 2374 3648 2402 3672; x_wconf 85' lang='lat'><strong>»</strong></span> <span class='ocrx_word' id='word_1_535' title='bbox 2464 3624 2524 3683; x_wconf 91' lang='lat' dir='ltr'>Si</span> <span class='ocrx_word' id='word_1_536' title='bbox 2582 3641 2716 3699; x_wconf 91' lang='lat' dir='ltr'>ergo</span> <span class='ocrx_word' id='word_1_537' title='bbox 2769 3632 2835 3684; x_wconf 91' lang='lat' dir='ltr'>ut</span> <span class='ocrx_word' id='word_1_538' title='bbox 2891 3627 3269 3687; x_wconf 86' lang='lat' dir='ltr'>infructuosa</span> <span class='ocrx_word' id='word_1_539' title='bbox 3326 3629 3557 3688; x_wconf 91' lang='lat' dir='ltr'>arbores</span> <span class='ocrx_word' id='word_1_540' title='bbox 3612 3646 3870 3689; x_wconf 88' lang='lat' dir='ltr'>arescere</span> 
     </span>
    </p>
   </div>
   <div class='ocr_carea' id='block_1_72' title="bbox 356 3712 3870 3792">
    <p class='ocr_par' dir='ltr' id='par_1_72' title="bbox 356 3712 3870 3792">
     <span class='ocr_line' id='line_1_72' title="bbox 356 3712 3870 3792; baseline -0.001 -13"><span class='ocrx_word' id='word_1_541' title='bbox 356 3720 638 3779; x_wconf 87' lang='lat' dir='ltr'>dicamus.</span> <span class='ocrx_word' id='word_1_542' title='bbox 687 3719 756 3777; x_wconf 89' lang='lat' dir='ltr'>Et</span> <span class='ocrx_word' id='word_1_543' title='bbox 802 3719 933 3776; x_wconf 92' lang='lat' dir='ltr'>licet</span> <span class='ocrx_word' id='word_1_544' title='bbox 979 3734 1113 3776; x_wconf 91' lang='lat' dir='ltr'>vera</span> <span class='ocrx_word' id='word_1_545' title='bbox 1163 3716 1409 3774; x_wconf 89' lang='lat' dir='ltr'>charitas</span> <span class='ocrx_word' id='word_1_546' title='bbox 1446 3732 1563 3775; x_wconf 91' lang='lat' dir='ltr'>non</span> <span class='ocrx_word' id='word_1_547' title='bbox 1616 3717 1869 3791; x_wconf 90' lang='lat' dir='ltr'>patiatur</span> <span class='ocrx_word' id='word_1_548' title='bbox 1918 3718 2069 3776; x_wconf 88' lang='lat' dir='ltr'>inter</span> <span class='ocrx_word' id='word_1_549' title='bbox 2152 3712 2447 3784; x_wconf 78' lang='lat' dir='ltr'>nolumHS,</span> <span class='ocrx_word' id='word_1_550' title='bbox 2497 3713 2546 3771; x_wconf 89' lang='lat' dir='ltr'>si</span> <span class='ocrx_word' id='word_1_551' title='bbox 2605 3714 2909 3773; x_wconf 80' lang='lat' dir='ltr'>securibus</span> <span class='ocrx_word' id='word_1_552' title='bbox 2960 3717 3152 3775; x_wconf 86' lang='lat' dir='ltr'>excidi</span> <span class='ocrx_word' id='word_1_553' title='bbox 3204 3733 3271 3775; x_wconf 89' lang='lat' dir='ltr'>ac</span> <span class='ocrx_word' id='word_1_554' title='bbox 3317 3717 3579 3792; x_wconf 88' lang='lat' dir='ltr'>deputari</span> <span class='ocrx_word' id='word_1_555' title='bbox 3633 3718 3870 3792; x_wconf 91' lang='lat' dir='ltr'>ignibus</span> 
     </span>
    </p>
   </div>
   <div class='ocr_carea' id='block_1_73' title="bbox 355 3804 3987 3882">
    <p class='ocr_par' dir='ltr' id='par_1_73' title="bbox 355 3804 3987 3882">
     <span class='ocr_line' id='line_1_73' title="bbox 355 3804 3987 3882; baseline 0 -14"><span class='ocrx_word' id='word_1_556' title='bbox 355 3811 559 3869; x_wconf 85' lang='lat' dir='ltr'>fratres</span> <span class='ocrx_word' id='word_1_557' title='bbox 585 3810 812 3868; x_wconf 89' lang='lat' dir='ltr'>diversa</span> <span class='ocrx_word' id='word_1_558' title='bbox 850 3805 1071 3877; x_wconf 91' lang='lat' dir='ltr'>sentiri,</span> <span class='ocrx_word' id='word_1_559' title='bbox 1104 3807 1300 3878; x_wconf 90' lang='lat' dir='ltr'>fateor,</span> <span class='ocrx_word' id='word_1_560' title='bbox 1344 3812 1530 3863; x_wconf 89' lang='lat' dir='ltr'>tamen</span> <span class='ocrx_word' id='word_1_561' title='bbox 1576 3805 1635 3862; x_wconf 90' lang='lat' dir='ltr'>in</span> <span class='ocrx_word' id='word_1_562' title='bbox 1683 3807 1791 3864; x_wconf 88' lang='lat' dir='ltr'>hoc</span> <span class='ocrx_word' id='word_1_563' title='bbox 1822 3807 2068 3867; x_wconf 90' lang='lat' dir='ltr'>articulo</span> <span class='ocrx_word' id='word_1_564' title='bbox 2152 3804 2446 3862; x_wconf 90' lang='lat' dir='ltr'>inutiliter</span> <span class='ocrx_word' id='word_1_565' title='bbox 2498 3804 2900 3877; x_wconf 89' lang='lat' dir='ltr'>formidamus,</span> <span class='ocrx_word' id='word_1_566' title='bbox 2954 3807 3014 3865; x_wconf 92' lang='lat' dir='ltr'>in</span> <span class='ocrx_word' id='word_1_567' title='bbox 3070 3807 3170 3867; x_wconf 90' lang='lat' dir='ltr'>illa</span> <span class='ocrx_word' id='word_1_568' title='bbox 3214 3825 3599 3882; x_wconf 89' lang='lat' dir='ltr'>supernorum</span> <span class='ocrx_word' id='word_1_569' title='bbox 3650 3809 3869 3870; x_wconf 90' lang='lat' dir='ltr'>civium</span> <span class='ocrx_word' id='word_1_570' title='bbox 3970 3827 3987 3845; x_wconf 73' lang='grc' dir='ltr'><strong><em>ο</em></strong></span> 
     </span>
    </p>
   </div>
   <div class='ocr_carea' id='block_1_74' title="bbox 352 3892 3869 3972">
    <p class='ocr_par' dir='ltr' id='par_1_74' title="bbox 352 3892 3869 3972">
     <span class='ocr_line' id='line_1_74' title="bbox 352 3892 3869 3972; baseline -0.001 -15"><span class='ocrx_word' id='word_1_571' title='bbox 352 3913 450 3957; x_wconf 91' lang='lat' dir='ltr'>cor</span> <span class='ocrx_word' id='word_1_572' title='bbox 499 3911 695 3954; x_wconf 88' lang='lat' dir='ltr'>meum</span> <span class='ocrx_word' id='word_1_573' title='bbox 750 3901 940 3955; x_wconf 90' lang='lat' dir='ltr'>vester</span> <span class='ocrx_word' id='word_1_574' title='bbox 1000 3909 1212 3952; x_wconf 79' lang='lat' dir='ltr'>maror</span> <span class='ocrx_word' id='word_1_575' title='bbox 1262 3892 1567 3958; x_wconf 82' lang='lat' dir='ltr'>exbilarat,</span> <span class='ocrx_word' id='word_1_576' title='bbox 1625 3899 1818 3967; x_wconf 90' lang='lat' dir='ltr'>atque,</span> <span class='ocrx_word' id='word_1_577' title='bbox 1874 3900 1939 3952; x_wconf 93' lang='lat' dir='ltr'>ut</span> <span class='ocrx_word' id='word_1_578' title='bbox 1989 3895 2068 3952; x_wconf 92' lang='lat' dir='ltr'>ita</span> <span class='ocrx_word' id='word_1_579' title='bbox 2150 3892 2355 3966; x_wconf 90' lang='lat' dir='ltr'>patria,</span> <span class='ocrx_word' id='word_1_580' title='bbox 2396 3892 2457 3949; x_wconf 92' lang='lat' dir='ltr'>in</span> <span class='ocrx_word' id='word_1_581' title='bbox 2510 3892 2872 3953; x_wconf 87' lang='lat' dir='ltr'>humanitate</span> <span class='ocrx_word' id='word_1_582' title='bbox 2918 3894 3317 3969; x_wconf 82' lang='lat' dir='ltr'>Redemptoris</span> <span class='ocrx_word' id='word_1_583' title='bbox 3360 3897 3544 3956; x_wconf 90' lang='lat' dir='ltr'>nostri</span> <span class='ocrx_word' id='word_1_584' title='bbox 3585 3913 3687 3972; x_wconf 93' lang='lat' dir='ltr'>per</span> <span class='ocrx_word' id='word_1_585' title='bbox 3734 3897 3869 3955; x_wconf 89' lang='lat' dir='ltr'>cha-</span> 
     </span>
    </p>
   </div>
   <div class='ocr_carea' id='block_1_75' title="bbox 355 3980 3869 4060">
    <p class='ocr_par' dir='ltr' id='par_1_75' title="bbox 355 3980 3869 4060">
     <span class='ocr_line' id='line_1_75' title="bbox 355 3980 3869 4060; baseline -0.001 -14"><span class='ocrx_word' id='word_1_586' title='bbox 355 3987 630 4057; x_wconf 81' lang='lat' dir='ltr'>dixerim,</span> <span class='ocrx_word' id='word_1_587' title='bbox 670 3985 992 4045; x_wconf 92' lang='lat' dir='ltr'>amaritudo</span> <span class='ocrx_word' id='word_1_588' title='bbox 1043 3988 1249 4041; x_wconf 88' lang='lat' dir='ltr'>vestra</span> <span class='ocrx_word' id='word_1_589' title='bbox 1309 3982 1555 4039; x_wconf 89' lang='lat' dir='ltr'>tristitia</span> <span class='ocrx_word' id='word_1_590' title='bbox 1610 3998 1809 4040; x_wconf 92' lang='lat' dir='ltr'>meum</span> <span class='ocrx_word' id='word_1_591' title='bbox 1870 3990 2068 4055; x_wconf 90' lang='lat' dir='ltr'>pectus</span> <span class='ocrx_word' id='word_1_592' title='bbox 2152 3980 2336 4038; x_wconf 89' lang='lat' dir='ltr'>ritatis</span> <span class='ocrx_word' id='word_1_593' title='bbox 2388 3980 2683 4054; x_wconf 87' lang='lat' dir='ltr'>glutinum</span> <span class='ocrx_word' id='word_1_594' title='bbox 2739 3981 2858 4054; x_wconf 90' lang='lat' dir='ltr'>spei</span> <span class='ocrx_word' id='word_1_595' title='bbox 2915 3989 3127 4041; x_wconf 91' lang='lat' dir='ltr'>nostra</span> <span class='ocrx_word' id='word_1_596' title='bbox 3181 3985 3350 4043; x_wconf 81' lang='lat' dir='ltr'>radix</span> <span class='ocrx_word' id='word_1_597' title='bbox 3406 4001 3632 4060; x_wconf 91' lang='lat' dir='ltr'>semper</span> <span class='ocrx_word' id='word_1_598' title='bbox 3682 3985 3869 4043; x_wconf 87' lang='lat' dir='ltr'>inha-</span> 
     </span>
    </p>
   </div>
   <div class='ocr_carea' id='block_1_76' title="bbox 352 4071 3867 4148">
    <p class='ocr_par' dir='ltr' id='par_1_76' title="bbox 352 4071 3867 4148">
     <span class='ocr_line' id='line_1_76' title="bbox 352 4071 3867 4148; baseline 0 -13"><span class='ocrx_word' id='word_1_599' title='bbox 352 4076 637 4145; x_wconf 89' lang='lat' dir='ltr'>obdulcat,</span> <span class='ocrx_word' id='word_1_600' title='bbox 671 4074 806 4148; x_wconf 86' lang='lat' dir='ltr'>quia</span> <span class='ocrx_word' id='word_1_601' title='bbox 836 4073 993 4131; x_wconf 91' lang='lat' dir='ltr'>unde</span> <span class='ocrx_word' id='word_1_602' title='bbox 1030 4072 1123 4144; x_wconf 89' lang='lat' dir='ltr'>pia</span> <span class='ocrx_word' id='word_1_603' title='bbox 1158 4087 1322 4128; x_wconf 90' lang='lat' dir='ltr'>mens</span> <span class='ocrx_word' id='word_1_604' title='bbox 1364 4076 1552 4128; x_wconf 89' lang='lat' dir='ltr'>vestra</span> <span class='ocrx_word' id='word_1_605' title='bbox 1590 4071 1887 4129; x_wconf 83' lang='lat' dir='ltr'>marendo</span> <span class='ocrx_word' id='word_1_606' title='bbox 1916 4072 2067 4130; x_wconf 90' lang='lat' dir='ltr'>tabe-</span> <span class='ocrx_word' id='word_1_607' title='bbox 2150 4076 2289 4140; x_wconf 91' lang='lat' dir='ltr'>reat,</span> <span class='ocrx_word' id='word_1_608' title='bbox 2341 4076 2407 4129; x_wconf 90' lang='lat' dir='ltr'>ut</span> <span class='ocrx_word' id='word_1_609' title='bbox 2460 4072 2533 4128; x_wconf 91' lang='lat' dir='ltr'>ad</span> <span class='ocrx_word' id='word_1_610' title='bbox 2584 4071 2958 4144; x_wconf 89' lang='lat' dir='ltr'>proferendos</span> <span class='ocrx_word' id='word_1_611' title='bbox 3007 4073 3177 4132; x_wconf 90' lang='lat' dir='ltr'>bona</span> <span class='ocrx_word' id='word_1_612' title='bbox 3224 4075 3571 4148; x_wconf 90' lang='lat' dir='ltr'>operationis</span> <span class='ocrx_word' id='word_1_613' title='bbox 3621 4075 3867 4148; x_wconf 83' lang='lat' dir='ltr'>fructus,</span> 
     </span>
    </p>
   </div>
   <div class='ocr_carea' id='block_1_77' title="bbox 355 4158 3871 4234">
    <p class='ocr_par' dir='ltr' id='par_1_77' title="bbox 355 4158 3871 4234">
     <span class='ocr_line' id='line_1_77' title="bbox 355 4158 3871 4234; baseline 0.001 -12"><span class='ocrx_word' id='word_1_614' title='bbox 355 4166 480 4234; x_wconf 88' lang='lat' dir='ltr'>scit,</span> <span class='ocrx_word' id='word_1_615' title='bbox 519 4163 654 4222; x_wconf 90' lang='lat' dir='ltr'>inde</span> <span class='ocrx_word' id='word_1_616' title='bbox 691 4162 749 4220; x_wconf 91' lang='lat' dir='ltr'>in</span> <span class='ocrx_word' id='word_1_617' title='bbox 796 4178 951 4220; x_wconf 85' lang='lat' dir='ltr'>vera</span> <span class='ocrx_word' id='word_1_618' title='bbox 989 4160 1191 4218; x_wconf 90' lang='lat' dir='ltr'>salutis</span> <span class='ocrx_word' id='word_1_619' title='bbox 1226 4160 1506 4232; x_wconf 89' lang='lat' dir='ltr'>gaudium</span> <span class='ocrx_word' id='word_1_620' title='bbox 1544 4160 1786 4233; x_wconf 89' lang='lat' dir='ltr'>proﬁcit,</span> <span class='ocrx_word' id='word_1_621' title='bbox 1827 4167 2065 4219; x_wconf 90' lang='lat' dir='ltr'>testante</span> <span class='ocrx_word' id='word_1_622' title='bbox 2151 4158 2212 4215; x_wconf 91' lang='lat' dir='ltr'>in</span> <span class='ocrx_word' id='word_1_623' title='bbox 2245 4158 2424 4217; x_wconf 90' lang='lat' dir='ltr'>robur</span> <span class='ocrx_word' id='word_1_624' title='bbox 2462 4158 2826 4218; x_wconf 87' lang='lat' dir='ltr'>fortitudinis</span> <span class='ocrx_word' id='word_1_625' title='bbox 2862 4161 3104 4220; x_wconf 88' lang='lat' dir='ltr'>ﬁrmiter</span> <span class='ocrx_word' id='word_1_626' title='bbox 3140 4162 3518 4221; x_wconf 88' lang='lat' dir='ltr'>convalescat.</span> <span class='ocrx_word' id='word_1_627' title='bbox 3570 4162 3679 4223; x_wconf 91' lang='lat' dir='ltr'>Sed</span> <span class='ocrx_word' id='word_1_628' title='bbox 3722 4164 3871 4224; x_wconf 91' lang='lat' dir='ltr'>sicut</span> 
     </span>
    </p>
   </div>
   <div class='ocr_carea' id='block_1_78' title="bbox 358 4247 3867 4329">
    <p class='ocr_par' dir='ltr' id='par_1_78' title="bbox 358 4247 3867 4329">
     <span class='ocr_line' id='line_1_78' title="bbox 358 4247 3867 4329; baseline -0.001 -17"><span class='ocrx_word' id='word_1_629' title='bbox 358 4253 653 4329; x_wconf 87' lang='lat' dir='ltr'>Apostolo,</span> <span class='ocrx_word' id='word_1_630' title='bbox 682 4250 783 4324; x_wconf 90' lang='lat' dir='ltr'>qui</span> <span class='ocrx_word' id='word_1_631' title='bbox 825 4251 950 4307; x_wconf 86' lang='lat' dir='ltr'>ait:</span> <span class='ocrx_word' id='word_1_632' title='bbox 996 4270 1021 4301; x_wconf 88' lang='grc'>‹‹</span> <span class='ocrx_word' id='word_1_633' title='bbox 1055 4248 1311 4306; x_wconf 88' lang='lat' dir='ltr'>Tristitia</span> <span class='ocrx_word' id='word_1_634' title='bbox 1350 4248 1668 4307; x_wconf 91' lang='lat' dir='ltr'>secundum</span> <span class='ocrx_word' id='word_1_635' title='bbox 1704 4249 1886 4307; x_wconf 91' lang='lat' dir='ltr'>Deum</span> <span class='ocrx_word' id='word_1_636' title='bbox 1916 4250 2066 4309; x_wconf 85' lang='lat' dir='ltr'>salu-</span> <span class='ocrx_word' id='word_1_637' title='bbox 2148 4248 2318 4305; x_wconf 88' lang='lat' dir='ltr'>arbor</span> <span class='ocrx_word' id='word_1_638' title='bbox 2365 4247 2413 4305; x_wconf 92' lang='lat' dir='ltr'>si</span> <span class='ocrx_word' id='word_1_639' title='bbox 2464 4247 2783 4321; x_wconf 90' lang='lat' dir='ltr'>vegetantis</span> <span class='ocrx_word' id='word_1_640' title='bbox 2836 4250 2996 4308; x_wconf 91' lang='lat' dir='ltr'>succi</span> <span class='ocrx_word' id='word_1_641' title='bbox 3045 4251 3289 4310; x_wconf 87' lang='lat' dir='ltr'>humore</span> <span class='ocrx_word' id='word_1_642' title='bbox 3339 4252 3641 4321; x_wconf 90' lang='lat' dir='ltr'>deseritur,</span> <span class='ocrx_word' id='word_1_643' title='bbox 3688 4252 3867 4327; x_wconf 88' lang='lat' dir='ltr'>proti-</span> 
     </span>
    </p>
   </div>
   <div class='ocr_carea' id='block_1_79' title="bbox 358 4337 3867 4417">
    <p class='ocr_par' dir='ltr' id='par_1_79' title="bbox 358 4337 3867 4417">
     <span class='ocr_line' id='line_1_79' title="bbox 358 4337 3867 4417; baseline 0 -17"><span class='ocrx_word' id='word_1_644' title='bbox 358 4350 470 4400; x_wconf 87' lang='lat' dir='ltr'>tem</span> <span class='ocrx_word' id='word_1_645' title='bbox 511 4339 777 4398; x_wconf 90' lang='lat' dir='ltr'>stabilem</span> <span class='ocrx_word' id='word_1_646' title='bbox 827 4343 1094 4411; x_wconf 89' lang='lat' dir='ltr'>operatur</span> <span class='ocrx_word' id='word_1_647' title='bbox 1141 4339 1217 4399; x_wconf 91' lang='grc'><strong>(11</strong></span> <span class='ocrx_word' id='word_1_648' title='bbox 1241 4339 1358 4394; x_wconf 74' lang='lat' dir='ltr'>Cor.</span> <span class='ocrx_word' id='word_1_649' title='bbox 1406 4343 1532 4405; x_wconf 85' lang='lat' dir='ltr'>vn).</span> <span class='ocrx_word' id='word_1_650' title='bbox 1565 4362 1585 4388; x_wconf 72' lang='grc' dir='ltr'><strong>ο</strong></span> <span class='ocrx_word' id='word_1_651' title='bbox 1640 4337 1749 4396; x_wconf 90' lang='lat' dir='ltr'>Sed</span> <span class='ocrx_word' id='word_1_652' title='bbox 1798 4338 1900 4411; x_wconf 91' lang='lat' dir='ltr'>qui</span> <span class='ocrx_word' id='word_1_653' title='bbox 1931 4354 2065 4396; x_wconf 90' lang='lat' dir='ltr'>san-</span> <span class='ocrx_word' id='word_1_654' title='bbox 2148 4354 2261 4396; x_wconf 90' lang='lat' dir='ltr'>nus</span> <span class='ocrx_word' id='word_1_655' title='bbox 2310 4339 2656 4409; x_wconf 83' lang='lat' dir='ltr'>exsiccatur,</span> <span class='ocrx_word' id='word_1_656' title='bbox 2700 4340 2781 4397; x_wconf 91' lang='lat' dir='ltr'>sic</span> <span class='ocrx_word' id='word_1_657' title='bbox 2828 4346 2884 4397; x_wconf 90' lang='lat' dir='ltr'>et</span> <span class='ocrx_word' id='word_1_658' title='bbox 2938 4341 3135 4400; x_wconf 91' lang='lat' dir='ltr'>anima</span> <span class='ocrx_word' id='word_1_659' title='bbox 3187 4347 3403 4414; x_wconf 90' lang='lat' dir='ltr'>nostra,</span> <span class='ocrx_word' id='word_1_660' title='bbox 3450 4343 3563 4401; x_wconf 92' lang='lat' dir='ltr'>nisi</span> <span class='ocrx_word' id='word_1_661' title='bbox 3617 4343 3867 4417; x_wconf 87' lang='lat' dir='ltr'>Spiritus</span> 
     </span>
    </p>
   </div>
   <div class='ocr_carea' id='block_1_80' title="bbox 354 4425 3862 4502">
    <p class='ocr_par' dir='ltr' id='par_1_80' title="bbox 354 4425 3862 4502">
     <span class='ocr_line' id='line_1_80' title="bbox 354 4425 3862 4502; baseline -0 -13"><span class='ocrx_word' id='word_1_662' title='bbox 354 4437 577 4491; x_wconf 90' lang='lat' dir='ltr'>ctorum</span> <span class='ocrx_word' id='word_1_663' title='bbox 632 4428 869 4487; x_wconf 90' lang='lat' dir='ltr'>Patrum</span> <span class='ocrx_word' id='word_1_664' title='bbox 910 4425 1179 4484; x_wconf 79' lang='lat' dir='ltr'>liomilias</span> <span class='ocrx_word' id='word_1_665' title='bbox 1218 4425 1406 4496; x_wconf 85' lang='lat' dir='ltr'>legitis</span> <span class='ocrx_word' id='word_1_666' title='bbox 1432 4473 1446 4496; x_wconf 95' lang='lat'>,</span> <span class='ocrx_word' id='word_1_667' title='bbox 1479 4426 1581 4499; x_wconf 89' lang='lat' dir='ltr'>qui</span> <span class='ocrx_word' id='word_1_668' title='bbox 1621 4426 1878 4500; x_wconf 89' lang='lat' dir='ltr'>quotidie</span> <span class='ocrx_word' id='word_1_669' title='bbox 1919 4425 2333 4502; x_wconf 65' lang='lat' dir='ltr'>sacrinsancti</span> <span class='ocrx_word' id='word_1_670' title='bbox 2381 4426 2581 4497; x_wconf 88' lang='lat' dir='ltr'>gratia</span> <span class='ocrx_word' id='word_1_671' title='bbox 2616 4427 2788 4485; x_wconf 91' lang='lat' dir='ltr'>fuerit</span> <span class='ocrx_word' id='word_1_672' title='bbox 2826 4443 2954 4487; x_wconf 92' lang='lat' dir='ltr'>rore</span> <span class='ocrx_word' id='word_1_673' title='bbox 2989 4429 3243 4502; x_wconf 87' lang='lat' dir='ltr'>perfusa,</span> <span class='ocrx_word' id='word_1_674' title='bbox 3286 4431 3553 4489; x_wconf 83' lang='lat' dir='ltr'>funditus</span> <span class='ocrx_word' id='word_1_675' title='bbox 3599 4430 3862 4500; x_wconf 87' lang='lat' dir='ltr'>arefacta,</span> 
     </span>
    </p>
   </div>
   <div class='ocr_carea' id='block_1_81' title="bbox 352 4514 3867 4595">
    <p class='ocr_par' dir='ltr' id='par_1_81' title="bbox 352 4514 3867 4595">
     <span class='ocr_line' id='line_1_81' title="bbox 352 4514 3867 4595; baseline -0.001 -16"><span class='ocrx_word' id='word_1_676' title='bbox 352 4519 572 4595; x_wconf 86' lang='lat' dir='ltr'>eloquii</span> <span class='ocrx_word' id='word_1_677' title='bbox 620 4515 1098 4576; x_wconf 88' lang='lat' dir='ltr'>meditationibus</span> <span class='ocrx_word' id='word_1_678' title='bbox 1149 4514 1414 4572; x_wconf 89' lang='lat' dir='ltr'>insistere</span> <span class='ocrx_word' id='word_1_679' title='bbox 1470 4530 1585 4573; x_wconf 91' lang='lat' dir='ltr'>non</span> <span class='ocrx_word' id='word_1_680' title='bbox 1643 4515 1893 4586; x_wconf 84' lang='lat' dir='ltr'>cessatis,</span> <span class='ocrx_word' id='word_1_681' title='bbox 1947 4514 2221 4590; x_wconf 76' lang='lat' dir='ltr'>quo”ad</span> <span class='ocrx_word' id='word_1_682' title='bbox 2271 4514 2496 4573; x_wconf 92' lang='lat' dir='ltr'>nullius</span> <span class='ocrx_word' id='word_1_683' title='bbox 2550 4522 2761 4573; x_wconf 89' lang='lat' dir='ltr'>sancta</span> <span class='ocrx_word' id='word_1_684' title='bbox 2808 4516 3157 4589; x_wconf 89' lang='lat' dir='ltr'>operationis</span> <span class='ocrx_word' id='word_1_685' title='bbox 3201 4533 3436 4590; x_wconf 89' lang='lat' dir='ltr'>germen</span> <span class='ocrx_word' id='word_1_686' title='bbox 3486 4516 3693 4591; x_wconf 87' lang='lat' dir='ltr'>poterit</span> <span class='ocrx_word' id='word_1_687' title='bbox 3744 4532 3867 4575; x_wconf 89' lang='lat' dir='ltr'>esse</span> 
     </span>
    </p>
   </div>
   <div class='ocr_carea' id='block_1_82' title="bbox 350 4602 3863 4683">
    <p class='ocr_par' dir='ltr' id='par_1_82' title="bbox 350 4602 3863 4683">
     <span class='ocr_line' id='line_1_82' title="bbox 350 4602 3863 4683; baseline -0.001 -16"><span class='ocrx_word' id='word_1_688' title='bbox 350 4615 515 4683; x_wconf 91' lang='lat' dir='ltr'>pacto</span> <span class='ocrx_word' id='word_1_689' title='bbox 557 4608 706 4665; x_wconf 91' lang='lat' dir='ltr'>inter</span> <span class='ocrx_word' id='word_1_690' title='bbox 734 4606 855 4680; x_wconf 91' lang='lat' dir='ltr'>ipsa</span> <span class='ocrx_word' id='word_1_691' title='bbox 892 4606 1064 4679; x_wconf 90' lang='lat' dir='ltr'>plena</span> <span class='ocrx_word' id='word_1_692' title='bbox 1109 4604 1376 4661; x_wconf 88' lang='lat' dir='ltr'>torrentis</span> <span class='ocrx_word' id='word_1_693' title='bbox 1413 4604 1743 4662; x_wconf 88' lang='lat' dir='ltr'>circumﬂui</span> <span class='ocrx_word' id='word_1_694' title='bbox 1774 4607 2062 4678; x_wconf 87' lang='lat' dir='ltr'>profunda</span> <span class='ocrx_word' id='word_1_695' title='bbox 2154 4602 2419 4659; x_wconf 83' lang='lat' dir='ltr'>fecunda.</span> <span class='ocrx_word' id='word_1_696' title='bbox 2453 4602 2560 4660; x_wconf 91' lang='lat' dir='ltr'>Ille</span> <span class='ocrx_word' id='word_1_697' title='bbox 2601 4606 2759 4661; x_wconf 91' lang='lat' dir='ltr'>enim</span> <span class='ocrx_word' id='word_1_698' title='bbox 2803 4605 3003 4662; x_wconf 91' lang='lat' dir='ltr'>lumen</span> <span class='ocrx_word' id='word_1_699' title='bbox 3045 4606 3340 4665; x_wconf 89' lang='lat' dir='ltr'>mentibus</span> <span class='ocrx_word' id='word_1_700' title='bbox 3379 4607 3609 4680; x_wconf 86' lang='lat' dir='ltr'>ingerit,</span> <span class='ocrx_word' id='word_1_701' title='bbox 3638 4606 3863 4665; x_wconf 88' lang='lat' dir='ltr'>deside-</span> 
     </span>
    </p>
   </div>
   <div class='ocr_carea' id='block_1_83' title="bbox 351 4691 3866 4769">
    <p class='ocr_par' dir='ltr' id='par_1_83' title="bbox 351 4691 3866 4769">
     <span class='ocr_line' id='line_1_83' title="bbox 351 4691 3866 4769; baseline -0.001 -14"><span class='ocrx_word' id='word_1_702' title='bbox 351 4704 463 4755; x_wconf 89' lang='lat' dir='ltr'>tam</span> <span class='ocrx_word' id='word_1_703' title='bbox 490 4695 636 4753; x_wconf 92' lang='lat' dir='ltr'>aridi</span> <span class='ocrx_word' id='word_1_704' title='bbox 667 4700 721 4751; x_wconf 89' lang='lat' dir='ltr'>et</span> <span class='ocrx_word' id='word_1_705' title='bbox 747 4691 1083 4767; x_wconf 89' lang='lat' dir='ltr'>pauperculi</span> <span class='ocrx_word' id='word_1_706' title='bbox 1117 4691 1369 4748; x_wconf 90' lang='lat' dir='ltr'>hominis</span> <span class='ocrx_word' id='word_1_707' title='bbox 1408 4706 1615 4763; x_wconf 90' lang='lat' dir='ltr'>aquam</span> <span class='ocrx_word' id='word_1_708' title='bbox 1655 4692 2063 4765; x_wconf 90' lang='lat' dir='ltr'>despicabilem</span> <span class='ocrx_word' id='word_1_709' title='bbox 2153 4692 2307 4750; x_wconf 91' lang='lat' dir='ltr'>rium</span> <span class='ocrx_word' id='word_1_710' title='bbox 2359 4692 2589 4757; x_wconf 81' lang='lat' dir='ltr'>excitat,</span> <span class='ocrx_word' id='word_1_711' title='bbox 2622 4693 2775 4751; x_wconf 90' lang='lat' dir='ltr'>vires</span> <span class='ocrx_word' id='word_1_712' title='bbox 2820 4693 3098 4753; x_wconf 89' lang='lat' dir='ltr'>infundit.</span> <span class='ocrx_word' id='word_1_713' title='bbox 3149 4695 3403 4754; x_wconf 88' lang='lat' dir='ltr'>Illustrat</span> <span class='ocrx_word' id='word_1_714' title='bbox 3446 4696 3758 4769; x_wconf 91' lang='lat' dir='ltr'>siquidem,</span> <span class='ocrx_word' id='word_1_715' title='bbox 3800 4700 3866 4754; x_wconf 92' lang='lat' dir='ltr'>ut</span> 
     </span>
    </p>
   </div>
   <div class='ocr_carea' id='block_1_84' title="bbox 350 4778 3866 4856">
    <p class='ocr_par' dir='ltr' id='par_1_84' title="bbox 350 4778 3866 4856">
     <span class='ocr_line' id='line_1_84' title="bbox 350 4778 3866 4856; baseline -0.001 -13"><span class='ocrx_word' id='word_1_716' title='bbox 350 4786 509 4844; x_wconf 88' lang='lat' dir='ltr'>sitire</span> <span class='ocrx_word' id='word_1_717' title='bbox 539 4782 887 4855; x_wconf 84' lang='lat' dir='ltr'>dignamini,</span> <span class='ocrx_word' id='word_1_718' title='bbox 917 4780 1029 4838; x_wconf 92' lang='lat' dir='ltr'>nisi</span> <span class='ocrx_word' id='word_1_719' title='bbox 1055 4780 1191 4852; x_wconf 88' lang='lat' dir='ltr'>quia</span> <span class='ocrx_word' id='word_1_720' title='bbox 1215 4778 1284 4836; x_wconf 89' lang='lat' dir='ltr'>ad</span> <span class='ocrx_word' id='word_1_721' title='bbox 1315 4779 1423 4835; x_wconf 92' lang='lat' dir='ltr'>hoc</span> <span class='ocrx_word' id='word_1_722' title='bbox 1448 4794 1563 4835; x_wconf 93' lang='lat' dir='ltr'>non</span> <span class='ocrx_word' id='word_1_723' title='bbox 1595 4796 1756 4837; x_wconf 88' lang='lat' dir='ltr'>amor</span> <span class='ocrx_word' id='word_1_724' title='bbox 1783 4781 2060 4852; x_wconf 88' lang='lat' dir='ltr'>scientia,</span> <span class='ocrx_word' id='word_1_725' title='bbox 2153 4779 2493 4850; x_wconf 90' lang='lat' dir='ltr'>videamus;</span> <span class='ocrx_word' id='word_1_726' title='bbox 2526 4788 2814 4853; x_wconf 86' lang='lat' dir='ltr'>provocat,</span> <span class='ocrx_word' id='word_1_727' title='bbox 2856 4789 2921 4840; x_wconf 92' lang='lat' dir='ltr'>ut</span> <span class='ocrx_word' id='word_1_728' title='bbox 2967 4783 3254 4856; x_wconf 88' lang='lat' dir='ltr'>velimus;</span> <span class='ocrx_word' id='word_1_729' title='bbox 3309 4784 3556 4854; x_wconf 92' lang='lat' dir='ltr'>roborat,</span> <span class='ocrx_word' id='word_1_730' title='bbox 3606 4792 3671 4843; x_wconf 92' lang='lat' dir='ltr'>ut</span> <span class='ocrx_word' id='word_1_731' title='bbox 3714 4783 3866 4842; x_wconf 88' lang='lat' dir='ltr'>bona</span> 
     </span>
    </p>
   </div>
   <div class='ocr_carea' id='block_1_85' title="bbox 265 4866 3869 4950">
    <p class='ocr_par' dir='ltr' id='par_1_85' title="bbox 265 4866 3869 4950">
     <span class='ocr_line' id='line_1_85' title="bbox 265 4866 3869 4950; baseline -0.001 -17"><span class='ocrx_word' id='word_1_732' title='bbox 265 4908 270 4913; x_wconf 90' lang='lat'><strong><em>-</em></strong></span> <span class='ocrx_word' id='word_1_733' title='bbox 350 4890 484 4950; x_wconf 85' lang='lat' dir='ltr'>qua</span> <span class='ocrx_word' id='word_1_734' title='bbox 518 4873 679 4930; x_wconf 88' lang='lat' dir='ltr'>inﬂat</span> <span class='ocrx_word' id='word_1_735' title='bbox 710 4874 751 4942; x_wconf 72' lang='grc' dir='ltr'>(Ι</span> <span class='ocrx_word' id='word_1_736' title='bbox 785 4874 903 4927; x_wconf 87' lang='lat' dir='ltr'>Cor.</span> <span class='ocrx_word' id='word_1_737' title='bbox 941 4868 1084 4939; x_wconf 81' lang='lat' dir='ltr'><strong>VIII),</strong></span> <span class='ocrx_word' id='word_1_738' title='bbox 1118 4866 1381 4940; x_wconf 83' lang='lat' dir='ltr'>impellit,</span> <span class='ocrx_word' id='word_1_739' title='bbox 1414 4867 1512 4925; x_wconf 92' lang='lat' dir='ltr'>sed</span> <span class='ocrx_word' id='word_1_740' title='bbox 1554 4867 1801 4927; x_wconf 89' lang='lat' dir='ltr'>charitas</span> <span class='ocrx_word' id='word_1_741' title='bbox 1845 4873 2060 4943; x_wconf 88' lang='lat' dir='ltr'>potius,</span> <span class='ocrx_word' id='word_1_742' title='bbox 2152 4885 2284 4944; x_wconf 91' lang='lat' dir='ltr'>qua</span> <span class='ocrx_word' id='word_1_743' title='bbox 2314 4869 2592 4928; x_wconf 89' lang='lat' dir='ltr'>volumus</span> <span class='ocrx_word' id='word_1_744' title='bbox 2626 4870 2865 4945; x_wconf 88' lang='lat' dir='ltr'>implere</span> <span class='ocrx_word' id='word_1_745' title='bbox 2911 4873 3228 4933; x_wconf 87' lang='lat' dir='ltr'>valeamus.</span> <span class='ocrx_word' id='word_1_746' title='bbox 3268 4875 3359 4933; x_wconf 87' lang='lat' dir='ltr'><strong>Ex</strong></span> <span class='ocrx_word' id='word_1_747' title='bbox 3389 4874 3492 4932; x_wconf 89' lang='lat' dir='ltr'>illa</span> <span class='ocrx_word' id='word_1_748' title='bbox 3526 4889 3735 4947; x_wconf 89' lang='lat' dir='ltr'>nempe</span> <span class='ocrx_word' id='word_1_749' title='bbox 3783 4874 3869 4930; x_wconf 90' lang='lat' dir='ltr'>fe-</span> 
     </span>
    </p>
   </div>
   <div class='ocr_carea' id='block_1_86' title="bbox 258 4950 3866 5043">
    <p class='ocr_par' dir='ltr' id='par_1_86' title="bbox 258 4950 3866 5043">
     <span class='ocr_line' id='line_1_86' title="bbox 258 4950 3866 5043; baseline -0.002 -16"><span class='ocrx_word' id='word_1_750' title='bbox 258 4950 261 4951; x_wconf 9' lang='lat' dir='ltr'><em>r</em></span> <span class='ocrx_word' id='word_1_751' title='bbox 347 4984 484 5043; x_wconf 82' lang='lat' dir='ltr'>qua</span> <span class='ocrx_word' id='word_1_752' title='bbox 536 4964 780 5023; x_wconf 88' lang='lat' dir='ltr'>adilicat</span> <span class='ocrx_word' id='word_1_753' title='bbox 816 4963 1016 5035; x_wconf 50' lang='lat' dir='ltr'>(Ibid),</span> <span class='ocrx_word' id='word_1_754' title='bbox 1054 4958 1335 5018; x_wconf 87' lang='lat' dir='ltr'>attrahit?</span> <span class='ocrx_word' id='word_1_755' title='bbox 1365 4960 1425 5017; x_wconf 90' lang='lat' dir='ltr'>Si</span> <span class='ocrx_word' id='word_1_756' title='bbox 1453 4959 1609 5017; x_wconf 92' lang='lat' dir='ltr'>enim</span> <span class='ocrx_word' id='word_1_757' title='bbox 1650 4960 1833 5030; x_wconf 89' lang='lat' dir='ltr'>vobis,</span> <span class='ocrx_word' id='word_1_758' title='bbox 1870 4970 1934 5021; x_wconf 86' lang='lat' dir='ltr'>ut</span> <span class='ocrx_word' id='word_1_759' title='bbox 1962 4962 2065 5020; x_wconf 91' lang='lat' dir='ltr'>de-</span> <span class='ocrx_word' id='word_1_760' title='bbox 2150 4960 2443 5019; x_wconf 88' lang='lat' dir='ltr'>cunditate</span> <span class='ocrx_word' id='word_1_761' title='bbox 2491 4962 2775 5035; x_wconf 88' lang='lat' dir='ltr'>prodeunt</span> <span class='ocrx_word' id='word_1_762' title='bbox 2818 4961 3091 5037; x_wconf 83' lang='lat' dir='ltr'>lacryma</span> <span class='ocrx_word' id='word_1_763' title='bbox 3139 4972 3352 5023; x_wconf 89' lang='lat' dir='ltr'>nostra</span> <span class='ocrx_word' id='word_1_764' title='bbox 3385 5010 3398 5037; x_wconf 91' lang='lat'>,</span> <span class='ocrx_word' id='word_1_765' title='bbox 3430 4981 3505 5024; x_wconf 83' lang='lat' dir='ltr'>ex</span> <span class='ocrx_word' id='word_1_766' title='bbox 3560 4964 3662 5023; x_wconf 92' lang='lat' dir='ltr'>illa</span> <span class='ocrx_word' id='word_1_767' title='bbox 3710 4978 3866 5021; x_wconf 92' lang='lat' dir='ltr'>com-</span> 
     </span>
    </p>
   </div>
   <div class='ocr_carea' id='block_1_87' title="bbox 348 5048 3864 5132">
    <p class='ocr_par' dir='ltr' id='par_1_87' title="bbox 348 5048 3864 5132">
     <span class='ocr_line' id='line_1_87' title="bbox 348 5048 3864 5132; baseline -0.002 -15"><span class='ocrx_word' id='word_1_768' title='bbox 348 5057 618 5132; x_wconf 89' lang='lat' dir='ltr'>pescitis,</span> <span class='ocrx_word' id='word_1_769' title='bbox 679 5052 868 5112; x_wconf 87' lang='lat' dir='ltr'>oﬂicio</span> <span class='ocrx_word' id='word_1_770' title='bbox 922 5051 1142 5123; x_wconf 88' lang='lat' dir='ltr'>lingua</span> <span class='ocrx_word' id='word_1_771' title='bbox 1208 5048 1493 5107; x_wconf 87' lang='lat' dir='ltr'>currentis</span> <span class='ocrx_word' id='word_1_772' title='bbox 1545 5049 1867 5123; x_wconf 88' lang='lat' dir='ltr'>eloquerer,</span> <span class='ocrx_word' id='word_1_773' title='bbox 1919 5052 2065 5126; x_wconf 89' lang='lat' dir='ltr'>quid</span> <span class='ocrx_word' id='word_1_774' title='bbox 2148 5050 2492 5125; x_wconf 89' lang='lat' dir='ltr'>punctiones</span> <span class='ocrx_word' id='word_1_775' title='bbox 2532 5050 2838 5123; x_wconf 88' lang='lat' dir='ltr'>mentium,</span> <span class='ocrx_word' id='word_1_776' title='bbox 2887 5066 2959 5110; x_wconf 85' lang='lat' dir='ltr'>ex</span> <span class='ocrx_word' id='word_1_777' title='bbox 3000 5052 3102 5110; x_wconf 91' lang='lat' dir='ltr'>illa</span> <span class='ocrx_word' id='word_1_778' title='bbox 3139 5054 3421 5112; x_wconf 86' lang='lat' dir='ltr'>confessio</span> <span class='ocrx_word' id='word_1_779' title='bbox 3474 5058 3864 5127; x_wconf 78' lang='lat' dir='ltr'>peccatorum.</span> 
     </span>
    </p>
   </div>
   <div class='ocr_carea' id='block_1_88' title="bbox 348 5138 2065 5216">
    <p class='ocr_par' dir='ltr' id='par_1_88' title="bbox 348 5138 2065 5216">
     <span class='ocr_line' id='line_1_88' title="bbox 348 5138 2065 5216; baseline -0.001 -12"><span class='ocrx_word' id='word_1_780' title='bbox 348 5146 531 5216; x_wconf 87' lang='lat' dir='ltr'>aliud,</span> <span class='ocrx_word' id='word_1_781' title='bbox 555 5143 668 5203; x_wconf 89' lang='lat' dir='ltr'>nisi</span> <span class='ocrx_word' id='word_1_782' title='bbox 700 5142 897 5202; x_wconf 89' lang='lat' dir='ltr'>eadem</span> <span class='ocrx_word' id='word_1_783' title='bbox 929 5141 1052 5214; x_wconf 89' lang='lat' dir='ltr'>ipsa</span> <span class='ocrx_word' id='word_1_784' title='bbox 1096 5155 1229 5212; x_wconf 90' lang='lat' dir='ltr'>qua</span> <span class='ocrx_word' id='word_1_785' title='bbox 1256 5138 1467 5213; x_wconf 88' lang='lat' dir='ltr'>legitis,</span> <span class='ocrx_word' id='word_1_786' title='bbox 1503 5140 1693 5199; x_wconf 87' lang='lat' dir='ltr'>verbis</span> <span class='ocrx_word' id='word_1_787' title='bbox 1723 5142 2065 5214; x_wconf 86' lang='lat' dir='ltr'>vulgaribus</span> 
     </span>
    </p>
   </div>
   <div class='ocr_carea' id='block_1_89' title="bbox 348 5231 2062 5305">
    <p class='ocr_par' dir='ltr' id='par_1_89' title="bbox 348 5231 2062 5305">
     <span class='ocr_line' id='line_1_89' title="bbox 348 5231 2062 5305; baseline -0.001 -14"><span class='ocrx_word' id='word_1_788' title='bbox 348 5231 673 5294; x_wconf 84' lang='lat' dir='ltr'>iterarem?</span> <span class='ocrx_word' id='word_1_789' title='bbox 752 5231 973 5291; x_wconf 90' lang='lat' dir='ltr'>Tamen</span> <span class='ocrx_word' id='word_1_790' title='bbox 1040 5231 1177 5304; x_wconf 91' lang='lat' dir='ltr'>quia</span> <span class='ocrx_word' id='word_1_791' title='bbox 1243 5234 1534 5302; x_wconf 88' lang='lat' dir='ltr'>tantopere</span> <span class='ocrx_word' id='word_1_792' title='bbox 1609 5231 1665 5289; x_wconf 94' lang='lat' dir='ltr'>id</span> <span class='ocrx_word' id='word_1_793' title='bbox 1738 5232 2062 5305; x_wconf 88' lang='lat' dir='ltr'>deposcitis,</span> 
     </span>
    </p>
   </div>
   <div class='ocr_carea' id='block_1_90' title="bbox 348 5316 2066 5391">
    <p class='ocr_par' dir='ltr' id='par_1_90' title="bbox 348 5316 2066 5391">
     <span class='ocr_line' id='line_1_90' title="bbox 348 5316 2066 5391; baseline -0.002 -10"><span class='ocrx_word' id='word_1_794' title='bbox 348 5323 552 5381; x_wconf 89' lang='lat' dir='ltr'>amodo</span> <span class='ocrx_word' id='word_1_795' title='bbox 603 5337 738 5381; x_wconf 93' lang='lat' dir='ltr'>cum</span> <span class='ocrx_word' id='word_1_796' title='bbox 785 5320 845 5378; x_wconf 93' lang='lat' dir='ltr'>in</span> <span class='ocrx_word' id='word_1_797' title='bbox 896 5318 1074 5377; x_wconf 88' lang='lat' dir='ltr'>sacris</span> <span class='ocrx_word' id='word_1_798' title='bbox 1126 5316 1587 5377; x_wconf 88' lang='lat' dir='ltr'>solemnitatibus</span> <span class='ocrx_word' id='word_1_799' title='bbox 1632 5321 1975 5391; x_wconf 89' lang='lat' dir='ltr'>convenitis,</span> <span class='ocrx_word' id='word_1_800' title='bbox 2009 5325 2066 5378; x_wconf 91' lang='lat' dir='ltr'>et</span> 
     </span>
    </p>
   </div>
   <div class='ocr_carea' id='block_1_91' title="bbox 351 5406 2067 5484">
    <p class='ocr_par' dir='ltr' id='par_1_91' title="bbox 351 5406 2067 5484">
     <span class='ocr_line' id='line_1_91' title="bbox 351 5406 2067 5484; baseline -0.002 -14"><span class='ocrx_word' id='word_1_801' title='bbox 351 5410 728 5484; x_wconf 91' lang='lat' dir='ltr'>vosmetipsos</span> <span class='ocrx_word' id='word_1_802' title='bbox 756 5426 787 5468; x_wconf 92' lang='lat' dir='ltr'>e</span> <span class='ocrx_word' id='word_1_803' title='bbox 841 5407 1065 5468; x_wconf 91' lang='lat' dir='ltr'>cellulis</span> <span class='ocrx_word' id='word_1_804' title='bbox 1108 5406 1422 5477; x_wconf 90' lang='lat' dir='ltr'>venientes,</span> <span class='ocrx_word' id='word_1_805' title='bbox 1452 5414 1723 5481; x_wconf 88' lang='lat' dir='ltr'>tanquam</span> <span class='ocrx_word' id='word_1_806' title='bbox 1768 5410 1839 5469; x_wconf 94' lang='lat' dir='ltr'>de</span> <span class='ocrx_word' id='word_1_807' title='bbox 1882 5408 2067 5483; x_wconf 92' lang='lat' dir='ltr'>sepul-</span> 
     </span>
    </p>
   </div>
   <div class='ocr_carea' id='block_1_92' title="bbox 359 5494 2066 5572">
    <p class='ocr_par' dir='ltr' id='par_1_92' title="bbox 359 5494 2066 5572">
     <span class='ocr_line' id='line_1_92' title="bbox 359 5494 2066 5572; baseline 0 -14"><span class='ocrx_word' id='word_1_808' title='bbox 359 5499 474 5558; x_wconf 92' lang='lat' dir='ltr'>cris</span> <span class='ocrx_word' id='word_1_809' title='bbox 521 5505 734 5569; x_wconf 86' lang='lat' dir='ltr'>erutos,</span> <span class='ocrx_word' id='word_1_810' title='bbox 770 5498 829 5556; x_wconf 92' lang='lat' dir='ltr'>in</span> <span class='ocrx_word' id='word_1_811' title='bbox 869 5494 1306 5556; x_wconf 85' lang='lat' dir='ltr'>resurrectionis</span> <span class='ocrx_word' id='word_1_812' title='bbox 1344 5496 1619 5569; x_wconf 85' lang='lat' dir='ltr'>gaudium</span> <span class='ocrx_word' id='word_1_813' title='bbox 1664 5503 1872 5557; x_wconf 90' lang='lat' dir='ltr'>mutuo</span> <span class='ocrx_word' id='word_1_814' title='bbox 1916 5514 2066 5572; x_wconf 91' lang='lat' dir='ltr'>pra-</span> 
     </span>
    </p>
   </div>
   <div class='ocr_carea' id='block_1_93' title="bbox 356 5583 2068 5660">
    <p class='ocr_par' dir='ltr' id='par_1_93' title="bbox 356 5583 2068 5660">
     <span class='ocr_line' id='line_1_93' title="bbox 356 5583 2068 5660; baseline -0.004 -10"><span class='ocrx_word' id='word_1_815' title='bbox 356 5586 616 5658; x_wconf 83' lang='lat' dir='ltr'>sentatis,</span> <span class='ocrx_word' id='word_1_816' title='bbox 648 5587 800 5658; x_wconf 91' lang='lat' dir='ltr'>volo,</span> <span class='ocrx_word' id='word_1_817' title='bbox 838 5587 886 5645; x_wconf 93' lang='lat' dir='ltr'>si</span> <span class='ocrx_word' id='word_1_818' title='bbox 924 5583 1257 5660; x_wconf 85' lang='lat' dir='ltr'>praecipitis,</span> <span class='ocrx_word' id='word_1_819' title='bbox 1303 5589 1475 5658; x_wconf 89' lang='lat' dir='ltr'>prout</span> <span class='ocrx_word' id='word_1_820' title='bbox 1520 5584 1703 5659; x_wconf 88' lang='lat' dir='ltr'>gratia</span> <span class='ocrx_word' id='word_1_821' title='bbox 1747 5585 1947 5644; x_wconf 89' lang='lat' dir='ltr'>divina</span> <span class='ocrx_word' id='word_1_822' title='bbox 1975 5585 2068 5644; x_wconf 93' lang='lat' dir='ltr'>di-</span> 
     </span>
    </p>
   </div>
   <div class='ocr_carea' id='block_1_94' title="bbox 2155 5139 3867 5215">
    <p class='ocr_par' dir='ltr' id='par_1_94' title="bbox 2155 5139 3867 5215">
     <span class='ocr_line' id='line_1_94' title="bbox 2155 5139 3867 5215; baseline 0.001 -17"><span class='ocrx_word' id='word_1_823' title='bbox 2155 5139 2316 5199; x_wconf 90' lang='lat' dir='ltr'>Sicut</span> <span class='ocrx_word' id='word_1_824' title='bbox 2344 5139 2503 5197; x_wconf 91' lang='lat' dir='ltr'>enim</span> <span class='ocrx_word' id='word_1_825' title='bbox 2531 5140 2727 5198; x_wconf 89' lang='lat' dir='ltr'>anima</span> <span class='ocrx_word' id='word_1_826' title='bbox 2756 5147 2840 5198; x_wconf 91' lang='lat' dir='ltr'>est</span> <span class='ocrx_word' id='word_1_827' title='bbox 2868 5141 2985 5199; x_wconf 90' lang='lat' dir='ltr'>vita</span> <span class='ocrx_word' id='word_1_828' title='bbox 3014 5142 3284 5215; x_wconf 89' lang='lat' dir='ltr'>corporis,</span> <span class='ocrx_word' id='word_1_829' title='bbox 3317 5144 3396 5201; x_wconf 87' lang='lat' dir='ltr'>ita</span> <span class='ocrx_word' id='word_1_830' title='bbox 3425 5150 3478 5201; x_wconf 90' lang='lat' dir='ltr'>et</span> <span class='ocrx_word' id='word_1_831' title='bbox 3508 5142 3623 5201; x_wconf 89' lang='lat' dir='ltr'>vita</span> <span class='ocrx_word' id='word_1_832' title='bbox 3650 5142 3867 5201; x_wconf 89' lang='lat' dir='ltr'>anima</span> 
     </span>
    </p>
   </div>
   <div class='ocr_carea' id='block_1_95' title="bbox 2154 5227 3863 5305">
    <p class='ocr_par' dir='ltr' id='par_1_95' title="bbox 2154 5227 3863 5305">
     <span class='ocr_line' id='line_1_95' title="bbox 2154 5227 3863 5305; baseline 0 -18"><span class='ocrx_word' id='word_1_833' title='bbox 2154 5236 2367 5288; x_wconf 89' lang='lat' dir='ltr'>nostra</span> <span class='ocrx_word' id='word_1_834' title='bbox 2406 5227 2658 5303; x_wconf 90' lang='lat' dir='ltr'>Spiritus</span> <span class='ocrx_word' id='word_1_835' title='bbox 2686 5237 2919 5289; x_wconf 90' lang='lat' dir='ltr'>sanctus</span> <span class='ocrx_word' id='word_1_836' title='bbox 2941 5236 3043 5290; x_wconf 91' lang='lat' dir='ltr'>est.</span> <span class='ocrx_word' id='word_1_837' title='bbox 3074 5230 3145 5288; x_wconf 91' lang='lat' dir='ltr'>Et</span> <span class='ocrx_word' id='word_1_838' title='bbox 3170 5231 3319 5290; x_wconf 86' lang='lat' dir='ltr'>sicut</span> <span class='ocrx_word' id='word_1_839' title='bbox 3345 5247 3551 5305; x_wconf 92' lang='lat' dir='ltr'>corpus</span> <span class='ocrx_word' id='word_1_840' title='bbox 3578 5237 3863 5300; x_wconf 89' lang='lat' dir='ltr'>nostrum,</span> 
     </span>
    </p>
   </div>
   <div class='ocr_carea' id='block_1_96' title="bbox 2153 5316 3863 5391">
    <p class='ocr_par' dir='ltr' id='par_1_96' title="bbox 2153 5316 3863 5391">
     <span class='ocr_line' id='line_1_96' title="bbox 2153 5316 3863 5391; baseline 0.001 -16"><span class='ocrx_word' id='word_1_841' title='bbox 2153 5316 2351 5375; x_wconf 90' lang='lat' dir='ltr'>anima</span> <span class='ocrx_word' id='word_1_842' title='bbox 2400 5317 2718 5390; x_wconf 91' lang='lat' dir='ltr'>recedente,</span> <span class='ocrx_word' id='word_1_843' title='bbox 2777 5318 3103 5391; x_wconf 90' lang='lat' dir='ltr'>collabitur,</span> <span class='ocrx_word' id='word_1_844' title='bbox 3160 5318 3240 5378; x_wconf 88' lang='lat' dir='ltr'>ita</span> <span class='ocrx_word' id='word_1_845' title='bbox 3294 5326 3348 5378; x_wconf 90' lang='lat' dir='ltr'>et</span> <span class='ocrx_word' id='word_1_846' title='bbox 3402 5320 3603 5378; x_wconf 91' lang='lat' dir='ltr'>eadem</span> <span class='ocrx_word' id='word_1_847' title='bbox 3646 5319 3863 5391; x_wconf 89' lang='lat' dir='ltr'>anima,</span> 
     </span>
    </p>
   </div>
   <div class='ocr_carea' id='block_1_97' title="bbox 2152 5406 3867 5483">
    <p class='ocr_par' dir='ltr' id='par_1_97' title="bbox 2152 5406 3867 5483">
     <span class='ocr_line' id='line_1_97' title="bbox 2152 5406 3867 5483; baseline 0.002 -18"><span class='ocrx_word' id='word_1_848' title='bbox 2152 5408 2199 5466; x_wconf 92' lang='lat' dir='ltr'>si</span> <span class='ocrx_word' id='word_1_849' title='bbox 2245 5406 2495 5481; x_wconf 89' lang='lat' dir='ltr'>Spiritus</span> <span class='ocrx_word' id='word_1_850' title='bbox 2533 5410 2856 5470; x_wconf 88' lang='lat' dir='ltr'>viviﬁcator</span> <span class='ocrx_word' id='word_1_851' title='bbox 2893 5409 3249 5483; x_wconf 87' lang='lat' dir='ltr'>abscesserit,</span> <span class='ocrx_word' id='word_1_852' title='bbox 3280 5425 3511 5470; x_wconf 91' lang='lat' dir='ltr'>necesse</span> <span class='ocrx_word' id='word_1_853' title='bbox 3536 5416 3621 5470; x_wconf 89' lang='lat' dir='ltr'>est</span> <span class='ocrx_word' id='word_1_854' title='bbox 3652 5409 3867 5468; x_wconf 90' lang='lat' dir='ltr'>moria-</span> 
     </span>
    </p>
   </div>
   <div class='ocr_carea' id='block_1_98' title="bbox 2152 5499 3867 5575">
    <p class='ocr_par' dir='ltr' id='par_1_98' title="bbox 2152 5499 3867 5575">
     <span class='ocr_line' id='line_1_98' title="bbox 2152 5499 3867 5575; baseline 0.001 -20"><span class='ocrx_word' id='word_1_855' title='bbox 2152 5504 2267 5569; x_wconf 91' lang='lat' dir='ltr'>tur,</span> <span class='ocrx_word' id='word_1_856' title='bbox 2299 5499 2426 5557; x_wconf 89' lang='lat' dir='ltr'>sine</span> <span class='ocrx_word' id='word_1_857' title='bbox 2472 5500 2641 5574; x_wconf 88' lang='lat' dir='ltr'>cujus</span> <span class='ocrx_word' id='word_1_858' title='bbox 2678 5500 2946 5559; x_wconf 92' lang='lat' dir='ltr'>videlicet</span> <span class='ocrx_word' id='word_1_859' title='bbox 2986 5514 3227 5559; x_wconf 89' lang='lat' dir='ltr'>munere</span> <span class='ocrx_word' id='word_1_860' title='bbox 3270 5516 3377 5559; x_wconf 91' lang='lat' dir='ltr'>nec</span> <span class='ocrx_word' id='word_1_861' title='bbox 3412 5500 3483 5559; x_wconf 90' lang='lat' dir='ltr'>ad</span> <span class='ocrx_word' id='word_1_862' title='bbox 3510 5499 3867 5575; x_wconf 89' lang='lat' dir='ltr'>agnitionem</span> 
     </span>
    </p>
   </div>
   <div class='ocr_carea' id='block_1_99' title="bbox 2152 5585 3866 5663">
    <p class='ocr_par' dir='ltr' id='par_1_99' title="bbox 2152 5585 3866 5663">
     <span class='ocr_line' id='line_1_99' title="bbox 2152 5585 3866 5663; baseline 0 -18"><span class='ocrx_word' id='word_1_863' title='bbox 2152 5585 2257 5647; x_wconf 91' lang='lat' dir='ltr'>Dei</span> <span class='ocrx_word' id='word_1_864' title='bbox 2316 5587 2575 5661; x_wconf 90' lang='lat' dir='ltr'>qualibet</span> <span class='ocrx_word' id='word_1_865' title='bbox 2635 5588 2856 5647; x_wconf 90' lang='lat' dir='ltr'>ratione</span> <span class='ocrx_word' id='word_1_866' title='bbox 2910 5588 3255 5663; x_wconf 88' lang='lat' dir='ltr'>pertingere,</span> <span class='ocrx_word' id='word_1_867' title='bbox 3309 5605 3415 5650; x_wconf 92' lang='lat' dir='ltr'>nec</span> <span class='ocrx_word' id='word_1_868' title='bbox 3466 5605 3533 5649; x_wconf 90' lang='lat' dir='ltr'>ea</span> <span class='ocrx_word' id='word_1_869' title='bbox 3582 5604 3716 5663; x_wconf 87' lang='lat' dir='ltr'>qua</span> <span class='ocrx_word' id='word_1_870' title='bbox 3760 5585 3866 5645; x_wconf 86' lang='lat' dir='ltr'>Dei</span> 
     </span>
    </p>
   </div>
  </div>
