4184 6492
310 324 412 395 621

1840 328 2091 390 SERMO
2129 328 2285 390 XXI.
2346 376 2347 383 η

3714 328 3822 389 622

310 454 449 509 sunt
517 464 831 523 possumus
903 450 1275 527 aliquatenus
1354 460 1672 528 penetrare,
1752 451 2461 527 ApostoloAindigemus.
2498 450 2649 511 Illud
2690 452 2884 526 itaque
2922 451 3252 525 ﬂagitamus
3277 454 3432 528 quod
3459 461 3515 513 et
3542 454 3708 514 nobis
3736 463 3821 514 est

312 543 471 612 teste,
500 537 607 614 qui
649 539 731 598 ait
769 561 782 598 :
835 562 857 592 α
900 540 1149 614 Spiritus
1190 546 1422 602 sanctus
1470 543 1668 603 omnia
1712 549 2016 615 scrutatur,

311 628 483 686 etiam
531 628 816 703 profunda
859 630 962 689 Dei
988 634 1035 704 (Ι
1057 634 1174 690 Cor.
1208 634 1292 701 ιι).
1324 652 1353 685 ιι
1384 632 1490 691 Cui
1537 647 1677 691 mox
1718 632 2022 691 sententia

311 723 735 793 consequenter
772 717 1044 794 adjungit
1077 739 1089 778 :
1127 745 1153 769 «
1185 719 1328 791 Quis
1362 720 1520 782 enim
1564 722 1671 780 scit
1716 722 2023 781 hominum

312 823 444 881 qua
480 814 617 866 sunt
644 807 919 879 hominis,
952 809 1068 867 nisi
1096 809 1335 884 spiritus
1368 811 1645 882 hominis,
1674 812 1774 887 qui
1801 812 1864 870 in
1899 813 2023 886 ipso

313 897 448 957 est?
492 898 677 971 (Ibid)
711 920 731 949 ι
764 896 845 956 ita
877 902 933 956 et
974 914 1106 974 qua
1147 899 1250 958 Dei
1297 905 1454 972 sunt,
1512 916 1683 960 nemo
1733 901 2021 976 cognovit,

311 990 428 1049 nisi
461 989 711 1067 Spiritus
740 989 860 1049 Dei.

386 1079 499 1139 Sed
545 1095 617 1138 an
668 1076 869 1151 vultis,
900 1078 1105 1137 fratres
1154 1079 1500 1154 cbarissimi,
1532 1082 1786 1143 fortassis
1825 1082 2024 1158 inqui-

315 1184 439 1229 rere
489 1168 592 1245 qui
647 1168 793 1227 scire
846 1183 1158 1242 possumus
1212 1185 1287 1228 an
1341 1171 1654 1230 habeamus
1744 1170 2024 1245 Spiritum

314 1256 470 1318 Dei?
502 1258 570 1316 In
598 1258 710 1316 hoc
734 1255 988 1331 profecto
1023 1262 1245 1315 constat
1287 1257 1428 1334 quia
1465 1257 1745 1333 Spiritum
1771 1259 1876 1319 Dei
1920 1262 2024 1320 ha-

312 1348 478 1417 betis,
536 1347 585 1405 si
637 1346 826 1406 Deum
883 1362 1017 1405 vere
1093 1347 1455 1420 cognoscitis.
1520 1348 1582 1408 Si
1632 1350 1811 1421 enim,
1856 1352 2026 1427 juxta

310 1438 621 1513 apostolica
675 1438 873 1509 verba,
925 1459 953 1492 α
978 1454 1151 1497 nemo
1198 1455 1331 1514 qua
1372 1439 1474 1499 Dei
1516 1446 1654 1499 sunt
1704 1443 1888 1513 novit,
1913 1441 2028 1502 nisi

316 1527 567 1603 Spiritus
597 1526 700 1585 Dei
732 1527 942 1597 (Ibid.),
962 1547 990 1580 »
1024 1527 1155 1601 quis
1176 1527 1371 1602 ipsum
1394 1536 1583 1602 posset
1614 1528 1798 1588 Deum
1823 1546 2028 1603 cogno-

315 1630 491 1686 scere,
520 1614 633 1673 nisi
672 1616 801 1690 ejus
834 1613 1114 1690 Spiritum
1155 1621 1470 1675 mereretur
1503 1617 1733 1678 habere.
1776 1617 1887 1678 Sed
1920 1619 2028 1678 hoc

314 1706 509 1780 ipsum
556 1705 796 1764 forsitan
845 1705 1035 1765 adhuc
1082 1707 1246 1765 vobis
1270 1707 1333 1765 in
1362 1707 1612 1767 dubium
1644 1709 1806 1767 venit
1831 1726 1903 1768 an
1933 1726 2023 1769 co-

2105 555 2227 616 pra
2263 540 2539 600 omnibus
2579 539 2983 607 necessarium,
3013 545 3068 597 et
3101 539 3200 600 ille
3230 541 3414 617 magis
3451 542 3588 602 dare
3621 548 3821 618 peten-

2107 629 2263 688 tibus
2315 629 2648 688 delectatur.
2702 627 2879 699 Illud,
2933 630 3198 704 inquam,
3243 629 3317 689 ab
3353 646 3419 689 eo
3465 631 3591 690 sine
3633 648 3821 692 cessa-

2106 719 2264 778 tione
2313 733 2644 793 quaramus
2688 717 2760 776 ad
2806 718 2964 792 quod
3011 734 3115 778 nos
3158 721 3282 794 ipse
3328 726 3384 779 et
3439 722 3821 794 quaerendum

2106 814 2397 883 provocat,
2453 813 2507 866 et
2552 808 2625 865 ad
2668 808 3020 882 sperandum
3066 813 3217 868 certa
3258 809 3639 882 promissione
3684 826 3820 870 con-

2107 897 2318 971 ﬁrmat,
2358 898 2557 957 dicens
2587 917 2600 958 :
2633 897 2855 975 Quiasi
2888 898 3155 972 petimus,
3189 899 3239 958 si
3267 901 3593 974 pulsamus,
3627 921 3655 955 α
3683 917 3823 977 ape-

2108 987 2290 1045 rietur
2318 986 2524 1056 nobis;
2553 991 2614 1046 et
2640 986 2808 1046 Pater
2846 993 3042 1046 noster
3077 986 3149 1047 de
3180 987 3325 1046 calo
3362 988 3520 1048 dabit
3556 989 3825 1063 spiritum

2108 1076 2325 1135 bonum
2364 1078 2694 1150 petentibus
2725 1094 2785 1137 se
2812 1078 3026 1151 (Matth.
3056 1089 3179 1151 vn;
3208 1082 3339 1138 Luc.
3371 1080 3476 1152 x1).
3510 1104 3537 1129 »
3572 1078 3680 1140 Sed
3721 1080 3826 1154 qui

2109 1182 2140 1226 e
2177 1166 2355 1225 divite
2399 1172 2594 1227 nostro
2638 1167 3067 1243 eleemosynam
3112 1170 3458 1244 quaerimus,
3514 1179 3582 1231 ut
3637 1172 3823 1246 impe-

2111 1259 2300 1317 trandi
2326 1259 2488 1333 copia
2515 1259 2881 1331 concedatur,
2926 1261 3229 1336 quarendi
3266 1262 3507 1321 formam
3537 1263 3611 1321 ab
3640 1262 3824 1337 hujus

2110 1347 2282 1405 etiam
2315 1346 2526 1406 mundi
2557 1348 2912 1422 pauperibus
2939 1355 3300 1408 mutuemur.
3345 1349 3631 1426 Pauperes
3667 1352 3825 1421 enim

2110 1454 2244 1498 cum
2283 1439 2356 1497 ab
2394 1438 2980 1512 altioradegentibus
3014 1439 3236 1514 aliquid
3265 1441 3520 1514 accipere
3546 1441 3824 1517 gestiunt,

2109 1547 2209 1590 ora
2248 1545 2386 1589 mox
2441 1530 2804 1589 sacculorum
2845 1529 3067 1603 laxant,
3107 1537 3164 1595 et
3195 1531 3278 1590 sic
3318 1532 3389 1590 ad
3424 1532 3825 1607 accipiendum

2109 1622 2309 1697 parati,
2343 1620 2559 1696 quibus
2610 1612 2937 1694 praevalent}
2969 1621 3210 1681 vocibus
3256 1621 3529 1696 clamant,
3578 1629 3645 1683 ut
3683 1624 3822 1684 dum

2111 1711 2194 1771 sic
2229 1716 2465 1786 paratus
2494 1710 2744 1786 quisque
2783 1725 2885 1784 per
2933 1706 3230 1785 speculare
3274 1711 3486 1771 domus
3532 1711 3830 1787 aspicitur,

315 1796 600 1869 gnoscalis
648 1793 856 1853 Deum.
891 1793 1001 1853 Sed
1029 1795 1226 1854 audite
1250 1795 1535 1855 Joannem
1582 1798 1905 1873 apostolum
1936 1801 2023 1859 di~
2050 1799 2285 1866 Bfacile
2334 1798 2787 1858 misericordiam
2826 1805 3230 1875 consequatur.
3280 1799 3558 1861 Sacculus
3593 1802 3827 1878 quidem

315 1889 582 1942 cantem:
633 1904 661 1936 ι(
719 1881 830 1952 Qui
871 1882 1008 1941 dicit
1060 1899 1121 1942 se
1166 1899 1336 1942 nosse
1394 1885 1599 1956 Deum,
1653 1893 1709 1945 et
1758 1888 2029 1949 mandata

316 1971 443 2047 ejus
496 1987 614 2030 non
668 1971 933 2042 custodit,
987 1973 1241 2030 mendax
1295 1979 1380 2032 est
1427 1975 1473 2039 (Ι
1523 1979 1680 2034 Joan.
1729 1979 1810 2050 ιι).
1848 2003 1872 2026 ιι
1923 1977 2028 2038 Ille

318 2060 499 2137 igitur
561 2078 698 2122 vere
774 2064 958 2122 Deum
1027 2065 1337 2139 cognoscit,
1389 2065 1492 2137 qui
1569 2066 1695 2141 ejus
1761 2069 2029 2128 mandata

316 2150 583 2210 custodit.
648 2151 814 2212 Unde
864 2158 920 2210 et
969 2150 1069 2211 ille
1120 2154 1405 2227 perfectus
1458 2157 1863 2216 mandatorum
1928 2158 2032 2217 Dei

317 2248 508 2302 custos
539 2259 781 2303 securus
809 2243 1000 2301 aiebat
1028 2268 1041 2301 :
1089 2268 1108 2294 ι
1140 2244 1257 2303 Nos
1300 2245 1568 2318 spiritum
1612 2248 1789 2322 hujus
1822 2249 2032 2308 mundi

319 2347 441 2391 non
483 2334 833 2406 accepimus,
881 2333 978 2392 sed
1027 2332 1308 2409 Spiritum
1359 2334 1481 2404 Dei,
1530 2335 1631 2411 qui
1676 2353 1750 2395 ex
1798 2335 1915 2396 Deo
1951 2343 2037 2397 est

319 2425 376 2489 (Ι
428 2424 545 2481 Cor.
600 2428 687 2492 ιι).
738 2444 766 2476 ιι
804 2422 947 2493 Quis
995 2431 1078 2482 est
1114 2430 1305 2483 autem
1343 2425 1577 2499 spiritus
1623 2425 1879 2485 mundi?
1931 2427 2036 2486 Ille

321 2513 571 2588 profecto
627 2518 712 2573 est
762 2512 866 2587 qui
921 2513 1123 2572 suadet
1186 2513 1451 2573 homines
1505 2515 1707 2575 divina
1754 2523 2037 2590 pracepta

320 2608 714 2674 contemnere,
750 2603 993 2661 terrenis
1024 2602 1270 2675 negotiis
1295 2602 1707 2661 delectabiliter
1740 2603 2035 2675 insudare,

322 2690 638 2749 mundana
701 2689 1116 2749 dominationis
1163 2690 1397 2749 culmen
1451 2696 1734 2764 appetere,
1790 2691 2038 2751 carnalis

320 2779 611 2841 illecebra
648 2781 1018 2854 passionihus
1055 2781 1299 2857 turpiter
1337 2782 1651 2855 subjaccre,
1694 2782 2039 2843 transitoria

321 2868 699 2943 possessionis
784 2869 932 2929 ﬁnes
1010 2872 1345 2943 extendere,
1438 2871 1661 2952 tumido
1751 2871 2041 2944 superbia

323 2960 476 3019 fastu
513 2976 687 3034 super
721 2960 1021 3035 proximos
1061 2959 1197 3033 jura
1243 2960 1534 3034 potestatis
1578 2959 1817 3019 ambire.
1854 2959 2041 3019 Econ-

326 3055 433 3123 tra,
498 3050 748 3125 Spiritus
803 3050 906 3126 qui
958 3066 1035 3109 ex
1089 3050 1207 3110 Deo
1255 3056 1360 3121 est,
1390 3067 1535 3123 quas
1590 3050 1768 3125 replet
1821 3056 2044 3111 mentes

324 3138 397 3199 ad
441 3139 696 3230 coelestia
739 3145 1028 3230 provocat,
1060 3147 1137 3211 et,
1168 3140 1412 3230 expulso
1460 3139 1713 3230 corporis
1754 3146 1808 3198 et
1854 3139 2042 3214 negli-
2066 3135 2265 3230 Ggani
2318 3152 2486 3230 voces
2539 3137 2959 3212 ingeminabat,
3024 3140 3222 3201 dicens

2114 1895 2309 1947 noster
2362 1903 2459 1947 cor
2509 1893 2773 1947 nostrum
2811 1894 2914 1959 est,
2962 1889 3026 1947 in
3064 1889 3220 1964 quod
3261 1889 3310 1949 si
3354 1889 3626 1951 volumus
3680 1908 3831 1953 nova

2114 1976 2362 2035 caelestis
2414 1975 2616 2048 gratia
2670 1974 2819 2033 dona
2884 1977 3195 2049 suscipere,
3252 1977 3326 2035 ab
3382 1978 3544 2036 omni
3607 1987 3833 2040 terrena

2116 2064 2597 2141 concupiscentia,
2638 2066 2927 2124 fermento
2955 2065 3222 2126 videlicet
3252 2068 3452 2138 veteri,
3485 2084 3718 2130 necesse
3748 2078 3835 2131 est

2116 2170 2383 2214 vacuare.
2431 2153 2611 2230 Cujus
2649 2156 2901 2228 profecto
2944 2155 3159 2216 sacculi
3195 2156 3391 2216 sinum
3436 2157 3834 2222 indubitanter

2118 2244 2527 2320 expandimus,
2561 2245 2610 2303 si
2640 2245 2875 2319 perfecti
2908 2245 3123 2305 amoris
3158 2247 3428 2306 incendio
3459 2248 3627 2309 donis
3657 2253 3834 2311 cale-

2119 2333 2306 2393 stibus
2331 2333 2653 2393 inhiamus.
2678 2334 2870 2409 Hujus
2895 2335 3112 2401 saeculi
3136 2335 3283 2395 bene
3315 2336 3530 2397 Paulus
3557 2355 3658 2399 ora
3678 2340 3835 2401 laxa-

2121 2428 2301 2492 verat,
2335 2438 2469 2481 cum
2522 2422 2747 2482 dicebat
2787 2447 2800 2481 :
2851 2444 2879 2479 «
2923 2422 2998 2483 Os
3050 2430 3317 2484 nostrum
3352 2433 3506 2500 patet
3540 2427 3613 2487 ad
3652 2445 3777 2503 vos,
3802 2445 3837 2489 o

2123 2510 2430 2581 Corinthii,
2459 2526 2557 2570 cor
2601 2518 2869 2572 nostrum
2912 2513 3215 2573 dilatatum
3257 2520 3342 2573 est
3388 2520 3468 2585 (H
3504 2518 3623 2575 Cor.
3659 2525 3766 2588 VI).
3806 2543 3834 2571 η

2122 2599 2294 2657 Hunc
2332 2599 2532 2657 laxare
2556 2605 2610 2658 et
2641 2600 2775 2661 illos
2812 2602 3061 2673 monuit,
3090 2618 3227 2663 cum
3266 2604 3573 2679 subjunxit
3603 2631 3618 2665 :
3655 2630 3677 2659 α
3711 2608 3838 2668 Non

2121 2688 2545 2762 angustiamini
2573 2690 2635 2748 in
2666 2690 2855 2749 nobis.
2887 2715 2907 2742 ιι
2942 2692 3014 2750 Et
3054 2692 3226 2767 paulo
3270 2701 3433 2768 post:
3483 2720 3503 2746 ιι
3535 2694 3839 2772 Tanquam

2123 2777 2262 2836 ﬁliis
2300 2777 2449 2851 dico,
2478 2777 2804 2837 dilatamini
2846 2785 2901 2838 et
2936 2795 3040 2840 vos
3075 2783 3286 2854 (Ibid.).
3329 2807 3356 2832 ››
3400 2783 3842 2847 Consideremus

2125 2866 2296 2925 etiam
2336 2869 2625 2941 quomodo
2657 2884 2716 2928 se
2742 2885 2961 2944 pauper
2988 2870 3089 2930 ille
3119 2872 3191 2931 ad
3224 2873 3591 2947 percipienda
3626 2874 3699 2934 de
3734 2891 3841 2937 su—

2124 2956 2323 3030 pernis
2374 2972 2618 3017 munera
2677 2966 3120 3034 praeparaverat,
3167 2977 3301 3021 cum
3352 2961 3655 3036 clamabat,
3707 2980 3838 3027 cum

2126 3044 2571 3117 vociferabatur,
2625 3062 2765 3105 cum
2804 3048 3164 3121 precabatur,
3213 3066 3350 3110 cum
3403 3050 3696 3113 interioris
3746 3070 3845 3114 or-

3270 3160 3285 3200 :
3341 3164 3368 3192 α
3428 3141 3699 3203 Paratum
3747 3161 3845 3205 cor

325 3229 537 3305 gentia
566 3229 798 3303 frigore,
834 3229 904 3289 ad
930 3244 1187 3287 amorem
1216 3229 1485 3288 divinum
1512 3228 1854 3301 inﬂammat,
1887 3235 2047 3304 petu-
2078 3226 2109 3230 ’ί
2132 3239 2354 3296 meum,
2395 3226 2564 3295 DeltS,
2607 3235 2870 3300 paratum
2911 3244 3009 3288 cor
3044 3245 3243 3290 meum
3281 3232 3446 3306 (Psal.
3479 3245 3599 3300 LVI,
3624 3237 3783 3307 (ΝΠ).
3815 3257 3843 3289 ιι

327 3315 506 3375 lautia
554 3317 744 3375 carnis
792 3316 1079 3375 desideria
1120 3314 1402 3389 reprimit,
1437 3320 1493 3373 et
1532 3315 1784 3375 liberum
1823 3332 1921 3375 cor
1974 3317 2048 3375 ab

329 3406 493 3467 omni
536 3413 761 3466 terrena
794 3406 1173 3466 delectatione
1210 3405 1527 3479 suspendit.
1570 3405 1675 3463 Ille
1715 3405 1904 3463 reddit
1940 3406 2048 3465 ho-

337 3497 556 3555 minem
586 3498 660 3556 ad
697 3496 1064 3575 despicienda
1101 3510 1369 3571 prospera
1406 3495 1677 3569 rigidum,
1704 3495 1775 3554 ad
1811 3497 2049 3556 adversa

333 3586 656 3660 superanda
704 3587 1053 3657 robustum;
1107 3586 1207 3645 ille
1259 3585 1497 3644 exhibet
1532 3585 1680 3644 bene
1716 3582 2050 3644 viventibus

332 3677 641 3737 humiliter
664 3677 966 3738 subditum
988 3696 1007 3750 5
1043 3677 1079 3733 1
1093 3677 1128 3732 1
1142 3677 1178 3732 1
1204 3677 1303 3734 ille
1327 3675 1524 3751 objicit
1552 3690 1727 3750 prave
1745 3675 2049 3750 agentibus

337 3763 398 3823 in
424 3765 560 3839 jura
588 3765 789 3825 libera
816 3765 1174 3825 auctoritatis
1201 3770 1491 3835 erectum;
1527 3764 1645 3835 ille,
1676 3780 1849 3840 quem
1870 3763 2051 3838 replet

336 3853 651 3926 prudenter
713 3853 984 3925 inebriat,
1025 3860 1198 3928 atque
1245 3870 1281 3912 a
1336 3868 1512 3912 sensu
1560 3852 1698 3911 vita
1748 3851 2051 3927 prasentis

337 3943 584 4002 scienter
637 3944 870 4004 alienat.
907 3945 1001 4003 An
1041 3959 1161 4003 non
1198 3949 1361 4003 erant
1393 3942 1484 4000 illi
1518 3942 1716 4003 divina
1749 3942 2051 4002 sobrietate

335 4033 616 4093 veraciter
665 4033 835 4105 ebrii,
867 4034 937 4093 de
969 4032 1186 4108 quibus
1223 4048 1258 4091 a
1294 4030 1445 4090 male
1483 4031 1909 4090 insanientibus
1959 4030 2049 4088 di-

334 4125 571 4184 cebatur
603 4144 616 4184 :
656 4150 678 4175 α
705 4124 851 4195 Quia
871 4131 1062 4184 musto
1084 4124 1242 4199 pleni
1271 4128 1409 4182 sunt
1432 4122 1528 4181 isti
1548 4123 1695 4192 (Act.
1720 4126 1807 4192 ιι).
1840 4143 1861 4173 ιι
1888 4119 2049 4179 Nun-

334 4215 481 4290 quid
532 4231 649 4274 non
687 4215 960 4290 quadam
999 4214 1199 4273 divina
1240 4213 1486 4272 ebrietas
1520 4218 1623 4281 est,
1657 4210 1963 4285 prasentia
1997 4216 2053 4269 et

333 4320 455 4379 pra
494 4305 682 4363 oculis
716 4304 905 4379 posita
938 4308 1146 4363 cuncta
1172 4293 1485 4375 despicere,
1517 4306 1694 4377 atque
1721 4298 1792 4358 ad
1822 4316 1889 4358 ea
1918 4316 2052 4375 qua

335 4408 457 4452 non
486 4392 780 4465 videntur,
814 4398 928 4452 toto
958 4391 1170 4451 mentis
1191 4389 1475 4450 desiderio
1503 4388 1841 4448 medullitus
1866 4384 2051 4447 anhe-

333 4485 473 4555 lare,
517 4481 715 4542 mollia
767 4498 1015 4558 quaque
1069 4486 1126 4540 et
1172 4479 1436 4554 jucunda
1492 4486 1876 4548 contemnere,
1906 4477 2053 4536 dura

331 4590 487 4645 vero,
524 4579 580 4632 et
616 4588 817 4648 aspera
853 4587 957 4644 pro
993 4569 1194 4629 divino
1231 4569 1480 4629 libenter
1515 4584 1710 4627 amore
1747 4566 2049 4641 perferre?

331 4666 500 4725 Hanc
534 4664 890 4736 ebrietatem,
923 4663 1126 4722 fratres
1155 4662 1291 4735 mei,
1323 4662 1620 4721 continua
1652 4659 1821 4719 nobis
1852 4673 2050 4717 neces-
2078 4690 2084 4697 ς

333 4772 397 4815 se
418 4762 505 4815 est
532 4754 813 4815 orationis
841 4754 1117 4814 instantia
1145 4769 1405 4828 quarere
1428 4771 1443 4824 ;
1474 4752 1644 4821 hanc,
1674 4750 1837 4809 velut
1873 4746 2051 4807 aridis

337 4843 552 4905 mentis
589 4850 805 4903 nostra
841 4842 1112 4903 faucibus
1151 4850 1266 4902 tota
1305 4842 1583 4901 debemus
1618 4839 1937 4900 intentione
1971 4837 2051 4897 si-

331 4938 460 4997 tire.

405 5026 639 5098 Quarat
670 5043 804 5102 ergo
831 5028 1064 5088 assidue
1097 5027 1295 5087 anima
1325 5032 1520 5086 nostra
1549 5026 1708 5084 hunc
1746 5022 2048 5098 Spiritum,

335 5132 458 5192 quo
474 5122 714 5192 vegetan
725 5126 776 5177 te
796 5117 972 5189 vivat,
988 5133 1105 5192 quo
1122 5117 1446 5176 illustrante
1464 5115 1671 5184 videat,
1687 5128 1804 5189 quo
1816 5112 2052 5171 docente

336 5206 540 5281 sapiat,
573 5222 689 5282 quo
716 5207 880 5279 duce,
920 5207 1207 5266 inoffenso
1239 5204 1454 5264 amoris
1488 5219 1662 5264 cursu
1696 5203 1767 5260 ad
1808 5201 2050 5275 patriam

337 5297 553 5355 tendat.
587 5294 932 5367 Quaeramus
982 5296 1180 5370 itaque
1216 5311 1251 5353 a
1295 5294 1412 5353 Deo
1464 5297 1681 5363 nostro,
1732 5306 1850 5349 non
1892 5287 2051 5363 quod

336 5385 586 5460 quilibet
636 5400 919 5460 pauperes
965 5385 1038 5444 ab
1096 5383 1273 5458 hujus
1316 5382 1523 5441 mundi
1564 5379 1846 5438 divitibus
1886 5394 2053 5454 qua-

341 5480 501 5545 runt,
540 5488 661 5533 non
698 5472 969 5533 videlicet
1003 5488 1334 5542 nummum,
1389 5486 1508 5529 non
1547 5467 1932 5542 digestibilem
1968 5467 2054 5525 ci-

351 5562 517 5635 bum,
542 5579 660 5623 non
682 5562 829 5625 nudi
855 5562 1110 5637 corporis
1150 5561 1579 5621 indumentum.
1624 5556 1742 5617 Scit
1768 5557 1927 5614 enim
1954 5555 2056 5614 ille

352 5652 456 5727 qui
484 5653 557 5713 ad
588 5654 712 5714 hac
740 5667 847 5719 nos
872 5667 997 5713 esse
1025 5650 1299 5713 sollicitos
1321 5652 1490 5721 vetat,
1512 5646 1653 5721 quia
1670 5645 1763 5706 his
1781 5645 2055 5706 omnibus

2129 3312 2215 3369 Ac
2241 3311 2290 3369 si
2318 3320 2511 3386 aperte
2536 3313 2688 3372 dicat
2721 3338 2733 3372 :
2774 3314 2884 3375 Cor
2906 3332 3126 3391 meum,
3166 3317 3431 3392 Domine,
3461 3321 3533 3380 ad
3570 3321 3847 3397 capienda

2130 3405 2248 3459 tua
2308 3399 2590 3475 largitatis
2652 3417 2897 3463 munera
2940 3421 3222 3480 praparo,
3253 3408 3359 3481 qui
3405 3425 3440 3466 a
3479 3411 3702 3470 cunctis
3739 3412 3847 3471 hoc

2128 3505 2327 3563 prava
2377 3490 2742 3564 cogitationis
2795 3493 3169 3566 squaloribus
3213 3510 3415 3570 purgo,
3461 3498 3730 3574 nihilque
3783 3499 3845 3559 in

2131 3591 2197 3635 eo
2234 3575 2611 3650 relinquitur,
2639 3595 2755 3655 quo
2793 3581 2995 3657 gratia
3043 3588 3159 3641 tua
3204 3598 3421 3644 munus
3458 3584 3705 3660 desuper
3745 3604 3846 3648 ve-

2130 3664 2302 3725 niens
2338 3667 2702 3729 refundatur.
2731 3670 2853 3751 Ego
2891 3672 3091 3734 curavi
3122 3688 3255 3747 qua
3284 3674 3443 3733 intus
3482 3675 3634 3734 male
3655 3692 3847 3736 serva-

2134 3752 2346 3814 bantur
2384 3772 2632 3831 egerere,
2666 3765 2728 3818 tu
2775 3759 2923 3819 illud
2967 3760 3221 3820 accelera
3265 3762 3417 3821 dono
3463 3769 3577 3823 tua
3620 3764 3848 3838 pietatis

2131 3845 2438 3919 dignanter
2461 3848 2723 3923 implere.
2749 3848 2857 3910 Cor
2880 3866 3078 3910 meum
3094 3852 3492 3912 vacuefactum
3509 3860 3683 3929 atque
3700 3856 3772 3914 ad
3796 3863 3846 3913 te

2129 3940 2395 4006 paratum
2427 3942 2613 4010 teneo,
2638 3940 2775 4014 quia
2799 3938 3023 4000 eﬂ‘ossis
3050 3956 3126 3999 ex
3148 3956 3215 4000 eo
3237 3941 3513 4001 vitiorum
3533 3942 3847 4002 ruderibus

2135 4021 2172 4076 1
2186 4020 2278 4078 12
2307 4026 2381 4084 ad
2410 4028 2865 4102 amplectendam
2894 4032 2982 4091 tui
3012 4031 3260 4106 Spiritus
3282 4031 3527 4107 gratiam
3554 4036 3665 4091 tota
3686 4047 3848 4093 men-

2131 4111 2205 4170 tis
2234 4112 2558 4177 intentione
2584 4120 2832 4195 suspiro.
2874 4120 3016 4180 Ecce
3047 4137 3265 4195 pauper
3292 4120 3396 4180 Dei
3424 4136 3522 4180 cor
3550 4127 3708 4181 tenes
3745 4136 3845 4196 pa-

2133 4208 2346 4276 ratum,
2379 4209 2485 4281 qui
2514 4225 2547 4267 a
2579 4210 2773 4284 pravis
2801 4210 2950 4270 illud
2979 4226 3173 4270 servas
3199 4211 3644 4286 cogitationibus
3671 4228 3846 4273 mun-

2132 4290 2303 4351 dum.
2337 4294 2448 4354 Sed
2491 4299 2602 4358 nisi
2647 4299 3012 4373 clamantem,
3055 4301 3170 4361 nisi
3205 4301 3616 4362 vociferantem
3652 4304 3847 4362 audiat

2134 4384 2270 4455 quis
2294 4385 2364 4447 de
2396 4391 2797 4451 eminentioris
2834 4392 3118 4453 canaculi
3165 4393 3553 4468 penetralibus
3598 4393 3845 4453 eleemo-

2135 4483 2344 4545 synam
2395 4479 2636 4553 pauperi
2701 4486 3090 4553 porrecturus,
3147 4496 3320 4540 nemo
3382 4482 3629 4541 accedat.
3694 4482 3847 4542 Post-

2136 4581 2313 4638 quam
2367 4581 2503 4641 ergo
2543 4568 2695 4626 dixit
2726 4593 2738 4627 :
2773 4587 2801 4623 α
2828 4568 3102 4628 Paratum
3141 4586 3238 4630 cor
3268 4586 3486 4640 meum,
3531 4569 3704 4639 Deus,
3752 4588 3848 4647 pa-

2139 4660 2325 4713 ratum
2363 4672 2461 4715 cor
2498 4671 2727 4726 meum;
2762 4681 2784 4709 ιι
2821 4658 3082 4733 protinus
3120 4659 3342 4717 addidit
3377 4683 3390 4717 :
3430 4683 3452 4711 ι
3484 4659 3756 4732 Cantabo,
3789 4672 3845 4721 et

2134 4742 2425 4816 psalmum
2457 4744 2644 4804 dicam
2687 4745 2936 4807 Domino
2976 4749 3185 4819 (112221.);
3218 4772 3245 4796 »
3278 4752 3555 4821 tanquam
3582 4748 3793 4808 diceret
3826 4776 3836 4810 :

2138 4831 2248 4891 Cor
2276 4832 2482 4908 utique
2521 4851 2719 4894 meum
2751 4852 3030 4912 praparo,
3060 4843 3116 4894 et
3153 4852 3321 4897 voces
3354 4836 3707 4911 importuna
3735 4853 3842 4912 p0—

2137 4921 2465 4983 stulationis
2508 4926 2823 4999 emitto,,ut
2858 4932 2913 4984 et
2943 4940 3060 4984 vox
3099 4925 3172 4984 ad
3207 4925 3602 4987 miserendum
3643 4930 3842 4988 audita

2135 5020 2502 5086 permoveat;
2554 5020 2609 5073 et
2662 5020 2927 5088 paratum
2982 5028 3098 5084 cor,
3126 5013 3187 5072 id
3241 5016 3396 5089 quod
3451 5032 3526 5075 ex
3582 5017 3841 5091 largitate

2136 5102 2465 5162 miserentis
2491 5103 2775 5162 emittitur
2800 5117 2917 5160 non
2943 5101 3221 5162 effundat.

2208 5196 2351 5255 Hac
2398 5212 2606 5270 nempe
2650 5186 2790 5266 duo,
2822 5194 3022 5253 fratres
3069 5197 3200 5265 mei,
3258 5196 3423 5256 vobis
3479 5199 3839 5271 permaxima

2138 5285 2460 5345 necessaria
2491 5289 2646 5354 sunt,
2699 5283 2802 5358 qui
2845 5284 3026 5342 eremi
3061 5285 3367 5345 remotiora
3411 5285 3601 5345 studio
3635 5286 3837 5361 singu-
3938 5296 3947 5303 ‘

2136 5376 2378 5435 laritatis
2404 5372 2673 5445 incolitis,
2704 5371 2805 5447 qui
2848 5373 3309 5448 contemplativa
3332 5374 3470 5433 vita
3500 5375 3841 5449 speculatio-

2136 5465 2314 5524 nibus
2357 5460 2662 5521 insudatis.
2703 5461 2955 5536 Expedit
3001 5462 3165 5522 vobis
3209 5463 3441 5523 assidue
3486 5465 3840 5538 psalmorum

2139 5549 2542 5621 modulationi,
2594 5556 2651 5609 et
2695 5551 2914 5609 crebris
2954 5551 3312 5611 orationibus
3354 5552 3662 5627 vigilanter
3697 5554 3846 5613 insi-

2148 5648 2318 5717 stere,
2347 5648 2405 5703 et
2446 5646 2643 5701 contra
2689 5640 3101 5715 cogitationum
3147 5642 3545 5716 ingruentium
3596 5644 3848 5719 impetus
