4184 6512
374 362 480 420 623

998 359 1057 419 S.
1100 359 1323 418 PETRI
1361 355 1688 416 DAMIANI
1727 353 1882 414 OPP.
1926 352 2120 413 PARS
2160 354 2300 415 SEU
2340 355 2590 417 TOMUS
2628 356 2704 416 II.
2744 388 2812 401 —
2853 356 3269 419 SEBMONES.

3772 360 3874 421 624

380 486 540 546 omni
572 483 854 543 virtutum
883 483 1189 541 conamine
1227 482 1521 541 dimicare.
1557 479 1944 538 Eliminemus
1972 478 2147 553 igi-A
2174 479 2242 537 Et
2313 481 2652 554 quicunque
2702 480 2773 539 de
2816 481 2953 539 vitae
3007 481 3253 540 carnalis
3320 481 3588 558 Egypto,
3665 489 3874 543 terram

380 583 476 636 tur
528 591 731 634 omnes
784 573 1089 649 spurcities
1139 573 1209 632 de
1266 571 1445 632 nostri
1494 570 1683 630 cordis
1728 568 1994 643 hospitio,
2024 575 2080 626 et
2160 584 2292 643 qua:
2317 570 2432 628 mel
2455 578 2510 629 et
2534 571 2621 630 lac
2648 570 2777 629 ﬂuit
2802 571 3187 646 ingredimur,
3232 589 3350 633 non
3390 576 3635 651 vestigia
3678 579 3871 651 tigere,

373 664 589 740 quibus
631 677 942 737 possumus
986 661 1162 720 variis
1208 661 1490 721 virtutum
1533 657 1773 716 ﬂoribus
1820 672 2080 731 asperga-

376 776 529 819 mus.
560 759 885 819 Delectetur
922 759 1078 817 Deus
1111 757 1358 816 nitidum
1389 756 1568 814 nostri
1606 755 1852 829 pectoris
1888 753 2074 812 taber-

371 849 646 908 naculum
676 848 928 921 ingredi,
953 856 1007 905 et
1033 848 1314 907 suavibus
1342 847 1401 905 in
1432 863 1497 905 eo
1523 847 1812 905 bonorum
1834 861 2076 917 operum

368 938 591 997 deliciis
637 938 878 1013 epulari.
939 938 1148 1011 Sicque
1194 945 1509 1013 prmparato
1546 942 1718 1011 atque
1764 936 2077 1010 composito

368 1026 572 1084 decoro
601 1025 828 1085 intimas
858 1026 1069 1084 domus
1096 1032 1324 1092 ornatu,
1356 1025 1691 1099 psallamus,
1739 1040 1987 1091 oremus,
2022 1028 2077 1081 et

368 1114 583 1189 quibus
611 1114 784 1172 illum
810 1129 1121 1188 possumus
1154 1113 1424 1172 clamosae
1458 1113 1669 1171 mentis
1707 1111 2075 1185 supplicatio-

368 1205 544 1263 nibus
584 1204 922 1262 invitemus.
978 1202 1187 1277 Sicque
1232 1203 1618 1277 complebitur
1654 1204 1716 1260 in
1743 1203 1908 1260 nobis
1942 1217 2074 1275 pro-

363 1297 592 1371 phetica
615 1311 731 1353 vox
762 1294 883 1365 illa,
911 1310 1027 1368 qua
1069 1293 1280 1353 dicitur
1314 1314 1326 1353 :
1363 1320 1389 1343 «
1415 1295 1681 1353 Paratum
1720 1309 1815 1351 cor
1853 1307 2072 1363 meum,

364 1385 540 1457 Deus,
606 1390 873 1459 paratum
924 1399 1021 1442 cor
1070 1399 1304 1454 meum;
1357 1383 1618 1452 cantabo,
1675 1390 1729 1439 et
1786 1383 2074 1455 psalmum

362 1474 552 1532 dicam
598 1473 866 1532 Domino.
908 1494 929 1523 ι
966 1471 1352 1545 Deprecemur
1389 1487 1524 1543 ergo
1560 1470 1790 1529 assidue
1824 1470 2073 1529 Redem-

362 1571 580 1637 ptorem
609 1570 873 1622 nostrum
903 1568 958 1619 et
978 1560 1110 1619 totis
1131 1561 1299 1620 illum
1328 1561 1647 1620 visceribus
1674 1561 2068 1635 imploremus,

359 1660 424 1711 ut
472 1668 568 1710 cor
606 1658 872 1710 nostrum
921 1650 1196 1723 dignetur
1244 1649 1553 1708 clementer
1596 1651 1870 1721 invisere,
1899 1656 1955 1708 et
1991 1651 2072 1709 di-

358 1748 511 1799 mota
553 1738 716 1798 omni
762 1740 1039 1799 vitiorum
1078 1738 1345 1813 caligine,
1372 1740 1549 1813 gratia
1589 1740 1770 1797 sancti
1824 1738 2073 1814 Spiritus

2160 658 2258 715 sed
2305 659 2535 717 assidue
2590 659 2835 718 transire
2887 661 3187 735 jubemur,
3244 669 3307 722 ut
3346 664 3515 737 juxta
3561 664 3869 736 Joannem,

2163 768 2184 798 ι
2244 747 2344 821 qui
2378 747 2572 821 justus
2620 749 3093 822 est,justiﬁcetur
3141 751 3348 823 adhuc,
3377 759 3432 810 et
3477 754 3579 826 qui
3639 761 3873 816 sanctus

2157 841 2260 905 est,
2313 836 2700 895 sanctificetur
2746 837 2938 896 adhuc
2986 839 3173 911 (Apoc.
3220 842 3394 913 XXII).
3426 867 3452 891 ››
3485 841 3599 901 Lac
3654 845 3870 903 etenim

2156 923 2226 982 de
2260 939 2433 982 carne
2460 924 2607 997 ﬂuit,
2638 926 2753 984 mel
2787 928 2856 985 de
2886 927 3281 1001 superioribus
3308 928 3368 987 in
3400 930 3519 989 ima
3553 931 3865 991 descendit.

2157 1013 2228 1070 Et
2276 1029 2411 1087 quae
2455 1019 2539 1071 est
2589 1013 2689 1072 illa
2723 1019 2889 1086 terra,
2927 1016 3088 1075 lactis
3138 1017 3350 1076 scilicet
3388 1035 3457 1078 ac
3499 1022 3691 1081 mellis
3732 1025 3863 1084 irri-

2155 1118 2289 1177 gua,
2342 1104 2414 1161 ad
2463 1119 2638 1178 quam
2682 1111 2975 1179 tantopere
3018 1122 3415 1180 provocamur,
3448 1110 3562 1184 nisi
3597 1111 3867 1175 Mediato-

2155 1189 2235 1248 ris
2258 1191 2357 1249 Dei
2388 1200 2439 1249 et
2468 1192 2778 1251 hominum
2807 1210 2925 1253 una
2950 1197 3238 1268 persona?
3263 1195 3331 1254 In
3358 1213 3475 1272 qua
3501 1200 3782 1260 nimirum
3811 1211 3869 1263 et

2155 1297 2285 1341 caro
2342 1282 2647 1341 manifesta
2696 1289 2799 1355 est,
2828 1299 2965 1357 quae
3015 1285 3086 1343 de
3135 1283 3374 1359 Virgine
3423 1288 3654 1362 prodiit,
3685 1298 3739 1350 et
3783 1293 3867 1351 di-

2155 1374 2414 1433 vinitatis
2466 1374 2696 1433 interna
2748 1376 3015 1447 dulcedo,
3071 1392 3204 1453 quae
3267 1378 3337 1436 de
3392 1379 3713 1440 substantia
3761 1398 3866 1456 pa-

2156 1471 2319 1524 terna
2355 1466 2647 1540 processit.

2224 1555 2311 1612 Ad
2367 1570 2541 1628 quam
2589 1571 2726 1614 sane
2769 1562 2977 1615 terram
3012 1558 3249 1616 nonnisi
3294 1558 3601 1630 Hebraeus,
3628 1558 3766 1630 imo,
3797 1566 3863 1619 ut

2153 1643 2231 1701 ita
2275 1642 2497 1717 loquar,
2530 1659 2718 1715 nemo,
2758 1644 2870 1703 nisi
2921 1645 3302 1719 Pergentinus
3345 1654 3400 1706 et
3449 1647 3863 1721 Laurentinus,

2153 1732 2518 1805 admittitur;
2550 1733 2685 1806 quia
2713 1734 2982 1810 quisquis
3016 1737 3317 1810 pervenire
3342 1736 3561 1796 laborat
3587 1738 3659 1796 ad
3693 1738 3861 1798 Chri-

356 1829 669 1900 illustrare,
706 1836 998 1903 quatenus
1027 1843 1146 1901 quo
1175 1829 1236 1885 in
1260 1827 1428 1886 illum
1481 1837 1854 1901 regenerante
1881 1830 2065 1888 credi-
2089 1827 2328 1901 BStum,
2363 1838 2596 1881 necesse
2627 1829 2710 1881 est
2741 1830 2804 1882 ut
2837 1840 3201 1899 nequaquam
3234 1825 3295 1883 in
3325 1826 3435 1883 hoc
3460 1827 3678 1885 mundo
3695 1842 3861 1886 men-

354 1934 506 1989 mus,
537 1918 738 1978 eodem
786 1918 1128 1991 inspirante,
1169 1921 1320 1975 recto
1359 1918 1585 1976 tramite
1624 1917 1692 1975 ad
1718 1918 1912 1992 ipsum
1940 1935 2067 1992 per-

351 2010 551 2069 venire
604 2010 923 2068 valeamus.
955 2007 1066 2078 Qui
1099 2022 1231 2066 cum
1264 2007 1381 2066 Deo
1415 2007 1579 2065 Patre
1607 2014 1661 2066 et
1687 2008 1886 2067 eodem
1935 2007 2067 2082 Spi-

350 2100 463 2158 ritu
540 2104 734 2158 sancto
810 2096 961 2157 vixit
1016 2102 1071 2156 et
1137 2103 1337 2169 regnat
1407 2113 1511 2171 per
1583 2098 1779 2157 omnia
1849 2097 2066 2157 saecula

351 2188 718 2248 sae—culorum.
745 2189 984 2261 Ameu.'_‘

1064 2357 1362 2420 JUNIUS.

354 2461 464 2522 III.
514 2457 738 2521 Sermo
784 2459 861 2521 de
918 2454 1040 2520 SS.
1094 2453 1503 2531 martyribus
1556 2451 1950 2516 Laurentino
2000 2459 2061 2514 et-

433 2540 821 2625 fgfgeptino
843 2535 1202 2625 fratribus._
1258 2619 1293 2625 Ἀ
1360 2621 1368 2625 _
1473 2612 1506 2625 ἡ
1618 2613 1639 2625 τ
1832 2616 1842 2625 ¹

345 2612 578 2683 ΧΧΙνῘ
624 2612 854 2682 Sermo
916 2619 988 2680 in
1048 2616 1404 2680 Nativitate
1460 2612 1531 2677 S.
1596 2613 1878 2676 Joannis
1926 2612 2071 2681 Ba-_

471 2701 646 2763 tistav.

423 2719 646 2780 pastae.

425 2780 653 2843 Sermo
681 2779 743 2840 II
765 2780 842 2841 de
867 2779 1121 2842 eadem.

420 2860 648 2923 Sermo
677 2858 768 2919 III
786 2860 865 2921 de
908 2861 1160 2922 eadem.

360 2941 565 3002 XXIX.
605 2940 831 3019 Sermo
859 2940 935 3019 de
962 2940 1034 3019 S.
1065 2939 1254 3001 Petro
1284 2939 1587 3019 apostolo.

428 3021 662 3089 Sermo
691 3020 769 3080 de
794 3018 905 3081 SS.
946 3018 1132 3080 Petro
1152 3028 1213 3081 et
1248 3020 1453 3082 Paulo
1480 3025 1687 3098 apost.

957 3147 1205 3209 SEBMO
1233 3148 1414 3207 XXII.
1826 3212 1829 3217 ί

498 3252 571 3298 nn
600 3252 677 3298 ss.
709 3250 1089 3297 LAURENTINO
1119 3250 1189 3296 ΕΤ
1219 3251 1590 3298 PEBGENTINO
1618 3239 1694 3312 (ιιι
1723 3240 1870 3313 JUN.)

400 3347 693 3407 Hodierna
765 3346 1062 3417 festivitas,
1144 3346 1527 3417 dilectissimi,
1605 3347 1753 3406 sicut
1839 3346 2039 3419 nostis,

326 3436 389 3495 in
468 3437 688 3495 honore
772 3434 1069 3493 beatorum
1149 3441 1489 3513 martyrum.
1550 3434 1915 3494 Laurentini
1986 3442 2040 3493 et

325 3526 654 3600 Pergentini
727 3525 1133 3583 venerabiliter
1193 3526 1424 3598 colitur,
1484 3531 1535 3584 et
1588 3527 1755 3601 quasi
1813 3526 2042 3586 duobus

323 3615 517 3675 aureis
563 3614 850 3674 sideribus
909 3630 1114 3673 eorum
1168 3614 1291 3673 dies
1347 3615 1643 3675 natalitius
1690 3616 2040 3675 illustratur.

324 3704 447 3764 Hoc
520 3704 691 3779 plane
753 3704 1054 3778 geminum
1131 3704 1296 3763 sidus
1377 3704 1427 3762 si
1518 3702 1659 3758 113
1736 3704 2045 3776 diligenter

324 3795 703 3881 attendimus,
762 3811 862 3869 per
940 3796 1117 3869 hujus
1199 3794 1334 3852 vita)
1405 3793 1640 3869 pelagus
1709 3795 2048 3869 navigantes

325 3900 515 3943 errare
566 3900 684 3942 non
739 3899 1070 3957 possumus,
1127 3882 1226 3940 sed
1289 3888 1414 3956 post
1469 3897 1706 3941 emensa
1759 3883 2043 3942 ﬂuctuum

323 3971 829 4046 procellarumque
880 3971 1216 4030 discrimina
1263 3970 1336 4029 ad
1377 3971 1572 4029 sinum
1620 3972 1799 4047 quieti
1846 3979 2047 4046 portus

326 4075 459 4119 cum
513 4059 726 4133 gaudio
779 4060 1206 4133 perveniemus.
1240 4056 1405 4115 Unde
1456 4074 1570 4116 non
1622 4059 1747 4116 sine
1778 4061 2043 4135 quodam

324 4148 720 4222 dispositionis
797 4163 1065 4221 superum
1146 4145 1426 4219 praesagio
1507 4147 1619 4204 tale
1695 4150 2044 4209 vocabulum

323 4236 511 4297 sortiti
557 4243 713 4308 sunt,
768 4243 832 4294 ut
884 4236 1263 4309 Pergentinus
1317 4235 1584 4295 dicantur
1632 4243 1689 4295 et
1732 4238 2041 4298 Laurenti-

323 4343 457 4386 nus.
491 4325 744 4397 Pergunt
791 4323 948 4380 eniin
1006 4330 1250 4397 uterque
1304 4323 1476 4382 simul
1539 4325 1609 4382 ad
1665 4324 1940 4397 lauream,
1989 4333 2043 4384 et

321 4412 711 4490 praecedentes
759 4426 883 4483 nos,
917 4411 965 4468 si
1012 4427 1132 4469 non
1165 4426 1259 4468 eos
1289 4411 1453 4485 sequi
1493 4410 1866 4483 negligimus,
1907 4429 2039 4487 pro-

2153 1911 2225 1968 tis
2279 1926 2404 1969 sum
2447 1912 2584 1986 ﬁgat
2631 1910 2790 1971 velut
2837 1913 2897 1970 in
2950 1913 3300 1973 habitatione
3345 1913 3655 1989 vestigium
3700 1940 3714 1975 :
3760 1917 3859 1975 sed

2148 2001 2465 2061 Hebraeum
2511 2018 2572 2061 se
2617 2018 2842 2078 semper
2886 2005 3211 2076 ostendens,
3240 2009 3293 2063 et
3338 2020 3473 2064 cum
3515 2004 3861 2079 Pergentino

2148 2107 2248 2165 per
2286 2093 2438 2151 viam
2468 2092 2713 2164 justitiae
2752 2094 3040 2152 transiens
3076 2100 3292 2169 pergat,
3338 2100 3558 2154 etcum
3599 2095 3859 2154 Lauren-

2148 2179 2267 2238 tino
2293 2181 2471 2239 simul
2496 2181 2567 2239 de
2595 2182 2720 2240 suis
2747 2181 3042 2242 laboribus
3072 2198 3189 2242 non
3222 2183 3402 2257 hujus
3427 2183 3564 2242 vitze
3601 2199 3861 2243 commo-

2146 2269 2237 2342 da,
2279 2271 2375 2328 sed
2432 2285 2704 2329 coronam
2764 2273 3162 2332 tantummodo
3213 2272 3417 2348 gloria—:-
3471 2275 3856 2348 concupiscat.

2143 2357 2226 2416 De
2251 2358 2673 2417 habitatoribus
2724 2362 2940 2419 etenim
2968 2362 3145 2436 hujus
3175 2362 3400 2434 mundi,
3431 2363 3579 2422 sicut
3613 2363 3675 2421 in
3701 2363 3860 2438 Apo-

2143 2447 2357 2521 calypsi
2405 2448 2638 2523 dicitur,
2687 2448 2837 2508 beati
2881 2455 3164 2525 martyres
3215 2450 3466 2510 clamant
3504 2470 3517 2510 :
3561 2474 3582 2504 ι
3628 2451 3858 2522 Quous-

2142 2551 2257 2611 que
2314 2535 2598 2595 Dominus
2648 2539 2903 2609 (sanctus
2948 2546 3003 2597 et
3042 2540 3234 2613 verus)
3277 2555 3391 2598 non
3425 2540 3686 2600 vindicas
3718 2557 3855 2600 san-

2137 2624 2380 2697 guinem
2412 2633 2681 2685 nostrum
2712 2627 2783 2685 de
2816 2626 2888 2684 iis
2923 2629 3025 2701 qui
3058 2628 3318 2686 habitant
3350 2629 3412 2687 in
3445 2628 3632 2688 terra?
3659 2632 3853 2703 (Apoc.

2139 2716 2242 2787 VI.)
2269 2739 2295 2763 ι»
2329 2713 2410 2772 De
2456 2716 2550 2774 his
2592 2733 2729 2776 vero
2776 2717 2879 2792 qui
2917 2732 3033 2775 non
3084 2718 3363 2790 habitant,
3414 2719 3514 2778 sed
3560 2722 3855 2795 pergendo

2128 2804 2345 2879 jugiter
2374 2812 2696 2877 transeunt,
2729 2807 2912 2867 Isaias
2940 2814 3243 2884 postquam
3287 2810 3583 2884 praemittit
3613 2831 3626 2870 :
3674 2834 3697 2864 ι
3728 2811 3853 2872 Ha-

2131 2894 2335 2954 bitabit
2382 2895 2559 2969 lupus
2586 2911 2721 2955 cum
2749 2914 2914 2972 agno,
2952 2905 3007 2956 et
3035 2899 3248 2972 pardus
3286 2915 3419 2958 cum
3464 2901 3629 2960 haedo
3676 2918 3850 2960 accu-

2129 2981 2310 3054 babit,
2367 2982 2612 3056 vitulus,
2650 2991 2705 3043 et
2739 2985 2849 3055 leo,
2885 2992 2941 3044 et
2985 2987 3112 3046 ovis
3148 2987 3323 3045 simul
3373 2989 3778 3062 morabuntur,
3819 3016 3847 3041 ιο

2128 3072 2391 3144 protinus
2448 3072 2671 3131 addidit
2718 3098 2729 3131 :
2787 3100 2812 3123 «
2862 3080 2918 3132 et
2955 3091 3100 3149 puer
3141 3076 3422 3148 parvulus
3465 3078 3710 3137 minabit
3750 3094 3850 3138 eos

2056 3202 2100 3263 G
2126 3165 2279 3231 (Isai.
2321 3167 2426 3233 x1).
2475 3187 2495 3215 ι
2532 3164 2675 3233 Quis
2719 3170 2804 3223 est
2841 3165 2950 3223 iste
2995 3182 3138 3240 puer
3183 3168 3486 3241 parvulus,
3525 3169 3641 3228 nisi
3681 3170 3733 3228 is
3776 3171 3848 3228 de

2126 3268 2240 3326 quo
2290 3269 2391 3326 per
2435 3254 2704 3312 eumdem
2750 3256 3083 3329 prophetam
3125 3256 3382 3316 dicitur:
3420 3257 3623 3317 «Puer
3674 3266 3848 3319 natus

2124 3347 2209 3399 est
2263 3341 2448 3412 nobis,
2502 3349 2557 3401 et
2609 3341 2795 3401 Filius
2850 3343 3020 3402 datus
3071 3350 3156 3403 est
3203 3344 3414 3404 nobis?
3470 3348 3619 3420 (1εαὶ.
3662 3350 3772 3420 1x.)
3814 3369 3844 3403 ››

2125 3426 2235 3496 Qui
2279 3428 2456 3487 simul
2500 3429 2891 3488 inhabitantes
2931 3430 3131 3502 minat,
3164 3432 3301 3505 quia
3327 3448 3400 3491 ne
3440 3434 3610 3492 corda
3649 3442 3846 3494 nostra

2129 3516 2370 3575 terrenis
2402 3517 2574 3577 rebus
2614 3518 2937 3576 inhaereant
2973 3521 3303 3594 praadonem
3350 3521 3618 3581 desiderii
3667 3523 3846 3583 coele-

2125 3603 2229 3660 stis
2273 3604 2672 3663 indesinenter
2710 3605 3050 3664 inﬂammat.
3095 3606 3165 3664 Et
3211 3608 3316 3666 hoc
3357 3608 3548 3683 ipsum
3595 3612 3838 3681 minare,

2125 3699 2211 3749 est
2239 3692 2313 3749 ad
2342 3708 2519 3752 suum
2549 3710 2656 3753 nos
2685 3710 2940 3753 amorem
2978 3696 3210 3754 ﬂamma
3251 3698 3543 3757 continua
3590 3700 3841 3758 Charita-

2126 3779 2199 3837 tis
2248 3781 2593 3853 accendere;
2635 3799 2708 3840 ne
2748 3799 2882 3842 cum
2916 3798 3021 3841 nos
3061 3784 3277 3842 vicario
3318 3785 3493 3844 simul
3534 3800 3729 3845 amore
3758 3787 3841 3846 di-

2126 3868 2385 3942 ligimus,
2434 3871 2580 3945 ejus,
2640 3872 2713 3929 ad
2771 3888 2946 3946 quem
2994 3873 3178 3931 redire
3230 3874 3601 3947 debebamus,
3650 3876 3837 3950 obliti,

2124 3964 2316 4015 mente
2371 3959 2434 4017 in
2482 3959 2591 4017 hoc
2635 3960 2846 4019 exsilio
2895 3977 3319 4022 remaneamus.
3354 3963 3506 4023 Puer
3543 3979 3678 4039 ergo
3714 3982 3841 4040 par-

2123 4047 2301 4107 vulus
2356 4049 2721 4110 diversorum
2770 4053 3116 4111 animalium
3168 4058 3387 4112 turmas
3439 4054 3643 4127 minat,
3699 4057 3838 4131 quia

2124 4140 2476 4217 Redemptor
2497 4151 2711 4215 noster,
2742 4146 2843 4220 qui
2870 4145 3243 4204 multimodas
3272 4146 3581 4206 hominum
3615 4157 3838 4208 mentes

2124 4229 2181 4286 in
2234 4230 2614 4291 unanimitate
2675 4232 2819 4288 114
2871 4235 3124 4293 fraterna
3172 4234 3565 4295 insolubiliter
3606 4238 3835 4311 confiat,

2122 4318 2261 4378 dum
2294 4321 2365 4379 ad
2396 4338 2652 4382 amorem
2683 4340 2780 4383 eos
2806 4325 3005 4398 patriae
3044 4324 3293 4383 caelestis
3329 4326 3607 4399 accendit,
3634 4327 3692 4385 in
3727 4329 3836 4388 hoc

2121 4424 2216 4467 eos
2266 4412 2488 4469 mundo
2539 4413 2705 4485 quasi
2763 4414 2965 4487 pedem
3004 4414 3182 4486 ﬁgere
3228 4430 3347 4472 non
3389 4415 3684 4488 permittit.
3742 4416 3832 4475 Ad

324 4508 533 4562 vocant
581 4500 652 4559 ad
702 4514 991 4558 coronam.
1043 4498 1254 4557 Omnes
1311 4498 1468 4556 enim
1524 4496 1862 4572 quicunque
1918 4516 2092 4577 non_
2120 4497 2308 4557 Deum
2344 4515 2481 4558 vero
2525 4517 2640 4559 non
2688 4502 2806 4561 itur
2838 4502 3093 4577 vestigiis
3130 4502 3362 4576 pedum,
3403 4504 3502 4561 sed
3544 4504 3831 4564 bonorum

326 4608 549 4666 segnes,
586 4591 682 4650 sed
726 4590 1017 4647 ferventes
1041 4595 1094 4646 et
1120 4588 1297 4663 agiles
1322 4588 1393 4646 ad
1423 4566 1665 4662 patriam
1708 4566 2100 4662 preperant,D
2121 4590 2398 4664 gradibus
2430 4606 2691 4664 operum,
2724 4609 2829 4651 nec
2856 4592 2926 4651 ad
2955 4566 3090 4652 eum
3117 4566 3407 4668 quispiam
3445 4594 3595 4653 valet
3629 4612 3830 4654 ascen-

327 4698 444 4742 non
476 4683 537 4739 in
566 4680 775 4738 itinere
810 4693 1044 4751 gressus
1087 4678 1289 4751 ﬁgunt,
1323 4677 1418 4735 sed
1461 4685 1761 4751 pergentes
1813 4680 2043 4738 assidue

327 4775 397 4834 de
452 4771 762 4833 virtutibus
803 4770 860 4827 in
904 4769 1165 4833 virtutes,
1197 4767 1267 4826 de
1301 4768 1469 4826 bonis
1506 4769 1576 4826 ad
1618 4768 1859 4828 meliora
1901 4786 2040 4829 con-

318 4865 598 4929 .tendunt.
629 4864 744 4921 Nec
790 4863 850 4920 in
903 4861 1080 4934 hujus
1108 4859 1591 4933 peregrinationis
1634 4859 1840 4918 itinere
1889 4861 2044 4919 cives

326 4974 386 5016 se
450 4956 535 5014 vel
602 4953 948 5011 habitatores
1016 4950 1345 5020 ostendunt,
1403 4949 1499 5007 sed
1566 4950 1725 5009 velut
1790 4952 2044 5025 hospites

328 5060 554 5119 semper
579 5050 635 5101 et
666 5041 900 5100 exsules
933 5045 1251 5097 transeunt.
1315 5039 1481 5098 Unde
1503 5046 1558 5098 et
1585 5038 1788 5098 Petrus
1820 5060 1832 5098 :
1872 5063 1892 5092 ι
1926 5041 2040 5100 Ob-

330 5150 505 5204 secro,
566 5131 776 5206 inquit,
834 5136 1265 5202 vostanquam
1319 5128 1571 5187 advenas
1612 5135 1666 5186 et
1713 5129 2045 5202 peregrinos

332 5223 621 5282 abstinere
669 5236 771 5280 vos
816 5234 849 5277 a
890 5217 1217 5276 carnalibus
1265 5217 1568 5275 desideriis
1612 5232 1744 5290 quae
1798 5218 2048 5276 militant

333 5312 611 5369 adversus
640 5310 897 5368 animam
927 5309 974 5380 (I
993 5311 1138 5365 Pet-r.
1169 5309 1247 5380 Il).
1285 5331 1305 5359 ι
1339 5307 1407 5365 Et
1438 5306 1656 5366 Paulus
1699 5307 1779 5366 ait
1809 5332 1822 5366 :
1864 5329 1890 5361 «
1918 5308 2045 5368 Non

334 5402 617 5460 habemus
662 5400 757 5458 hic
803 5406 1133 5457 manentem
1181 5398 1490 5469 civitatem,
1524 5398 1623 5457 sed
1666 5399 1923 5457 futuram
1963 5400 2047 5457 in-

335 5488 627 5565 quirimus
673 5490 859 5562 (Hebr.
910 5490 1042 5558 XII).
1079 5511 1105 5535 ››
1138 5485 1290 5544 Hinc
1331 5486 1504 5544 etiam
1541 5486 1757 5546 Paulus
1795 5488 1913 5554 ille,
1946 5488 2048 5564 qui

334 5580 704 5653 progrediens
755 5596 830 5637 ex
877 5577 1122 5652 [Egypto
1190 5583 1397 5635 terram
1447 5577 1908 5651 repromissionis
1964 5578 2052 5637 in-

326 5682 566 5745 gressus
612 5675 695 5727 est
745 5667 1048 5738 Hebraeus,
1098 5665 1156 5723 id
1206 5670 1312 5739 est,
1352 5669 1623 5723 transiens
1678 5672 1910 5727 vocatus
1941 5676 2045 5728 est.

2122 4680 2255 4738 dere
2283 4695 2383 4753 per
2405 4681 2659 4753 corporei
2699 4691 2933 4741 conatus
2970 4682 3213 4754 aditum,
3255 4683 3355 4741 sed
3392 4700 3492 4759 per
3527 4685 3831 4744 assiduum

2124 4767 2305 4825 sancti
2332 4769 2521 4841 operis
2546 4769 2987 4830 incrementum.

2195 4855 2511 4915 Videamus
2546 4858 2725 4931 igitur
2760 4868 2815 4917 et
2856 4860 2994 4919 istos
3026 4861 3219 4921 beatos
3264 4866 3542 4936 martyres
3588 4877 3834 4936 quomo-

2124 4947 2197 5005 do
2242 4964 2361 5007 non
2415 4950 2708 5023 potuerint
2757 4951 2960 5011 divino
2996 4953 3301 5027 ﬂagrantes
3342 4954 3475 5027 igne
3519 4953 3834 5027 quiescere,

2125 5036 2224 5094 sed
2261 5052 2485 5110 semper
2524 5038 2965 5099 elaboraverunt
3001 5042 3073 5100 de
3109 5041 3278 5100 bonis
3313 5041 3384 5099 ad
3422 5041 3637 5114 optima
3674 5041 3839 5101 festi-

2126 5144 2285 5186 nare.
2346 5128 2493 5187 Nam
2556 5132 2697 5189 dum
2752 5138 2807 5191 et
2853 5139 2987 5190 ante
3039 5133 3457 5207 persecutionis
3521 5133 3839 5191 articulum

2128 5223 2303 5277 tantas
2337 5221 2459 5294 jam
2497 5221 2813 5280 sanctitatis
2851 5229 3059 5294 essent,
3100 5229 3164 5282 ut
3202 5223 3365 5297 signa
3402 5237 3503 5296 per
3551 5238 3647 5281 eos
3684 5222 3841 5281 Deus

2128 5320 2182 5371 et
2221 5315 2465 5373 virtutes
2504 5316 2847 5390 ostenderet,
2890 5333 3007 5376 non
3054 5316 3164 5376 isto
3201 5316 3458 5376 contenti
3496 5317 3841 5391 pertrahun-

2130 5410 2226 5462 tur
2280 5406 2352 5463 ad
2392 5406 2668 5480 judicem,
2697 5414 2752 5466 et
2784 5408 2846 5466 in
2896 5406 3050 5466 bello
3092 5407 3381 5466 declarant
3418 5412 3694 5481 quantam
3734 5407 3839 5464 ha-

2127 5491 2361 5552 buerint
2389 5502 2444 5552 et
2473 5495 2531 5553 in
2561 5511 2699 5571 pace
2726 5497 3019 5555 virtutem.
3050 5496 3120 5553 Et
3144 5498 3308 5570 prius
3335 5494 3571 5571 quidem
3610 5494 3840 5569 antiqui

2130 5582 2312 5641 hostis
2337 5584 2546 5643 artifex
2578 5590 2635 5643 et
2660 5591 2893 5644 versuta
2919 5583 3179 5658 nequitia
3205 5600 3305 5660 per
3329 5582 3634 5644 vasculum
3662 5599 3833 5642 suum

2129 5672 2302 5746 coepit
2323 5688 2458 5733 cum
2491 5673 2576 5733 eis
2602 5673 2768 5748 quasi
2792 5673 2996 5733 mitius
3020 5688 3209 5747 agere,
3250 5674 3458 5734 deinde
3488 5688 3606 5734 non
3634 5674 3839 5734 valens
