4184 6506
405 284 513 346 625

1920 290 2168 351 SERMO
2204 289 2390 355 XXII.

3803 289 3909 351 626

404 410 766 471 immobilem
798 427 1002 472 eorum
1025 414 1174 473 ferre
1201 417 1598 488 constantiam,
1631 417 1896 491 apposuit
1923 417 1986 475 in
2016 431 2111 476 eos
2132 417 2364 484 AUnde
2399 416 2509 475 sibi
2545 415 2827 475 divinitus
2863 416 3111 476 dicitur:
3144 439 3163 468 ι
3207 418 3349 478 Duae
3391 423 3589 491 gentes
3620 419 3683 476 in
3731 424 3898 479 utero

403 499 714 559 crudeliter
757 501 1036 561 insanire.
1089 503 1234 562 Nam
1283 504 1653 564 carniﬁcibus
1697 505 1956 580 undique
1999 522 2108 564 sa-

405 589 716 661 vientibus,
750 598 992 664 uterque
1023 602 1261 666 martyr,
1291 593 1454 652 velut
1486 609 1604 652 una
1635 609 1799 653 mens
1825 596 2111 654 eteadem

402 695 553 750 caro,
589 678 928 738 verberibus
977 681 1238 750 caditur,
1279 681 1577 755 plagarum
1609 681 1764 740 cade
1807 688 2104 756 mactatur,

403 784 542 828 mox
567 768 834 827 carcerali
867 769 1148 828 custodia
1177 771 1438 843 traditur,
1464 787 1530 829 ac
1561 773 1730 830 famis
1760 773 1952 846 inopia
1976 789 2110 832 cru-

399 859 601 919 ciatur.
655 857 766 917 Sed
796 857 1064 932 nunquid
1096 860 1469 920 bellatoribus
1506 863 1626 921 suis
1663 863 1860 922 divina
1889 871 2110 938 protec-

401 949 479 1008 tio
507 948 711 1018 defuit,
746 953 802 1005 et
833 950 987 1022 quod
1029 949 1090 1005 in
1125 949 1218 1008 ‘eis
1257 951 1408 1022 Deus
1439 951 1560 1024 ipse
1605 946 1935 1024 confligeret
1985 955 2111 1012 evi—

398 1037 556 1097 denti
601 1053 836 1111 prorsus
882 1037 1098 1094 indicio
1149 1053 1265 1096 non
1314 1041 1601 1098 ostendit?
1647 1040 1793 1098 Nam
1828 1042 1966 1099 dum
2016 1058 2111 1101 eos

396 1125 694 1184 carnifices
743 1125 1078 1184 verberibus
1120 1133 1395 1200 atterunt,
1440 1145 1642 1189 eorum
1690 1129 1940 1198 brachia,
1979 1147 2110 1205 qua

420 1231 458 1272 n
491 1214 638 1272 ictus
666 1213 1116 1287 debacchantur,
1145 1223 1431 1282 arescunt,
1477 1225 1542 1276 ut
1583 1234 1756 1278 saxea
1795 1226 2018 1294 pectora
2056 1226 2112 1278 et

395 1321 430 1364 a
473 1305 700 1379 pietatis
748 1306 1066 1364 visceribus
1103 1307 1314 1377 aliena,
1362 1308 1564 1367 saltem
1605 1325 1706 1382 per
1749 1311 1940 1368 carnis
1983 1327 2110 1370 are-

395 1395 563 1454 facta
601 1395 869 1468 rigorem,
910 1395 1132 1454 discant
1176 1397 1363 1454 cordis
1425 1399 1632 1457 habere
1682 1399 2007 1472 mollitiem,
2055 1406 2110 1459 et

397 1483 460 1541 in
508 1485 901 1544 membrorum
946 1500 1185 1544 suorum
1222 1486 1473 1546 nexibus
1511 1489 1785 1562 colligant
1831 1507 2006 1564 quam
2039 1493 2108 1550 ti-

399 1574 610 1632 menda
655 1575 728 1632 sit
775 1575 961 1633 virtus
1010 1575 1286 1634 adversus
1325 1591 1500 1650 quam
1549 1583 1664 1636 tam
1713 1578 1947 1651 furiose,
1993 1584 2107 1639 tam

331 1697 338 1703 -
397 1664 660 1722 atrociter
687 1662 1066 1722 dimicabant.

2192 510 2290 564 tuo
2345 511 2500 577 sunt,
2555 511 2609 563 et
2650 505 2768 563 duo
2811 505 3007 579 populi
3056 522 3131 564 ex
3176 513 3340 564 utero
3377 507 3493 564 duo
3541 506 3893 580 dividentur,

2191 592 2552 666 populusque
2587 593 2865 666 populum
2897 594 3212 667 superabit,
3247 600 3300 652 et
3329 595 3509 668 major
3538 595 3746 654 serviet
3778 597 3892 655 mi-

2192 680 2317 739 nori
2370 682 2518 753 (Gen.
2575 681 2748 753 xxv).
2780 701 2807 733 »
2835 680 2900 738 In
2943 680 3070 739 istis
3117 687 3308 741 autem
3358 682 3520 741 nulla
3566 683 3890 758 diversitas,

2191 784 2335 842 quos
2357 769 2638 826 nimirum
2669 776 2723 827 et
2752 785 2867 827 non
2895 769 3087 842 dispar
3116 770 3234 828 vita
3267 771 3637 842 confaderat,
3666 779 3720 830 et
3749 773 3897 832 indi-

2190 858 2382 916 vidua
2429 858 2722 915 charitatis
2766 859 3122 918 unanimitas
3155 861 3383 918 conflat.
3431 859 3674 919 Felicior
3719 864 3894 921 etiam

2190 948 2296 1005 iste
2340 954 2540 1020 partus
2586 965 2758 1022 quam
2800 950 2974 1008 fuerit
3011 949 3110 1008 ille
3149 950 3422 1020 Thamar,
3469 967 3585 1025 quo
3628 952 3896 1013 videlicet

2190 1037 2377 1094 exorti
2414 1041 2550 1094 sunt
2589 1037 2802 1095 Phares
2836 1044 2890 1095 et
2919 1037 3061 1095 Zara
3107 1041 3255 1110 (Gen.
3298 1042 3580 1112 XXXVIII).
3633 1043 3894 1111 Quorum

2188 1127 2331 1186 alter
2365 1130 2584 1192 divisio,
2625 1128 2768 1186 alter
2797 1133 2973 1185 oriens
3004 1129 3427 1204 interpretatur.
3460 1131 3530 1188 Et
3566 1132 3714 1190 sicut
3743 1133 3894 1191 inter

2191 1235 2250 1276 se
2277 1218 2526 1276 invicem
2559 1219 2791 1276 dissidet
2821 1221 3211 1292 interpretatio
3251 1223 3584 1294 nominum,
3620 1225 3698 1282 ita
3728 1241 3892 1299 qua-

2190 1307 2322 1364 dam
2350 1307 2653 1364 diversitas
2683 1315 2764 1363 est
2803 1308 2864 1364 in
2911 1310 3181 1382 operibus
3213 1311 3603 1384 singulorum,
3645 1313 3741 1369 sed
3788 1329 3896 1371 nec

2189 1395 2343 1454 idem
2385 1401 2575 1454 tenent
2613 1397 2675 1453 in
2724 1397 2908 1470 figura
2957 1400 3319 1471 mysterium.
3369 1399 3528 1457 Beati
3574 1417 3711 1459 vero
3749 1416 3897 1458 mar-

2190 1489 2343 1558 tyres
2389 1484 2485 1542 isti
2531 1485 2594 1542 in
2641 1500 2879 1543 suorum
2923 1487 3232 1545 nominum
3270 1489 3742 1561 interpretatione
3774 1504 3893 1548 non

2187 1575 2530 1650 discrepant,
2577 1576 2711 1648 quia
2749 1576 3176 1652 quodammodo
3213 1593 3404 1636 unum
3435 1583 3525 1634 est
3557 1579 3711 1652 quod
3751 1579 3897 1637 desi-

2185 1670 2386 1738 gnant,
2423 1669 2478 1722 et
2516 1679 2728 1723 nomen
2760 1664 3090 1730 utriuslibet
3123 1665 3358 1741 utrique
3388 1666 3717 1724 concordat.
3759 1666 3893 1724 Per-

468 1753 594 1812 Jam
650 1768 784 1811 vero
828 1752 977 1812 illud
1022 1769 1200 1828 quam
1247 1754 1514 1813 sublimis
1552 1756 1752 1829 gratia
1805 1751 2458 1844 meritum,Bgentinus
2513 1753 2774 1844 enimet
2823 1754 3235 1821 Laurentinus,
3290 1759 3535 1826 uterque
3589 1754 3773 1844 pergit
3826 1754 3899 1812 ad

396 1849 630 1916 quanta
668 1846 1036 1918 cognoscitur
1079 1846 1234 1919 apud
1275 1847 1460 1904 Deum
1505 1846 1914 1906 familiaritatis
1961 1842 2152 1911 indi:
2193 1842 2468 1912 lauream,
2500 1847 2554 1899 et
2575 1843 2788 1916 quibus
2817 1859 2935 1902 una
2963 1850 3046 1901 est
3074 1844 3188 1914 via,
3220 1859 3339 1901 una
3368 1849 3452 1901 est
3481 1843 3896 1917 concupiscen-

397 1932 575 2001 cium,
618 1933 790 2009 quod,
834 1933 893 1991 in
927 1950 1152 1992 carcere
1196 1935 1488 1994 constituti
1531 1940 1585 1993 et
1625 1937 1887 1996 triduana
1930 1941 2107 2004 simul

397 2020 590 2079 inedia
627 2023 918 2090 macerati,
958 2023 1248 2094 angelitus
1277 2024 1587 2082 visitantur
1629 2031 1682 2082 et
1730 2042 1947 2088 mensa
1989 2047 2106 2091 ca-

396 2110 556 2169 lestis
604 2110 878 2170 alimenta
926 2111 1270 2186 percipiunt.
1317 2112 1383 2170 In
1440 2113 1523 2171 eis
1576 2114 1790 2188 quippe
1844 2116 2106 2180 Christus

395 2200 700 2270 esuriebat,
751 2201 812 2258 in
851 2201 933 2258 eis
970 2201 1250 2275 supplicia
1282 2203 1617 2276 perferebat,
1649 2219 1783 2262 cum
1823 2207 1904 2264 eis
1943 2209 2106 2268 clau-

356 2306 359 2309 ·
395 2293 637 2352 dabatur
664 2294 728 2352 in
760 2310 1004 2362 carcere,
1035 2310 1168 2352 cum
1197 2293 1280 2352 eis
1311 2295 1372 2352 in
1403 2295 1672 2365 vinculis,
1714 2313 1848 2356 cum
1876 2299 1957 2358 eis
1985 2309 2106 2361 erat

395 2396 584 2439 comes
615 2381 952 2441 individuus
983 2383 1042 2439 in
1079 2384 1397 2441 tormentis.
1442 2384 1512 2441 Et
1546 2386 1652 2459 qui
1690 2385 1916 2446 dudum
1954 2388 2106 2449 inter

394 2468 830 2527 deambulantes
869 2470 929 2527 in
969 2470 1199 2529 camino
1241 2470 1544 2531 Chaldaico
1587 2488 1794 2545 pueros
1833 2477 1993 2535 visus
2023 2485 2105 2537 est

395 2563 661 2631 quartus,
696 2558 818 2631 ipse
851 2558 1044 2631 procul
1070 2559 1247 2617 dubio
1266 2574 1400 2618 cum
1428 2559 1553 2618 istis
1585 2561 1756 2620 etiam
1787 2562 2102 2624 invictissi-

398 2644 507 2702 mis
534 2644 907 2704 bellatoribus
933 2648 1053 2704 suis
1088 2647 1270 2705 factus
1295 2655 1376 2706 est
1409 2648 1628 2706 tertius.
1660 2671 1687 2703 «
1717 2649 1880 2724 Ecce,
1907 2654 2103 2729 inquit

393 2750 518 2804 rex,
573 2734 738 2793 video
782 2735 938 2793 viros
984 2743 1235 2809 quatuor
1293 2737 1511 2794 solutos
1559 2737 1997 2801 deambulantes
2035 2746 2100 2802 in

394 2823 584 2882 medio
611 2824 785 2896 ignis,
816 2833 871 2882 et
903 2825 1050 2883 nihil
1076 2826 1460 2900 corruptionis
1482 2827 1650 2885 estin
1679 2829 1779 2900 eis,
1807 2838 1859 2889 et
1883 2835 2099 2906 species

390 2912 582 2986 quarti
611 2913 818 2971 similis
847 2921 932 2972 est
959 2914 1106 2972 Filio
1134 2914 1234 2972 Dei
1261 2916 1418 2988 (Dan.
1452 2918 1553 2988 lli).
1585 2937 1613 2968 »
1649 2917 1802 2977 Hinc
1832 2927 1915 2978 est
1943 2924 2098 2996 quod

390 3008 447 3060 et
500 3006 824 3074 persecutor
870 3001 969 3059 ille
1013 3001 1334 3073 Tiburtius,
1393 3005 1738 3063 insanientis
1779 3006 2098 3068 iracundia

392 3091 523 3150 felle
548 3099 860 3165 permotus,
892 3101 1231 3167 vaporantes
1260 3093 1330 3150 de
1360 3094 1587 3151 fornace
1619 3095 1824 3154 furiosi
1854 3100 2096 3170 pectoris

389 3179 650 3237 ﬂammas
678 3181 958 3252 evomuit,
991 3188 1044 3238 et
1075 3180 1270 3238 beatos
1316 3188 1593 3254 martyres
1631 3199 1802 3257 super
1832 3185 2106 3246 ardentes

388 3284 604 3342 prunas
633 3269 806 3327 nudis
835 3269 1077 3343 pedibus
1113 3275 1295 3327 astare
1323 3271 1612 3344 praecepit.
1646 3273 1722 3329 At
1753 3275 2016 3347 protinus
2041 3283 2095 3334 et

386 3360 662 3418 carbones
702 3360 992 3432 exstincti,
1038 3365 1094 3416 et
1133 3359 1365 3432 gloriosi
1407 3367 1730 3434 martyrum
1769 3362 1936 3435 pedes
1979 3369 2094 3422 tan-

386 3465 561 3524 quam
591 3465 761 3523 super
785 3449 1087 3507 candentia
1130 3449 1272 3519 lilia,
1309 3449 1402 3506 vel
1431 3465 1657 3508 croceos
1695 3466 1953 3510 rosarum
1986 3453 2091 3510 llo-

387 3553 475 3595 res
528 3537 686 3594 molli
734 3545 873 3594 sunt
915 3537 1156 3610 vestigio
1191 3536 1472 3594 delectati.
1514 3537 1631 3595 Nec
1669 3546 1849 3596 cessat
1901 3539 2092 3599 adhuc

385 3626 547 3684 ferox
594 3625 866 3700 nequitia
905 3625 1160 3699 spiritus.
1205 3625 1363 3682 Nihil
1403 3624 1753 3683 intentatum
1789 3627 2086 3702 relinquit,

383 3715 478 3772 sed
523 3715 719 3772 omnia
751 3721 1001 3772 versuta
1035 3713 1274 3784 fraudis,
1309 3712 1503 3770 omnia
1533 3713 1714 3771 rabidi
1754 3714 1964 3772 furoris
1995 3732 2089 3773 ar-

379 3811 654 3878 gumenta
683 3803 987 3878 percurrit.
1033 3799 1141 3859 Sed
1183 3817 1300 3876 quo
1333 3802 1599 3875 pluribus
1624 3803 1837 3876 jaculis
1865 3803 2089 3878 impetit

380 3895 591 3954 Christi
625 3895 856 3964 milites,
882 3909 947 3952 eo
976 3893 1160 3951 reddit
1186 3908 1334 3950 caca
1362 3892 1670 3950 crudelitas
1697 3894 1985 3952 clariores.
2019 3895 2088 3952 Et

377 3992 594 4058 quanto
648 3984 997 4042 ,frementior
1062 3982 1146 4039 eis
1220 3981 1443 4055 ingruit
1488 3980 1821 4040 immanitas
1874 3984 2083 4058 pralii,

378 4083 534 4134 tanto
577 4075 862 4148 prabetur
892 4073 1125 4132 uberior
1162 4073 1380 4129 occasio
1422 4071 1840 4144 triumphandi.
1884 4074 2085 4149 Itaque

374 4165 647 4223 statuitur
692 4164 937 4235 idolum,
987 4171 1041 4222 et
1090 4162 1292 4220 insana
1343 4160 1556 4235 judicis
1607 4161 1793 4219 rabies
1844 4163 2087 4237 imperat

374 4255 758 4314 adorandum.
795 4258 868 4313 At
894 4256 1035 4313 dum
1065 4271 1181 4313 non
1214 4254 1455 4326 idolum,
1497 4251 1594 4310 sed
1625 4253 1778 4313 Deus
1817 4259 2085 4331 omnipoo

379 4353 504 4404 lens
566 4344 705 4400 115
761 4347 1050 4417 adoratur,
1111 4347 1294 4417 figura
1371 4345 1600 4405 larvalis
1663 4345 1725 4402 in
1782 4345 2082 4418 pulverem

2194 1931 2306 2002 tia;
2342 1930 2516 1989 simul
2541 1930 2865 2004 gradientes
2895 1932 3240 2005 perveniunt
3274 1931 3344 1989 ad
3378 1946 3669 1990 coronam.
3699 1932 3894 2002 Quan-

2189 2036 2364 2094 quam
2394 2028 2448 2078 et
2477 2021 2538 2079 in
2564 2021 2708 2090 istis,
2753 2023 2903 2079 sicut
2930 2037 3131 2079 eorum
3165 2026 3403 2080 testatur
3433 2022 3690 2094 historia,
3730 2039 3893 2097 qua-

2191 2108 2323 2166 dam
2389 2109 2706 2182 reperiatur
2773 2124 2895 2166 esse
2955 2109 3296 2167 differentia.
3372 2109 3517 2168 Nam
3591 2111 3727 2169 dum
3801 2127 3899 2170 eos

2189 2199 2466 2257 violentia
2503 2199 2856 2272 pertraheret
2880 2198 2950 2255 ad
2983 2206 3316 2275 tyrannum,
3359 2201 3742 2274 Pergentinus
3773 2203 3892 2260 fra-

2192 2287 2282 2358 tri,
2326 2287 2604 2361 quoniam
2651 2287 3106 2360 eloquentiorem
3141 2286 3458 2360 judicabat,
3504 2289 3890 2364 respondendi

2187 2374 2474 2448 delegavit
2510 2374 2788 2445 ofﬁcium,
2819 2381 2883 2433 ut
2920 2375 3017 2432 ille
3049 2376 3207 2434 velut
3235 2377 3424 2434 Aaron
3469 2377 3798 2449 loqueretur
3822 2381 3891 2438 ad

2190 2465 2567 2535 Pharaonem,
2629 2465 2771 2524 dum
2826 2465 3157 2524 assisterent
3204 2473 3338 2524 ante
3392 2467 3719 2541 prasidem.
3774 2469 3894 2527 Hoc

2186 2554 2365 2627 igitur
2399 2556 2551 2613 inter
2581 2555 2756 2629 hujus
2787 2553 2969 2612 beata
2996 2556 3391 2628 germanitatis
3431 2557 3692 2629 geminos
3724 2558 3894 2616 distat

2186 2644 2338 2718 quod
2372 2644 2524 2702 inter
2555 2643 2792 2716 Moysen
2821 2649 2875 2701 et
2903 2645 3094 2702 Aaron
3137 2645 3367 2702 differre
3400 2645 3696 2718 Scriptura
3734 2662 3892 2704 com-

2185 2739 2483 2790 memorat.
2517 2732 2780 2802 Quorum
2822 2749 2980 2792 unus
3013 2734 3084 2791 de
3131 2750 3191 2792 se
3230 2735 3622 2807 conqueritur,
3654 2735 3887 2794 dicens:

2187 2822 2509 2893 «Obsecro,
2554 2822 2819 2893 Domine,
2863 2837 2980 2880 non
3031 2837 3161 2880 sum
3207 2823 3487 2896 eloquens
3535 2826 3608 2883 ab
3657 2825 3781 2883 beri
3836 2835 3891 2884 et

2183 2909 2400 2968 nudius
2427 2911 2645 2981 tertius,
2679 2916 2733 2968 et
2762 2926 2836 2967 ex
2865 2926 2982 2984 quo
3005 2910 3231 2969 locutus
3251 2927 3311 2969 es
3329 2911 3400 2968 ad
3428 2929 3662 2971 servum
3690 2919 3888 2986 tuum,

2181 2996 2562 3070 impeditioris
2592 3004 2648 3056 et
2675 2999 2936 3056 tardioris
2968 2998 3188 3072 lingua
3225 3015 3355 3058 sum
3389 3001 3582 3072 (and.
3615 3002 3712 3072 IV).
3753 3024 3774 3051 ι»
3811 3001 3889 3059 De

2181 3083 2359 3142 altero
2389 3099 2526 3142 vero
2544 3085 2754 3143 dicitur
2780 3104 2792 3144 :
2821 3107 2848 3139 «
2887 3087 3079 3144 Aaron
3111 3086 3282 3145 frater
3319 3093 3456 3145 tuus
3490 3087 3737 3160 Levites,
3769 3088 3887 3147 scio

2183 3173 2335 3248 quod
2372 3175 2646 3248 eloquens
2675 3176 2782 3248 sit;
2829 3177 2951 3250 ipse
2977 3175 3246 3250 loquetur
3273 3193 3373 3251 pro
3401 3183 3455 3234 te
3484 3179 3555 3236 ad
3587 3178 3884 3252 populum,

2183 3270 2237 3322 et
2264 3265 2372 3322 erit
2400 3281 2463 3323 os
2496 3273 2666 3324 tuum
2693 3268 2906 3339 (Ibid.).
2957 3292 2982 3315 ››
3034 3267 3178 3325 Ecce
3207 3267 3400 3341 itaque
3429 3268 3579 3326 beati
3609 3275 3888 3343 martyres

2181 3356 2241 3413 in
2297 3371 2364 3413 ea
2413 3371 2491 3425 re,
2541 3371 2659 3430 qua
2717 3356 3086 3429 reperiuntur
3134 3358 3365 3416 sibimet
3408 3360 3659 3418 invicem
3707 3361 3888 3420 fuisse

2178 3445 2510 3516 dissimiles,
2557 3443 2982 3518 quodammodo
3029 3446 3213 3520 Moysi
3265 3449 3552 3507 etAaron
3597 3452 3886 3509 exstitisse

2178 3532 2449 3591 videntur
2483 3533 2754 3606 aquales.
2799 3534 2868 3590 Et
2903 3547 3020 3591 non
3052 3535 3310 3593 fortassis
3341 3535 3678 3609 incongrue.
3724 3537 3886 3596 Sicut

2176 3623 2331 3679 enim
2367 3638 2468 3696 per
2511 3621 2641 3680 illos
2671 3622 2766 3680 lex
2796 3621 2935 3679 olim
2964 3623 3095 3680 data
3125 3630 3209 3681 est
3237 3623 3569 3683 Israelitica
3597 3625 3773 3698 plebi,
3807 3627 3885 3682 ita

2175 3727 2276 3785 per
2325 3712 2465 3769 istos
2519 3710 2845 3769 Christiana
2900 3712 3041 3769 fides
3099 3719 3155 3770 et
3207 3707 3591 3786 Evangelium
3651 3714 3881 3772 civibus

2174 3801 2374 3859 illuxit
2405 3801 2604 3859 Aretii.
2641 3801 2781 3858 Nam
2814 3816 2947 3859 cum
2971 3800 3278 3876 gentilitati
3308 3801 3500 3860 adhuc
3527 3802 3672 3861 ritus
3703 3803 3880 3876 pesti-

2173 3889 2356 3948 lenter
2384 3890 2802 3948 inborres:-eret
2831 3896 2884 3947 et
2908 3891 2967 3946 in
3001 3889 3394 3948 Christianum
3431 3905 3644 3948 nomen
3696 3907 3884 3965 perse-

2171 3979 2418 4038 cutionis
2496 3980 2658 4037 furor
2721 3979 3055 4036 immaniter
3118 3978 3403 4049 ebulliret,
3463 3988 3602 4039 tunc
3663 3982 3880 4041 scilicet

2171 4069 2403 4144 quando
2431 4069 2496 4126 B.
2532 4069 2784 4126 Donatus
2814 4069 3060 4142 pretioso
3091 4069 3376 4142 sanguine
3405 4071 3703 4128 Aretinam
3736 4087 3876 4145 pur-

2169 4160 2402 4234 puravit
2446 4159 2780 4233 Ecclesiam,
2835 4160 3152 4233 vigesimus
3199 4168 3389 4218 tamen
3435 4161 3745 4234 imperator
3797 4169 3880 4219 est

2169 4249 2461 4320 Julianus,
2514 4249 2622 4308 sub
2657 4266 2770 4323 quo
2802 4249 2864 4307 B.
2899 4250 3152 4308 Donatus
3199 4251 3447 4322 insignis
3489 4258 3708 4324 martyr
3748 4253 3875 4310 eni-

2173 4340 2302 4405 tuit,
2333 4355 2366 4397 a
2394 4339 2563 4398 Decio
2593 4339 2868 4414 principe,
2891 4341 3059 4413 cujus
3082 4339 3401 4414 persecutio
3429 4340 3567 4398 istos
3597 4340 3875 4414 gloriosos

380 4433 601 4491 redacta
653 4434 977 4492 collabitur.
1043 4434 1333 4492 Postremo
1403 4435 1500 4509 qui
1579 4435 1871 4509 dedignati
1947 4439 2452 4509 sunt_martyres
2495 4431 2808 4489 coronavit.
2855 4431 3015 4500 Quod
3049 4432 3097 4489 si
3135 4432 3456 4507 catalogum
3491 4447 3723 4505 quoque
3755 4431 3872 4490 B0-

377 4540 512 4582 suas
559 4523 728 4582 idolis
767 4524 1046 4582 inclinare
1087 4523 1355 4594 cervices,
1396 4497 1658 4582 alacriter
1691 4505 1883 4597 gladio
1919 4497 2476 4584 beataDmanorum
2522 4521 2860 4593 pontificum
2905 4520 3156 4579 studiose
3185 4538 3505 4595 percurras,
3550 4522 3813 4580 invenies
3842 4540 3875 4580 a

375 4612 523 4671 colla
575 4612 911 4686 subjiciunt,
971 4618 1022 4670 et
1083 4615 1166 4671 sic
1216 4613 1465 4687 glorioso
1523 4613 1807 4685 sanguine
1857 4629 2081 4688 purpu-

374 4701 480 4758 rati
533 4701 604 4759 ad
658 4700 1064 4775 Imperatorem
1116 4717 1290 4760 suum
1339 4708 1561 4776 peracta
1608 4701 1844 4759 victoria
1895 4717 2082 4760 rever-

373 4798 472 4850 tlll'l
483 4799 592 4850 llll‘.

440 4879 484 4940 Ο
514 4881 673 4938 beata
696 4882 1064 4956 germanitas,
1099 4899 1227 4958 qua
1260 4899 1362 4940 nec
1389 4881 1447 4939 in
1471 4880 1844 4955 conceptione
1870 4881 2074 4954 dividi,

371 4984 474 5027 nec
513 4969 572 5027 in
619 4970 915 5029 nativitate
962 4972 1232 5042 discerni,
1283 4987 1389 5029 nec
1435 4970 1496 5028 in
1559 4971 1821 5043 pretiosa
1876 4971 2076 5030 mortis

366 5061 550 5132 potuit
581 5077 792 5135 genere
833 5061 1103 5134 separari,
1138 5075 1301 5135 pares
1335 5059 1392 5117 in
1424 5076 1612 5134 pana,
1659 5060 1978 5133 coaquales
2014 5062 2071 5119 in

362 5148 582 5221 gloria!
625 5149 812 5207 Simul
855 5165 927 5206 ex
966 5148 1241 5206 maternis
1273 5148 1592 5206 visceribus
1639 5148 1966 5207 funduntur
2009 5150 2072 5207 in

366 5236 605 5306 mundo,
673 5237 847 5296 simul
910 5255 983 5296 ex
1039 5253 1221 5310 agone
1296 5238 1681 5295 consummati
1738 5239 2070 5298 certaminis

361 5323 630 5382 oriuntur
675 5326 732 5385 in
777 5326 938 5385 calo.
986 5327 1418 5397 Quodammodo
1467 5326 1688 5385 felicior
1734 5328 1838 5386 iste
1891 5345 2069 5402 quam

361 5413 635 5474 Rebecca
668 5417 946 5475 dicendus
983 5422 1066 5473 est
1098 5422 1314 5488 partus.
1357 5414 1522 5486 Nam,
1573 5415 1867 5490 Scriptura
1907 5426 2066 5493 teste,

359 5502 419 5560 in
457 5510 618 5562 utero
644 5502 803 5561 illius
823 5503 1243 5563 collidebantur
1265 5504 1512 5578 parvuli,
1542 5505 1677 5576 quia
1709 5507 1817 5566 sub
1841 5507 2068 5567 diversa

358 5607 591 5669 morum
636 5598 810 5667 atque
857 5609 1233 5654 successuum
1288 5599 1450 5652 erant
1499 5593 1774 5668 qualitate
1830 5597 2064 5657 victuri.

2169 4609 2231 4667 B.
2268 4609 2452 4680 Sixto,
2494 4607 2634 4663 116
2670 4611 2764 4668 cui
2812 4611 3096 4670 Decianus
3134 4613 3316 4682 furor,
3361 4612 3502 4669 dum
3548 4612 3870 4683 desaviret,

2166 4698 2384 4756 servire
2429 4705 2659 4756 coactus
2696 4707 2799 4763 est,
2842 4716 3026 4774 usque
3070 4699 3141 4758 ad
3179 4700 3478 4758 Liberium
3506 4715 3734 4774 papam,
3766 4700 3871 4775 qui

2163 4789 2383 4848 Juliani
2441 4795 2694 4862 tempore
2748 4791 2978 4863 prafuit
3025 4790 3327 4850 duodecim
3372 4789 3697 4862 apostolica
3747 4791 3868 4849 sedi

2163 4879 2502 4954 pracedisse
2532 4881 2851 4954 pontifices.

2233 4969 2377 5029 Cum
2434 4969 2612 5042 igitur
2655 4971 2888 5045 gloriosi
2939 4975 3216 5044 martyres
3262 4970 3358 5030 isti
3407 4977 3563 5030 tanto
3612 4978 3865 5046 tempore

2161 5059 2224 5117 Β.
2277 5059 2564 5119 Donatum
2612 5060 2972 5133 pracessisse
3015 5067 3344 5127 noscantur,
3402 5075 3518 5119 non
3577 5061 3866 5119 immerito

2158 5148 2435 5208 dicuntur
2463 5150 2524 5207 in
2554 5151 2644 5208 his
2670 5149 3004 5222 regionibus
3030 5149 3095 5207 in
3136 5149 3354 5224 quibus
3379 5150 3528 5223 passi
3553 5155 3709 5219 sunt,
3738 5167 3862 5208 cre-

2159 5241 2421 5300 dentium
2465 5241 2657 5311 duces,
2701 5231 2960 5298 fidelium
3003 5241 3318 5314 principes,
3363 5257 3429 5298 ac
3463 5241 3658 5312 totius,
3692 5244 3755 5297 ut
3784 5239 3862 5298 ita

2157 5329 2380 5403 loquar,
2429 5329 2683 5387 Aretina
2739 5328 3011 5388 Ecclesia
3069 5329 3419 5388 fundatores.
3479 5327 3555 5385 Hi
3617 5329 3864 5402 profecto

2155 5435 2312 5478 nunc
2341 5419 2614 5476 micantes
2655 5433 2901 5492 gemma
2931 5427 2986 5476 et
3016 5419 3318 5478 rutilantes
3345 5423 3480 5478 sunt
3509 5417 3855 5492 margarita,

2154 5526 2286 5584 qua
2316 5508 2579 5568 videlicet
2604 5508 2665 5566 in
2696 5509 3059 5581 imperatoris
3087 5507 3289 5568 aeterni
3315 5507 3634 5566 diademate
3663 5507 3858 5581 pollu-

2151 5599 2398 5658 cibiliter
2421 5597 2666 5670 radiant,
2700 5605 2756 5657 et
2783 5598 2934 5658 inter
2961 5598 3172 5671 ignitos
3200 5613 3469 5673 superna
3495 5597 3857 5657 Hierusalem
