4184 6472
307 277 419 338 627
932 278 993 340 S.
1033 276 1257 338 PETRI
1292 274 1618 336 DAMIANI
1654 275 1812 338 OPP.
1852 273 2050 336 PARS
2092 273 2236 336 SEU
2273 274 2525 338 TOMUS
2563 275 2639 335 II.
2681 309 2748 322 --
2788 272 3204 338 SERMONES.
3709 276 3820 338 628

308 402 527 477 lapides
550 401 1027 477 inexstinguibili
1055 400 1355 475 splendore
1381 405 1702 461 coruscant.
1733 399 1909 459 Porro
1936 401 2018 458 si-
2042 400 2410 475 Asanguinis
2435 401 2763 475 aspersione
2790 400 3122 473 prasignat.
3154 396 3427 458 Consistit
3454 415 3651 460 coram
3682 418 3818 461 arca

308 496 409 550 cut
434 480 738 565 geminum
770 491 1072 550 oculorum
1099 488 1296 548 lumen
1329 492 1390 548 in
1424 489 1604 564 capite
1637 489 2017 547 constitutum
2107 488 2339 547 faderis
2379 494 2434 545 et
2472 496 2604 545 ante
2654 486 2979 545 testamenti
3022 484 3266 554 tabulas,
3318 502 3531 546 urnam
3575 505 3815 548 auream

309 578 566 653 subjecta
601 579 854 653 corporis
888 578 1147 636 membra
1173 578 1531 648 condecorat,
1561 577 1639 636 ita
1669 577 1732 636 B.
1763 577 2019 635 Donatus
2106 577 2416 635 habentem
2445 591 2680 646 manna,
2713 575 2937 646 virgam
2978 574 3193 643 Aaron,
3228 573 3545 633 Cberubim
3592 586 3648 635 et
3680 594 3819 652 pro-

305 682 439 726 cum
487 666 713 726 duobus
747 666 837 724 his
870 665 1000 725 cali
1038 666 1345 735 sideribus,
1376 666 1541 740 quasi
1569 665 1886 724 sanctitatis
1924 680 2020 722 ca-
2106 665 2486 739 pitiatorium,
2515 664 2849 723 solemniter
2878 661 3184 732 infulatus,
3220 661 3411 721 vultui
3454 664 3581 734 Dei,
3613 666 3819 740 gloria

309 762 416 832 put
444 755 693 828 fideique
725 755 1077 830 principium
1107 754 1423 830 adjacentia
1452 770 1702 829 quaque
1734 753 1856 812 loca
1880 769 2024 827 pra—
2107 755 2440 830 majestatis,
2472 768 2663 812 rerum
2695 751 2963 810 omnium
2988 750 3236 809 Domino
3268 757 3402 808 vota
3435 753 3816 825 percelebrat.

311 843 484 915 cellit,
529 850 603 914 et,
633 850 697 902 ut
725 843 804 902 ita
838 843 1035 912 fatear,
1072 850 1257 901 totum
1306 842 1532 901 Tuscia
1562 859 1770 917 corpus
1812 842 2018 901 eximii
2106 842 2240 901 Dies
2285 843 2463 901 instat
2503 841 2799 912 solemnis,
2840 845 2896 897 et
2938 839 3161 897 cateris
3201 839 3406 898 diebus
3451 840 3820 904 multitudini

313 931 637 1006 splendoris
667 931 853 990 nitore
882 932 1196 1004 perfundit.
1241 930 1425 989 Tanto
1452 931 1668 1006 guippe
1699 947 1858 989 nunc
1885 936 2021 990 sunt
2105 929 2443 990 Judaorum
2462 931 2758 1002 celebrior,
2787 928 3020 987 Domini
3048 928 3437 1003 pracipientis
3458 934 3821 993 attestatione

312 1018 715 1078 eminentioris
759 1018 961 1095 gloria
998 1018 1254 1077 claritate
1294 1019 1613 1091 conspicui,
1645 1027 1862 1094 quanto
1889 1037 2019 1094 gra-
2107 1022 2394 1092 sublimis,
2429 1022 2597 1095 plane
2631 1018 2959 1094 spectabilis
2985 1024 3040 1076 et
3068 1019 3294 1090 festiva,
3326 1017 3389 1076 in
3417 1034 3534 1093 qua
3557 1019 3679 1079 sola
3707 1021 3819 1080 soli

314 1106 461 1168 viori
493 1108 721 1168 fuerant
741 1108 925 1167 rabidi
954 1108 1333 1182 persecutoris
1352 1108 1713 1167 immanitate
1744 1110 2016 1183 depressi.
2107 1111 2365 1186 pontiﬁci
2422 1110 2631 1169 licebat
2676 1109 2917 1167 introire
2968 1108 3031 1165 in
3092 1107 3302 1167 Sancta
3357 1115 3820 1183 sanctorumret

312 1196 498 1272 Igitur
530 1196 602 1255 de
646 1196 835 1270 poenis
872 1196 943 1254 ad
989 1195 1251 1271 gloriam,
1285 1196 1357 1254 de
1395 1197 1710 1255 certamine
1755 1197 2019 1256 translati
2107 1200 2409 1274 aspergine
2437 1197 2779 1257 multiformi
2816 1212 3060 1256 summa
3088 1195 3412 1255 divinitatis
3451 1198 3600 1257 iram
3644 1201 3819 1260 refri-

312 1292 451 1349 sunt
477 1287 550 1346 ad
594 1303 885 1347 coronam.
920 1286 1049 1362 Ipse
1077 1288 1361 1347 nimirum
1390 1288 1472 1346 eis
1512 1289 1696 1346 factus
1738 1293 1823 1345 est
1866 1303 2019 1360 pra-
2105 1304 2323 1363 gerare.
2360 1287 2719 1346 Convenitur
2748 1285 3006 1360 undique
3042 1284 3103 1343 in
3134 1293 3390 1344 sanctam
3419 1286 3731 1362 civitatem,
3762 1298 3820 1351 et

310 1374 500 1436 mium
530 1392 664 1436 cum
712 1378 940 1452 recepit,
975 1378 1077 1452 qui
1123 1394 1185 1437 se
1211 1393 1314 1451 pro
1342 1377 1426 1435 eis
1455 1377 1739 1436 obtulerat
1766 1376 2018 1450 pretium
2110 1376 2455 1450 populorum
2486 1376 2651 1436 turba
2682 1375 3037 1450 frequentior
3060 1374 3319 1434 cumulat
3346 1377 3644 1436 materiam
3669 1394 3817 1451 gau-

309 1480 445 1525 cum
494 1466 755 1539 redemit,
802 1466 970 1525 Jesus
1015 1466 1277 1526 Christus
1323 1467 1607 1525 Dominus
1659 1472 1870 1532 noster,
1919 1465 2021 1540 qui
2105 1465 2357 1524 diorum.
2407 1465 2565 1525 Inter
2614 1467 2740 1525 hac
2793 1480 2954 1525 sacra
3008 1465 3333 1525 consistens
3384 1466 3814 1542 archangelus:

312 1572 450 1616 cum
476 1557 642 1616 Patre
667 1563 723 1615 et
752 1555 975 1630 Spiritu
1004 1565 1198 1616 sancto
1227 1558 1373 1617 vivit
1400 1564 1456 1616 et
1481 1564 1683 1632 regnat
1712 1556 1773 1616 in
1801 1557 2021 1617 sacula

313 1646 682 1706 saculorum.
707 1647 915 1705 Amen.

886 1739 909 1761 '
946 1734 1193 1797 SERMO
1225 1734 1438 1796 XXIII.

2110 1578 2137 1605 α
2168 1555 2253 1613 Ne
2281 1554 2503 1627 timeas,
2535 1555 2748 1630 inquit,
2775 1554 3050 1613 Zacharia
3077 1556 3283 1627 (Ibid),
3318 1579 3345 1607 υ
3375 1556 3516 1629 quia
3549 1564 3820 1617 nascetur

2108 1643 2212 1702 tibi
2240 1644 2399 1702 ﬁlius
2423 1651 2727 1719 parentum
2751 1644 3053 1718 gaudium,
3083 1644 3357 1703 nobilitas
3378 1648 3626 1719 generis,
3658 1647 3818 1707 orbis

2044 1734 2463 1825 Bexemplum,
2496 1736 2631 1794 ﬁnis
2660 1736 2823 1810 legis,
2858 1736 3163 1810 Evangelii
3207 1738 3581 1813 principium,
3616 1741 3819 1800 mortis

314 1832 354 1880 Ι.
398 1833 460 1881 IN
506 1834 864 1882 NATIVITATE
906 1837 953 1883 s.
1002 1838 1245 1887 JOANNIS
1280 1839 1593 1886 BAPTISTE.
1642 1830 1819 1897 (XXIV
1860 1831 2019 1899 JUN.)
2107 1825 2398 1898 expulsio,
2439 1826 2620 1899 janua
2652 1825 2810 1898 vita,
2862 1825 3037 1884 decus
3066 1825 3398 1900 hominum,
3431 1832 3821 1889 conversatio-

385 1912 592 1984 Hodie,
632 1913 1009 1989 dilectissimi,
1039 1917 1161 1976 dies
1188 1917 1390 1977 illuxit
1420 1918 1689 1992 insignis,
1721 1925 1878 1978 tanto
1907 1936 2020 1978 ca-

319 2002 455 2062 teris
506 2003 712 2064 diebus
759 2006 1027 2079 sanctior,
1075 2015 1292 2082 quanto
1333 2011 1675 2069 sanctiorem
1720 2009 2017 2069 hominem

319 2095 484 2154 terris
512 2095 735 2155 eﬂ’udit.
767 2096 833 2155 In
868 2097 976 2157 hac
1012 2098 1302 2174 siquidem
1328 2099 1423 2159 die
1454 2108 1627 2160 natus
1649 2108 1733 2161 est
1760 2101 1860 2159 ille
1889 2117 2021 2159 san-

316 2188 538 2242 ctorum
571 2183 860 2256 splendor,
880 2185 1169 2260 justorum
1202 2187 1405 2261 gloria,
1435 2187 1635 2247 latitia
1660 2187 2021 2262 angelorum,

319 2270 845 2350 excellentissimus
874 2273 1068 2345 homo,
1112 2277 1581 2350 consanguineus
1609 2276 1845 2350 Christi,
1875 2279 2023 2338 ami-

318 2346 422 2419 cus
454 2356 682 2433 Sponsi,
717 2358 955 2433 Sponsa
1001 2346 1370 2438 praparator.
1413 2365 1582 2424 Unus
1611 2372 1696 2424 est
1725 2376 1778 2425 et
1814 2346 2025 2426 secun-

319 2445 462 2504 dum
510 2461 627 2505 non
671 2447 861 2513 habet.
911 2449 1014 2523 qui
1077 2451 1268 2511 choris
1313 2453 1661 2513 intertextus
1722 2454 2021 2529 angelicis,

323 2534 685 2593 sublimioris
755 2552 986 2596 corona
1056 2539 1241 2599 titulis
1293 2542 1690 2601 universitatis
1747 2544 2024 2603 humana

321 2627 673 2686 transcendit
703 2643 1027 2689 ascensum.
1056 2629 1320 2707 Denique
1367 2656 1391 2683 α
1442 2633 1591 2691 inter
1619 2640 1784 2692 natos
1813 2635 2026 2694 mulie-

325 2729 453 2773 rum
510 2729 625 2796 non
678 2717 931 2775 surrexit
992 2718 1175 2792 major
1219 2718 1441 2780 Joanne
1492 2720 1744 2796 Baptista
1804 2727 2024 2794 (Matth.

453 2826 474 2891 ιγ
504 2792 668 2875 Felix
698 2805 893 2878 homo,
921 2807 1022 2882 qui
1050 2807 1296 2891 feliciter
1320 2792 1598 2869 calorum
1620 2792 2030 2884 perambulans

324 2884 584 2949 oilicinas
628 2907 803 2975 cursu
846 2886 1208 2955 velocissimo
1254 2900 1516 2972 sequitur
1563 2898 2028 2975 Redemptorem,

328 2995 436 3040 nec
482 2970 730 3056 alicujus
768 2982 1177 3046 intercluditur
1220 2970 1444 3062 fastigio
1488 2970 1803 3063 dignitatis,
1853 2970 2031 3064 quem

329 3083 579 3127 summa
604 3070 894 3131 felicitatis
934 3074 1292 3135 immensitas
1323 3077 1538 3151 largius
1570 3078 1866 3139 irroravit!
1901 3081 2093 3170 μεθ-ρ

328 3160 524 3215 tantur
555 3159 768 3232 angeli,
802 3167 857 3218 et
898 3163 1203 3240 utriusque
1241 3172 1464 3225 natura
1504 3171 1890 3228 numerositas
1931 3172 2032 3229 ad-

330 3246 577 3339 miratur
602 3248 899 3341 hominem
942 3254 1025 3313 sic
1051 3255 1378 3330 ingressum
1409 3258 1683 3331 abyssum
1712 3259 1957 3341 luminis
1983 3267 2039 3319 et

333 3335 395 3393 in
438 3335 675 3424 aterna
713 3336 1035 3400 divinitatis
1060 3345 1303 3419 pelagus
1348 3336 1721 3423 absorptum,‘
1748 3356 1812 3408 ut
1849 3350 2037 3424 ipsam

331 3422 658 3513 reverberet
711 3429 989 3505 angelica
1034 3433 1299 3506 puritatis
1351 3422 1657 3508 originem.
1722 3422 2040 3496 Eleventur

333 3527 555 3585 omnes,
585 3520 639 3572 et
669 3516 1005 3577 meritorum
1032 3523 1428 3595 prarogativis
1470 3530 1604 3582 ante
1629 3527 2038 3584 consistorium

332 3601 645 3676 majestatis
687 3605 1022 3679 exsultent;
1062 3600 1192 3668 non
1229 3612 1341 3670 erit
1374 3600 1575 3671 tamen
1609 3614 1711 3686 qui
1737 3614 1807 3671 ad
1838 3614 2040 3689 Bapti-

331 3696 434 3750 sta
480 3690 722 3779 Joannis
773 3695 1147 3770 privilegium
1183 3698 1390 3759 audeat
1425 3701 1697 3774 aspirare.
1730 3704 1873 3777 Age,
1919 3705 2040 3779 jam

331 3774 737 3858 aggrediamur
773 3786 1056 3871 virtutum
1085 3789 1362 3865 insignia,
1392 3807 1522 3866 qua
1547 3793 1701 3852 Deus
1730 3774 2044 3868 majestatis

333 3874 398 3937 in
423 3874 609 3934 amico
632 3891 739 3936 suo
765 3876 1013 3951 gloriosa
1034 3882 1431 3942 cumulatione
1460 3882 1735 3957 signavit;
1775 3884 1857 3942 sic
1883 3886 2043 3943 enim

333 3962 406 4021 ab
431 3968 561 4022 ortu
590 3963 728 4022 vita
760 3960 955 4040 usque
974 3968 1045 4024 ad
1074 3984 1344 4028 occasum
1378 3986 1508 4029 cum
1541 3973 1879 4031 hominibus
1905 3990 2043 4033 con-

334 4059 597 4112 versatus
644 4062 746 4124 est,
793 4064 856 4113 ut
906 4057 1089 4118 forma
1118 4058 1254 4118 vita
1300 4076 1533 4120 morum
1572 4062 1904 4122 informatio
1938 4065 2045 4122 ha-

2107 1913 2202 1971 nis
2228 1912 2518 1986 splendor,
2547 1914 2738 1971 omnis
2752 1914 2995 1988 justitia
3023 1914 3397 1989 principatus.
3432 1917 3502 1974 Et
3534 1932 3608 1975 ne
3636 1918 3819 1979 dill‘u-

2109 2000 2260 2061 siore
2319 2007 2558 2061 tractatu
2613 2018 2809 2061 rerum
2882 2003 3287 2062 excellentiam
3365 2006 3817 2079 confundamus,

2110 2093 2400 2150 nascentis
2429 2099 2484 2151 et
2519 2092 2914 2151 conversantis
2945 2093 3249 2167 integritas
3282 2093 3342 2150 in
3373 2093 3539 2153 libris
3567 2110 3821 2168 evange—

2111 2180 2238 2239 licis
2274 2181 2505 2255 plenius
2533 2182 2881 2255 assignatur.

2182 2268 2491 2328 Considera
2518 2271 2843 2330 nuntiantis
2867 2271 3305 2344 sublimitatem,
3326 2272 3664 2347 dignitatem
3686 2276 3823 2351 loci,

2112 2357 2227 2416 diei
2278 2359 2678 2429 reverentiam,
2736 2367 2792 2417 et
2837 2366 2973 2419 tunc
3011 2360 3334 2435 intelligere
3382 2363 3591 2436 poteris
3647 2380 3823 2439 quam

2113 2446 2595 2521 superexcellenti
2670 2448 2853 2520 gloria
2921 2449 3163 2507 Joannis
3226 2449 3497 2524 Baptista
3556 2453 3824 2526 genitura

2113 2535 2465 2611 pradicitur.
2548 2535 2719 2595 Salva
2773 2537 2952 2610 igitur
3024 2541 3343 2597 reverentia
3400 2540 3821 2616 Redemptoris,

2114 2625 2252 2700 quia
2279 2641 2396 2683 non
2425 2624 2769 2699 derogamus
2799 2627 2960 2702 Regi,
3000 2628 3048 2685 si
3085 2628 3259 2701 Regis
3299 2629 3542 2689 militem
3574 2632 3825 2691 honora-

2115 2729 2267 2785 mus,
2308 2731 2442 2773 cum
2492 2714 2596 2772 ille
2638 2714 2942 2784 Dominus,
2996 2716 3093 2774 hic
3141 2732 3375 2790 servus;
3422 2718 3525 2777 ille
3571 2718 3821 2794 Creator,

2114 2810 2377 2861 creatura
2430 2802 2571 2872 iste;
2644 2802 2904 2876 digniora
2972 2806 3509 2877 pramonstratione
3572 2808 3825 2867 Joannes

2116 2893 2421 2952 nuntiatur
2466 2908 2645 2968 quam
2686 2894 2967 2953 Christus.
3016 2893 3277 2955 Christus
3310 2897 3561 2957 fortassis
3590 2898 3653 2957 in
3695 2900 3824 2958 tha-

2114 2982 2290 3054 lamo,
2328 2981 2579 3041 Joannes
2608 2985 2668 3041 in
2704 2984 2954 3057 templo;
3004 2991 3059 3042 et
3095 3002 3209 3044 non
3259 2985 3448 3044 solum
3488 2987 3548 3044 in
3592 2988 3823 3062 templo,

2120 3071 2219 3129 sed
2265 3071 2437 3130 etiam
2476 3077 2609 3129 ante
2655 3071 2863 3131 Sancta
2907 3077 3236 3133 sanctorum
3268 3076 3331 3134 in
3368 3076 3586 3152 insigni
3613 3078 3707 3136 die
3734 3093 3828 3137 so-

2118 3160 2434 3220 lemnitatis
2470 3177 2693 3222 eorum.
2734 3162 2985 3222 Joannes
3022 3164 3095 3222 ab
3123 3165 3321 3223 eodem
3351 3167 3712 3239 archangelo,
3764 3167 3828 3227 in

2116 3252 2240 3312 loco
2269 3253 2552 3326 digniore,
2584 3259 2835 3326 tempore
2873 3254 3197 3325 sacratiore,
3233 3257 3516 3329 apertiore
3545 3258 3828 3316 miraculo

2118 3341 2483 3417 pradicatur.
2516 3340 2724 3399 Recole
2748 3340 2907 3400 Isaac
2943 3341 3016 3399 ab
3051 3343 3274 3417 angelis
3306 3344 3641 3403 nuntiatum
3669 3346 3826 3415 (Gen.

2118 3438 2317 3505 XVIII),
2373 3432 2713 3492 Samsonem
2767 3447 2867 3505 per
2909 3432 3184 3506 angelum
3242 3435 3615 3508 pradicatum
3677 3437 3828 3505 (Iud.

2119 3528 2270 3595 x111),
2302 3529 2357 3581 et
2382 3522 2716 3580 universam
2751 3521 3155 3585 Nazaraorum
3188 3530 3399 3581 sectam
3427 3525 3827 3601 circumspice,

2123 3617 2429 3689 solumque
2460 3614 2777 3689 Baptistam
2807 3620 2921 3673 tam
2952 3614 3015 3673 in
3046 3616 3154 3675 hoc
3183 3633 3357 3690 quam
3392 3618 3455 3677 in
3493 3618 3626 3678 aliis
3662 3620 3830 3678 inve-

2124 3709 2252 3767 nies
2286 3705 2628 3780 digniorem.

2196 3796 2497 3857 Secundus
2551 3796 2737 3854 honor
2791 3801 2876 3853 est
2931 3797 3304 3857 sanctificatio
3350 3800 3408 3857 in
3461 3807 3661 3859 ventre
3713 3817 3835 3859 ma-

2125 3889 2248 3948 tris.
2306 3886 2649 3962 Quicunque
2695 3886 2765 3945 de
2811 3903 2999 3946 massa
3040 3890 3494 3961 pravaricatrice
3546 3893 3836 3952 mundum

2125 3977 2510 4053 ingredimur,
2555 3978 2787 4053 longam
2822 3986 3029 4038 restem
3063 3980 3365 4055 originalis
3404 3984 3617 4056 peccati
3658 3985 3839 4042 trahi-

2130 4087 2259 4129 mus
2313 4070 2637 4129 nobiscum.
2696 4070 2864 4130 Solus
2913 4070 3013 4128 ille
3051 4072 3152 4145 qui
3201 4077 3497 4146 peccatum
3545 4090 3659 4133 non
3710 4075 3843 4133 fecit

338 4142 562 4237 beatur.
610 4144 684 4237 Et
734 4144 867 4203 licet
914 4147 1014 4237 hic
1082 4150 1365 4209 sermonis
1431 4153 1593 4210 aurei
1665 4170 1782 4212 non
1851 4154 2049 4213 rutilet
2112 4165 2178 4237 ΑΙ
2227 4165 2371 4217 Petr.
2424 4165 2490 4231 ιι)
2547 4159 2857 4234 excipitur,
2920 4142 3093 4233 quem
3163 4142 3479 4234 Virginalis
3552 4164 3844 4222 thalamus

336 4229 726 4327 pulchritudo,
742 4236 1107 4327 tentabimus
1139 4245 1328 4297 tamen
1359 4255 1551 4299 rerum
1579 4243 1876 4302 veritatem
1905 4260 2049 4318 qua-
2114 4229 2432 4327 ignorante
2470 4229 2596 4310 viro
2638 4229 2802 4310 terris
2832 4229 3075 4323 effudit;
3127 4229 3299 4326 longe
3328 4254 3541 4327 quippe
3578 4254 3747 4313 aliter
3787 4262 3845 4312 et

340 4322 1226 4415 licuuquestyloperstringere,
1260 4327 1405 4386 illud
1446 4329 1733 4404 Sapientis
1760 4335 2053 4393 attenden-
2130 4322 2404 4401 dissimili
2461 4339 2629 4399 modo
2680 4348 2989 4415 conceptus
3045 4322 3148 4413 est,
3207 4322 3682 4415 Spiritu-sancto
3730 4349 3844 4401 tota

341 4417 470 4521 test
517 4409 906 4521 Prudentibus
957 4416 1098 4475 viris
1145 4432 1262 4476 non
1309 4420 1533 4493 placere
1579 4423 1894 4498 phalerata,
1951 4426 2433 4521 sedDmajestate
2467 4430 2762 4504 Virginem
2803 4409 3334 4506 in-undante'atq-ue
3372 4433 3708 4506 mundante,
3741 4448 3842 4491 su-

335 4500 506 4560 fortia
532 4505 724 4568 (Ecclt'.
749 4510 860 4573 IX).

423 4590 563 4648 117
594 4593 823 4654 Primus
867 4596 993 4670 ejus
1040 4598 1225 4659 honor
1273 4606 1358 4660 est
1401 4602 1581 4676 gloria
1623 4605 1683 4663 in
1727 4610 2044 4668 annuntia-

341 4682 516 4741 tione.
571 4683 695 4743 Non
746 4692 832 4744 est
879 4685 1275 4747 dissimulanti
1330 4690 1561 4752 silentio
1616 4699 2041 4759 transeundum

337 4787 516 4847 quam
562 4773 807 4833 solemni
860 4774 1276 4847 gloriﬁcatione
1323 4782 1485 4854 pueri
1538 4783 1715 4859 hujus
1764 4786 1821 4844 in
1887 4789 2045 4847 hunc

339 4862 628 4921 mundum
653 4865 957 4924 nuntiatus
979 4866 1294 4942 ingressus.
1323 4871 1501 4930 Adest
1520 4875 1763 4948 angelus
1788 4877 2042 4951 Gabriel,

336 4958 391 5010 et
445 4968 478 5010 a
536 4953 819 5026 superiori
877 4954 1156 5015 caelorum
1213 4961 1446 5019 cardine
1502 4967 1723 5021 Domini
1773 4970 2042 5035 fortitudo

339 5040 712 5113 descendens,
745 5050 852 5102 stat
883 5061 916 5103 a
938 5045 1158 5107 dextris
1181 5049 1376 5109 altaris
1405 5051 1629 5111 incensi
1653 5059 1808 5126 (Luc.
1842 5064 1904 5129 ι),
1938 5075 2045 5118 nec

338 5133 589 5208 quilibet
605 5136 869 5210 angelus,
902 5138 1001 5196 sed
1025 5137 1126 5198 ille
1144 5140 1468 5217 sublimior,
1491 5145 1594 5216 qui
1614 5144 1795 5206 beata
1816 5146 2042 5221 Virgini

338 5226 611 5285 nuntium
639 5228 838 5287 attulit
868 5227 1184 5302 singulare,
1221 5238 1276 5289 et
1306 5233 1522 5294 electus
1547 5240 1630 5294 est
1662 5242 1725 5294 ut
1748 5238 2045 5297 nuntiaret

342 5318 587 5377 militem
615 5321 715 5392 qui
749 5337 942 5396 regem
971 5324 1245 5382 nuntiare
1273 5325 1511 5385 debebat
1532 5329 1691 5399 (Ibid.
1699 5331 1744 5402 ).
1768 5331 1930 5388 Astat
1960 5346 2045 5388 sa-

337 5405 537 5464 cerdos
565 5408 1013 5469 sacerdotalibus
1041 5410 1284 5469 indutus
1309 5418 1364 5469 et
1396 5414 1704 5487 multiplici
1737 5416 2046 5475 vestimen-

340 5502 531 5553 torum
565 5499 856 5568 varietate,
888 5498 1208 5559 calestium
1238 5508 1730 5562 sacramentorum
1763 5505 2042 5579 praeﬁgu-

336 5597 474 5642 rans
520 5582 857 5660 imaginem,
930 5588 1331 5662 purgationem
1390 5598 1751 5664 peccatorum
1810 5594 2038 5667 mystici

2131 4540 2341 4607 perans
2365 4537 2538 4582 usum
2569 4519 2780 4589 carnis,
2806 4527 3028 4578 natura
3052 4520 3336 4592 ordinem,
3358 4521 3468 4580 viri
3495 4521 3844 4581 commistio-

2131 4634 2287 4679 nem.
2329 4615 2427 4675 Sic
2456 4611 2672 4688 quippe
2713 4608 2967 4679 decebat,
3017 4616 3081 4668 ut
3120 4617 3415 4683 peccatum
3454 4610 3701 4669 nesciret
3737 4610 3841 4685 qui

2130 4712 2356 4784 peccata
2386 4700 2637 4770 tollebat,
2666 4704 2729 4757 ut
2752 4698 3193 4757 similitudinem
3220 4700 3412 4757 carnis
3433 4700 3646 4774 peccati
3666 4699 3844 4758 susci-
3906 4780 3913 4785 '

2130 4803 2305 4873 peret,
2356 4808 2472 4851 non
2511 4795 2708 4848 autem
2744 4803 2976 4846 carnem
3010 4790 3243 4862 peccati.
3284 4790 3431 4848 Cum
3482 4785 3622 4844 118
3664 4789 3842 4859 igitur

2130 4898 2333 4944 omnes
2357 4882 2419 4938 in
2446 4876 2854 4954 iniquitatibus
2891 4878 3148 4950 concepti
3179 4876 3292 4934 sint
3334 4879 3505 4944 (Psal.
3538 4883 3617 4948 L),
3651 4878 3842 4935 nemi-

2130 4989 2263 5032 nem
2296 4983 2555 5042 unquam
2580 4966 2910 5025 mortalium
2934 4967 3085 5025 intra
3112 4972 3370 5026 materna
3392 4967 3611 5025 viscera
3635 4965 3845 5025 sancti-

2128 5063 2368 5120 ﬁcatum
2410 5058 2677 5133 legimus,
2720 5062 2929 5130 prater
2965 5056 3277 5115 Jeremiam
3315 5063 3368 5114 et
3404 5056 3688 5115 Joannem
3727 5054 3841 5113 Ba-

2128 5152 2396 5227 ptistam;
2440 5162 2773 5222 quanquam
2802 5152 2858 5204 et
2881 5147 2952 5203 de
2980 5144 3264 5218 singulari
3298 5145 3535 5221 Virgine
3562 5144 3725 5205 nulla
3767 5144 3842 5203 sit

2127 5238 2496 5313 ambiguitas,
2529 5237 2675 5311 quin
2711 5236 2834 5309 ipsa
2870 5234 3145 5293 maternis
3178 5234 3561 5307 circumsepta
3599 5232 3837 5291 visceri-

2127 5329 2259 5397 bus,
2306 5326 2644 5385 sublimiore
2680 5324 3145 5383 sanctiticationis
3177 5339 3387 5397 genere
3428 5320 3704 5380 mundata
3742 5321 3835 5389 sit,

2126 5421 2321 5490 utpote
2349 5414 2662 5473 sacrarium
2702 5412 2869 5483 illud,
2896 5413 2963 5470 in
2992 5428 3108 5487 quo
3138 5412 3308 5482 Deus,
3345 5411 3445 5468 Dei
3475 5410 3681 5480 Filius,
3712 5426 3839 5468 car-

2126 5521 2275 5563 nem-
2313 5507 2494 5562 fuerat
2539 5508 2926 5575 suscepturus.
2977 5500 3088 5560 Sed
3126 5501 3293 5575 longe
3331 5500 3523 5558 minor
3571 5498 3840 5557 Jercmia

2126 5594 2518 5665 sanctiﬁcatio,
2561 5608 2736 5667 quam
2791 5590 3049 5652 Joannis.
3096 5589 3204 5648 Ille
3248 5590 3484 5665 quidem
3525 5588 3587 5646 in
3639 5586 3838 5648 matris
