4184 6494
368 279 486 341 629

1879 283 2128 347 SERMO
2165 281 2379 344 XXIII.

3778 273 3888 336 630

375 414 539 469 utero
569 406 977 478 sanctiﬁcatus,
1010 407 1104 467 hic
1145 404 1365 484 Spiritu
1392 415 1589 470 sancto
1617 411 1870 485 repletus
1900 410 2446 475 fuisseAcalorum
2473 406 2814 481 imperatrix
2852 403 3188 482 alloquitur.
3225 402 3337 462 Sed
3365 418 3508 477 puer
3534 400 3719 461 multo
3748 400 3881 459 feli-

375 494 758 570 cognoscitur.
805 494 988 554 Multo
1036 495 1251 570 quippe
1294 497 1671 558 excellentius
1724 506 1809 557 est
1862 499 2084 575 Spiritu

376 586 571 641 sancto
597 581 807 655 repleri
854 597 1029 656 quam
1068 580 1452 654 sanctiﬁcari;
1487 585 1569 643 ibi
1627 585 1785 644 enim
1824 587 2083 645 sanctiﬁ-

375 672 527 730 catio
572 670 1068 737 emundationem,
1106 671 1203 729 hic
1242 673 1478 747 repletio
1519 674 1960 735 inundationem
2004 677 2083 735 si-

373 761 627 834 gniﬁcat.
657 759 921 836 Denique
964 767 1020 819 et
1068 762 1329 836 apostoli,
1360 763 1461 837 qui
1502 764 1772 825 manibus
1809 767 1932 825 suis
1968 773 2084 826 tra-

375 857 675 912 ctaverunt
715 852 786 909 de
831 848 1018 909 Verbo
1045 852 1183 911 vita
1224 854 1273 927 (Ι
1309 857 1465 911 Joan.
1501 856 1561 927 ι),
1616 871 1750 914 cum
1803 848 2115 932 Spiritum'

376 949 643 1003 sanctum
707 942 778 1001 de
837 941 1150 1002 Salvatoris
1221 945 1570 1017 accepissent
1640 946 1835 1006 afﬂatu
1906 950 2080 1017 (Joan.

375 1032 510 1103 xx).
540 1031 640 1089 vix
668 1031 1154 1106 quinquagesimo
1180 1047 1213 1089 a
1241 1033 1677 1093 resurrectionis
1700 1036 1793 1094 die
1817 1037 1888 1095 ad
1914 1036 2085 1096 illum

373 1120 619 1195 gradum
655 1120 958 1195 pervenire
998 1126 1310 1193 potuerunt
1369 1126 1433 1180 ut
1486 1122 1773 1181 diceretur
1824 1125 1896 1183 de
1953 1127 2081 1185 eis:

377 1236 406 1261 α
430 1209 653 1284 Repleti
692 1215 831 1269 sunt
871 1224 1074 1269 omnes
1126 1209 1344 1283 Spiritu
1393 1217 1588 1270 sancto
1641 1215 1790 1282 (Act.
1834 1218 1919 1286 ιι).
1954 1236 1983 1269 »
2017 1216 2090 1274 Et

373 1297 507 1356 licet
544 1296 798 1381 Spiritus
838 1302 1068 1356 sanctus
1108 1297 1353 1372 largiore
1385 1303 1520 1358 tunc
1570 1315 1815 1359 munere
1843 1302 2082 1361 creden-

312 1444 325 1458 ,
375 1385 524 1446 tium
569 1387 742 1445 corda
782 1387 1104 1460 repleverit,
1137 1388 1246 1446 hoc
1277 1394 1467 1447 tamen
1513 1390 1768 1450 Joannes
1810 1393 1874 1451 in
1922 1401 2087 1453 utero

375 1475 589 1549 legitur
617 1479 932 1547 assecutus,
975 1476 1128 1551 quod
1169 1477 1477 1551 apostolica
1522 1480 1803 1538 celsitudo
1855 1482 2085 1541 tandem

378 1565 626 1640 largiore
656 1566 1039 1642 promissione
1070 1568 1282 1627 meruit
1310 1568 1588 1628 obtinere.

449 1658 714 1731 Attende,
750 1657 1003 1728 obsecro,
1038 1657 1360 1731 diligenter,
1394 1674 1567 1732 quam
1599 1659 1861 1718 ordinata
1890 1660 2087 1735 dispo-

2166 500 2304 571 cior,
2325 498 2427 572 qui
2446 494 2749 556 salutantis
2776 495 3131 568 majestatem
3154 507 3494 567 agnoscens,
3523 490 3677 548 intra
3702 490 3880 547 visce-

2168 604 2302 648 rum
2326 586 2625 646 tenebrosa
2651 584 2951 645 volumina
2975 582 3186 657 gaudio
3206 582 3435 656 gaudet,
3458 580 3598 655 quia
3618 580 3739 640 vim
3762 584 3879 637 tam

2168 683 2350 740 beata
2399 677 2761 737 salutationis
2802 676 3061 743 attendit.
3110 695 3137 728 «
3168 674 3238 732 Et
3267 674 3484 732 factum
3524 678 3629 741 est,
3665 671 3877 746 inquit,

2169 778 2235 832 ut
2278 769 2503 828 audivit
2535 769 2941 827 salutationem
2987 764 3187 824 Maria
3219 764 3534 836 Elisabeth,
3567 761 3885 823 exsultavit

2169 859 2231 916 in
2276 856 2488 933 gaudio
2539 856 2735 915 infans
2784 857 2847 913 in
2893 861 3055 914 utero
3101 852 3228 925 ejus
3260 854 3406 925 (Luc.
3450 854 3506 925 1).
3544 874 3566 903 ν
3606 848 3882 909 Ascendit

2170 949 2348 1023 Virgo
2386 964 2520 1006 cum
2556 947 2919 1006 festinatione
2952 946 3015 1003 in
3058 945 3297 1002 domum
3343 942 3634 1001 Zacharia
3676 940 3749 999 ad
3786 955 3879 998 sa-

2169 1039 2468 1097 lutandam
2521 1036 2839 1106 Elisabeth,
2894 1040 3127 1108 portans
3169 1033 3232 1092 in
3279 1038 3443 1091 utero
3486 1030 3701 1089 Filium
3753 1027 3880 1099 Dei,

2169 1129 2385 1201 Regem
2412 1127 2634 1201 gloria,
2665 1126 2979 1184 Dominum
3020 1121 3355 1197 majestatis.
3391 1118 3649 1180 Occurrit
3694 1117 3883 1175 Elisa-

2168 1220 2326 1284 beth,
2362 1223 2419 1276 et
2458 1218 2714 1291 antiqua
2763 1214 3079 1274 sterilitatis
3120 1228 3323 1271 carens
3356 1209 3702 1286 opprobriis,
3731 1207 3881 1266 ami-

2170 1325 2306 1368 cum
2374 1307 2605 1380 Sponsi,
2660 1320 2983 1380 praeconem
3043 1301 3217 1361 Verbi
3290 1299 3626 1365 felicissimo
3676 1302 3883 1356 ventre

2170 1400 2447 1472 deportat.
2476 1396 2507 1457 J
2514 1402 2818 1468 unguntur
2839 1393 3167 1466 amplexus,
3195 1391 3429 1449 venitur
3453 1388 3525 1445 ad
3552 1386 3773 1458 oscula,
3794 1400 3884 1445 co-

2170 1486 2449 1563 pulantur
2478 1483 2672 1543 felices
2695 1482 2865 1551 uteri,
2897 1482 3232 1555 Regemque
3271 1485 3326 1537 et
3364 1478 3614 1537 militem
3643 1476 3881 1534 nonnisi

2172 1577 2289 1636 duo
2347 1573 2644 1633 tenerrimi
2695 1573 2938 1645 parietes
2984 1570 3331 1644 abjungunt.
3364 1567 3520 1639 Quid
3571 1566 3809 1637 mirum,
3837 1565 3886 1624 si

2172 1667 2423 1725 miratur
2465 1669 2522 1723 et
2561 1661 2818 1721 exsultat
2864 1675 3008 1735 puer
3047 1659 3119 1717 ad
3163 1664 3378 1717 tactum
3434 1662 3552 1716 tam
3599 1655 3885 1730 proxima

378 1747 584 1841 sitione
609 1747 883 1841 _Spiritus
916 1747 1016 1806 ille
1050 1748 1358 1841 multiplex
1396 1748 2084 1841 eremiamgsanctiﬁcat,
2100 1780 2148 1841 Β
2172 1756 2494 1815 divinitatis
2512 1752 2739 1812 amatus
2756 1749 2785 1810 ?
2804 1751 3106 1809 Poteratne
3128 1764 3331 1841 vacare
3355 1764 3389 1807 a
3409 1761 3763 1841 quocunque
3781 1743 3887 1803 mi-

376 1835 578 1911 implet
603 1837 906 1909 Joannem,
952 1837 1287 1912 supervenit
1314 1838 1376 1896 in
1409 1837 1667 1898 Mariam.
1707 1839 1772 1899 Et
1820 1842 2090 1902 Jeremia

376 1926 615 2001 quidem
642 1927 981 1987 admiranda
1010 1928 1401 1999 sanctiﬁcatio,
1433 1929 1570 2003 quia
1608 1931 1713 1989 etsi
1759 1932 1823 1990 in
1866 1940 2089 2007 peccato

376 2025 684 2092 conceptus
738 2023 842 2089 est,
889 2017 1145 2075 nascitur
1190 2023 1381 2076 tamen
1437 2017 1563 2076 sine
1610 2027 1856 2093 peccato.
1905 2024 2090 2084 Ante-

376 2121 554 2185 quam
597 2109 755 2168 enim
812 2108 997 2167 exiret
1040 2108 1111 2166 de
1157 2116 1358 2166 ventre
1401 2108 1787 2170 sanctiﬁcatus
1832 2118 1936 2187 est,
1984 2131 2091 2174 nec

377 2205 595 2273 poterat
625 2198 784 2257 nasci
816 2214 932 2257 non
982 2204 1235 2269 sanctus,
1276 2199 1381 2274 qui
1429 2199 1491 2257 in
1541 2201 1739 2259 matris
1768 2207 1932 2261 utero
1968 2211 2091 2263 erat

378 2289 785 2348 sanctiﬁcatus.
819 2288 964 2346 Mira
1010 2304 1123 2360 res,
1154 2295 1209 2346 et
1258 2304 1291 2346 a
1338 2293 1488 2348 retro
1530 2292 1828 2350 transactis
1860 2296 2091 2354 saculis

377 2377 659 2448 inaudita,
689 2378 987 2437 hominem
1015 2383 1355 2451 conceptum
1382 2378 1441 2435 in
1482 2381 1744 2454 peccatis,
1778 2384 1934 2441 nasci
1964 2384 2092 2443 sine

378 2474 623 2541 peccato.
650 2466 933 2526 Joannem
967 2482 1098 2525 vero
1127 2467 1297 2541 longe
1324 2467 1626 2541 gloriosior
1662 2469 1849 2530 virtus
1880 2472 2087 2546 imple-

383 2554 484 2625 vit,
533 2556 635 2631 qui
677 2563 732 2614 et
779 2556 1165 2615 sanctiticatus
1203 2563 1287 2615 est
1323 2573 1357 2614 a
1401 2564 1649 2632 peccato,
1701 2558 1779 2617 ita
1821 2568 1875 2620 et
1910 2562 2092 2620 domi-

379 2648 553 2701 nante
581 2643 799 2718 Spiritu
828 2644 1192 2717 superfusus,
1226 2651 1291 2703 ut
1320 2652 1374 2703 et
1396 2653 1674 2719 purgatus
1719 2656 1889 2707 exeat
1916 2656 1971 2708 et
1998 2667 2091 2708 re-

381 2731 590 2806 pletus.
623 2732 770 2792 Vere
820 2750 1064 2807 magnus
1092 2750 1283 2793 coram
1325 2734 1594 2808 Domino,
1626 2752 1802 2812 quem
1848 2740 2091 2812 angelus

381 2821 630 2893 nuntiat,
690 2822 1002 2881 sanctiﬁcat
1053 2822 1229 2895 Deus,
1286 2831 1517 2882 sanctus
1582 2823 1761 2902 replet
1814 2826 2089 2902 Spiritus,

381 2910 500 2969 vita
541 2910 923 2970 commendat.
951 2910 1340 2971 Ineffabiliore
1385 2918 1579 2971 autem
1612 2913 1781 2971 modo
1817 2930 2093 2989 superve-

381 2998 470 3056 nit
500 2998 561 3056 in
587 2997 910 3071 Virginem,
941 3014 1116 3074 quam
1149 3004 1261 3057 tota
1289 2998 1614 3058 divinitatis
1643 2999 1944 3075 plenitudo
1967 3004 2096 3063 sine

382 3103 679 3147 mensura
715 3086 1057 3145 discretione
1100 3086 1367 3159 perfudit,
1401 3093 1465 3146 ut
1494 3094 1669 3147 totam
1715 3099 1960 3166 caperet,
1989 3094 2091 3169 qui

384 3179 515 3239 fecit
543 3185 768 3249 totum;
804 3185 866 3237 ut
910 3194 1028 3238 non
1065 3177 1253 3236 solum
1282 3194 1314 3235 a
1341 3181 1584 3253 peccatis
1627 3180 1847 3254 abluta,
1876 3184 2093 3256 repleta

384 3267 625 3343 Spiritu,
657 3268 756 3328 sed
779 3273 835 3326 et
863 3266 932 3325 de
979 3265 1197 3340 Spiritu
1226 3273 1420 3325 sancto
1444 3267 1772 3341 concepisse
1805 3271 2092 3343 credatur,

381 3356 520 3430 quia
552 3378 573 3408 ι
608 3356 762 3431 quod
796 3355 857 3414 in
895 3370 961 3414 ea
998 3360 1203 3414 natum
1232 3363 1335 3427 est,
1380 3356 1451 3415 de
1500 3356 1718 3430 Spiritu
1766 3366 1963 3417 sancto
2012 3365 2097 3419 est

384 3449 602 3520 (Matth.
661 3449 720 3516 ι).
770 3466 798 3499 ››
853 3441 998 3502 Inde
1046 3449 1130 3502 est
1182 3446 1336 3519 quod
1385 3445 1669 3519 singulari
1713 3448 2095 3522 prarogativa

385 3537 527 3595 ﬁdes
570 3534 847 3594 catholica
890 3534 1108 3594 Filium
1151 3533 1255 3593 Dei
1302 3540 1503 3593 natum
1545 3535 1617 3593 de
1667 3534 1923 3610 Virgine,
1955 3524 2092 3595 con-

381 3633 613 3698 ceptum
642 3622 712 3682 de
743 3621 960 3697 Spiritu
989 3622 1332 3694 conﬁtetur;
1366 3630 1431 3682 ut
1468 3623 1697 3683 deitatis
1734 3632 1788 3682 et
1819 3625 2095 3684 humani-

386 3714 516 3771 tatis
536 3710 912 3771 indivisibilis
945 3711 1199 3770 adunata
1227 3712 1535 3785 connexio,
1562 3712 1976 3773 vocabulorum
1998 3714 2096 3772 in-

379 3801 704 3860 differentia
752 3800 1109 3874 designetur.
1164 3799 1338 3858 Vides
1384 3817 1518 3875 ergo
1560 3818 1737 3875 quam
1790 3802 2095 3861 remotiore

379 3892 684 3967 privilegio
735 3913 763 3945 «
813 3890 1106 3965 speciosus
1157 3890 1344 3950 forma
1412 3908 1532 3966 pra
1588 3892 1725 3951 ﬁliis
1790 3893 2093 3952 hominum

380 3986 551 4054 (Psal.
588 3985 777 4053 XLIV),
816 4003 836 4032 »
874 3998 907 4039 a
944 3979 1087 4039 ﬁliis
1124 3982 1430 4039 hominum
1477 3980 1536 4038 in
1581 3982 1956 4056 concipiendo
1983 3980 2095 4041 dis-

379 4079 573 4131 cretus
597 4071 671 4128 sit
699 4069 728 4129 ?
763 4068 858 4128 Illi
885 4070 1100 4128 etenim
1137 4069 1208 4128 de
1237 4070 1479 4143 peccatis
1503 4075 1553 4127 et
1592 4070 1653 4128 in
1680 4071 1925 4143 peccatis
1955 4086 2093 4129 con-

379 4160 527 4232 cepti
576 4165 746 4231 sunt;
780 4158 873 4217 hic
902 4160 963 4217 in
996 4157 1234 4232 Spiritu,
1275 4166 1330 4216 et
1365 4158 1435 4216 de
1473 4157 1693 4232 Spiritu
1725 4164 1919 4217 sancto
1954 4174 2092 4217 con-

378 4248 608 4323 cipitur.
642 4249 781 4307 Hac
808 4264 945 4307 sane
972 4248 1122 4307 dicta
1152 4255 1289 4307 sunt
1320 4249 1391 4307 de
1422 4247 1797 4321 conceptione
1825 4248 2090 4322 Joannis,

381 4337 532 4396 nihil
570 4337 1012 4413 prajudicantia
1055 4338 1258 4396 sanius
1296 4336 1560 4411 sapienti.
1598 4336 1711 4396 Sed
1740 4338 1846 4396 etsi
1875 4338 1938 4395 in
1981 4337 2090 4396 ali-

2171 1844 2370 1903 raculo
2407 1842 2502 1901 cui
2547 1855 2804 1916 praesens
2835 1839 3027 1897 aderat
3058 1836 3233 1912 Regis
3277 1834 3607 1910 prasentia,
3637 1850 3885 1907 regnan-

2172 1935 2244 1993 tis
2270 1935 2465 2005 Mater,
2514 1931 2723 1991 mundi
2754 1928 3099 2004 Redemptor
3128 1927 3155 1986 ?
3188 1926 3341 1998 Quid
3370 1925 3526 2000 quod
3558 1941 3677 1983 non
3708 1924 3885 1983 semel

2172 2028 2288 2082 tam
2308 2027 2636 2081 sanctorum
2661 2019 3041 2092 amplexuum
3063 2016 3176 2075 fuit
3200 2015 3483 2074 celebrata
3506 2013 3836 2088 conjunctio
3858 2012 3887 2071 ?

2179 2136 2201 2166 ι
2232 2113 2443 2173 Mansit
2468 2117 2664 2171 autem
2708 2109 2889 2168 Maria
2918 2124 3055 2167 cum
3085 2107 3187 2165 illa
3221 2106 3387 2181 quasi
3416 2106 3719 2164 mensibus
3778 2103 3882 2163 tri-

2171 2203 2305 2273 bus,
2334 2223 2363 2256 »
2394 2200 2474 2260 ait
2517 2198 2869 2272 evangelista
2914 2198 3116 2269 (Ibid.).
3166 2195 3348 2254 Tanto
3397 2201 3649 2267 tempore
3694 2197 3890 2252 manet

2172 2308 2307 2350 cum
2344 2289 2635 2348 Elisabeth
2676 2285 2978 2362 virginalis
3008 2284 3329 2359 integritas,
3363 2290 3418 2342 et
3445 2299 3604 2343 nunc
3632 2283 3889 2342 dulciore

2173 2376 2478 2450 colloquio,
2507 2390 2665 2433 nunc
2699 2373 2978 2448 amplexu
3025 2372 3281 2430 feliciore
3311 2370 3596 2430 Joannem
3636 2384 3886 2442 puerum

2176 2471 2466 2524 consecrat
2496 2469 2552 2521 et
2579 2463 2843 2536 insignit.
2878 2461 2948 2519 Et
2986 2461 3243 2519 fortassis
3277 2474 3465 2533 usque
3502 2459 3565 2517 in
3596 2457 3751 2517 diem
3781 2474 3885 2516 na-

2176 2554 2414 2613 tivitatis
2443 2553 2567 2624 ejus
2608 2552 2857 2625 gloriosa
2894 2550 3072 2623 Virgo
3102 2564 3238 2608 cum
3269 2554 3510 2623 cognata
3536 2563 3641 2606 sua
3670 2552 3889 2606 morata

2178 2646 2282 2713 est,
2308 2642 2493 2699 donec
2523 2655 2772 2714 puerum
2814 2645 3019 2697 natum
3060 2638 3196 2697 sinu
3234 2636 3567 2695 beatissimo
3612 2636 3887 2695 confove-

2178 2738 2281 2801 ret,
2313 2737 2369 2789 et
2413 2746 2533 2790 uno
2574 2729 2788 2803 pariete
2830 2733 3069 2797 remoto,
3106 2726 3577 2801 propinquiorem
3625 2724 3888 2785 redderet

2176 2818 2502 2895 prasentia
2533 2815 2834 2876 Creatoris.
2869 2816 3063 2874 Facile
3101 2821 3294 2873 autem
3319 2814 3429 2871 hoc
3457 2828 3531 2871 ex
3572 2811 3888 2887 Evangelio

2178 2909 2498 2981 conjectare
2526 2906 2726 2981 liquet,
2755 2904 2892 2979 quia
2913 2903 3037 2978 jam
3063 2919 3167 2962 sex
3195 2917 3425 2961 menses
3452 2918 3487 2960 a
3511 2900 3883 2976 conceptione

2178 2994 2420 3055 Joannis
2459 2994 2845 3064 deﬂuxerant,
2885 3007 3020 3052 cum
3064 2991 3135 3049 ad
3164 2989 3466 3064 Virginem
3501 2987 3883 3063 archangelus

2180 3087 2395 3145 missus
2423 3090 2526 3157 est,
2556 3084 2659 3159 qui
2680 3082 3117 3145 renovationem
3142 3080 3352 3140 mundi
3382 3079 3590 3159 pudori
3617 3079 3881 3153 virgineo

2179 3195 2329 3238 nova
2353 3177 2699 3237 salutatione
2727 3176 2990 3252 portavit.
3022 3173 3114 3232 Ex
3156 3173 3296 3232 hinc
3332 3171 3507 3246 Virgo
3549 3170 3778 3233 festinat
3813 3171 3886 3229 ad

2176 3269 2491 3337 Elisabeth,
2533 3275 2589 3326 et
2618 3267 2803 3326 tribus
2829 3266 3130 3325 mensibus
3159 3264 3466 3339 prasentia
3496 3279 3600 3322 sua
3626 3267 3885 3336 cognata

2176 3360 2451 3434 dignatur
2496 3356 2835 3431 hospitium,
2882 3356 3064 3414 donec
3118 3355 3260 3413 noni
3307 3354 3526 3414 mensis
3579 3354 3696 3413 ﬁne
3744 3368 3885 3412 con-

2175 3449 2356 3521 cluso,
2386 3448 2656 3506 nativitas
2686 3446 2951 3504 imminet
2973 3444 3336 3518 patriarcha.
3362 3443 3504 3514 Alii,
3535 3444 3638 3517 qui
3665 3442 3882 3503 librum

2170 3540 2460 3614 justorum
2506 3535 2971 3611 diligentioribus
3019 3533 3203 3594 oculis
3244 3535 3647 3608 inspexerunt,
3689 3533 3773 3591 ibi
3825 3550 3886 3592 se

2176 3628 2389 3687 vidisse
2438 3632 2735 3697 testantur,
2791 3624 2944 3699 quod
2995 3626 3117 3699 ipsa
3173 3623 3277 3683 Dei
3338 3622 3595 3698 genitrix
3655 3621 3884 3681 felicem

2175 3732 2422 3793 puerum
2453 3716 2710 3790 primum
2737 3713 2808 3773 de
2842 3720 2989 3772 terra
3019 3713 3243 3786 levarit,
3276 3717 3331 3769 et
3366 3719 3623 3786 cognata
3652 3716 3881 3784 partum

2143 3867 2147 3871 .
2175 3805 2338 3866 omni
2362 3817 2659 3881 prosecuta
2683 3807 2753 3863 sit
2779 3804 3074 3863 servitute.
3105 3802 3463 3877 Quocunque
3489 3807 3687 3860 autem
3712 3800 3883 3859 modo

2175 3898 2259 3956 rei
2310 3899 2489 3973 hujus
2536 3897 2747 3956 veritas
2800 3896 3160 3967 decernatur,
3211 3894 3361 3952 illud
3416 3908 3520 3966 pro
3571 3899 3725 3950 certo
3769 3907 3888 3949 cer-

2178 3994 2301 4047 tum
2348 3996 2449 4059 est,
2493 3986 2633 4062 quia
2676 4002 2787 4044 non
2820 4000 3026 4059 parum
3074 3983 3322 4043 contulit
3361 3997 3542 4056 puero
3590 3979 3883 4040 nascituro

2176 4087 2293 4140 tam
2347 4081 2492 4140 felix
2543 4088 2598 4139 et
2652 4094 2945 4139 morosum
3001 4076 3361 4136 intemerata
3437 4074 3733 4149 genitricis
3788 4073 3887 4132 ho-

2176 4170 2436 4245 spitium.

2225 4259 2495 4330 .Quartus
2547 4273 2683 4317 vero
2736 4258 3021 4333 gaudium
3071 4255 3136 4313 in
3192 4254 3513 4313 nativitate.
3573 4251 3883 4325 Erubesce,

2177 4350 2430 4422 Lucifer,
2457 4350 2559 4423 qui
2602 4364 2772 4407 mane
2810 4346 3087 4407 oriebaris
3119 4347 3272 4418 (Isai.
3312 4346 3463 4416 XIV),
3493 4350 3549 4402 et
3571 4348 3882 4403 conatuum

378 4441 494 4500 quo
517 4435 844 4486 sanctorum
873 4426 1311 4487 auctoritatibus
1342 4428 1612 4485 videntur
1640 4426 1896 4497 obviare,
1931 4428 2411 4513 vom-“tuorum
2460 4440 2653 4499 fractis
2698 4438 3045 4513 impulsibus
3093 4437 3328 4497 tandem
3358 4435 3619 4508 intellige
3648 4433 3785 4508 quia
3823 4432 3886 4490 in

380 4532 513 4576 mus
541 4525 605 4577 ιιι
629 4518 754 4577 Sine
783 4520 944 4578 omni
972 4518 1413 4578 θκευεθῑίοηυῐη
1435 4516 1528 4576 Vel
1554 4518 1964 4576 defenSionum
1988 4535 2091 4594 Pa'
2112 4498 2499 4591 Dnovissimo
2542 4498 2796 4589 dierum!
2814 4534 3092 4603 tanquam
3134 4527 3341 4602 perdix
3387 4498 3762 4584 stultissimus
3796 4537 3888 4580 re-

379 4610 622 4669 trocinio
645 4610 903 4670 subruan
913 4618 1022 4671 tur.

450 4697 682 4757 Tertius
721 4706 805 4758 est
844 4699 1184 4758 excellentia
1239 4700 1301 4758 in
1345 4698 1752 4758 exsultatione.
1785 4700 1837 4758 A
1876 4699 2095 4759 saculo

383 4804 499 4848 non
528 4796 613 4849 est
640 4792 906 4851 auditum
933 4793 1087 4868 quod
1114 4790 1657 4868 exsultaverit‘quis
1684 4792 1748 4851 in
1773 4798 1938 4852 utero
1972 4809 2094 4852 ma-

380 4879 505 4951 tris,
547 4896 680 4940 cum
720 4882 816 4940 hic
862 4880 927 4938 in
978 4880 1187 4953 gaudio
1219 4881 1543 4940 exsultasse
1579 4881 1818 4954 legatur.
1853 4883 2096 4943 Prorsus

378 4965 737 5041 obstupenda
763 4968 1040 5042 dignatio,
1074 4986 1320 5043 puerum
1367 4971 1467 5029 vix
1510 4978 1849 5046 conceptum
1881 4972 1943 5031 in
1971 4989 2095 5032 mo-

381 5062 507 5117 tum
558 5059 966 5119 exsultationis
1021 5077 1345 5135 erumpere,
1382 5058 1522 5116 119
1581 5062 1750 5136 eique
1803 5068 2096 5136 gratanter

379 5170 677 5215 occurrere
707 5154 943 5213 servitio
971 5154 1227 5213 dulciore
1253 5170 1428 5228 quem
1456 5153 1727 5228 virginali
1757 5155 2094 5215 substantia

383 5249 682 5322 praseusit
710 5249 994 5307 infusum.
1026 5246 1197 5304 Beata
1240 5246 1455 5317 anima,
1497 5262 1631 5319 qua
1668 5247 1729 5304 in
1772 5247 1866 5306 via
1905 5263 2097 5320 pecca-

382 5344 573 5398 torum
619 5353 732 5396 nou
782 5336 957 5407 stetit,
987 5338 1085 5394 sed
1136 5336 1439 5393 secretiore
1491 5337 1697 5395 semita
1740 5337 1811 5396 de
1860 5336 2097 5395 calesti-

383 5427 492 5491 bus
545 5427 793 5486 ollicinis
849 5425 1167 5501 egrediens,
1223 5424 1502 5483 inaudita
1556 5424 1963 5497 gratulationis
2011 5434 2096 5483 est

383 5517 583 5578 sortita
604 5516 997 5577 dulcedinem.
1030 5516 1198 5574 Felix
1225 5514 1542 5585 Elisabeth,
1569 5514 1641 5572 ad
1685 5531 1863 5591 quam
1917 5520 2097 5574 mater

386 5615 648 5685 properat
698 5607 1118 5683 Redemptoris,
1172 5621 1347 5684 quam
1406 5603 1755 5665 salutatoriis
1800 5604 2097 5680 obsequiis

2178 4619 2458 4678 manebis.
2487 4617 3012 4679 Machinationibus
3042 4616 3156 4676 tuis
3185 4615 3402 4674 factum
3429 4617 3513 4670 est
3542 4617 3607 4670 ut
3641 4610 3888 4670 humani

2176 4707 2406 4782 generis
2447 4708 2797 4769 universitas
2834 4707 2893 4765 in
2943 4703 3185 4780 peccatis
3232 4701 3649 4775 conciperetur,
3695 4712 3890 4757 nasce—

2177 4802 2336 4854 retur
2391 4797 2454 4854 in
2500 4796 2730 4855 tristitia
2770 4797 2926 4866 (Gen.
2971 4796 3087 4863 HI).
3132 4790 3244 4851 Sed
3289 4804 3417 4848 ecce
3459 4789 3567 4847 iste
3614 4787 3677 4846 in
3722 4792 3890 4847 utero

2178 4884 2586 4957 sanctiﬁcatur,
2630 4885 2814 4943 oritur
2856 4884 2913 4941 in
2959 4879 3194 4956 gaudio,
3246 4878 3626 4952 latitiamque
3664 4873 3884 4935 mundo

2179 4990 2285 5033 sua
2327 4974 2626 5033 nativitate
2670 4971 2945 5032 refundit.
2980 4969 3122 5027 Ecce
3162 4984 3347 5042 genus
3392 4972 3701 5026 armatura
3730 4963 3888 5039 quod

2180 5063 2284 5121 tibi
2340 5064 2717 5123 constitueras
2767 5060 2840 5118 ad
2887 5057 3209 5131 victoriam,
3265 5055 3476 5115 Joanni
3522 5054 3778 5114 nascitur
3818 5054 3887 5112 ad

2178 5168 2472 5212 coronam.
2520 5147 2902 5225 Apprehende
2929 5161 3091 5204 arma
3129 5153 3184 5204 et
3228 5151 3480 5217 scutum,
3505 5150 3561 5202 et
3606 5148 3722 5203 toto
3763 5158 3890 5201 ma-

2179 5242 2458 5317 lignitatis
2508 5248 2620 5299 tua
2656 5238 2861 5311 spiritu
2908 5236 3282 5308 debacchare,
3338 5251 3453 5295 non
3498 5241 3691 5293 tamen
3746 5230 3887 5288 120

2177 5332 2391 5404 poteris
2424 5331 2744 5401 irrumpere
2768 5325 3009 5385 Joannis
3033 5325 3425 5401 privilegium,
3458 5325 3611 5399 quod
3640 5322 3894 5397 benigna

2179 5422 2481 5499 scribentis
2545 5434 2752 5479 manus
2809 5418 3040 5492 proprio
3118 5417 3442 5475 charactere
3504 5413 3887 5489 consignavit.

2181 5513 2430 5575 Multum
2476 5512 2763 5587 deceptus,
2810 5509 3065 5568 multum
3115 5507 3355 5568 delusus
3396 5522 3478 5565 es.
3524 5507 3617 5566 An
3660 5504 3891 5580 ignoras

2179 5604 2319 5680 quia
2343 5603 2449 5664 tibi
2481 5602 2566 5663 vir
2592 5600 2834 5661 bellator
2858 5600 2930 5659 ab
2950 5596 3332 5659 adolescentia
3358 5602 3414 5657 et
3434 5596 3609 5657 etiam
3634 5613 3668 5656 a
3695 5596 3894 5654 matris
