  <div class='ocr_page' id='page_1' title='image "/cluster/home/n/w/nwhite01/storage/ocr_20150623/144/umn.31951002477437p/341.png"; bbox 0 0 4184 6478; ppageno 0'>
   <div class='ocr_carea' id='block_1_1' title="bbox 373 172 388 201">
    <p class='ocr_par' dir='ltr' id='par_1_1' title="bbox 373 172 388 201">
     <span class='ocr_line' id='line_1_1' title="bbox 373 172 388 201; baseline 0 0"><span class='ocrx_word' id='word_1_1' title='bbox 373 172 388 201; x_wconf 78' lang='lat'><strong>\</strong></span> 
     </span>
    </p>
   </div>
   <div class='ocr_carea' id='block_1_2' title="bbox 330 265 434 326">
    <p class='ocr_par' dir='ltr' id='par_1_2' title="bbox 330 265 434 326">
     <span class='ocr_line' id='line_1_2' title="bbox 330 265 434 326; baseline -0.01 0"><span class='ocrx_word' id='word_1_2' title='bbox 330 265 434 326; x_wconf 83' lang='grc'>631</span> 
     </span>
    </p>
   </div>
   <div class='ocr_carea' id='block_1_3' title="bbox 950 268 3224 345">
    <p class='ocr_par' dir='ltr' id='par_1_3' title="bbox 950 268 3224 345">
     <span class='ocr_line' id='line_1_3' title="bbox 950 268 3224 345; baseline 0.002 -14"><span class='ocrx_word' id='word_1_3' title='bbox 950 268 1008 331; x_wconf 90' lang='lat' dir='ltr'>S.</span> <span class='ocrx_word' id='word_1_4' title='bbox 1052 270 1277 333; x_wconf 76' lang='lat' dir='ltr'>PETRI</span> <span class='ocrx_word' id='word_1_5' title='bbox 1317 273 1635 337; x_wconf 86' lang='lat' dir='ltr'>DAMIANI</span> <span class='ocrx_word' id='word_1_6' title='bbox 1672 276 1830 339; x_wconf 90' lang='lat' dir='ltr'>OPP.</span> <span class='ocrx_word' id='word_1_7' title='bbox 1874 280 2067 343; x_wconf 79' lang='lat' dir='ltr'>PARS</span> <span class='ocrx_word' id='word_1_8' title='bbox 2107 278 2251 343; x_wconf 89' lang='lat' dir='ltr'>SEU</span> <span class='ocrx_word' id='word_1_9' title='bbox 2289 275 2540 345; x_wconf 81' lang='lat' dir='ltr'>TOMUS</span> <span class='ocrx_word' id='word_1_10' title='bbox 2578 275 2655 337; x_wconf 88' lang='lat' dir='ltr'>II.</span> <span class='ocrx_word' id='word_1_11' title='bbox 2696 308 2767 322; x_wconf 93' lang='lat'>—-</span> <span class='ocrx_word' id='word_1_12' title='bbox 2806 273 3224 337; x_wconf 76' lang='lat' dir='ltr'>SERMONES.</span> 
     </span>
    </p>
   </div>
   <div class='ocr_carea' id='block_1_4' title="bbox 3729 276 3839 339">
    <p class='ocr_par' dir='ltr' id='par_1_4' title="bbox 3729 276 3839 339">
     <span class='ocr_line' id='line_1_4' title="bbox 3729 276 3839 339; baseline 0.018 -2"><span class='ocrx_word' id='word_1_13' title='bbox 3729 276 3839 339; x_wconf 80' lang='lat'>632</span> 
     </span>
    </p>
   </div>
   <div class='ocr_carea' id='block_1_5' title="bbox 332 394 3840 485">
    <p class='ocr_par' dir='ltr' id='par_1_5' title="bbox 332 394 3840 485">
     <span class='ocr_line' id='line_1_5' title="bbox 332 394 3840 485; baseline 0.003 -31"><span class='ocrx_word' id='word_1_14' title='bbox 332 400 500 485; x_wconf 83' lang='lat' dir='ltr'>utero</span> <span class='ocrx_word' id='word_1_15' title='bbox 526 394 866 471; x_wconf 76' lang='lat' dir='ltr'>consurgit?</span> <span class='ocrx_word' id='word_1_16' title='bbox 885 397 1081 458; x_wconf 87' lang='lat' dir='ltr'>Nescis</span> <span class='ocrx_word' id='word_1_17' title='bbox 1104 402 1241 474; x_wconf 87' lang='lat' dir='ltr'>quia</span> <span class='ocrx_word' id='word_1_18' title='bbox 1265 419 1299 461; x_wconf 92' lang='lat' dir='ltr'>a</span> <span class='ocrx_word' id='word_1_19' title='bbox 1323 404 1529 466; x_wconf 89' lang='lat' dir='ltr'>diebus</span> <span class='ocrx_word' id='word_1_20' title='bbox 1551 408 1719 468; x_wconf 83' lang='lat' dir='ltr'>istius</span> <span class='ocrx_word' id='word_1_21' title='bbox 1743 432 1764 461; x_wconf 77' lang='grc' dir='ltr'>ι</span> <span class='ocrx_word' id='word_1_22' title='bbox 1791 427 2035 485; x_wconf 83' lang='lat' dir='ltr'>regnum</span> <span class='ocrx_word' id='word_1_23' title='bbox 2057 412 2109 473; x_wconf 90' lang='lat' dir='ltr'><strong>A</strong></span> <span class='ocrx_word' id='word_1_24' title='bbox 2135 411 2316 468; x_wconf 87' lang='lat' dir='ltr'>sione.</span> <span class='ocrx_word' id='word_1_25' title='bbox 2386 408 2560 466; x_wconf 90' lang='lat' dir='ltr'>Porro</span> <span class='ocrx_word' id='word_1_26' title='bbox 2615 412 2832 482; x_wconf 90' lang='lat' dir='ltr'>quanta</span> <span class='ocrx_word' id='word_1_27' title='bbox 2885 404 3209 465; x_wconf 86' lang='lat' dir='ltr'>sublimitas</span> <span class='ocrx_word' id='word_1_28' title='bbox 3260 404 3324 464; x_wconf 90' lang='lat' dir='ltr'>in</span> <span class='ocrx_word' id='word_1_29' title='bbox 3398 407 3840 467; x_wconf 89' lang='lat' dir='ltr'>conversatione</span> 
     </span>
    </p>
   </div>
   <div class='ocr_carea' id='block_1_6' title="bbox 335 481 2041 568">
    <p class='ocr_par' dir='ltr' id='par_1_6' title="bbox 335 481 2041 568">
     <span class='ocr_line' id='line_1_6' title="bbox 335 481 2041 568; baseline 0.011 -28"><span class='ocrx_word' id='word_1_30' title='bbox 335 481 616 543; x_wconf 80' lang='lat' dir='ltr'>calorum</span> <span class='ocrx_word' id='word_1_31' title='bbox 667 485 789 543; x_wconf 87' lang='lat' dir='ltr'>vim</span> <span class='ocrx_word' id='word_1_32' title='bbox 866 487 1099 560; x_wconf 90' lang='lat' dir='ltr'>patitur,</span> <span class='ocrx_word' id='word_1_33' title='bbox 1157 495 1212 546; x_wconf 92' lang='lat' dir='ltr'>et</span> <span class='ocrx_word' id='word_1_34' title='bbox 1272 491 1510 551; x_wconf 83' lang='lat' dir='ltr'>violenti</span> <span class='ocrx_word' id='word_1_35' title='bbox 1562 495 1798 568; x_wconf 86' lang='lat' dir='ltr'>rapiunt</span> <span class='ocrx_word' id='word_1_36' title='bbox 1844 481 2041 558; x_wconf 77' lang='lat' dir='ltr'>illud?</span> 
     </span>
    </p>
   </div>
   <div class='ocr_carea' id='block_1_7' title="bbox 336 572 2038 662">
    <p class='ocr_par' dir='ltr' id='par_1_7' title="bbox 336 572 2038 662">
     <span class='ocr_line' id='line_1_7' title="bbox 336 572 2038 662; baseline 0.011 -33"><span class='ocrx_word' id='word_1_37' title='bbox 336 572 558 662; x_wconf 74' lang='lat' dir='ltr'>(Matth.</span> <span class='ocrx_word' id='word_1_38' title='bbox 605 575 688 662; x_wconf 86' lang='lat' dir='ltr'>XI)</span> <span class='ocrx_word' id='word_1_39' title='bbox 722 597 747 621; x_wconf 87' lang='grc'>››</span> <span class='ocrx_word' id='word_1_40' title='bbox 795 573 884 662; x_wconf 74' lang='lat' dir='ltr'>An</span> <span class='ocrx_word' id='word_1_41' title='bbox 939 574 1155 635; x_wconf 92' lang='lat' dir='ltr'>oblitus</span> <span class='ocrx_word' id='word_1_42' title='bbox 1196 593 1257 636; x_wconf 91' lang='lat' dir='ltr'>es</span> <span class='ocrx_word' id='word_1_43' title='bbox 1302 581 1439 653; x_wconf 87' lang='lat' dir='ltr'>quia</span> <span class='ocrx_word' id='word_1_44' title='bbox 1491 582 1600 641; x_wconf 91' lang='lat' dir='ltr'>iste</span> <span class='ocrx_word' id='word_1_45' title='bbox 1647 585 1900 645; x_wconf 82' lang='lat' dir='ltr'>mittitur</span> <span class='ocrx_word' id='word_1_46' title='bbox 1945 604 2038 662; x_wconf 92' lang='lat' dir='ltr'>pa-</span> 
     </span>
    </p>
   </div>
   <div class='ocr_carea' id='block_1_8' title="bbox 338 661 2042 744">
    <p class='ocr_par' dir='ltr' id='par_1_8' title="bbox 338 661 2042 744">
     <span class='ocr_line' id='line_1_8' title="bbox 338 661 2042 744; baseline 0.012 -27"><span class='ocrx_word' id='word_1_47' title='bbox 338 676 467 719; x_wconf 90' lang='lat' dir='ltr'>rare</span> <span class='ocrx_word' id='word_1_48' title='bbox 493 661 740 720; x_wconf 88' lang='lat' dir='ltr'>Domino</span> <span class='ocrx_word' id='word_1_49' title='bbox 769 661 995 736; x_wconf 85' lang='lat' dir='ltr'>plebem</span> <span class='ocrx_word' id='word_1_50' title='bbox 1023 668 1329 739; x_wconf 86' lang='lat' dir='ltr'>perfectam</span> <span class='ocrx_word' id='word_1_51' title='bbox 1352 667 1381 726; x_wconf 85' lang='lat'><strong><em>?</em></strong></span> <span class='ocrx_word' id='word_1_52' title='bbox 1409 673 1557 740; x_wconf 84' lang='lat' dir='ltr'>(Luc.</span> <span class='ocrx_word' id='word_1_53' title='bbox 1592 675 1652 744; x_wconf 91' lang='lat' dir='ltr'><strong><em>I).</em></strong></span> <span class='ocrx_word' id='word_1_54' title='bbox 1679 673 1912 735; x_wconf 87' lang='lat' dir='ltr'>Intuere</span> <span class='ocrx_word' id='word_1_55' title='bbox 1945 661 2042 736; x_wconf 87' lang='lat' dir='ltr'>or-</span> 
     </span>
    </p>
   </div>
   <div class='ocr_carea' id='block_1_9' title="bbox 337 749 2042 835">
    <p class='ocr_par' dir='ltr' id='par_1_9' title="bbox 337 749 2042 835">
     <span class='ocr_line' id='line_1_9' title="bbox 337 749 2042 835; baseline 0.011 -27"><span class='ocrx_word' id='word_1_56' title='bbox 337 749 534 808; x_wconf 87' lang='lat' dir='ltr'>dinem</span> <span class='ocrx_word' id='word_1_57' title='bbox 565 764 784 822; x_wconf 89' lang='lat' dir='ltr'>rerum,</span> <span class='ocrx_word' id='word_1_58' title='bbox 817 760 873 810; x_wconf 92' lang='lat' dir='ltr'>et</span> <span class='ocrx_word' id='word_1_59' title='bbox 896 753 969 812; x_wconf 91' lang='lat' dir='ltr'>ab</span> <span class='ocrx_word' id='word_1_60' title='bbox 997 754 1139 829; x_wconf 89' lang='lat' dir='ltr'>ipsis</span> <span class='ocrx_word' id='word_1_61' title='bbox 1164 773 1288 816; x_wconf 83' lang='lat' dir='ltr'>sua</span> <span class='ocrx_word' id='word_1_62' title='bbox 1327 761 1712 835; x_wconf 90' lang='lat' dir='ltr'>conceptionis</span> <span class='ocrx_word' id='word_1_63' title='bbox 1738 765 1923 825; x_wconf 92' lang='lat' dir='ltr'>initiis</span> <span class='ocrx_word' id='word_1_64' title='bbox 1946 768 2042 826; x_wconf 91' lang='lat' dir='ltr'>in-</span> 
     </span>
    </p>
   </div>
   <div class='ocr_carea' id='block_1_10' title="bbox 337 839 2043 918">
    <p class='ocr_par' dir='ltr' id='par_1_10' title="bbox 337 839 2043 918">
     <span class='ocr_line' id='line_1_10' title="bbox 337 839 2043 918; baseline 0.013 -23"><span class='ocrx_word' id='word_1_65' title='bbox 337 839 537 898; x_wconf 87' lang='lat' dir='ltr'>venies</span> <span class='ocrx_word' id='word_1_66' title='bbox 586 840 742 899; x_wconf 89' lang='lat' dir='ltr'>hunc</span> <span class='ocrx_word' id='word_1_67' title='bbox 778 842 1055 903; x_wconf 81' lang='lat' dir='ltr'>validiore</span> <span class='ocrx_word' id='word_1_68' title='bbox 1094 847 1398 907; x_wconf 89' lang='lat' dir='ltr'>conamine</span> <span class='ocrx_word' id='word_1_69' title='bbox 1442 857 1599 909; x_wconf 88' lang='lat' dir='ltr'>tuam</span> <span class='ocrx_word' id='word_1_70' title='bbox 1646 853 2043 918; x_wconf 81' lang='lat' dir='ltr'>fortitudinem</span> 
     </span>
    </p>
   </div>
   <div class='ocr_carea' id='block_1_11' title="bbox 338 925 2045 1020">
    <p class='ocr_par' dir='ltr' id='par_1_11' title="bbox 338 925 2045 1020">
     <span class='ocr_line' id='line_1_11' title="bbox 338 925 2045 1020; baseline 0.012 -36"><span class='ocrx_word' id='word_1_71' title='bbox 338 925 631 999; x_wconf 85' lang='lat' dir='ltr'>irrupisse.</span> <span class='ocrx_word' id='word_1_72' title='bbox 682 929 771 988; x_wconf 91' lang='lat' dir='ltr'>Tu</span> <span class='ocrx_word' id='word_1_73' title='bbox 812 930 995 991; x_wconf 78' lang='lat' dir='ltr'>fecisti</span> <span class='ocrx_word' id='word_1_74' title='bbox 1036 939 1101 993; x_wconf 91' lang='lat' dir='ltr'>ut</span> <span class='ocrx_word' id='word_1_75' title='bbox 1145 936 1437 995; x_wconf 88' lang='lat' dir='ltr'>fratricida</span> <span class='ocrx_word' id='word_1_76' title='bbox 1489 938 1651 1012; x_wconf 90' lang='lat' dir='ltr'>Cain,</span> <span class='ocrx_word' id='word_1_77' title='bbox 1726 946 1826 1017; x_wconf 93' lang='lat' dir='ltr'>qui</span> <span class='ocrx_word' id='word_1_78' title='bbox 1880 948 2045 1020; x_wconf 84' lang='lat' dir='ltr'>prius</span> 
     </span>
    </p>
   </div>
   <div class='ocr_carea' id='block_1_12' title="bbox 340 1020 2045 1106">
    <p class='ocr_par' dir='ltr' id='par_1_12' title="bbox 340 1020 2045 1106">
     <span class='ocr_line' id='line_1_12' title="bbox 340 1020 2045 1106; baseline 0.013 -34"><span class='ocrx_word' id='word_1_79' title='bbox 340 1022 512 1106; x_wconf 80' lang='lat' dir='ltr'>natus</span> <span class='ocrx_word' id='word_1_80' title='bbox 555 1022 641 1106; x_wconf 82' lang='lat' dir='ltr'>est</span> <span class='ocrx_word' id='word_1_81' title='bbox 674 1020 827 1088; x_wconf 86' lang='lat' dir='ltr'>(Gen.</span> <span class='ocrx_word' id='word_1_82' title='bbox 878 1025 980 1093; x_wconf 89' lang='lat' dir='ltr'><strong><em>IV),</em></strong></span> <span class='ocrx_word' id='word_1_83' title='bbox 1008 1021 1267 1095; x_wconf 90' lang='lat' dir='ltr'>pollutus</span> <span class='ocrx_word' id='word_1_84' title='bbox 1301 1030 1355 1082; x_wconf 92' lang='lat' dir='ltr'>et</span> <span class='ocrx_word' id='word_1_85' title='bbox 1397 1027 1708 1088; x_wconf 88' lang='lat' dir='ltr'>obvolutus</span> <span class='ocrx_word' id='word_1_86' title='bbox 1736 1032 1959 1106; x_wconf 78' lang='lat' dir='ltr'>exiret,</span> <span class='ocrx_word' id='word_1_87' title='bbox 1988 1047 2045 1094; x_wconf 87' lang='lat' dir='ltr'>et</span> 
     </span>
    </p>
   </div>
   <div class='ocr_carea' id='block_1_13' title="bbox 338 1104 2046 1185">
    <p class='ocr_par' dir='ltr' id='par_1_13' title="bbox 338 1104 2046 1185">
     <span class='ocr_line' id='line_1_13' title="bbox 338 1104 2046 1185; baseline 0.012 -22"><span class='ocrx_word' id='word_1_88' title='bbox 338 1104 637 1178; x_wconf 83' lang='lat' dir='ltr'>originalis</span> <span class='ocrx_word' id='word_1_89' title='bbox 681 1109 888 1181; x_wconf 86' lang='lat' dir='ltr'>peccati</span> <span class='ocrx_word' id='word_1_90' title='bbox 918 1120 1343 1185; x_wconf 89' lang='lat' dir='ltr'>respergeretur</span> <span class='ocrx_word' id='word_1_91' title='bbox 1369 1114 1630 1175; x_wconf 90' lang='lat' dir='ltr'>infamia.</span> <span class='ocrx_word' id='word_1_92' title='bbox 1660 1119 1832 1179; x_wconf 90' lang='lat' dir='ltr'>Hunc</span> <span class='ocrx_word' id='word_1_93' title='bbox 1871 1104 2046 1183; x_wconf 89' lang='lat' dir='ltr'>exce-</span> 
     </span>
    </p>
   </div>
   <div class='ocr_carea' id='block_1_14' title="bbox 337 1193 2047 1279">
    <p class='ocr_par' dir='ltr' id='par_1_14' title="bbox 337 1193 2047 1279">
     <span class='ocr_line' id='line_1_14' title="bbox 337 1193 2047 1279; baseline 0.015 -30"><span class='ocrx_word' id='word_1_94' title='bbox 337 1193 422 1268; x_wconf 87' lang='lat' dir='ltr'>pit</span> <span class='ocrx_word' id='word_1_95' title='bbox 477 1193 634 1253; x_wconf 88' lang='lat' dir='ltr'>orbis</span> <span class='ocrx_word' id='word_1_96' title='bbox 688 1198 1015 1271; x_wconf 85' lang='lat' dir='ltr'>exterritus,</span> <span class='ocrx_word' id='word_1_97' title='bbox 1069 1206 1126 1258; x_wconf 91' lang='lat' dir='ltr'>et</span> <span class='ocrx_word' id='word_1_98' title='bbox 1172 1201 1415 1262; x_wconf 91' lang='lat' dir='ltr'>humani</span> <span class='ocrx_word' id='word_1_99' title='bbox 1464 1208 1693 1279; x_wconf 84' lang='lat' dir='ltr'>generis</span> <span class='ocrx_word' id='word_1_100' title='bbox 1742 1212 2047 1274; x_wconf 84' lang='lat' dir='ltr'>subsecuta</span> 
     </span>
    </p>
   </div>
   <div class='ocr_carea' id='block_1_15' title="bbox 341 1284 2042 1375">
    <p class='ocr_par' dir='ltr' id='par_1_15' title="bbox 341 1284 2042 1375">
     <span class='ocr_line' id='line_1_15' title="bbox 341 1284 2042 1375; baseline 0.015 -35"><span class='ocrx_word' id='word_1_101' title='bbox 341 1284 614 1375; x_wconf 69' lang='lat' dir='ltr'>nativitas</span> <span class='ocrx_word' id='word_1_102' title='bbox 637 1286 706 1344; x_wconf 89' lang='lat' dir='ltr'>ad</span> <span class='ocrx_word' id='word_1_103' title='bbox 724 1287 976 1346; x_wconf 81' lang='lat' dir='ltr'>infinita</span> <span class='ocrx_word' id='word_1_104' title='bbox 998 1289 1245 1350; x_wconf 89' lang='lat' dir='ltr'>tristitia</span> <span class='ocrx_word' id='word_1_105' title='bbox 1265 1294 1572 1355; x_wconf 89' lang='lat' dir='ltr'>cumulum</span> <span class='ocrx_word' id='word_1_106' title='bbox 1590 1302 2042 1375; x_wconf 89' lang='lat' dir='ltr'>transmigravit.</span> 
     </span>
    </p>
   </div>
   <div class='ocr_carea' id='block_1_16' title="bbox 340 1373 2044 1458">
    <p class='ocr_par' dir='ltr' id='par_1_16' title="bbox 340 1373 2044 1458">
     <span class='ocr_line' id='line_1_16' title="bbox 340 1373 2044 1458; baseline 0.013 -27"><span class='ocrx_word' id='word_1_107' title='bbox 340 1373 619 1434; x_wconf 90' lang='lat' dir='ltr'>Nativitas</span> <span class='ocrx_word' id='word_1_108' title='bbox 662 1383 856 1436; x_wconf 89' lang='lat' dir='ltr'>autem</span> <span class='ocrx_word' id='word_1_109' title='bbox 901 1379 1157 1439; x_wconf 88' lang='lat' dir='ltr'>hominis</span> <span class='ocrx_word' id='word_1_110' title='bbox 1199 1382 1369 1442; x_wconf 90' lang='lat' dir='ltr'>istius</span> <span class='ocrx_word' id='word_1_111' title='bbox 1416 1385 1476 1442; x_wconf 91' lang='lat' dir='ltr'>in</span> <span class='ocrx_word' id='word_1_112' title='bbox 1518 1389 1730 1458; x_wconf 87' lang='lat' dir='ltr'>gaudio</span> <span class='ocrx_word' id='word_1_113' title='bbox 1776 1373 1946 1452; x_wconf 78' lang='lat' dir='ltr'>estet</span> <span class='ocrx_word' id='word_1_114' title='bbox 1980 1395 2044 1454; x_wconf 92' lang='lat' dir='ltr'>in</span> 
     </span>
    </p>
   </div>
   <div class='ocr_carea' id='block_1_17' title="bbox 338 1463 2046 1554">
    <p class='ocr_par' dir='ltr' id='par_1_17' title="bbox 338 1463 2046 1554">
     <span class='ocr_line' id='line_1_17' title="bbox 338 1463 2046 1554; baseline 0.012 -32"><span class='ocrx_word' id='word_1_115' title='bbox 338 1463 758 1554; x_wconf 83' lang='lat' dir='ltr'>solemnitatem</span> <span class='ocrx_word' id='word_1_116' title='bbox 799 1469 1155 1541; x_wconf 81' lang='lat' dir='ltr'>praclaram.</span> <span class='ocrx_word' id='word_1_117' title='bbox 1206 1470 1460 1531; x_wconf 89' lang='lat' dir='ltr'>Latatur</span> <span class='ocrx_word' id='word_1_118' title='bbox 1501 1476 1675 1547; x_wconf 87' lang='lat' dir='ltr'>orbis,</span> <span class='ocrx_word' id='word_1_119' title='bbox 1710 1485 1765 1537; x_wconf 92' lang='lat' dir='ltr'>et</span> <span class='ocrx_word' id='word_1_120' title='bbox 1800 1490 2046 1554; x_wconf 89' lang='lat' dir='ltr'>quatuor</span> 
     </span>
    </p>
   </div>
   <div class='ocr_carea' id='block_1_18' title="bbox 339 1553 2045 1636">
    <p class='ocr_par' dir='ltr' id='par_1_18' title="bbox 339 1553 2045 1636">
     <span class='ocr_line' id='line_1_18' title="bbox 339 1553 2045 1636; baseline 0.013 -26"><span class='ocrx_word' id='word_1_121' title='bbox 339 1553 550 1612; x_wconf 90' lang='lat' dir='ltr'>mundi</span> <span class='ocrx_word' id='word_1_122' title='bbox 584 1553 816 1613; x_wconf 92' lang='lat' dir='ltr'>climata</span> <span class='ocrx_word' id='word_1_123' title='bbox 848 1556 1277 1618; x_wconf 87' lang='lat' dir='ltr'>circumsonant</span> <span class='ocrx_word' id='word_1_124' title='bbox 1302 1560 1567 1636; x_wconf 89' lang='lat' dir='ltr'>gloriosa</span> <span class='ocrx_word' id='word_1_125' title='bbox 1595 1553 1922 1630; x_wconf 82' lang='lat' dir='ltr'>festivitatis</span> <span class='ocrx_word' id='word_1_126' title='bbox 1950 1573 2045 1632; x_wconf 90' lang='lat' dir='ltr'>in-</span> 
     </span>
    </p>
   </div>
   <div class='ocr_carea' id='block_1_19' title="bbox 340 1642 2046 1731">
    <p class='ocr_par' dir='ltr' id='par_1_19' title="bbox 340 1642 2046 1731">
     <span class='ocr_line' id='line_1_19' title="bbox 340 1642 2046 1731; baseline 0.013 -33"><span class='ocrx_word' id='word_1_127' title='bbox 340 1642 569 1714; x_wconf 88' lang='lat' dir='ltr'>stantia,</span> <span class='ocrx_word' id='word_1_128' title='bbox 616 1643 758 1717; x_wconf 87' lang='lat' dir='ltr'>ipsis</span> <span class='ocrx_word' id='word_1_129' title='bbox 796 1645 968 1705; x_wconf 90' lang='lat' dir='ltr'>etiam</span> <span class='ocrx_word' id='word_1_130' title='bbox 1009 1647 1169 1707; x_wconf 83' lang='lat' dir='ltr'>caelis</span> <span class='ocrx_word' id='word_1_131' title='bbox 1201 1650 1444 1711; x_wconf 89' lang='lat' dir='ltr'>celebris</span> <span class='ocrx_word' id='word_1_132' title='bbox 1473 1660 1528 1712; x_wconf 93' lang='lat' dir='ltr'>et</span> <span class='ocrx_word' id='word_1_133' title='bbox 1573 1657 1808 1717; x_wconf 91' lang='lat' dir='ltr'>famosa.</span> <span class='ocrx_word' id='word_1_134' title='bbox 1846 1683 1868 1712; x_wconf 78' lang='grc' dir='ltr'>ι</span> <span class='ocrx_word' id='word_1_135' title='bbox 1903 1660 2046 1731; x_wconf 89' lang='lat' dir='ltr'>Quis</span> 
     </span>
    </p>
   </div>
   <div class='ocr_carea' id='block_1_20' title="bbox 2100 493 3839 569">
    <p class='ocr_par' dir='ltr' id='par_1_20' title="bbox 2100 493 3839 569">
     <span class='ocr_line' id='line_1_20' title="bbox 2100 493 3839 569; baseline -0.001 -12"><span class='ocrx_word' id='word_1_136' title='bbox 2100 496 2327 569; x_wconf 84' lang='lat' dir='ltr'>fuerit,</span> <span class='ocrx_word' id='word_1_137' title='bbox 2366 511 2480 555; x_wconf 90' lang='lat' dir='ltr'>non</span> <span class='ocrx_word' id='word_1_138' title='bbox 2511 501 2597 554; x_wconf 89' lang='lat' dir='ltr'>est</span> <span class='ocrx_word' id='word_1_139' title='bbox 2625 494 2911 554; x_wconf 90' lang='lat' dir='ltr'>currentis</span> <span class='ocrx_word' id='word_1_140' title='bbox 2947 494 3169 568; x_wconf 87' lang='lat' dir='ltr'>lingua</span> <span class='ocrx_word' id='word_1_141' title='bbox 3215 493 3612 567; x_wconf 86' lang='lat' dir='ltr'>voluptatibus</span> <span class='ocrx_word' id='word_1_142' title='bbox 3654 495 3839 555; x_wconf 91' lang='lat' dir='ltr'>disse-</span> 
     </span>
    </p>
   </div>
   <div class='ocr_carea' id='block_1_21' title="bbox 2130 582 3841 657">
    <p class='ocr_par' dir='ltr' id='par_1_21' title="bbox 2130 582 3841 657">
     <span class='ocr_line' id='line_1_21' title="bbox 2130 582 3841 657; baseline -0.001 -12"><span class='ocrx_word' id='word_1_143' title='bbox 2130 586 2397 656; x_wconf 88' lang='lat' dir='ltr'>rendum,</span> <span class='ocrx_word' id='word_1_144' title='bbox 2450 585 2549 643; x_wconf 91' lang='lat' dir='ltr'>sed</span> <span class='ocrx_word' id='word_1_145' title='bbox 2599 582 2948 657; x_wconf 89' lang='lat' dir='ltr'>evangelica</span> <span class='ocrx_word' id='word_1_146' title='bbox 2997 582 3293 657; x_wconf 88' lang='lat' dir='ltr'>dignitatis</span> <span class='ocrx_word' id='word_1_147' title='bbox 3343 583 3841 657; x_wconf 90' lang='lat' dir='ltr'>comprobandum</span> 
     </span>
    </p>
   </div>
   <div class='ocr_carea' id='block_1_22' title="bbox 2129 672 3844 752">
    <p class='ocr_par' dir='ltr' id='par_1_22' title="bbox 2129 672 3844 752">
     <span class='ocr_line' id='line_1_22' title="bbox 2129 672 3844 752; baseline -0.001 -16"><span class='ocrx_word' id='word_1_148' title='bbox 2129 678 2380 752; x_wconf 90' lang='lat' dir='ltr'>eloquio.</span> <span class='ocrx_word' id='word_1_149' title='bbox 2416 674 2740 744; x_wconf 71' lang='lat' dir='ltr'>«Joannes,</span> <span class='ocrx_word' id='word_1_150' title='bbox 2782 674 2991 748; x_wconf 87' lang='lat' dir='ltr'>inquit,</span> <span class='ocrx_word' id='word_1_151' title='bbox 3033 672 3276 731; x_wconf 89' lang='lat' dir='ltr'>habebat</span> <span class='ocrx_word' id='word_1_152' title='bbox 3314 673 3725 733; x_wconf 89' lang='lat' dir='ltr'>vestimentum</span> <span class='ocrx_word' id='word_1_153' title='bbox 3768 674 3844 734; x_wconf 87' lang='lat' dir='ltr'>de</span> 
     </span>
    </p>
   </div>
   <div class='ocr_carea' id='block_1_23' title="bbox 2130 761 3844 841">
    <p class='ocr_par' dir='ltr' id='par_1_23' title="bbox 2130 761 3844 841">
     <span class='ocr_line' id='line_1_23' title="bbox 2130 761 3844 841; baseline -0.001 -17"><span class='ocrx_word' id='word_1_154' title='bbox 2130 766 2264 841; x_wconf 89' lang='lat' dir='ltr'>pilis</span> <span class='ocrx_word' id='word_1_155' title='bbox 2307 765 2680 835; x_wconf 89' lang='lat' dir='ltr'>camelorum,</span> <span class='ocrx_word' id='word_1_156' title='bbox 2727 768 2781 821; x_wconf 90' lang='lat' dir='ltr'>et</span> <span class='ocrx_word' id='word_1_157' title='bbox 2818 778 3023 822; x_wconf 85' lang='lat' dir='ltr'>zonam</span> <span class='ocrx_word' id='word_1_158' title='bbox 3070 761 3370 836; x_wconf 86' lang='lat' dir='ltr'>pelliceam</span> <span class='ocrx_word' id='word_1_159' title='bbox 3409 762 3560 822; x_wconf 87' lang='lat' dir='ltr'>circa</span> <span class='ocrx_word' id='word_1_160' title='bbox 3607 762 3844 823; x_wconf 89' lang='lat' dir='ltr'>lumbos</span> 
     </span>
    </p>
   </div>
   <div class='ocr_carea' id='block_1_24' title="bbox 2131 852 3845 930">
    <p class='ocr_par' dir='ltr' id='par_1_24' title="bbox 2131 852 3845 930">
     <span class='ocr_line' id='line_1_24' title="bbox 2131 852 3845 930; baseline -0.002 -15"><span class='ocrx_word' id='word_1_161' title='bbox 2131 857 2292 930; x_wconf 85' lang='lat' dir='ltr'>ejus;</span> <span class='ocrx_word' id='word_1_162' title='bbox 2322 871 2451 914; x_wconf 90' lang='lat' dir='ltr'>esca</span> <span class='ocrx_word' id='word_1_163' title='bbox 2491 861 2686 913; x_wconf 89' lang='lat' dir='ltr'>autem</span> <span class='ocrx_word' id='word_1_164' title='bbox 2722 855 2850 929; x_wconf 85' lang='lat' dir='ltr'>ejus</span> <span class='ocrx_word' id='word_1_165' title='bbox 2895 859 3016 911; x_wconf 91' lang='lat' dir='ltr'>erat</span> <span class='ocrx_word' id='word_1_166' title='bbox 3062 852 3296 911; x_wconf 89' lang='lat' dir='ltr'>locusta</span> <span class='ocrx_word' id='word_1_167' title='bbox 3329 858 3384 909; x_wconf 90' lang='lat' dir='ltr'>et</span> <span class='ocrx_word' id='word_1_168' title='bbox 3421 853 3535 910; x_wconf 89' lang='lat' dir='ltr'>mel</span> <span class='ocrx_word' id='word_1_169' title='bbox 3579 852 3845 912; x_wconf 87' lang='lat' dir='ltr'>silvestre</span> 
     </span>
    </p>
   </div>
   <div class='ocr_carea' id='block_1_25' title="bbox 2131 940 3844 1019">
    <p class='ocr_par' dir='ltr' id='par_1_25' title="bbox 2131 940 3844 1019">
     <span class='ocr_line' id='line_1_25' title="bbox 2131 940 3844 1019; baseline -0.002 -17"><span class='ocrx_word' id='word_1_170' title='bbox 2131 948 2347 1019; x_wconf 83' lang='lat' dir='ltr'>(Matth.</span> <span class='ocrx_word' id='word_1_171' title='bbox 2377 944 2479 1016; x_wconf 89' lang='lat' dir='ltr'>Ill).</span> <span class='ocrx_word' id='word_1_172' title='bbox 2518 943 2657 1000; x_wconf 88' lang='lat' dir='ltr'>Ecce</span> <span class='ocrx_word' id='word_1_173' title='bbox 2684 941 2787 1015; x_wconf 91' lang='lat' dir='ltr'>qui</span> <span class='ocrx_word' id='word_1_174' title='bbox 2820 940 3095 1000; x_wconf 87' lang='lat' dir='ltr'>mollibus</span> <span class='ocrx_word' id='word_1_175' title='bbox 3117 940 3447 999; x_wconf 89' lang='lat' dir='ltr'>vestiuntur</span> <span class='ocrx_word' id='word_1_176' title='bbox 3473 941 3533 998; x_wconf 90' lang='lat' dir='ltr'>in</span> <span class='ocrx_word' id='word_1_177' title='bbox 3569 940 3844 1001; x_wconf 87' lang='lat' dir='ltr'>domibus</span> 
     </span>
    </p>
   </div>
   <div class='ocr_carea' id='block_1_26' title="bbox 2132 1028 3844 1106">
    <p class='ocr_par' dir='ltr' id='par_1_26' title="bbox 2132 1028 3844 1106">
     <span class='ocr_line' id='line_1_26' title="bbox 2132 1028 3844 1106; baseline -0.002 -14"><span class='ocrx_word' id='word_1_178' title='bbox 2132 1049 2331 1106; x_wconf 88' lang='lat' dir='ltr'>regum</span> <span class='ocrx_word' id='word_1_179' title='bbox 2384 1039 2518 1090; x_wconf 91' lang='lat' dir='ltr'>sunt</span> <span class='ocrx_word' id='word_1_180' title='bbox 2546 1033 2766 1098; x_wconf 82' lang='lat' dir='ltr'>(Matth.</span> <span class='ocrx_word' id='word_1_181' title='bbox 2809 1037 2919 1098; x_wconf 90' lang='lat' dir='ltr'><strong><em>XI).</em></strong></span> <span class='ocrx_word' id='word_1_182' title='bbox 2959 1051 2983 1075; x_wconf 72' lang='grc' dir='ltr'><strong>π</strong></span> <span class='ocrx_word' id='word_1_183' title='bbox 3015 1028 3223 1102; x_wconf 82' lang='lat' dir='ltr'>Rigida</span> <span class='ocrx_word' id='word_1_184' title='bbox 3268 1029 3464 1100; x_wconf 83' lang='lat' dir='ltr'>vestis,</span> <span class='ocrx_word' id='word_1_185' title='bbox 3509 1036 3564 1089; x_wconf 91' lang='lat' dir='ltr'>et</span> <span class='ocrx_word' id='word_1_186' title='bbox 3595 1030 3844 1089; x_wconf 88' lang='lat' dir='ltr'>durissi-</span> 
     </span>
    </p>
   </div>
   <div class='ocr_carea' id='block_1_27' title="bbox 2130 1117 3845 1195">
    <p class='ocr_par' dir='ltr' id='par_1_27' title="bbox 2130 1117 3845 1195">
     <span class='ocr_line' id='line_1_27' title="bbox 2130 1117 3845 1195; baseline -0.001 -14"><span class='ocrx_word' id='word_1_187' title='bbox 2130 1122 2243 1181; x_wconf 90' lang='lat' dir='ltr'>mis</span> <span class='ocrx_word' id='word_1_188' title='bbox 2291 1120 2722 1195; x_wconf 88' lang='lat' dir='ltr'>bispiditatibus</span> <span class='ocrx_word' id='word_1_189' title='bbox 2770 1119 3174 1189; x_wconf 81' lang='lat' dir='ltr'>circumtexta,</span> <span class='ocrx_word' id='word_1_190' title='bbox 3234 1117 3422 1191; x_wconf 87' lang='lat' dir='ltr'>rigore</span> <span class='ocrx_word' id='word_1_191' title='bbox 3462 1120 3845 1194; x_wconf 85' lang='lat' dir='ltr'>squalorifero</span> 
     </span>
    </p>
   </div>
   <div class='ocr_carea' id='block_1_28' title="bbox 2131 1208 3845 1284">
    <p class='ocr_par' dir='ltr' id='par_1_28' title="bbox 2131 1208 3845 1284">
     <span class='ocr_line' id='line_1_28' title="bbox 2131 1208 3845 1284; baseline -0.001 -15"><span class='ocrx_word' id='word_1_192' title='bbox 2131 1226 2338 1284; x_wconf 90' lang='lat' dir='ltr'>corpus</span> <span class='ocrx_word' id='word_1_193' title='bbox 2393 1208 2570 1268; x_wconf 82' lang='lat' dir='ltr'>afﬁcit</span> <span class='ocrx_word' id='word_1_194' title='bbox 2635 1208 2995 1282; x_wconf 88' lang='lat' dir='ltr'>patriarcha,</span> <span class='ocrx_word' id='word_1_195' title='bbox 3050 1222 3400 1280; x_wconf 89' lang='lat' dir='ltr'>carnemque</span> <span class='ocrx_word' id='word_1_196' title='bbox 3470 1210 3845 1268; x_wconf 88' lang='lat' dir='ltr'>tenerrimam</span> 
     </span>
    </p>
   </div>
   <div class='ocr_carea' id='block_1_29' title="bbox 2132 1295 3842 1370">
    <p class='ocr_par' dir='ltr' id='par_1_29' title="bbox 2132 1295 3842 1370">
     <span class='ocr_line' id='line_1_29' title="bbox 2132 1295 3842 1370; baseline 0 -13"><span class='ocrx_word' id='word_1_197' title='bbox 2132 1299 2442 1358; x_wconf 91' lang='lat' dir='ltr'>immatura</span> <span class='ocrx_word' id='word_1_198' title='bbox 2480 1296 2803 1370; x_wconf 84' lang='lat' dir='ltr'>disciplina</span> <span class='ocrx_word' id='word_1_199' title='bbox 2834 1295 3057 1354; x_wconf 87' lang='lat' dir='ltr'>feritate</span> <span class='ocrx_word' id='word_1_200' title='bbox 3096 1302 3360 1368; x_wconf 88' lang='lat' dir='ltr'>coarctat,</span> <span class='ocrx_word' id='word_1_201' title='bbox 3397 1302 3622 1357; x_wconf 88' lang='lat' dir='ltr'>teneros</span> <span class='ocrx_word' id='word_1_202' title='bbox 3658 1303 3842 1370; x_wconf 91' lang='lat' dir='ltr'>artus,</span> 
     </span>
    </p>
   </div>
   <div class='ocr_carea' id='block_1_30' title="bbox 2131 1384 3847 1460">
    <p class='ocr_par' dir='ltr' id='par_1_30' title="bbox 2131 1384 3847 1460">
     <span class='ocr_line' id='line_1_30' title="bbox 2131 1384 3847 1460; baseline -0.002 -12"><span class='ocrx_word' id='word_1_203' title='bbox 2131 1394 2187 1448; x_wconf 90' lang='lat' dir='ltr'>et</span> <span class='ocrx_word' id='word_1_204' title='bbox 2237 1387 2541 1446; x_wconf 85' lang='lat' dir='ltr'>sacratiore</span> <span class='ocrx_word' id='word_1_205' title='bbox 2598 1385 2804 1459; x_wconf 88' lang='lat' dir='ltr'>spiritu</span> <span class='ocrx_word' id='word_1_206' title='bbox 2877 1384 3214 1458; x_wconf 88' lang='lat' dir='ltr'>superfusos</span> <span class='ocrx_word' id='word_1_207' title='bbox 3283 1385 3545 1444; x_wconf 84' lang='lat' dir='ltr'>continui</span> <span class='ocrx_word' id='word_1_208' title='bbox 3610 1392 3847 1460; x_wconf 86' lang='lat' dir='ltr'>quassat</span> 
     </span>
    </p>
   </div>
   <div class='ocr_carea' id='block_1_31' title="bbox 2133 1472 3844 1549">
    <p class='ocr_par' dir='ltr' id='par_1_31' title="bbox 2133 1472 3844 1549">
     <span class='ocr_line' id='line_1_31' title="bbox 2133 1472 3844 1549; baseline -0.001 -15"><span class='ocrx_word' id='word_1_209' title='bbox 2133 1476 2428 1548; x_wconf 88' lang='lat' dir='ltr'>longitudo</span> <span class='ocrx_word' id='word_1_210' title='bbox 2450 1473 2731 1549; x_wconf 82' lang='lat' dir='ltr'>martyrii.</span> <span class='ocrx_word' id='word_1_211' title='bbox 2760 1472 2938 1531; x_wconf 82' lang='lat' dir='ltr'>Cibus</span> <span class='ocrx_word' id='word_1_212' title='bbox 2956 1478 3147 1531; x_wconf 87' lang='lat' dir='ltr'>autem</span> <span class='ocrx_word' id='word_1_213' title='bbox 3171 1473 3300 1546; x_wconf 89' lang='lat' dir='ltr'>ejus</span> <span class='ocrx_word' id='word_1_214' title='bbox 3324 1472 3513 1548; x_wconf 88' lang='lat' dir='ltr'>qualis</span> <span class='ocrx_word' id='word_1_215' title='bbox 3534 1473 3694 1532; x_wconf 85' lang='lat' dir='ltr'>erat?</span> <span class='ocrx_word' id='word_1_216' title='bbox 3713 1475 3844 1534; x_wconf 91' lang='lat' dir='ltr'>Non</span> 
     </span>
    </p>
   </div>
   <div class='ocr_carea' id='block_1_32' title="bbox 2130 1561 3844 1641">
    <p class='ocr_par' dir='ltr' id='par_1_32' title="bbox 2130 1561 3844 1641">
     <span class='ocr_line' id='line_1_32' title="bbox 2130 1561 3844 1641; baseline -0.002 -17"><span class='ocrx_word' id='word_1_217' title='bbox 2130 1570 2480 1641; x_wconf 88' lang='lat' dir='ltr'>quaruntur</span> <span class='ocrx_word' id='word_1_218' title='bbox 2517 1561 2788 1637; x_wconf 90' lang='lat' dir='ltr'>phasides</span> <span class='ocrx_word' id='word_1_219' title='bbox 2824 1575 2979 1631; x_wconf 90' lang='lat' dir='ltr'>aves,</span> <span class='ocrx_word' id='word_1_220' title='bbox 3021 1577 3125 1619; x_wconf 92' lang='lat' dir='ltr'>nec</span> <span class='ocrx_word' id='word_1_221' title='bbox 3161 1577 3262 1635; x_wconf 92' lang='lat' dir='ltr'>per</span> <span class='ocrx_word' id='word_1_222' title='bbox 3294 1568 3467 1620; x_wconf 91' lang='lat' dir='ltr'>totam</span> <span class='ocrx_word' id='word_1_223' title='bbox 3499 1561 3844 1622; x_wconf 88' lang='lat' dir='ltr'>discurritur</span> 
     </span>
    </p>
   </div>
   <div class='ocr_carea' id='block_1_33' title="bbox 2131 1649 3843 1727">
    <p class='ocr_par' dir='ltr' id='par_1_33' title="bbox 2131 1649 3843 1727">
     <span class='ocr_line' id='line_1_33' title="bbox 2131 1649 3843 1727; baseline -0.002 -14"><span class='ocrx_word' id='word_1_224' title='bbox 2131 1654 2448 1727; x_wconf 85' lang='lat' dir='ltr'>regionem,</span> <span class='ocrx_word' id='word_1_225' title='bbox 2478 1659 2544 1710; x_wconf 90' lang='lat' dir='ltr'>ut</span> <span class='ocrx_word' id='word_1_226' title='bbox 2574 1649 2973 1726; x_wconf 89' lang='lat' dir='ltr'>patriarchalis</span> <span class='ocrx_word' id='word_1_227' title='bbox 3002 1650 3332 1709; x_wconf 89' lang='lat' dir='ltr'>stomachus</span> <span class='ocrx_word' id='word_1_228' title='bbox 3360 1650 3694 1724; x_wconf 89' lang='lat' dir='ltr'>impleatur.</span> <span class='ocrx_word' id='word_1_229' title='bbox 3731 1649 3843 1710; x_wconf 89' lang='lat' dir='ltr'>Sed</span> 
     </span>
    </p>
   </div>
   <div class='ocr_carea' id='block_1_34' title="bbox 339 1733 3838 1841">
    <p class='ocr_par' dir='ltr' id='par_1_34' title="bbox 339 1733 3838 1841">
     <span class='ocr_line' id='line_1_34' title="bbox 339 1733 3838 1841; baseline 0.001 -50"><span class='ocrx_word' id='word_1_230' title='bbox 560 1748 704 1807; x_wconf 93' lang='lat' dir='ltr'>puer</span> <span class='ocrx_word' id='word_1_231' title='bbox 746 1733 854 1792; x_wconf 88' lang='lat' dir='ltr'>iste</span> <span class='ocrx_word' id='word_1_232' title='bbox 904 1735 1062 1793; x_wconf 88' lang='lat' dir='ltr'>erit?</span> <span class='ocrx_word' id='word_1_233' title='bbox 1106 1758 1134 1791; x_wconf 91' lang='lat'><strong>»</strong></span> <span class='ocrx_word' id='word_1_234' title='bbox 1188 1740 1427 1800; x_wconf 86' lang='lat' dir='ltr'>Amicus</span> <span class='ocrx_word' id='word_1_235' title='bbox 1480 1742 1710 1820; x_wconf 89' lang='lat' dir='ltr'>Sponsi,</span> <span class='ocrx_word' id='word_1_236' title='bbox 1767 1749 2104 1841; x_wconf 82' lang='lat' dir='ltr'>inimicusB</span> <span class='ocrx_word' id='word_1_237' title='bbox 2137 1764 2164 1797; x_wconf 88' lang='grc'>‹‹</span> <span class='ocrx_word' id='word_1_238' title='bbox 2191 1748 2331 1815; x_wconf 90' lang='lat' dir='ltr'>erat,</span> <span class='ocrx_word' id='word_1_239' title='bbox 2365 1742 2574 1815; x_wconf 92' lang='lat' dir='ltr'>inquit,</span> <span class='ocrx_word' id='word_1_240' title='bbox 2614 1756 2742 1799; x_wconf 88' lang='lat' dir='ltr'>esca</span> <span class='ocrx_word' id='word_1_241' title='bbox 2779 1739 2905 1814; x_wconf 89' lang='lat' dir='ltr'>ejus</span> <span class='ocrx_word' id='word_1_242' title='bbox 2944 1738 3203 1809; x_wconf 89' lang='lat' dir='ltr'>locusta,</span> <span class='ocrx_word' id='word_1_243' title='bbox 3245 1746 3302 1797; x_wconf 90' lang='lat' dir='ltr'>ct</span> <span class='ocrx_word' id='word_1_244' title='bbox 3337 1740 3453 1798; x_wconf 91' lang='lat' dir='ltr'>mel</span> <span class='ocrx_word' id='word_1_245' title='bbox 3490 1740 3775 1800; x_wconf 88' lang='lat' dir='ltr'>silvestre.</span> <span class='ocrx_word' id='word_1_246' title='bbox 3808 1761 3838 1794; x_wconf 85' lang='lat'><strong>»</strong></span> 
     </span>
    </p>
   </div>
   <div class='ocr_carea' id='block_1_35' title="bbox 340 1823 2045 1901">
    <p class='ocr_par' dir='ltr' id='par_1_35' title="bbox 340 1823 2045 1901">
     <span class='ocr_line' id='line_1_35' title="bbox 340 1823 2045 1901; baseline 0.012 -21"><span class='ocrx_word' id='word_1_247' title='bbox 340 1823 464 1894; x_wconf 90' lang='lat' dir='ltr'>tibi,</span> <span class='ocrx_word' id='word_1_248' title='bbox 520 1829 617 1882; x_wconf 90' lang='lat' dir='ltr'>tua</span> <span class='ocrx_word' id='word_1_249' title='bbox 683 1830 954 1898; x_wconf 87' lang='lat' dir='ltr'>potestate</span> <span class='ocrx_word' id='word_1_250' title='bbox 1032 1830 1335 1901; x_wconf 91' lang='lat' dir='ltr'>potentior.</span> <span class='ocrx_word' id='word_1_251' title='bbox 1402 1834 1901 1898; x_wconf 86' lang='lat' dir='ltr'>Considerandum</span> <span class='ocrx_word' id='word_1_252' title='bbox 1959 1850 2045 1901; x_wconf 90' lang='lat' dir='ltr'>est</span> 
     </span>
    </p>
   </div>
   <div class='ocr_carea' id='block_1_36' title="bbox 338 1914 2043 2004">
    <p class='ocr_par' dir='ltr' id='par_1_36' title="bbox 338 1914 2043 2004">
     <span class='ocr_line' id='line_1_36' title="bbox 338 1914 2043 2004; baseline 0.012 -33"><span class='ocrx_word' id='word_1_253' title='bbox 338 1920 553 2004; x_wconf 80' lang='lat' dir='ltr'>quanta</span> <span class='ocrx_word' id='word_1_254' title='bbox 595 1914 875 2004; x_wconf 79' lang='lat' dir='ltr'>dignitate</span> <span class='ocrx_word' id='word_1_255' title='bbox 921 1919 1248 1992; x_wconf 86' lang='lat' dir='ltr'>prapolleat</span> <span class='ocrx_word' id='word_1_256' title='bbox 1304 1924 1623 1985; x_wconf 88' lang='lat' dir='ltr'>nativitatis</span> <span class='ocrx_word' id='word_1_257' title='bbox 1666 1929 1844 2004; x_wconf 91' lang='lat' dir='ltr'>hujus</span> <span class='ocrx_word' id='word_1_258' title='bbox 1892 1932 2043 1992; x_wconf 90' lang='lat' dir='ltr'>cele-</span> 
     </span>
    </p>
   </div>
   <div class='ocr_carea' id='block_1_37' title="bbox 336 1999 2047 2086">
    <p class='ocr_par' dir='ltr' id='par_1_37' title="bbox 336 1999 2047 2086">
     <span class='ocr_line' id='line_1_37' title="bbox 336 1999 2047 2086; baseline 0.013 -28"><span class='ocrx_word' id='word_1_259' title='bbox 336 1999 556 2060; x_wconf 90' lang='lat' dir='ltr'>branda</span> <span class='ocrx_word' id='word_1_260' title='bbox 624 2001 870 2076; x_wconf 90' lang='lat' dir='ltr'>devotio,</span> <span class='ocrx_word' id='word_1_261' title='bbox 946 2014 1337 2083; x_wconf 91' lang='lat' dir='ltr'>quantamque</span> <span class='ocrx_word' id='word_1_262' title='bbox 1412 2015 1658 2086; x_wconf 89' lang='lat' dir='ltr'>gratiam</span> <span class='ocrx_word' id='word_1_263' title='bbox 1734 1999 1797 2075; x_wconf 78' lang='lat' dir='ltr'>in</span> <span class='ocrx_word' id='word_1_264' title='bbox 1863 2020 2047 2080; x_wconf 85' lang='lat' dir='ltr'>oculis</span> 
     </span>
    </p>
   </div>
   <div class='ocr_carea' id='block_1_38' title="bbox 337 2089 2050 2168">
    <p class='ocr_par' dir='ltr' id='par_1_38' title="bbox 337 2089 2050 2168">
     <span class='ocr_line' id='line_1_38' title="bbox 337 2089 2050 2168; baseline 0.012 -20"><span class='ocrx_word' id='word_1_265' title='bbox 337 2089 608 2149; x_wconf 89' lang='lat' dir='ltr'>Ecclesia</span> <span class='ocrx_word' id='word_1_266' title='bbox 649 2094 898 2166; x_wconf 91' lang='lat' dir='ltr'>potuerit</span> <span class='ocrx_word' id='word_1_267' title='bbox 928 2096 1213 2157; x_wconf 83' lang='lat' dir='ltr'>invenire.</span> <span class='ocrx_word' id='word_1_268' title='bbox 1262 2100 1497 2160; x_wconf 90' lang='lat' dir='ltr'>Nullius</span> <span class='ocrx_word' id='word_1_269' title='bbox 1538 2104 1793 2165; x_wconf 88' lang='lat' dir='ltr'>hominis</span> <span class='ocrx_word' id='word_1_270' title='bbox 1841 2110 2050 2168; x_wconf 90' lang='lat' dir='ltr'>nativi-</span> 
     </span>
    </p>
   </div>
   <div class='ocr_carea' id='block_1_39' title="bbox 336 2182 2047 2264">
    <p class='ocr_par' dir='ltr' id='par_1_39' title="bbox 336 2182 2047 2264">
     <span class='ocr_line' id='line_1_39' title="bbox 336 2182 2047 2264; baseline 0.013 -30"><span class='ocrx_word' id='word_1_271' title='bbox 336 2184 530 2251; x_wconf 86' lang='lat' dir='ltr'>tatem,</span> <span class='ocrx_word' id='word_1_272' title='bbox 564 2188 771 2253; x_wconf 90' lang='lat' dir='ltr'>prater</span> <span class='ocrx_word' id='word_1_273' title='bbox 805 2182 986 2241; x_wconf 90' lang='lat' dir='ltr'>solius</span> <span class='ocrx_word' id='word_1_274' title='bbox 1025 2184 1126 2241; x_wconf 90' lang='lat' dir='ltr'>Dei</span> <span class='ocrx_word' id='word_1_275' title='bbox 1163 2186 1405 2260; x_wconf 88' lang='lat' dir='ltr'>ejusque</span> <span class='ocrx_word' id='word_1_276' title='bbox 1434 2193 1655 2264; x_wconf 90' lang='lat' dir='ltr'>matris,</span> <span class='ocrx_word' id='word_1_277' title='bbox 1688 2194 1750 2252; x_wconf 90' lang='lat' dir='ltr'>in</span> <span class='ocrx_word' id='word_1_278' title='bbox 1795 2198 2047 2255; x_wconf 90' lang='lat' dir='ltr'>auctori-</span> 
     </span>
    </p>
   </div>
   <div class='ocr_carea' id='block_1_40' title="bbox 338 2267 2049 2357">
    <p class='ocr_par' dir='ltr' id='par_1_40' title="bbox 338 2267 2049 2357">
     <span class='ocr_line' id='line_1_40' title="bbox 338 2267 2049 2357; baseline 0.011 -32"><span class='ocrx_word' id='word_1_279' title='bbox 338 2267 469 2325; x_wconf 89' lang='lat' dir='ltr'>tatis</span> <span class='ocrx_word' id='word_1_280' title='bbox 501 2284 691 2326; x_wconf 89' lang='lat' dir='ltr'>arcem</span> <span class='ocrx_word' id='word_1_281' title='bbox 729 2271 943 2343; x_wconf 91' lang='lat' dir='ltr'>recepit</span> <span class='ocrx_word' id='word_1_282' title='bbox 973 2271 1243 2345; x_wconf 88' lang='lat' dir='ltr'>Ecclesia,</span> <span class='ocrx_word' id='word_1_283' title='bbox 1284 2276 1464 2350; x_wconf 88' lang='lat' dir='ltr'>hujus</span> <span class='ocrx_word' id='word_1_284' title='bbox 1502 2279 1674 2338; x_wconf 89' lang='lat' dir='ltr'>istius</span> <span class='ocrx_word' id='word_1_285' title='bbox 1711 2285 2049 2357; x_wconf 86' lang='lat' dir='ltr'>exceptione</span> 
     </span>
    </p>
   </div>
   <div class='ocr_carea' id='block_1_41' title="bbox 339 2360 2047 2439">
    <p class='ocr_par' dir='ltr' id='par_1_41' title="bbox 339 2360 2047 2439">
     <span class='ocr_line' id='line_1_41' title="bbox 339 2360 2047 2439; baseline 0.012 -23"><span class='ocrx_word' id='word_1_286' title='bbox 339 2365 582 2417; x_wconf 88' lang='lat' dir='ltr'>servata.</span> <span class='ocrx_word' id='word_1_287' title='bbox 615 2360 788 2418; x_wconf 89' lang='lat' dir='ltr'>Novit</span> <span class='ocrx_word' id='word_1_288' title='bbox 824 2362 984 2420; x_wconf 91' lang='lat' dir='ltr'>enim</span> <span class='ocrx_word' id='word_1_289' title='bbox 1025 2364 1163 2439; x_wconf 89' lang='lat' dir='ltr'>quia</span> <span class='ocrx_word' id='word_1_290' title='bbox 1201 2366 1405 2426; x_wconf 89' lang='lat' dir='ltr'>melior</span> <span class='ocrx_word' id='word_1_291' title='bbox 1442 2376 1527 2427; x_wconf 89' lang='lat' dir='ltr'>est</span> <span class='ocrx_word' id='word_1_292' title='bbox 1551 2371 1674 2431; x_wconf 88' lang='lat' dir='ltr'>dies</span> <span class='ocrx_word' id='word_1_293' title='bbox 1716 2375 1915 2434; x_wconf 89' lang='lat' dir='ltr'>mortis</span> <span class='ocrx_word' id='word_1_294' title='bbox 1954 2377 2047 2435; x_wconf 89' lang='lat' dir='ltr'>die</span> 
     </span>
    </p>
   </div>
   <div class='ocr_carea' id='block_1_42' title="bbox 336 2447 2044 2528">
    <p class='ocr_par' dir='ltr' id='par_1_42' title="bbox 336 2447 2044 2528">
     <span class='ocr_line' id='line_1_42' title="bbox 336 2447 2044 2528; baseline 0.011 -23"><span class='ocrx_word' id='word_1_295' title='bbox 336 2447 654 2507; x_wconf 85' lang='lat' dir='ltr'>nativitatis</span> <span class='ocrx_word' id='word_1_296' title='bbox 683 2454 877 2518; x_wconf 84' lang='lat' dir='ltr'>(Eccle.</span> <span class='ocrx_word' id='word_1_297' title='bbox 916 2458 1039 2527; x_wconf 86' lang='lat' dir='ltr'><strong><em>VII),</em></strong></span> <span class='ocrx_word' id='word_1_298' title='bbox 1072 2461 1127 2513; x_wconf 90' lang='lat' dir='ltr'>et</span> <span class='ocrx_word' id='word_1_299' title='bbox 1155 2457 1307 2528; x_wconf 91' lang='lat' dir='ltr'>quod</span> <span class='ocrx_word' id='word_1_300' title='bbox 1339 2464 1500 2516; x_wconf 89' lang='lat' dir='ltr'>ortus</span> <span class='ocrx_word' id='word_1_301' title='bbox 1528 2460 1828 2522; x_wconf 89' lang='lat' dir='ltr'>hominum</span> <span class='ocrx_word' id='word_1_302' title='bbox 1865 2465 2044 2524; x_wconf 91' lang='lat' dir='ltr'>tristi-</span> 
     </span>
    </p>
   </div>
   <div class='ocr_carea' id='block_1_43' title="bbox 336 2538 2045 2626">
    <p class='ocr_par' dir='ltr' id='par_1_43' title="bbox 336 2538 2045 2626">
     <span class='ocr_line' id='line_1_43' title="bbox 336 2538 2045 2626; baseline 0.011 -31"><span class='ocrx_word' id='word_1_303' title='bbox 336 2538 416 2596; x_wconf 89' lang='lat' dir='ltr'>tia</span> <span class='ocrx_word' id='word_1_304' title='bbox 448 2539 774 2599; x_wconf 88' lang='lat' dir='ltr'>comitetur.</span> <span class='ocrx_word' id='word_1_305' title='bbox 813 2541 953 2600; x_wconf 91' lang='lat' dir='ltr'>Inde</span> <span class='ocrx_word' id='word_1_306' title='bbox 983 2551 1065 2601; x_wconf 89' lang='lat' dir='ltr'>est</span> <span class='ocrx_word' id='word_1_307' title='bbox 1103 2545 1257 2619; x_wconf 92' lang='lat' dir='ltr'>quod</span> <span class='ocrx_word' id='word_1_308' title='bbox 1302 2555 1621 2623; x_wconf 84' lang='lat' dir='ltr'>martyrum</span> <span class='ocrx_word' id='word_1_309' title='bbox 1661 2559 1893 2626; x_wconf 88' lang='lat' dir='ltr'>mortes,</span> <span class='ocrx_word' id='word_1_310' title='bbox 1930 2570 2045 2613; x_wconf 90' lang='lat' dir='ltr'>non</span> 
     </span>
    </p>
   </div>
   <div class='ocr_carea' id='block_1_44' title="bbox 340 2626 2047 2706">
    <p class='ocr_par' dir='ltr' id='par_1_44' title="bbox 340 2626 2047 2706">
     <span class='ocr_line' id='line_1_44' title="bbox 340 2626 2047 2706; baseline 0.01 -21"><span class='ocrx_word' id='word_1_311' title='bbox 340 2626 667 2686; x_wconf 90' lang='lat' dir='ltr'>nativitates</span> <span class='ocrx_word' id='word_1_312' title='bbox 703 2628 1038 2689; x_wconf 90' lang='lat' dir='ltr'>solemnizat</span> <span class='ocrx_word' id='word_1_313' title='bbox 1084 2633 1366 2706; x_wconf 90' lang='lat' dir='ltr'>Ecclesia;</span> <span class='ocrx_word' id='word_1_314' title='bbox 1411 2645 1651 2697; x_wconf 91' lang='lat' dir='ltr'>mortem</span> <span class='ocrx_word' id='word_1_315' title='bbox 1690 2656 1891 2700; x_wconf 90' lang='lat' dir='ltr'>eorum</span> <span class='ocrx_word' id='word_1_316' title='bbox 1932 2644 2047 2701; x_wconf 92' lang='lat' dir='ltr'>Na-</span> 
     </span>
    </p>
   </div>
   <div class='ocr_carea' id='block_1_45' title="bbox 338 2716 2049 2798">
    <p class='ocr_par' dir='ltr' id='par_1_45' title="bbox 338 2716 2049 2798">
     <span class='ocr_line' id='line_1_45' title="bbox 338 2716 2049 2798; baseline 0.009 -23"><span class='ocrx_word' id='word_1_317' title='bbox 338 2716 652 2776; x_wconf 90' lang='lat' dir='ltr'>talitiorum</span> <span class='ocrx_word' id='word_1_318' title='bbox 692 2719 928 2777; x_wconf 88' lang='lat' dir='ltr'>nomine</span> <span class='ocrx_word' id='word_1_319' title='bbox 973 2721 1302 2796; x_wconf 89' lang='lat' dir='ltr'>nominans,</span> <span class='ocrx_word' id='word_1_320' title='bbox 1352 2724 1566 2798; x_wconf 87' lang='lat' dir='ltr'>quibus</span> <span class='ocrx_word' id='word_1_321' title='bbox 1609 2729 1793 2788; x_wconf 90' lang='lat' dir='ltr'>factus</span> <span class='ocrx_word' id='word_1_322' title='bbox 1846 2736 1931 2790; x_wconf 92' lang='lat' dir='ltr'>est</span> <span class='ocrx_word' id='word_1_323' title='bbox 1977 2732 2049 2790; x_wconf 93' lang='lat' dir='ltr'>de</span> 
     </span>
    </p>
   </div>
   <div class='ocr_carea' id='block_1_46' title="bbox 339 2809 2043 2889">
    <p class='ocr_par' dir='ltr' id='par_1_46' title="bbox 339 2809 2043 2889">
     <span class='ocr_line' id='line_1_46' title="bbox 339 2809 2043 2889; baseline 0.01 -24"><span class='ocrx_word' id='word_1_324' title='bbox 339 2815 522 2866; x_wconf 91' lang='lat' dir='ltr'>morte</span> <span class='ocrx_word' id='word_1_325' title='bbox 568 2809 791 2868; x_wconf 88' lang='lat' dir='ltr'>natalis.</span> <span class='ocrx_word' id='word_1_326' title='bbox 834 2811 999 2869; x_wconf 90' lang='lat' dir='ltr'>Tunc</span> <span class='ocrx_word' id='word_1_327' title='bbox 1038 2812 1197 2871; x_wconf 92' lang='lat' dir='ltr'>enim</span> <span class='ocrx_word' id='word_1_328' title='bbox 1243 2815 1605 2889; x_wconf 83' lang='lat' dir='ltr'>incaperunt</span> <span class='ocrx_word' id='word_1_329' title='bbox 1645 2820 1801 2879; x_wconf 89' lang='lat' dir='ltr'>nasci</span> <span class='ocrx_word' id='word_1_330' title='bbox 1843 2822 1915 2880; x_wconf 90' lang='lat' dir='ltr'>ad</span> <span class='ocrx_word' id='word_1_331' title='bbox 1955 2823 2043 2882; x_wconf 92' lang='lat' dir='ltr'>vi-</span> 
     </span>
    </p>
   </div>
   <div class='ocr_carea' id='block_1_47' title="bbox 338 2898 2048 2982">
    <p class='ocr_par' dir='ltr' id='par_1_47' title="bbox 338 2898 2048 2982">
     <span class='ocr_line' id='line_1_47' title="bbox 338 2898 2048 2982; baseline 0.009 -28"><span class='ocrx_word' id='word_1_332' title='bbox 338 2902 474 2967; x_wconf 85' lang='lat' dir='ltr'>tam,</span> <span class='ocrx_word' id='word_1_333' title='bbox 512 2913 644 2956; x_wconf 90' lang='lat' dir='ltr'>cum</span> <span class='ocrx_word' id='word_1_334' title='bbox 683 2898 862 2955; x_wconf 87' lang='lat' dir='ltr'>vitam</span> <span class='ocrx_word' id='word_1_335' title='bbox 901 2898 1294 2973; x_wconf 91' lang='lat' dir='ltr'>deposuerunt</span> <span class='ocrx_word' id='word_1_336' title='bbox 1340 2919 1445 2976; x_wconf 93' lang='lat' dir='ltr'>pro</span> <span class='ocrx_word' id='word_1_337' title='bbox 1493 2907 1631 2965; x_wconf 92' lang='lat' dir='ltr'>vita.</span> <span class='ocrx_word' id='word_1_338' title='bbox 1686 2908 1877 2982; x_wconf 88' lang='lat' dir='ltr'>Hujus</span> <span class='ocrx_word' id='word_1_339' title='bbox 1910 2926 2048 2970; x_wconf 91' lang='lat' dir='ltr'>vero</span> 
     </span>
    </p>
   </div>
   <div class='ocr_carea' id='block_1_48' title="bbox 338 2986 2048 3061">
    <p class='ocr_par' dir='ltr' id='par_1_48' title="bbox 338 2986 2048 3061">
     <span class='ocr_line' id='line_1_48' title="bbox 338 2986 2048 3061; baseline 0.009 -18"><span class='ocrx_word' id='word_1_340' title='bbox 338 2986 699 3045; x_wconf 87' lang='lat' dir='ltr'>nativitatem</span> <span class='ocrx_word' id='word_1_341' title='bbox 751 3003 960 3061; x_wconf 89' lang='lat' dir='ltr'>sponsa</span> <span class='ocrx_word' id='word_1_342' title='bbox 1012 2989 1222 3049; x_wconf 87' lang='lat' dir='ltr'>Christi</span> <span class='ocrx_word' id='word_1_343' title='bbox 1280 2998 1435 3051; x_wconf 91' lang='lat' dir='ltr'>tanto</span> <span class='ocrx_word' id='word_1_344' title='bbox 1491 2996 1753 3055; x_wconf 86' lang='lat' dir='ltr'>securius</span> <span class='ocrx_word' id='word_1_345' title='bbox 1797 2999 2048 3058; x_wconf 90' lang='lat' dir='ltr'>benevo-</span> 
     </span>
    </p>
   </div>
   <div class='ocr_carea' id='block_1_49' title="bbox 340 3074 2051 3160">
    <p class='ocr_par' dir='ltr' id='par_1_49' title="bbox 340 3074 2051 3160">
     <span class='ocr_line' id='line_1_49' title="bbox 340 3074 2051 3160; baseline 0.009 -27"><span class='ocrx_word' id='word_1_346' title='bbox 340 3074 661 3134; x_wconf 91' lang='lat' dir='ltr'>lentissima</span> <span class='ocrx_word' id='word_1_347' title='bbox 718 3076 1050 3151; x_wconf 86' lang='lat' dir='ltr'>dignatione</span> <span class='ocrx_word' id='word_1_348' title='bbox 1105 3082 1374 3155; x_wconf 89' lang='lat' dir='ltr'>suscepit,</span> <span class='ocrx_word' id='word_1_349' title='bbox 1429 3090 1646 3157; x_wconf 82' lang='lat' dir='ltr'>quanto</span> <span class='ocrx_word' id='word_1_350' title='bbox 1694 3087 2051 3160; x_wconf 86' lang='lat' dir='ltr'>singularius</span> 
     </span>
    </p>
   </div>
   <div class='ocr_carea' id='block_1_50' title="bbox 342 3166 2057 3247">
    <p class='ocr_par' dir='ltr' id='par_1_50' title="bbox 342 3166 2057 3247">
     <span class='ocr_line' id='line_1_50' title="bbox 342 3166 2057 3247; baseline 0.009 -23"><span class='ocrx_word' id='word_1_351' title='bbox 342 3180 471 3225; x_wconf 84' lang='lat' dir='ltr'>eam</span> <span class='ocrx_word' id='word_1_352' title='bbox 513 3166 770 3226; x_wconf 81' lang='lat' dir='ltr'>veritatis</span> <span class='ocrx_word' id='word_1_353' title='bbox 829 3169 1182 3243; x_wconf 86' lang='lat' dir='ltr'>evangelica</span> <span class='ocrx_word' id='word_1_354' title='bbox 1230 3169 1642 3247; x_wconf 85' lang='lat' dir='ltr'>irrefragabilis</span> <span class='ocrx_word' id='word_1_355' title='bbox 1689 3180 2057 3241; x_wconf 91' lang='lat' dir='ltr'>commendat</span> 
     </span>
    </p>
   </div>
   <div class='ocr_carea' id='block_1_51' title="bbox 341 3256 672 3316">
    <p class='ocr_par' dir='ltr' id='par_1_51' title="bbox 341 3256 672 3316">
     <span class='ocr_line' id='line_1_51' title="bbox 341 3256 672 3316; baseline -0.009 0"><span class='ocrx_word' id='word_1_356' title='bbox 341 3256 672 3316; x_wconf 90' lang='lat' dir='ltr'>auctoritas.</span> 
     </span>
    </p>
   </div>
   <div class='ocr_carea' id='block_1_52' title="bbox 413 3346 2058 3421">
    <p class='ocr_par' dir='ltr' id='par_1_52' title="bbox 413 3346 2058 3421">
     <span class='ocr_line' id='line_1_52' title="bbox 413 3346 2058 3421; baseline 0.007 -17"><span class='ocrx_word' id='word_1_357' title='bbox 413 3347 664 3418; x_wconf 87' lang='lat' dir='ltr'>Quintus</span> <span class='ocrx_word' id='word_1_358' title='bbox 690 3351 773 3405; x_wconf 89' lang='lat' dir='ltr'>est</span> <span class='ocrx_word' id='word_1_359' title='bbox 819 3346 1189 3421; x_wconf 87' lang='lat' dir='ltr'>singularitas</span> <span class='ocrx_word' id='word_1_360' title='bbox 1220 3350 1281 3408; x_wconf 90' lang='lat' dir='ltr'>in</span> <span class='ocrx_word' id='word_1_361' title='bbox 1313 3352 1691 3413; x_wconf 89' lang='lat' dir='ltr'>conversione</span> <span class='ocrx_word' id='word_1_362' title='bbox 1721 3359 1775 3413; x_wconf 93' lang='lat' dir='ltr'>et</span> <span class='ocrx_word' id='word_1_363' title='bbox 1814 3370 2058 3415; x_wconf 88' lang='lat' dir='ltr'>conver-</span> 
     </span>
    </p>
   </div>
   <div class='ocr_carea' id='block_1_53' title="bbox 343 3438 2058 3526">
    <p class='ocr_par' dir='ltr' id='par_1_53' title="bbox 343 3438 2058 3526">
     <span class='ocr_line' id='line_1_53' title="bbox 343 3438 2058 3526; baseline 0.007 -28"><span class='ocrx_word' id='word_1_364' title='bbox 343 3438 562 3498; x_wconf 88' lang='lat' dir='ltr'>satione</span> <span class='ocrx_word' id='word_1_365' title='bbox 588 3439 737 3497; x_wconf 90' lang='lat' dir='ltr'>intra</span> <span class='ocrx_word' id='word_1_366' title='bbox 764 3439 1209 3500; x_wconf 90' lang='lat' dir='ltr'>teneritudinem</span> <span class='ocrx_word' id='word_1_367' title='bbox 1235 3459 1543 3504; x_wconf 89' lang='lat' dir='ltr'>annorum.</span> <span class='ocrx_word' id='word_1_368' title='bbox 1576 3446 1781 3507; x_wconf 89' lang='lat' dir='ltr'>Beatus</span> <span class='ocrx_word' id='word_1_369' title='bbox 1805 3465 2058 3526; x_wconf 88' lang='lat' dir='ltr'>namque</span> 
     </span>
    </p>
   </div>
   <div class='ocr_carea' id='block_1_54' title="bbox 346 3527 2056 3613">
    <p class='ocr_par' dir='ltr' id='par_1_54' title="bbox 346 3527 2056 3613">
     <span class='ocr_line' id='line_1_54' title="bbox 346 3527 2056 3613; baseline 0.007 -27"><span class='ocrx_word' id='word_1_370' title='bbox 346 3529 482 3588; x_wconf 88' lang='lat' dir='ltr'>ister</span> <span class='ocrx_word' id='word_1_371' title='bbox 508 3542 650 3602; x_wconf 89' lang='lat' dir='ltr'>puer</span> <span class='ocrx_word' id='word_1_372' title='bbox 675 3527 741 3585; x_wconf 89' lang='lat' dir='ltr'>ad</span> <span class='ocrx_word' id='word_1_373' title='bbox 773 3543 1059 3601; x_wconf 90' lang='lat' dir='ltr'>eremum,</span> <span class='ocrx_word' id='word_1_374' title='bbox 1096 3530 1301 3604; x_wconf 88' lang='lat' dir='ltr'>spiritu</span> <span class='ocrx_word' id='word_1_375' title='bbox 1342 3533 1605 3602; x_wconf 87' lang='lat' dir='ltr'>ducente,</span> <span class='ocrx_word' id='word_1_376' title='bbox 1633 3536 1915 3596; x_wconf 89' lang='lat' dir='ltr'>deductus</span> <span class='ocrx_word' id='word_1_377' title='bbox 1940 3546 2056 3613; x_wconf 84' lang='lat' dir='ltr'>est;</span> 
     </span>
    </p>
   </div>
   <div class='ocr_carea' id='block_1_55' title="bbox 346 3616 2060 3698">
    <p class='ocr_par' dir='ltr' id='par_1_55' title="bbox 346 3616 2060 3698">
     <span class='ocr_line' id='line_1_55' title="bbox 346 3616 2060 3698; baseline 0.006 -23"><span class='ocrx_word' id='word_1_378' title='bbox 346 3631 450 3675; x_wconf 90' lang='lat' dir='ltr'>nec</span> <span class='ocrx_word' id='word_1_379' title='bbox 481 3616 702 3677; x_wconf 89' lang='lat' dir='ltr'>obstitit</span> <span class='ocrx_word' id='word_1_380' title='bbox 727 3618 912 3676; x_wconf 90' lang='lat' dir='ltr'>atatis</span> <span class='ocrx_word' id='word_1_381' title='bbox 939 3617 1266 3692; x_wconf 87' lang='lat' dir='ltr'>inﬁrmitas,</span> <span class='ocrx_word' id='word_1_382' title='bbox 1308 3636 1483 3694; x_wconf 90' lang='lat' dir='ltr'>quam</span> <span class='ocrx_word' id='word_1_383' title='bbox 1522 3624 1788 3698; x_wconf 90' lang='lat' dir='ltr'>majestas</span> <span class='ocrx_word' id='word_1_384' title='bbox 1826 3626 2060 3685; x_wconf 86' lang='lat' dir='ltr'>Domini</span> 
     </span>
    </p>
   </div>
   <div class='ocr_carea' id='block_1_56' title="bbox 349 3709 2060 3784">
    <p class='ocr_par' dir='ltr' id='par_1_56' title="bbox 349 3709 2060 3784">
     <span class='ocr_line' id='line_1_56' title="bbox 349 3709 2060 3784; baseline 0.004 -16"><span class='ocrx_word' id='word_1_385' title='bbox 349 3709 709 3769; x_wconf 88' lang='lat' dir='ltr'>fecundabat.</span> <span class='ocrx_word' id='word_1_386' title='bbox 752 3709 1001 3784; x_wconf 88' lang='lat' dir='ltr'>Spiritus</span> <span class='ocrx_word' id='word_1_387' title='bbox 1041 3713 1199 3771; x_wconf 90' lang='lat' dir='ltr'>enim</span> <span class='ocrx_word' id='word_1_388' title='bbox 1231 3719 1464 3772; x_wconf 90' lang='lat' dir='ltr'>sanctus</span> <span class='ocrx_word' id='word_1_389' title='bbox 1509 3730 1623 3773; x_wconf 91' lang='lat' dir='ltr'>non</span> <span class='ocrx_word' id='word_1_390' title='bbox 1663 3717 1904 3776; x_wconf 90' lang='lat' dir='ltr'>attendit</span> <span class='ocrx_word' id='word_1_391' title='bbox 1945 3718 2060 3775; x_wconf 92' lang='lat' dir='ltr'>dif-</span> 
     </span>
    </p>
   </div>
   <div class='ocr_carea' id='block_1_57' title="bbox 350 3800 2060 3881">
    <p class='ocr_par' dir='ltr' id='par_1_57' title="bbox 350 3800 2060 3881">
     <span class='ocr_line' id='line_1_57' title="bbox 350 3800 2060 3881; baseline 0.006 -23"><span class='ocrx_word' id='word_1_392' title='bbox 350 3800 649 3859; x_wconf 89' lang='lat' dir='ltr'>ferentiam</span> <span class='ocrx_word' id='word_1_393' title='bbox 679 3816 955 3873; x_wconf 88' lang='lat' dir='ltr'>sexuum,</span> <span class='ocrx_word' id='word_1_394' title='bbox 990 3802 1349 3877; x_wconf 87' lang='lat' dir='ltr'>fragilitatem</span> <span class='ocrx_word' id='word_1_395' title='bbox 1378 3821 1701 3881; x_wconf 91' lang='lat' dir='ltr'>corporum,</span> <span class='ocrx_word' id='word_1_396' title='bbox 1735 3814 2060 3881; x_wconf 89' lang='lat' dir='ltr'>temporum</span> 
     </span>
    </p>
   </div>
   <div class='ocr_carea' id='block_1_58' title="bbox 348 3890 2063 3970">
    <p class='ocr_par' dir='ltr' id='par_1_58' title="bbox 348 3890 2063 3970">
     <span class='ocr_line' id='line_1_58' title="bbox 348 3890 2063 3970; baseline 0.005 -21"><span class='ocrx_word' id='word_1_397' title='bbox 348 3890 750 3964; x_wconf 90' lang='lat' dir='ltr'>annositatem,</span> <span class='ocrx_word' id='word_1_398' title='bbox 824 3892 923 3951; x_wconf 90' lang='lat' dir='ltr'>sed</span> <span class='ocrx_word' id='word_1_399' title='bbox 975 3910 1384 3969; x_wconf 80' lang='lat' dir='ltr'>quemcunque</span> <span class='ocrx_word' id='word_1_400' title='bbox 1429 3904 1483 3955; x_wconf 90' lang='lat' dir='ltr'>et</span> <span class='ocrx_word' id='word_1_401' title='bbox 1558 3902 1849 3970; x_wconf 88' lang='lat' dir='ltr'>quomodo</span> <span class='ocrx_word' id='word_1_402' title='bbox 1942 3902 2063 3959; x_wconf 89' lang='lat' dir='ltr'>vult</span> 
     </span>
    </p>
   </div>
   <div class='ocr_carea' id='block_1_59' title="bbox 305 3977 2063 4061">
    <p class='ocr_par' dir='ltr' id='par_1_59' title="bbox 305 3977 2063 4061">
     <span class='ocr_line' id='line_1_59' title="bbox 305 3977 2063 4061; baseline 0.007 -26"><span class='ocrx_word' id='word_1_403' title='bbox 305 3979 311 3991; x_wconf 85' lang='lat'><strong><em>&#39;</em></strong></span> <span class='ocrx_word' id='word_1_404' title='bbox 349 3977 795 4053; x_wconf 85' lang='lat' dir='ltr'>dignantissima</span> <span class='ocrx_word' id='word_1_405' title='bbox 834 3982 1015 4054; x_wconf 88' lang='lat' dir='ltr'>replet</span> <span class='ocrx_word' id='word_1_406' title='bbox 1053 3982 1427 4057; x_wconf 88' lang='lat' dir='ltr'>benignitate.</span> <span class='ocrx_word' id='word_1_407' title='bbox 1474 3985 1778 4061; x_wconf 84' lang='lat' dir='ltr'>Relinquit</span> <span class='ocrx_word' id='word_1_408' title='bbox 1811 3988 2063 4047; x_wconf 89' lang='lat' dir='ltr'>Joannes</span> 
     </span>
    </p>
   </div>
   <div class='ocr_carea' id='block_1_60' title="bbox 354 4070 2064 4151">
    <p class='ocr_par' dir='ltr' id='par_1_60' title="bbox 354 4070 2064 4151">
     <span class='ocr_line' id='line_1_60' title="bbox 354 4070 2064 4151; baseline 0.005 -24"><span class='ocrx_word' id='word_1_409' title='bbox 354 4070 667 4140; x_wconf 88' lang='lat' dir='ltr'>mundum,</span> <span class='ocrx_word' id='word_1_410' title='bbox 717 4070 983 4130; x_wconf 89' lang='lat' dir='ltr'>homines</span> <span class='ocrx_word' id='word_1_411' title='bbox 1031 4073 1196 4146; x_wconf 84' lang='lat' dir='ltr'>fugit,</span> <span class='ocrx_word' id='word_1_412' title='bbox 1250 4073 1429 4133; x_wconf 89' lang='lat' dir='ltr'>nescit</span> <span class='ocrx_word' id='word_1_413' title='bbox 1480 4076 1745 4149; x_wconf 89' lang='lat' dir='ltr'>patriam,</span> <span class='ocrx_word' id='word_1_414' title='bbox 1800 4084 2064 4151; x_wconf 90' lang='lat' dir='ltr'>parentes</span> 
     </span>
    </p>
   </div>
   <div class='ocr_carea' id='block_1_61' title="bbox 352 4160 2063 4238">
    <p class='ocr_par' dir='ltr' id='par_1_61' title="bbox 352 4160 2063 4238">
     <span class='ocr_line' id='line_1_61' title="bbox 352 4160 2063 4238; baseline 0.005 -23"><span class='ocrx_word' id='word_1_415' title='bbox 352 4165 712 4232; x_wconf 88' lang='lat' dir='ltr'>aspernatur,</span> <span class='ocrx_word' id='word_1_416' title='bbox 764 4165 820 4217; x_wconf 91' lang='lat' dir='ltr'>et</span> <span class='ocrx_word' id='word_1_417' title='bbox 865 4161 927 4218; x_wconf 90' lang='lat' dir='ltr'>in</span> <span class='ocrx_word' id='word_1_418' title='bbox 980 4160 1163 4219; x_wconf 90' lang='lat' dir='ltr'>solius</span> <span class='ocrx_word' id='word_1_419' title='bbox 1219 4161 1541 4221; x_wconf 90' lang='lat' dir='ltr'>divinitatis</span> <span class='ocrx_word' id='word_1_420' title='bbox 1603 4165 1824 4238; x_wconf 88' lang='lat' dir='ltr'>apicem</span> <span class='ocrx_word' id='word_1_421' title='bbox 1884 4166 2063 4224; x_wconf 87' lang='lat' dir='ltr'>beata</span> 
     </span>
    </p>
   </div>
   <div class='ocr_carea' id='block_1_62' title="bbox 354 4247 2061 4329">
    <p class='ocr_par' dir='ltr' id='par_1_62' title="bbox 354 4247 2061 4329">
     <span class='ocr_line' id='line_1_62' title="bbox 354 4247 2061 4329; baseline 0.004 -21"><span class='ocrx_word' id='word_1_422' title='bbox 354 4247 858 4322; x_wconf 88' lang='lat' dir='ltr'>contemplationis</span> <span class='ocrx_word' id='word_1_423' title='bbox 897 4249 1021 4321; x_wconf 87' lang='lat' dir='ltr'>ﬁgit</span> <span class='ocrx_word' id='word_1_424' title='bbox 1046 4249 1300 4309; x_wconf 90' lang='lat' dir='ltr'>obtutus.</span> <span class='ocrx_word' id='word_1_425' title='bbox 1332 4251 1475 4310; x_wconf 88' lang='lat' dir='ltr'>Mira</span> <span class='ocrx_word' id='word_1_426' title='bbox 1515 4270 1710 4313; x_wconf 89' lang='lat' dir='ltr'>rerum</span> <span class='ocrx_word' id='word_1_427' title='bbox 1741 4258 2061 4329; x_wconf 91' lang='lat' dir='ltr'>conversio,</span> 
     </span>
    </p>
   </div>
   <div class='ocr_carea' id='block_1_63' title="bbox 357 4337 2063 4419">
    <p class='ocr_par' dir='ltr' id='par_1_63' title="bbox 357 4337 2063 4419">
     <span class='ocr_line' id='line_1_63' title="bbox 357 4337 2063 4419; baseline 0.005 -21"><span class='ocrx_word' id='word_1_428' title='bbox 357 4338 652 4398; x_wconf 86' lang='lat' dir='ltr'>hominem</span> <span class='ocrx_word' id='word_1_429' title='bbox 716 4337 820 4396; x_wconf 85' lang='lat' dir='ltr'>vix</span> <span class='ocrx_word' id='word_1_430' title='bbox 880 4340 1172 4402; x_wconf 87' lang='lat' dir='ltr'>mundum</span> <span class='ocrx_word' id='word_1_431' title='bbox 1221 4340 1544 4415; x_wconf 86' lang='lat' dir='ltr'>ingressum</span> <span class='ocrx_word' id='word_1_432' title='bbox 1603 4346 1807 4403; x_wconf 88' lang='lat' dir='ltr'>mundi</span> <span class='ocrx_word' id='word_1_433' title='bbox 1867 4347 2063 4419; x_wconf 86' lang='lat' dir='ltr'>fugere</span> 
     </span>
    </p>
   </div>
   <div class='ocr_carea' id='block_1_64' title="bbox 357 4426 2061 4508">
    <p class='ocr_par' dir='ltr' id='par_1_64' title="bbox 357 4426 2061 4508">
     <span class='ocr_line' id='line_1_64' title="bbox 357 4426 2061 4508; baseline 0.005 -21"><span class='ocrx_word' id='word_1_434' title='bbox 357 4428 627 4506; x_wconf 84' lang='lat' dir='ltr'>gloriam,</span> <span class='ocrx_word' id='word_1_435' title='bbox 673 4434 727 4487; x_wconf 90' lang='lat' dir='ltr'>et</span> <span class='ocrx_word' id='word_1_436' title='bbox 773 4426 973 4487; x_wconf 87' lang='lat' dir='ltr'>saculi</span> <span class='ocrx_word' id='word_1_437' title='bbox 1017 4428 1359 4502; x_wconf 88' lang='lat' dir='ltr'>cupiditates</span> <span class='ocrx_word' id='word_1_438' title='bbox 1393 4446 1508 4490; x_wconf 90' lang='lat' dir='ltr'>non</span> <span class='ocrx_word' id='word_1_439' title='bbox 1555 4433 1744 4492; x_wconf 89' lang='lat' dir='ltr'>solum</span> <span class='ocrx_word' id='word_1_440' title='bbox 1778 4434 2061 4508; x_wconf 91' lang='lat' dir='ltr'>oblivisci,</span> 
     </span>
    </p>
   </div>
   <div class='ocr_carea' id='block_1_65' title="bbox 356 4494 2126 4594">
    <p class='ocr_par' dir='ltr' id='par_1_65' title="bbox 356 4494 2126 4594">
     <span class='ocr_line' id='line_1_65' title="bbox 356 4494 2126 4594; baseline 0.002 -14"><span class='ocrx_word' id='word_1_441' title='bbox 356 4494 455 4580; x_wconf 64' lang='lat' dir='ltr'>sed</span> <span class='ocrx_word' id='word_1_442' title='bbox 496 4525 551 4577; x_wconf 90' lang='lat' dir='ltr'>et</span> <span class='ocrx_word' id='word_1_443' title='bbox 581 4494 822 4589; x_wconf 80' lang='lat' dir='ltr'>nescire,</span> <span class='ocrx_word' id='word_1_444' title='bbox 864 4494 1324 4594; x_wconf 73' lang='lat' dir='ltr'>perpetuumque</span> <span class='ocrx_word' id='word_1_445' title='bbox 1369 4536 1501 4579; x_wconf 92' lang='lat' dir='ltr'>cum</span> <span class='ocrx_word' id='word_1_446' title='bbox 1542 4522 1846 4583; x_wconf 89' lang='lat' dir='ltr'>divinitate</span> <span class='ocrx_word' id='word_1_447' title='bbox 1880 4494 2126 4586; x_wconf 60' lang='lat' dir='ltr'>stabi:D</span> 
     </span>
    </p>
   </div>
   <div class='ocr_carea' id='block_1_66' title="bbox 357 4607 2064 4683">
    <p class='ocr_par' dir='ltr' id='par_1_66' title="bbox 357 4607 2064 4683">
     <span class='ocr_line' id='line_1_66' title="bbox 357 4607 2064 4683; baseline 0.005 -16"><span class='ocrx_word' id='word_1_448' title='bbox 357 4608 465 4667; x_wconf 88' lang='lat' dir='ltr'>lire</span> <span class='ocrx_word' id='word_1_449' title='bbox 522 4608 894 4668; x_wconf 88' lang='lat' dir='ltr'>consortium.</span> <span class='ocrx_word' id='word_1_450' title='bbox 952 4607 1231 4668; x_wconf 84' lang='lat' dir='ltr'>Recessus</span> <span class='ocrx_word' id='word_1_451' title='bbox 1282 4610 1589 4683; x_wconf 89' lang='lat' dir='ltr'>montium,</span> <span class='ocrx_word' id='word_1_452' title='bbox 1633 4613 1909 4674; x_wconf 88' lang='lat' dir='ltr'>silvarum</span> <span class='ocrx_word' id='word_1_453' title='bbox 1959 4633 2064 4675; x_wconf 90' lang='lat' dir='ltr'>an-</span> 
     </span>
    </p>
   </div>
   <div class='ocr_carea' id='block_1_67' title="bbox 360 4696 2064 4779">
    <p class='ocr_par' dir='ltr' id='par_1_67' title="bbox 360 4696 2064 4779">
     <span class='ocr_line' id='line_1_67' title="bbox 360 4696 2064 4779; baseline 0.006 -24"><span class='ocrx_word' id='word_1_454' title='bbox 360 4698 575 4756; x_wconf 87' lang='lat' dir='ltr'>fractus</span> <span class='ocrx_word' id='word_1_455' title='bbox 620 4704 675 4756; x_wconf 91' lang='lat' dir='ltr'>et</span> <span class='ocrx_word' id='word_1_456' title='bbox 725 4696 965 4757; x_wconf 88' lang='lat' dir='ltr'>vallium</span> <span class='ocrx_word' id='word_1_457' title='bbox 1022 4698 1414 4772; x_wconf 88' lang='lat' dir='ltr'>subterjacens</span> <span class='ocrx_word' id='word_1_458' title='bbox 1458 4701 1692 4762; x_wconf 90' lang='lat' dir='ltr'>vastitas</span> <span class='ocrx_word' id='word_1_459' title='bbox 1737 4721 1914 4778; x_wconf 90' lang='lat' dir='ltr'>puero</span> <span class='ocrx_word' id='word_1_460' title='bbox 1966 4722 2064 4779; x_wconf 92' lang='lat' dir='ltr'>pa-</span> 
     </span>
    </p>
   </div>
   <div class='ocr_carea' id='block_1_68' title="bbox 361 4785 2067 4866">
    <p class='ocr_par' dir='ltr' id='par_1_68' title="bbox 361 4785 2067 4866">
     <span class='ocr_line' id='line_1_68' title="bbox 361 4785 2067 4866; baseline 0.004 -21"><span class='ocrx_word' id='word_1_461' title='bbox 361 4786 629 4846; x_wconf 88' lang='lat' dir='ltr'>triarcha</span> <span class='ocrx_word' id='word_1_462' title='bbox 661 4785 952 4846; x_wconf 89' lang='lat' dir='ltr'>domicilia</span> <span class='ocrx_word' id='word_1_463' title='bbox 978 4786 1375 4860; x_wconf 89' lang='lat' dir='ltr'>prabuerunt.</span> <span class='ocrx_word' id='word_1_464' title='bbox 1405 4788 1530 4848; x_wconf 93' lang='lat' dir='ltr'>Non</span> <span class='ocrx_word' id='word_1_465' title='bbox 1570 4800 1891 4866; x_wconf 88' lang='lat' dir='ltr'>opponatur</span> <span class='ocrx_word' id='word_1_466' title='bbox 1919 4794 2067 4852; x_wconf 90' lang='lat' dir='ltr'>mihi</span> 
     </span>
    </p>
   </div>
   <div class='ocr_carea' id='block_1_69' title="bbox 361 4876 2071 4952">
    <p class='ocr_par' dir='ltr' id='par_1_69' title="bbox 361 4876 2071 4952">
     <span class='ocr_line' id='line_1_69' title="bbox 361 4876 2071 4952; baseline 0.001 -15"><span class='ocrx_word' id='word_1_467' title='bbox 361 4876 661 4947; x_wconf 90' lang='lat' dir='ltr'>Jeremias,</span> <span class='ocrx_word' id='word_1_468' title='bbox 723 4892 828 4935; x_wconf 90' lang='lat' dir='ltr'>nec</span> <span class='ocrx_word' id='word_1_469' title='bbox 884 4876 1250 4951; x_wconf 89' lang='lat' dir='ltr'>pradicantis</span> <span class='ocrx_word' id='word_1_470' title='bbox 1302 4879 1564 4952; x_wconf 88' lang='lat' dir='ltr'>pueritia</span> <span class='ocrx_word' id='word_1_471' title='bbox 1616 4881 1803 4941; x_wconf 91' lang='lat' dir='ltr'>virtus</span> <span class='ocrx_word' id='word_1_472' title='bbox 1863 4883 2071 4942; x_wconf 88' lang='lat' dir='ltr'>audeat</span> 
     </span>
    </p>
   </div>
   <div class='ocr_carea' id='block_1_70' title="bbox 357 4965 2069 5044">
    <p class='ocr_par' dir='ltr' id='par_1_70' title="bbox 357 4965 2069 5044">
     <span class='ocr_line' id='line_1_70' title="bbox 357 4965 2069 5044; baseline 0.002 -19"><span class='ocrx_word' id='word_1_473' title='bbox 357 4965 615 5036; x_wconf 90' lang='lat' dir='ltr'>obviare,</span> <span class='ocrx_word' id='word_1_474' title='bbox 647 4965 787 5039; x_wconf 90' lang='lat' dir='ltr'>quia</span> <span class='ocrx_word' id='word_1_475' title='bbox 809 4968 854 5024; x_wconf 91' lang='lat' dir='ltr'>si</span> <span class='ocrx_word' id='word_1_476' title='bbox 880 4966 977 5025; x_wconf 91' lang='lat' dir='ltr'>ille</span> <span class='ocrx_word' id='word_1_477' title='bbox 1002 4976 1370 5027; x_wconf 89' lang='lat' dir='ltr'>consecratur</span> <span class='ocrx_word' id='word_1_478' title='bbox 1396 4971 1451 5028; x_wconf 90' lang='lat' dir='ltr'>in</span> <span class='ocrx_word' id='word_1_479' title='bbox 1483 4971 1819 5044; x_wconf 86' lang='lat' dir='ltr'>prophetam</span> <span class='ocrx_word' id='word_1_480' title='bbox 1845 4976 1976 5040; x_wconf 85' lang='lat' dir='ltr'>(Jer.</span> <span class='ocrx_word' id='word_1_481' title='bbox 2004 4974 2069 5040; x_wconf 83' lang='grc' dir='ltr'>ι),</span> 
     </span>
    </p>
   </div>
   <div class='ocr_carea' id='block_1_71' title="bbox 361 5053 2072 5130">
    <p class='ocr_par' dir='ltr' id='par_1_71' title="bbox 361 5053 2072 5130">
     <span class='ocr_line' id='line_1_71' title="bbox 361 5053 2072 5130; baseline 0.002 -17"><span class='ocrx_word' id='word_1_482' title='bbox 361 5054 456 5113; x_wconf 89' lang='lat' dir='ltr'>hic</span> <span class='ocrx_word' id='word_1_483' title='bbox 483 5054 542 5114; x_wconf 92' lang='lat' dir='ltr'>in</span> <span class='ocrx_word' id='word_1_484' title='bbox 578 5053 888 5128; x_wconf 90' lang='lat' dir='ltr'>plusquam</span> <span class='ocrx_word' id='word_1_485' title='bbox 930 5058 1265 5130; x_wconf 86' lang='lat' dir='ltr'>prophetam</span> <span class='ocrx_word' id='word_1_486' title='bbox 1301 5062 1521 5130; x_wconf 88' lang='lat' dir='ltr'>(Matth.</span> <span class='ocrx_word' id='word_1_487' title='bbox 1555 5064 1644 5127; x_wconf 89' lang='lat' dir='ltr'>XI)</span> <span class='ocrx_word' id='word_1_488' title='bbox 1672 5078 1684 5129; x_wconf 87' lang='lat'>;</span> <span class='ocrx_word' id='word_1_489' title='bbox 1717 5067 1773 5117; x_wconf 91' lang='lat' dir='ltr'>et</span> <span class='ocrx_word' id='word_1_490' title='bbox 1810 5059 1944 5117; x_wconf 89' lang='lat' dir='ltr'>licet</span> <span class='ocrx_word' id='word_1_491' title='bbox 1970 5059 2072 5117; x_wconf 91' lang='lat' dir='ltr'>ille</span> 
     </span>
    </p>
   </div>
   <div class='ocr_carea' id='block_1_72' title="bbox 362 5145 2066 5221">
    <p class='ocr_par' dir='ltr' id='par_1_72' title="bbox 362 5145 2066 5221">
     <span class='ocr_line' id='line_1_72' title="bbox 362 5145 2066 5221; baseline 0.001 -17"><span class='ocrx_word' id='word_1_492' title='bbox 362 5145 574 5219; x_wconf 88' lang='lat' dir='ltr'>populo</span> <span class='ocrx_word' id='word_1_493' title='bbox 590 5146 783 5205; x_wconf 87' lang='lat' dir='ltr'>futura</span> <span class='ocrx_word' id='word_1_494' title='bbox 805 5147 1093 5221; x_wconf 63' lang='lat' dir='ltr'>praedicat,</span> <span class='ocrx_word' id='word_1_495' title='bbox 1123 5162 1239 5205; x_wconf 91' lang='lat' dir='ltr'>non</span> <span class='ocrx_word' id='word_1_496' title='bbox 1264 5154 1452 5207; x_wconf 89' lang='lat' dir='ltr'>tamen</span> <span class='ocrx_word' id='word_1_497' title='bbox 1480 5146 1935 5207; x_wconf 89' lang='lat' dir='ltr'>conversationis</span> <span class='ocrx_word' id='word_1_498' title='bbox 1960 5148 2066 5205; x_wconf 92' lang='lat' dir='ltr'>hu-</span> 
     </span>
    </p>
   </div>
   <div class='ocr_carea' id='block_1_73' title="bbox 369 5235 2071 5313">
    <p class='ocr_par' dir='ltr' id='par_1_73' title="bbox 369 5235 2071 5313">
     <span class='ocr_line' id='line_1_73' title="bbox 369 5235 2071 5313; baseline 0.002 -22"><span class='ocrx_word' id='word_1_499' title='bbox 369 5250 558 5294; x_wconf 84' lang='lat' dir='ltr'>mana</span> <span class='ocrx_word' id='word_1_500' title='bbox 596 5235 848 5295; x_wconf 87' lang='lat' dir='ltr'>declinat</span> <span class='ocrx_word' id='word_1_501' title='bbox 889 5243 1171 5310; x_wconf 89' lang='lat' dir='ltr'>aspectus.</span> <span class='ocrx_word' id='word_1_502' title='bbox 1216 5238 1331 5313; x_wconf 90' lang='lat' dir='ltr'>Sic,</span> <span class='ocrx_word' id='word_1_503' title='bbox 1361 5244 1612 5299; x_wconf 84' lang='lat' dir='ltr'>Joannes</span> <span class='ocrx_word' id='word_1_504' title='bbox 1648 5237 1832 5295; x_wconf 86' lang='lat' dir='ltr'>atatis</span> <span class='ocrx_word' id='word_1_505' title='bbox 1874 5251 2071 5309; x_wconf 88' lang='lat' dir='ltr'>super-</span> 
     </span>
    </p>
   </div>
   <div class='ocr_carea' id='block_1_74' title="bbox 367 5324 2071 5399">
    <p class='ocr_par' dir='ltr' id='par_1_74' title="bbox 367 5324 2071 5399">
     <span class='ocr_line' id='line_1_74' title="bbox 367 5324 2071 5399; baseline 0.001 -21"><span class='ocrx_word' id='word_1_506' title='bbox 367 5336 596 5393; x_wconf 87' lang='lat' dir='ltr'>gressus</span> <span class='ocrx_word' id='word_1_507' title='bbox 625 5324 949 5395; x_wconf 87' lang='lat' dir='ltr'>infantiam,</span> <span class='ocrx_word' id='word_1_508' title='bbox 980 5332 1036 5383; x_wconf 87' lang='lat' dir='ltr'>et</span> <span class='ocrx_word' id='word_1_509' title='bbox 1065 5326 1368 5385; x_wconf 91' lang='lat' dir='ltr'>nobilioris</span> <span class='ocrx_word' id='word_1_510' title='bbox 1385 5325 1612 5399; x_wconf 88' lang='lat' dir='ltr'>generis</span> <span class='ocrx_word' id='word_1_511' title='bbox 1635 5326 2071 5398; x_wconf 86' lang='lat' dir='ltr'>generositatem</span> 
     </span>
    </p>
   </div>
   <div class='ocr_carea' id='block_1_75' title="bbox 371 5409 2075 5485">
    <p class='ocr_par' dir='ltr' id='par_1_75' title="bbox 371 5409 2075 5485">
     <span class='ocr_line' id='line_1_75' title="bbox 371 5409 2075 5485; baseline 0.001 -18"><span class='ocrx_word' id='word_1_512' title='bbox 371 5409 602 5481; x_wconf 80' lang='lat' dir='ltr'>oblitus,</span> <span class='ocrx_word' id='word_1_513' title='bbox 622 5414 726 5473; x_wconf 90' lang='lat' dir='ltr'>soli</span> <span class='ocrx_word' id='word_1_514' title='bbox 753 5419 914 5472; x_wconf 87' lang='lat' dir='ltr'>vacat</span> <span class='ocrx_word' id='word_1_515' title='bbox 937 5414 1250 5485; x_wconf 84' lang='lat' dir='ltr'>divinitati,</span> <span class='ocrx_word' id='word_1_516' title='bbox 1276 5416 1459 5472; x_wconf 88' lang='lat' dir='ltr'>forma</span> <span class='ocrx_word' id='word_1_517' title='bbox 1485 5415 1641 5483; x_wconf 85' lang='lat' dir='ltr'>vita,</span> <span class='ocrx_word' id='word_1_518' title='bbox 1660 5412 2075 5471; x_wconf 89' lang='lat' dir='ltr'>monachorum</span> 
     </span>
    </p>
   </div>
   <div class='ocr_carea' id='block_1_76' title="bbox 371 5500 2078 5576">
    <p class='ocr_par' dir='ltr' id='par_1_76' title="bbox 371 5500 2078 5576">
     <span class='ocr_line' id='line_1_76' title="bbox 371 5500 2078 5576; baseline 0.002 -21"><span class='ocrx_word' id='word_1_519' title='bbox 371 5502 745 5572; x_wconf 89' lang='lat' dir='ltr'>propositum,</span> <span class='ocrx_word' id='word_1_520' title='bbox 786 5504 1263 5563; x_wconf 89' lang='lat' dir='ltr'>anachoretarum</span> <span class='ocrx_word' id='word_1_521' title='bbox 1307 5500 1679 5576; x_wconf 89' lang='lat' dir='ltr'>principium,</span> <span class='ocrx_word' id='word_1_522' title='bbox 1725 5501 1899 5561; x_wconf 87' lang='lat' dir='ltr'>totius</span> <span class='ocrx_word' id='word_1_523' title='bbox 1951 5500 2078 5559; x_wconf 90' lang='lat' dir='ltr'>reli-</span> 
     </span>
    </p>
   </div>
   <div class='ocr_carea' id='block_1_77' title="bbox 365 5587 2073 5666">
    <p class='ocr_par' dir='ltr' id='par_1_77' title="bbox 365 5587 2073 5666">
     <span class='ocr_line' id='line_1_77' title="bbox 365 5587 2073 5666; baseline 0.002 -19"><span class='ocrx_word' id='word_1_524' title='bbox 365 5587 556 5661; x_wconf 87' lang='lat' dir='ltr'>gionis</span> <span class='ocrx_word' id='word_1_525' title='bbox 603 5587 735 5645; x_wconf 84' lang='lat'>121</span> <span class='ocrx_word' id='word_1_526' title='bbox 788 5593 1042 5651; x_wconf 88' lang='lat' dir='ltr'>assertio.</span> <span class='ocrx_word' id='word_1_527' title='bbox 1100 5593 1170 5652; x_wconf 91' lang='lat' dir='ltr'>Et</span> <span class='ocrx_word' id='word_1_528' title='bbox 1224 5593 1345 5651; x_wconf 88' lang='lat' dir='ltr'>hac</span> <span class='ocrx_word' id='word_1_529' title='bbox 1393 5589 1627 5666; x_wconf 87' lang='lat' dir='ltr'>quidem</span> <span class='ocrx_word' id='word_1_530' title='bbox 1686 5607 1790 5666; x_wconf 91' lang='lat' dir='ltr'>pro</span> <span class='ocrx_word' id='word_1_531' title='bbox 1832 5606 2073 5650; x_wconf 87' lang='lat' dir='ltr'>conver-</span> 
     </span>
    </p>
   </div>
   <div class='ocr_carea' id='block_1_78' title="bbox 2131 1829 3843 1905">
    <p class='ocr_par' dir='ltr' id='par_1_78' title="bbox 2131 1829 3843 1905">
     <span class='ocr_line' id='line_1_78' title="bbox 2131 1829 3843 1905; baseline -0.001 -14"><span class='ocrx_word' id='word_1_532' title='bbox 2131 1832 2273 1892; x_wconf 89' lang='lat' dir='ltr'>Coeli</span> <span class='ocrx_word' id='word_1_533' title='bbox 2338 1847 2465 1891; x_wconf 92' lang='lat' dir='ltr'>rore</span> <span class='ocrx_word' id='word_1_534' title='bbox 2517 1830 2770 1905; x_wconf 88' lang='lat' dir='ltr'>pascitur</span> <span class='ocrx_word' id='word_1_535' title='bbox 2820 1836 2876 1888; x_wconf 91' lang='lat' dir='ltr'>et</span> <span class='ocrx_word' id='word_1_536' title='bbox 2922 1829 3193 1888; x_wconf 89' lang='lat' dir='ltr'>animalis</span> <span class='ocrx_word' id='word_1_537' title='bbox 3268 1830 3543 1889; x_wconf 90' lang='lat' dir='ltr'>vilissimi</span> <span class='ocrx_word' id='word_1_538' title='bbox 3600 1831 3843 1891; x_wconf 88' lang='lat' dir='ltr'>satiatur</span> 
     </span>
    </p>
   </div>
   <div class='ocr_carea' id='block_1_79' title="bbox 2131 1917 3844 1993">
    <p class='ocr_par' dir='ltr' id='par_1_79' title="bbox 2131 1917 3844 1993">
     <span class='ocr_line' id='line_1_79' title="bbox 2131 1917 3844 1993; baseline -0.001 -13"><span class='ocrx_word' id='word_1_539' title='bbox 2131 1921 2345 1990; x_wconf 90' lang='lat' dir='ltr'>edulio,</span> <span class='ocrx_word' id='word_1_540' title='bbox 2414 1919 2681 1993; x_wconf 89' lang='lat' dir='ltr'>nihilque</span> <span class='ocrx_word' id='word_1_541' title='bbox 2735 1924 2957 1977; x_wconf 90' lang='lat' dir='ltr'>coctum</span> <span class='ocrx_word' id='word_1_542' title='bbox 3020 1917 3225 1991; x_wconf 89' lang='lat' dir='ltr'>accipit</span> <span class='ocrx_word' id='word_1_543' title='bbox 3278 1918 3844 1992; x_wconf 85' lang='lat' dir='ltr'>jejunantisauste-</span> 
     </span>
    </p>
   </div>
   <div class='ocr_carea' id='block_1_80' title="bbox 2132 2006 3844 2083">
    <p class='ocr_par' dir='ltr' id='par_1_80' title="bbox 2132 2006 3844 2083">
     <span class='ocr_line' id='line_1_80' title="bbox 2132 2006 3844 2083; baseline -0.002 -14"><span class='ocrx_word' id='word_1_544' title='bbox 2132 2011 2289 2069; x_wconf 89' lang='lat' dir='ltr'>ritas.</span> <span class='ocrx_word' id='word_1_545' title='bbox 2325 2008 2607 2083; x_wconf 89' lang='lat' dir='ltr'>Castigato</span> <span class='ocrx_word' id='word_1_546' title='bbox 2660 2007 2875 2082; x_wconf 90' lang='lat' dir='ltr'>quippe</span> <span class='ocrx_word' id='word_1_547' title='bbox 2919 2007 3128 2078; x_wconf 90' lang='lat' dir='ltr'>ventri,</span> <span class='ocrx_word' id='word_1_548' title='bbox 3168 2013 3222 2063; x_wconf 90' lang='lat' dir='ltr'>et</span> <span class='ocrx_word' id='word_1_549' title='bbox 3259 2006 3537 2065; x_wconf 92' lang='lat' dir='ltr'>diuturna</span> <span class='ocrx_word' id='word_1_550' title='bbox 3586 2023 3844 2067; x_wconf 90' lang='lat' dir='ltr'>macera-</span> 
     </span>
    </p>
   </div>
   <div class='ocr_carea' id='block_1_81' title="bbox 2134 2094 3845 2170">
    <p class='ocr_par' dir='ltr' id='par_1_81' title="bbox 2134 2094 3845 2170">
     <span class='ocr_line' id='line_1_81' title="bbox 2134 2094 3845 2170; baseline 0 -14"><span class='ocrx_word' id='word_1_551' title='bbox 2134 2099 2290 2158; x_wconf 91' lang='lat' dir='ltr'>tione</span> <span class='ocrx_word' id='word_1_552' title='bbox 2327 2098 2596 2170; x_wconf 84' lang='lat' dir='ltr'>distento,</span> <span class='ocrx_word' id='word_1_553' title='bbox 2638 2097 2834 2170; x_wconf 88' lang='lat' dir='ltr'>ignota</span> <span class='ocrx_word' id='word_1_554' title='bbox 2879 2095 2989 2153; x_wconf 86' lang='lat' dir='ltr'>fuit</span> <span class='ocrx_word' id='word_1_555' title='bbox 3029 2094 3274 2153; x_wconf 89' lang='lat' dir='ltr'>varietas</span> <span class='ocrx_word' id='word_1_556' title='bbox 3320 2095 3692 2165; x_wconf 90' lang='lat' dir='ltr'>ferculorum,</span> <span class='ocrx_word' id='word_1_557' title='bbox 3737 2113 3845 2156; x_wconf 91' lang='lat' dir='ltr'>nec</span> 
     </span>
    </p>
   </div>
   <div class='ocr_carea' id='block_1_82' title="bbox 2131 2184 3844 2259">
    <p class='ocr_par' dir='ltr' id='par_1_82' title="bbox 2131 2184 3844 2259">
     <span class='ocr_line' id='line_1_82' title="bbox 2131 2184 3844 2259; baseline 0.001 -14"><span class='ocrx_word' id='word_1_558' title='bbox 2131 2187 2396 2246; x_wconf 89' lang='lat' dir='ltr'>introivit</span> <span class='ocrx_word' id='word_1_559' title='bbox 2432 2187 2494 2244; x_wconf 91' lang='lat' dir='ltr'>in</span> <span class='ocrx_word' id='word_1_560' title='bbox 2534 2201 2598 2244; x_wconf 93' lang='lat' dir='ltr'>os</span> <span class='ocrx_word' id='word_1_561' title='bbox 2636 2185 2761 2259; x_wconf 92' lang='lat' dir='ltr'>ejus</span> <span class='ocrx_word' id='word_1_562' title='bbox 2799 2185 2957 2258; x_wconf 93' lang='lat' dir='ltr'>quod</span> <span class='ocrx_word' id='word_1_563' title='bbox 3002 2185 3199 2258; x_wconf 91' lang='lat' dir='ltr'>gulam</span> <span class='ocrx_word' id='word_1_564' title='bbox 3233 2184 3508 2255; x_wconf 89' lang='lat' dir='ltr'>alliceret,</span> <span class='ocrx_word' id='word_1_565' title='bbox 3553 2186 3844 2246; x_wconf 84' lang='lat' dir='ltr'>sufﬁceret</span> 
     </span>
    </p>
   </div>
   <div class='ocr_carea' id='block_1_83' title="bbox 2134 2272 3844 2345">
    <p class='ocr_par' dir='ltr' id='par_1_83' title="bbox 2134 2272 3844 2345">
     <span class='ocr_line' id='line_1_83' title="bbox 2134 2272 3844 2345; baseline 0.002 -12"><span class='ocrx_word' id='word_1_566' title='bbox 2134 2275 2341 2345; x_wconf 89' lang='lat' dir='ltr'>ventri,</span> <span class='ocrx_word' id='word_1_567' title='bbox 2391 2274 2682 2333; x_wconf 89' lang='lat' dir='ltr'>stomacho</span> <span class='ocrx_word' id='word_1_568' title='bbox 2722 2272 3099 2332; x_wconf 89' lang='lat' dir='ltr'>blandiretur.</span> <span class='ocrx_word' id='word_1_569' title='bbox 3149 2274 3303 2333; x_wconf 91' lang='lat' dir='ltr'>Elias</span> <span class='ocrx_word' id='word_1_570' title='bbox 3351 2277 3599 2335; x_wconf 91' lang='lat' dir='ltr'>comedit</span> <span class='ocrx_word' id='word_1_571' title='bbox 3639 2293 3844 2338; x_wconf 86' lang='lat' dir='ltr'>carnes</span> 
     </span>
    </p>
   </div>
   <div class='ocr_carea' id='block_1_84' title="bbox 2135 2365 3843 2443">
    <p class='ocr_par' dir='ltr' id='par_1_84' title="bbox 2135 2365 3843 2443">
     <span class='ocr_line' id='line_1_84' title="bbox 2135 2365 3843 2443; baseline 0.002 -18"><span class='ocrx_word' id='word_1_572' title='bbox 2135 2369 2235 2440; x_wconf 86' lang='lat' dir='ltr'>(III</span> <span class='ocrx_word' id='word_1_573' title='bbox 2273 2372 2402 2438; x_wconf 85' lang='lat' dir='ltr'>Reg.</span> <span class='ocrx_word' id='word_1_574' title='bbox 2459 2368 2648 2440; x_wconf 88' lang='lat' dir='ltr'><strong><em>XVIII),</em></strong></span> <span class='ocrx_word' id='word_1_575' title='bbox 2697 2373 2753 2425; x_wconf 92' lang='lat' dir='ltr'>et</span> <span class='ocrx_word' id='word_1_576' title='bbox 2804 2366 2853 2425; x_wconf 92' lang='lat' dir='ltr'>si</span> <span class='ocrx_word' id='word_1_577' title='bbox 2916 2366 3057 2442; x_wconf 92' lang='lat' dir='ltr'>quid</span> <span class='ocrx_word' id='word_1_578' title='bbox 3113 2365 3275 2425; x_wconf 90' lang='lat' dir='ltr'>aliud</span> <span class='ocrx_word' id='word_1_579' title='bbox 3318 2369 3649 2443; x_wconf 88' lang='lat' dir='ltr'>apponitur,</span> <span class='ocrx_word' id='word_1_580' title='bbox 3706 2386 3843 2429; x_wconf 91' lang='lat' dir='ltr'>cum</span> 
     </span>
    </p>
   </div>
   <div class='ocr_carea' id='block_1_85' title="bbox 2132 2456 3842 2533">
    <p class='ocr_par' dir='ltr' id='par_1_85' title="bbox 2132 2456 3842 2533">
     <span class='ocr_line' id='line_1_85' title="bbox 2132 2456 3842 2533; baseline 0.004 -20"><span class='ocrx_word' id='word_1_581' title='bbox 2132 2458 2448 2532; x_wconf 86' lang='lat' dir='ltr'>gratiarum</span> <span class='ocrx_word' id='word_1_582' title='bbox 2471 2456 2721 2531; x_wconf 89' lang='lat' dir='ltr'>percepit</span> <span class='ocrx_word' id='word_1_583' title='bbox 2748 2457 2993 2527; x_wconf 91' lang='lat' dir='ltr'>actione,</span> <span class='ocrx_word' id='word_1_584' title='bbox 3034 2472 3142 2515; x_wconf 89' lang='lat' dir='ltr'>nec</span> <span class='ocrx_word' id='word_1_585' title='bbox 3185 2456 3461 2531; x_wconf 88' lang='lat' dir='ltr'>aliquem,</span> <span class='ocrx_word' id='word_1_586' title='bbox 3508 2459 3621 2517; x_wconf 91' lang='lat' dir='ltr'>nisi</span> <span class='ocrx_word' id='word_1_587' title='bbox 3654 2460 3842 2533; x_wconf 88' lang='lat' dir='ltr'>fallor,</span> 
     </span>
    </p>
   </div>
   <div class='ocr_carea' id='block_1_86' title="bbox 2134 2548 3848 2625">
    <p class='ocr_par' dir='ltr' id='par_1_86' title="bbox 2134 2548 3848 2625">
     <span class='ocr_line' id='line_1_86' title="bbox 2134 2548 3848 2625; baseline 0.002 -17"><span class='ocrx_word' id='word_1_588' title='bbox 2134 2548 2381 2622; x_wconf 88' lang='lat' dir='ltr'>legimus</span> <span class='ocrx_word' id='word_1_589' title='bbox 2435 2548 2497 2607; x_wconf 91' lang='lat' dir='ltr'>in</span> <span class='ocrx_word' id='word_1_590' title='bbox 2538 2549 2717 2607; x_wconf 89' lang='lat' dir='ltr'>veteri</span> <span class='ocrx_word' id='word_1_591' title='bbox 2754 2548 2983 2607; x_wconf 81' lang='lat' dir='ltr'>ofﬁcina</span> <span class='ocrx_word' id='word_1_592' title='bbox 3028 2549 3100 2607; x_wconf 90' lang='lat' dir='ltr'>ad</span> <span class='ocrx_word' id='word_1_593' title='bbox 3143 2548 3286 2622; x_wconf 81' lang='lat' dir='ltr'>legis</span> <span class='ocrx_word' id='word_1_594' title='bbox 3332 2551 3509 2625; x_wconf 90' lang='lat' dir='ltr'>hujus</span> <span class='ocrx_word' id='word_1_595' title='bbox 3562 2553 3848 2625; x_wconf 90' lang='lat' dir='ltr'>aspirasse</span> 
     </span>
    </p>
   </div>
   <div class='ocr_carea' id='block_1_87' title="bbox 2133 2637 3844 2713">
    <p class='ocr_par' dir='ltr' id='par_1_87' title="bbox 2133 2637 3844 2713">
     <span class='ocr_line' id='line_1_87' title="bbox 2133 2637 3844 2713; baseline 0.003 -17"><span class='ocrx_word' id='word_1_596' title='bbox 2133 2639 2454 2713; x_wconf 86' lang='lat' dir='ltr'>fastigium.</span> <span class='ocrx_word' id='word_1_597' title='bbox 2492 2637 2681 2696; x_wconf 92' lang='lat' dir='ltr'>Vestis</span> <span class='ocrx_word' id='word_1_598' title='bbox 2708 2652 2928 2711; x_wconf 90' lang='lat' dir='ltr'>aspera,</span> <span class='ocrx_word' id='word_1_599' title='bbox 2960 2637 3125 2696; x_wconf 90' lang='lat' dir='ltr'>cibus</span> <span class='ocrx_word' id='word_1_600' title='bbox 3166 2639 3380 2711; x_wconf 89' lang='lat' dir='ltr'>tenuis,</span> <span class='ocrx_word' id='word_1_601' title='bbox 3414 2653 3579 2698; x_wconf 89' lang='lat' dir='ltr'>mens</span> <span class='ocrx_word' id='word_1_602' title='bbox 3615 2641 3844 2712; x_wconf 86' lang='lat' dir='ltr'>devota,</span> 
     </span>
    </p>
   </div>
   <div class='ocr_carea' id='block_1_88' title="bbox 2134 2726 3248 2803">
    <p class='ocr_par' dir='ltr' id='par_1_88' title="bbox 2134 2726 3248 2803">
     <span class='ocr_line' id='line_1_88' title="bbox 2134 2726 3248 2803; baseline -0.003 -17"><span class='ocrx_word' id='word_1_603' title='bbox 2134 2729 2450 2803; x_wconf 88' lang='lat' dir='ltr'>perfectum</span> <span class='ocrx_word' id='word_1_604' title='bbox 2479 2733 2813 2785; x_wconf 89' lang='lat' dir='ltr'>consecrant</span> <span class='ocrx_word' id='word_1_605' title='bbox 2842 2726 3248 2800; x_wconf 89' lang='lat' dir='ltr'>patriarcham.</span> 
     </span>
    </p>
   </div>
   <div class='ocr_carea' id='block_1_89' title="bbox 2209 2817 3848 2891">
    <p class='ocr_par' dir='ltr' id='par_1_89' title="bbox 2209 2817 3848 2891">
     <span class='ocr_line' id='line_1_89' title="bbox 2209 2817 3848 2891; baseline 0.001 -14"><span class='ocrx_word' id='word_1_606' title='bbox 2209 2818 2422 2878; x_wconf 84' lang='lat' dir='ltr'>Sextus</span> <span class='ocrx_word' id='word_1_607' title='bbox 2482 2824 2567 2875; x_wconf 92' lang='lat' dir='ltr'>est</span> <span class='ocrx_word' id='word_1_608' title='bbox 2624 2818 2848 2875; x_wconf 91' lang='lat' dir='ltr'>novitas</span> <span class='ocrx_word' id='word_1_609' title='bbox 2912 2817 2970 2875; x_wconf 91' lang='lat' dir='ltr'>in</span> <span class='ocrx_word' id='word_1_610' title='bbox 3041 2817 3466 2891; x_wconf 87' lang='lat' dir='ltr'>pradicatione.</span> <span class='ocrx_word' id='word_1_611' title='bbox 3544 2818 3654 2877; x_wconf 91' lang='lat' dir='ltr'>Hic</span> <span class='ocrx_word' id='word_1_612' title='bbox 3715 2820 3848 2879; x_wconf 88' lang='lat' dir='ltr'>volo</span> 
     </span>
    </p>
   </div>
   <div class='ocr_carea' id='block_1_90' title="bbox 2136 2906 3849 2982">
    <p class='ocr_par' dir='ltr' id='par_1_90' title="bbox 2136 2906 3849 2982">
     <span class='ocr_line' id='line_1_90' title="bbox 2136 2906 3849 2982; baseline 0.001 -18"><span class='ocrx_word' id='word_1_613' title='bbox 2136 2907 2412 2964; x_wconf 89' lang='lat' dir='ltr'>attentius</span> <span class='ocrx_word' id='word_1_614' title='bbox 2448 2906 2699 2964; x_wconf 86' lang='lat' dir='ltr'>attendat</span> <span class='ocrx_word' id='word_1_615' title='bbox 2737 2906 2981 2963; x_wconf 90' lang='lat' dir='ltr'>intentio</span> <span class='ocrx_word' id='word_1_616' title='bbox 3018 2912 3226 2976; x_wconf 90' lang='lat' dir='ltr'>vestra,</span> <span class='ocrx_word' id='word_1_617' title='bbox 3254 2908 3395 2980; x_wconf 93' lang='lat' dir='ltr'>quia</span> <span class='ocrx_word' id='word_1_618' title='bbox 3437 2908 3611 2982; x_wconf 90' lang='lat' dir='ltr'>paulo</span> <span class='ocrx_word' id='word_1_619' title='bbox 3657 2907 3849 2967; x_wconf 88' lang='lat' dir='ltr'>subti-</span> 
     </span>
    </p>
   </div>
   <div class='ocr_carea' id='block_1_91' title="bbox 2135 2993 3852 3068">
    <p class='ocr_par' dir='ltr' id='par_1_91' title="bbox 2135 2993 3852 3068">
     <span class='ocr_line' id='line_1_91' title="bbox 2135 2993 3852 3068; baseline 0.001 -15"><span class='ocrx_word' id='word_1_620' title='bbox 2135 2995 2253 3053; x_wconf 90' lang='lat' dir='ltr'>lius</span> <span class='ocrx_word' id='word_1_621' title='bbox 2290 2993 2633 3054; x_wconf 91' lang='lat' dir='ltr'>ordiendum</span> <span class='ocrx_word' id='word_1_622' title='bbox 2681 2993 2937 3051; x_wconf 91' lang='lat' dir='ltr'>materia</span> <span class='ocrx_word' id='word_1_623' title='bbox 2984 2993 3243 3067; x_wconf 87' lang='lat' dir='ltr'>pracipit</span> <span class='ocrx_word' id='word_1_624' title='bbox 3296 2994 3653 3068; x_wconf 89' lang='lat' dir='ltr'>magnitudo.</span> <span class='ocrx_word' id='word_1_625' title='bbox 3718 2995 3852 3054; x_wconf 90' lang='lat' dir='ltr'>Post</span> 
     </span>
    </p>
   </div>
   <div class='ocr_carea' id='block_1_92' title="bbox 2137 3082 3846 3159">
    <p class='ocr_par' dir='ltr' id='par_1_92' title="bbox 2137 3082 3846 3159">
     <span class='ocr_line' id='line_1_92' title="bbox 2137 3082 3846 3159; baseline 0 -16"><span class='ocrx_word' id='word_1_626' title='bbox 2137 3091 2435 3159; x_wconf 90' lang='lat' dir='ltr'>peccatum</span> <span class='ocrx_word' id='word_1_627' title='bbox 2491 3084 2636 3142; x_wconf 86' lang='lat' dir='ltr'>Ada</span> <span class='ocrx_word' id='word_1_628' title='bbox 2690 3089 2744 3141; x_wconf 90' lang='lat' dir='ltr'>et</span> <span class='ocrx_word' id='word_1_629' title='bbox 2795 3082 2954 3142; x_wconf 90' lang='lat' dir='ltr'>illius</span> <span class='ocrx_word' id='word_1_630' title='bbox 3024 3084 3235 3143; x_wconf 88' lang='lat' dir='ltr'>diluvii</span> <span class='ocrx_word' id='word_1_631' title='bbox 3306 3087 3686 3144; x_wconf 89' lang='lat' dir='ltr'>vastationem</span> <span class='ocrx_word' id='word_1_632' title='bbox 3751 3101 3846 3144; x_wconf 88' lang='lat' dir='ltr'>so-</span> 
     </span>
    </p>
   </div>
   <div class='ocr_carea' id='block_1_93' title="bbox 2142 3173 3851 3249">
    <p class='ocr_par' dir='ltr' id='par_1_93' title="bbox 2142 3173 3851 3249">
     <span class='ocr_line' id='line_1_93' title="bbox 2142 3173 3851 3249; baseline 0 -16"><span class='ocrx_word' id='word_1_633' title='bbox 2142 3175 2419 3248; x_wconf 90' lang='lat' dir='ltr'>lemnem,</span> <span class='ocrx_word' id='word_1_634' title='bbox 2451 3173 2645 3233; x_wconf 70' lang='lat' dir='ltr'>electa”</span> <span class='ocrx_word' id='word_1_635' title='bbox 2673 3181 2757 3233; x_wconf 90' lang='lat' dir='ltr'>est</span> <span class='ocrx_word' id='word_1_636' title='bbox 2783 3174 3073 3247; x_wconf 88' lang='lat' dir='ltr'>justorum</span> <span class='ocrx_word' id='word_1_637' title='bbox 3101 3174 3329 3233; x_wconf 87' lang='lat' dir='ltr'>infinita</span> <span class='ocrx_word' id='word_1_638' title='bbox 3360 3174 3683 3249; x_wconf 87' lang='lat' dir='ltr'>pluralitas,</span> <span class='ocrx_word' id='word_1_639' title='bbox 3713 3190 3851 3233; x_wconf 89' lang='lat' dir='ltr'>cum</span> 
     </span>
    </p>
   </div>
   <div class='ocr_carea' id='block_1_94' title="bbox 2139 3266 3852 3342">
    <p class='ocr_par' dir='ltr' id='par_1_94' title="bbox 2139 3266 3852 3342">
     <span class='ocr_line' id='line_1_94' title="bbox 2139 3266 3852 3342; baseline 0.001 -16"><span class='ocrx_word' id='word_1_640' title='bbox 2139 3266 2353 3341; x_wconf 88' lang='lat' dir='ltr'>quibus</span> <span class='ocrx_word' id='word_1_641' title='bbox 2381 3266 2534 3325; x_wconf 89' lang='lat' dir='ltr'>Deus</span> <span class='ocrx_word' id='word_1_642' title='bbox 2559 3266 2703 3325; x_wconf 90' lang='lat' dir='ltr'>facie</span> <span class='ocrx_word' id='word_1_643' title='bbox 2742 3267 2811 3324; x_wconf 90' lang='lat' dir='ltr'>ad</span> <span class='ocrx_word' id='word_1_644' title='bbox 2852 3267 3054 3325; x_wconf 86' lang='lat' dir='ltr'>faciem</span> <span class='ocrx_word' id='word_1_645' title='bbox 3083 3266 3309 3326; x_wconf 89' lang='lat' dir='ltr'>locutus</span> <span class='ocrx_word' id='word_1_646' title='bbox 3341 3268 3516 3327; x_wconf 89' lang='lat' dir='ltr'>fuisse</span> <span class='ocrx_word' id='word_1_647' title='bbox 3553 3269 3852 3342; x_wconf 84' lang='lat' dir='ltr'>dignosci-</span> 
     </span>
    </p>
   </div>
   <div class='ocr_carea' id='block_1_95' title="bbox 2143 3354 3919 3429">
    <p class='ocr_par' dir='ltr' id='par_1_95' title="bbox 2143 3354 3919 3429">
     <span class='ocr_line' id='line_1_95' title="bbox 2143 3354 3919 3429; baseline 0.002 -17"><span class='ocrx_word' id='word_1_648' title='bbox 2143 3360 2251 3414; x_wconf 88' lang='lat' dir='ltr'>tur.</span> <span class='ocrx_word' id='word_1_649' title='bbox 2288 3355 2659 3414; x_wconf 90' lang='lat' dir='ltr'>Transfertur</span> <span class='ocrx_word' id='word_1_650' title='bbox 2694 3354 2934 3413; x_wconf 89' lang='lat' dir='ltr'>Henoch</span> <span class='ocrx_word' id='word_1_651' title='bbox 2968 3357 3118 3426; x_wconf 89' lang='lat' dir='ltr'>(Gen.</span> <span class='ocrx_word' id='word_1_652' title='bbox 3153 3357 3231 3427; x_wconf 90' lang='lat' dir='ltr'>V),</span> <span class='ocrx_word' id='word_1_653' title='bbox 3272 3355 3509 3429; x_wconf 88' lang='lat' dir='ltr'>eligitur</span> <span class='ocrx_word' id='word_1_654' title='bbox 3542 3356 3663 3414; x_wconf 91' lang='lat' dir='ltr'>Noe</span> <span class='ocrx_word' id='word_1_655' title='bbox 3694 3356 3846 3427; x_wconf 91' lang='lat' dir='ltr'>(Gen.</span> <span class='ocrx_word' id='word_1_656' title='bbox 3910 3376 3919 3379; x_wconf 63' lang='lat'><strong>&#39;</strong></span> 
     </span>
    </p>
   </div>
   <div class='ocr_carea' id='block_1_96' title="bbox 2141 3444 3851 3519">
    <p class='ocr_par' dir='ltr' id='par_1_96' title="bbox 2141 3444 3851 3519">
     <span class='ocr_line' id='line_1_96' title="bbox 2141 3444 3851 3519; baseline 0.001 -17"><span class='ocrx_word' id='word_1_657' title='bbox 2141 3447 2241 3515; x_wconf 91' lang='lat' dir='ltr'><strong><em>Vt),</em></strong></span> <span class='ocrx_word' id='word_1_658' title='bbox 2300 3450 2536 3502; x_wconf 89' lang='lat' dir='ltr'>vocatur</span> <span class='ocrx_word' id='word_1_659' title='bbox 2608 3444 2905 3502; x_wconf 82' lang='lat' dir='ltr'>Abraham</span> <span class='ocrx_word' id='word_1_660' title='bbox 2960 3444 3108 3516; x_wconf 88' lang='lat' dir='ltr'>(Gen.</span> <span class='ocrx_word' id='word_1_661' title='bbox 3168 3448 3295 3515; x_wconf 90' lang='lat' dir='ltr'><strong><em>XII),</em></strong></span> <span class='ocrx_word' id='word_1_662' title='bbox 3352 3444 3510 3503; x_wconf 90' lang='lat' dir='ltr'>Isaac</span> <span class='ocrx_word' id='word_1_663' title='bbox 3582 3445 3851 3519; x_wconf 85' lang='lat' dir='ltr'>diligitur</span> 
     </span>
    </p>
   </div>
   <div class='ocr_carea' id='block_1_97' title="bbox 2144 3531 3848 3608">
    <p class='ocr_par' dir='ltr' id='par_1_97' title="bbox 2144 3531 3848 3608">
     <span class='ocr_line' id='line_1_97' title="bbox 2144 3531 3848 3608; baseline 0.001 -18"><span class='ocrx_word' id='word_1_664' title='bbox 2144 3535 2295 3605; x_wconf 84' lang='lat' dir='ltr'>(Gen.</span> <span class='ocrx_word' id='word_1_665' title='bbox 2344 3536 2512 3601; x_wconf 83' lang='lat' dir='ltr'><strong><em>XVII),</em></strong></span> <span class='ocrx_word' id='word_1_666' title='bbox 2544 3531 2717 3590; x_wconf 92' lang='lat' dir='ltr'>Jacob</span> <span class='ocrx_word' id='word_1_667' title='bbox 2747 3532 2934 3591; x_wconf 90' lang='lat' dir='ltr'>Deum</span> <span class='ocrx_word' id='word_1_668' title='bbox 2977 3533 3119 3591; x_wconf 88' lang='lat' dir='ltr'>facie</span> <span class='ocrx_word' id='word_1_669' title='bbox 3156 3533 3227 3590; x_wconf 91' lang='lat' dir='ltr'>ad</span> <span class='ocrx_word' id='word_1_670' title='bbox 3257 3534 3457 3592; x_wconf 89' lang='lat' dir='ltr'>faciem</span> <span class='ocrx_word' id='word_1_671' title='bbox 3491 3534 3848 3608; x_wconf 90' lang='lat' dir='ltr'>contempla-</span> 
     </span>
    </p>
   </div>
   <div class='ocr_carea' id='block_1_98' title="bbox 2145 3622 3851 3697">
    <p class='ocr_par' dir='ltr' id='par_1_98' title="bbox 2145 3622 3851 3697">
     <span class='ocr_line' id='line_1_98' title="bbox 2145 3622 3851 3697; baseline 0.001 -16"><span class='ocrx_word' id='word_1_672' title='bbox 2145 3630 2238 3681; x_wconf 91' lang='lat' dir='ltr'>tur</span> <span class='ocrx_word' id='word_1_673' title='bbox 2292 3626 2443 3696; x_wconf 88' lang='lat' dir='ltr'>(Gen.</span> <span class='ocrx_word' id='word_1_674' title='bbox 2496 3623 2735 3695; x_wconf 80' lang='lat' dir='ltr'>XXXIII),</span> <span class='ocrx_word' id='word_1_675' title='bbox 2781 3622 2991 3697; x_wconf 90' lang='lat' dir='ltr'>Joseph</span> <span class='ocrx_word' id='word_1_676' title='bbox 3045 3630 3281 3682; x_wconf 90' lang='lat' dir='ltr'>vocatur</span> <span class='ocrx_word' id='word_1_677' title='bbox 3329 3624 3531 3683; x_wconf 91' lang='lat' dir='ltr'>mundi</span> <span class='ocrx_word' id='word_1_678' title='bbox 3589 3623 3851 3683; x_wconf 88' lang='lat' dir='ltr'>Salvator</span> 
     </span>
    </p>
   </div>
   <div class='ocr_carea' id='block_1_99' title="bbox 2146 3710 3848 3786">
    <p class='ocr_par' dir='ltr' id='par_1_99' title="bbox 2146 3710 3848 3786">
     <span class='ocr_line' id='line_1_99' title="bbox 2146 3710 3848 3786; baseline 0 -16"><span class='ocrx_word' id='word_1_679' title='bbox 2146 3713 2297 3786; x_wconf 87' lang='lat' dir='ltr'>(Gen.</span> <span class='ocrx_word' id='word_1_680' title='bbox 2330 3714 2477 3785; x_wconf 89' lang='lat' dir='ltr'><strong><em>XLI);</em></strong></span> <span class='ocrx_word' id='word_1_681' title='bbox 2534 3728 2640 3771; x_wconf 90' lang='lat' dir='ltr'>nec</span> <span class='ocrx_word' id='word_1_682' title='bbox 2683 3719 2872 3770; x_wconf 89' lang='lat' dir='ltr'>tamen</span> <span class='ocrx_word' id='word_1_683' title='bbox 2914 3711 3016 3771; x_wconf 87' lang='lat' dir='ltr'>Dei</span> <span class='ocrx_word' id='word_1_684' title='bbox 3053 3712 3125 3770; x_wconf 89' lang='lat' dir='ltr'>ad</span> <span class='ocrx_word' id='word_1_685' title='bbox 3167 3713 3320 3783; x_wconf 90' lang='lat' dir='ltr'>illos,</span> <span class='ocrx_word' id='word_1_686' title='bbox 3368 3712 3458 3771; x_wconf 92' lang='lat' dir='ltr'>vel</span> <span class='ocrx_word' id='word_1_687' title='bbox 3501 3710 3735 3771; x_wconf 90' lang='lat' dir='ltr'>illorum</span> <span class='ocrx_word' id='word_1_688' title='bbox 3779 3711 3848 3770; x_wconf 92' lang='lat' dir='ltr'>ad</span> 
     </span>
    </p>
   </div>
   <div class='ocr_carea' id='block_1_100' title="bbox 2145 3801 3849 3877">
    <p class='ocr_par' dir='ltr' id='par_1_100' title="bbox 2145 3801 3849 3877">
     <span class='ocr_line' id='line_1_100' title="bbox 2145 3801 3849 3877; baseline -0.002 -16"><span class='ocrx_word' id='word_1_689' title='bbox 2145 3804 2410 3861; x_wconf 91' lang='lat' dir='ltr'>homines</span> <span class='ocrx_word' id='word_1_690' title='bbox 2438 3802 2503 3860; x_wconf 86' lang='lat' dir='ltr'>fit</span> <span class='ocrx_word' id='word_1_691' title='bbox 2531 3801 2729 3877; x_wconf 90' lang='lat' dir='ltr'>aliqua</span> <span class='ocrx_word' id='word_1_692' title='bbox 2764 3801 2978 3860; x_wconf 89' lang='lat' dir='ltr'>mentio</span> <span class='ocrx_word' id='word_1_693' title='bbox 3005 3801 3076 3858; x_wconf 92' lang='lat' dir='ltr'>de</span> <span class='ocrx_word' id='word_1_694' title='bbox 3106 3802 3269 3874; x_wconf 88' lang='lat' dir='ltr'>regni</span> <span class='ocrx_word' id='word_1_695' title='bbox 3302 3801 3550 3861; x_wconf 81' lang='lat' dir='ltr'>calestis</span> <span class='ocrx_word' id='word_1_696' title='bbox 3578 3807 3849 3876; x_wconf 88' lang='lat' dir='ltr'>perpetua</span> 
     </span>
    </p>
   </div>
   <div class='ocr_carea' id='block_1_101' title="bbox 2148 3889 3854 3966">
    <p class='ocr_par' dir='ltr' id='par_1_101' title="bbox 2148 3889 3854 3966">
     <span class='ocr_line' id='line_1_101' title="bbox 2148 3889 3854 3966; baseline 0 -17"><span class='ocrx_word' id='word_1_697' title='bbox 2148 3890 2468 3950; x_wconf 89' lang='lat' dir='ltr'>mansione.</span> <span class='ocrx_word' id='word_1_698' title='bbox 2492 3890 2718 3964; x_wconf 80' lang='lat' dir='ltr'>Moyses</span> <span class='ocrx_word' id='word_1_699' title='bbox 2741 3891 3055 3949; x_wconf 86' lang='lat' dir='ltr'>assumitur</span> <span class='ocrx_word' id='word_1_700' title='bbox 3079 3891 3141 3948; x_wconf 91' lang='lat' dir='ltr'>in</span> <span class='ocrx_word' id='word_1_701' title='bbox 3169 3890 3375 3949; x_wconf 90' lang='lat' dir='ltr'>ducem</span> <span class='ocrx_word' id='word_1_702' title='bbox 3399 3890 3596 3966; x_wconf 92' lang='lat' dir='ltr'>populi</span> <span class='ocrx_word' id='word_1_703' title='bbox 3619 3889 3854 3949; x_wconf 86' lang='lat' dir='ltr'>Judao-</span> 
     </span>
    </p>
   </div>
   <div class='ocr_carea' id='block_1_102' title="bbox 2147 3979 3852 4052">
    <p class='ocr_par' dir='ltr' id='par_1_102' title="bbox 2147 3979 3852 4052">
     <span class='ocr_line' id='line_1_102' title="bbox 2147 3979 3852 4052; baseline -0.002 -12"><span class='ocrx_word' id='word_1_704' title='bbox 2147 3998 2277 4042; x_wconf 89' lang='lat' dir='ltr'>rum</span> <span class='ocrx_word' id='word_1_705' title='bbox 2337 3983 2537 4049; x_wconf 70' lang='lat' dir='ltr'>(Emod.</span> <span class='ocrx_word' id='word_1_706' title='bbox 2595 3986 2702 4052; x_wconf 89' lang='lat' dir='ltr'><strong><em>III),</em></strong></span> <span class='ocrx_word' id='word_1_707' title='bbox 2758 3981 3043 4039; x_wconf 89' lang='lat' dir='ltr'>Pharaoni</span> <span class='ocrx_word' id='word_1_708' title='bbox 3097 3980 3158 4038; x_wconf 93' lang='lat' dir='ltr'>in</span> <span class='ocrx_word' id='word_1_709' title='bbox 3216 3980 3400 4039; x_wconf 91' lang='lat' dir='ltr'>Deum</span> <span class='ocrx_word' id='word_1_710' title='bbox 3467 3979 3852 4038; x_wconf 84' lang='lat' dir='ltr'>constituitur.</span> 
     </span>
    </p>
   </div>
   <div class='ocr_carea' id='block_1_103' title="bbox 2148 4069 3854 4146">
    <p class='ocr_par' dir='ltr' id='par_1_103' title="bbox 2148 4069 3854 4146">
     <span class='ocr_line' id='line_1_103' title="bbox 2148 4069 3854 4146; baseline -0.003 -14"><span class='ocrx_word' id='word_1_711' title='bbox 2148 4074 2306 4132; x_wconf 89' lang='lat' dir='ltr'>Facit</span> <span class='ocrx_word' id='word_1_712' title='bbox 2360 4074 2515 4132; x_wconf 90' lang='lat' dir='ltr'>Deus</span> <span class='ocrx_word' id='word_1_713' title='bbox 2566 4072 2628 4130; x_wconf 92' lang='lat' dir='ltr'>in</span> <span class='ocrx_word' id='word_1_714' title='bbox 2668 4071 2913 4146; x_wconf 67' lang='lat' dir='ltr'>zEgypto</span> <span class='ocrx_word' id='word_1_715' title='bbox 2968 4071 3275 4146; x_wconf 87' lang='lat' dir='ltr'>magnalia,</span> <span class='ocrx_word' id='word_1_716' title='bbox 3327 4077 3382 4128; x_wconf 92' lang='lat' dir='ltr'>et</span> <span class='ocrx_word' id='word_1_717' title='bbox 3452 4070 3745 4127; x_wconf 91' lang='lat' dir='ltr'>mirabilia</span> <span class='ocrx_word' id='word_1_718' title='bbox 3794 4069 3854 4127; x_wconf 89' lang='lat' dir='ltr'>in</span> 
     </span>
    </p>
   </div>
   <div class='ocr_carea' id='block_1_104' title="bbox 2149 4159 3852 4233">
    <p class='ocr_par' dir='ltr' id='par_1_104' title="bbox 2149 4159 3852 4233">
     <span class='ocr_line' id='line_1_104' title="bbox 2149 4159 3852 4233; baseline -0.003 -11"><span class='ocrx_word' id='word_1_719' title='bbox 2149 4170 2299 4222; x_wconf 88' lang='lat' dir='ltr'>terra</span> <span class='ocrx_word' id='word_1_720' title='bbox 2338 4161 2538 4233; x_wconf 89' lang='lat' dir='ltr'>Cham,</span> <span class='ocrx_word' id='word_1_721' title='bbox 2600 4161 2880 4219; x_wconf 91' lang='lat' dir='ltr'>terribilia</span> <span class='ocrx_word' id='word_1_722' title='bbox 2926 4160 2987 4218; x_wconf 91' lang='lat' dir='ltr'>in</span> <span class='ocrx_word' id='word_1_723' title='bbox 3036 4160 3179 4218; x_wconf 90' lang='lat' dir='ltr'>mari</span> <span class='ocrx_word' id='word_1_724' title='bbox 3230 4159 3432 4218; x_wconf 83' lang='lat' dir='ltr'>Rubro</span> <span class='ocrx_word' id='word_1_725' title='bbox 3488 4161 3686 4231; x_wconf 72' lang='lat' dir='ltr'>(Emod.</span> <span class='ocrx_word' id='word_1_726' title='bbox 3751 4170 3852 4229; x_wconf 89' lang='lat' dir='ltr'><strong><em>VII,</em></strong></span> 
     </span>
    </p>
   </div>
   <div class='ocr_carea' id='block_1_105' title="bbox 2149 4247 3857 4325">
    <p class='ocr_par' dir='ltr' id='par_1_105' title="bbox 2149 4247 3857 4325">
     <span class='ocr_line' id='line_1_105' title="bbox 2149 4247 3857 4325; baseline -0.004 -13"><span class='ocrx_word' id='word_1_727' title='bbox 2149 4266 2254 4323; x_wconf 88' lang='lat' dir='ltr'><strong><em>VII,</em></strong></span> <span class='ocrx_word' id='word_1_728' title='bbox 2286 4254 2442 4325; x_wconf 90' lang='lat' dir='ltr'>etc.).</span> <span class='ocrx_word' id='word_1_729' title='bbox 2475 4251 2748 4310; x_wconf 83' lang='lat' dir='ltr'>Ascendit</span> <span class='ocrx_word' id='word_1_730' title='bbox 2774 4249 3000 4322; x_wconf 89' lang='lat' dir='ltr'>Moyses</span> <span class='ocrx_word' id='word_1_731' title='bbox 3024 4249 3094 4307; x_wconf 88' lang='lat' dir='ltr'>ad</span> <span class='ocrx_word' id='word_1_732' title='bbox 3122 4248 3450 4322; x_wconf 85' lang='lat' dir='ltr'>caliginem,</span> <span class='ocrx_word' id='word_1_733' title='bbox 3482 4247 3545 4305; x_wconf 92' lang='lat' dir='ltr'>in</span> <span class='ocrx_word' id='word_1_734' title='bbox 3576 4263 3692 4321; x_wconf 89' lang='lat' dir='ltr'>qua</span> <span class='ocrx_word' id='word_1_735' title='bbox 3738 4254 3857 4305; x_wconf 89' lang='lat' dir='ltr'>erat</span> 
     </span>
    </p>
   </div>
   <div class='ocr_carea' id='block_1_106' title="bbox 2151 4340 3856 4415">
    <p class='ocr_par' dir='ltr' id='par_1_106' title="bbox 2151 4340 3856 4415">
     <span class='ocr_line' id='line_1_106' title="bbox 2151 4340 3856 4415; baseline -0.005 -11"><span class='ocrx_word' id='word_1_736' title='bbox 2151 4345 2323 4404; x_wconf 92' lang='lat' dir='ltr'>Deus.</span> <span class='ocrx_word' id='word_1_737' title='bbox 2358 4344 2540 4402; x_wconf 89' lang='lat' dir='ltr'>Datur</span> <span class='ocrx_word' id='word_1_738' title='bbox 2562 4343 2626 4401; x_wconf 94' lang='lat' dir='ltr'>in</span> <span class='ocrx_word' id='word_1_739' title='bbox 2657 4348 2849 4401; x_wconf 90' lang='lat' dir='ltr'>monte</span> <span class='ocrx_word' id='word_1_740' title='bbox 2876 4340 3180 4414; x_wconf 84' lang='lat' dir='ltr'>multiplex</span> <span class='ocrx_word' id='word_1_741' title='bbox 3211 4349 3633 4415; x_wconf 85' lang='lat' dir='ltr'>praceptorum</span> <span class='ocrx_word' id='word_1_742' title='bbox 3657 4345 3856 4399; x_wconf 89' lang='lat' dir='ltr'>aucto-</span> 
     </span>
    </p>
   </div>
   <div class='ocr_carea' id='block_1_107' title="bbox 2152 4428 3856 4505">
    <p class='ocr_par' dir='ltr' id='par_1_107' title="bbox 2152 4428 3856 4505">
     <span class='ocr_line' id='line_1_107' title="bbox 2152 4428 3856 4505; baseline -0.004 -15"><span class='ocrx_word' id='word_1_743' title='bbox 2152 4433 2307 4491; x_wconf 91' lang='lat' dir='ltr'>ritas.</span> <span class='ocrx_word' id='word_1_744' title='bbox 2341 4431 2620 4505; x_wconf 89' lang='lat' dir='ltr'>Loquitur</span> <span class='ocrx_word' id='word_1_745' title='bbox 2646 4430 2747 4488; x_wconf 92' lang='lat' dir='ltr'>ille</span> <span class='ocrx_word' id='word_1_746' title='bbox 2774 4445 2909 4488; x_wconf 90' lang='lat' dir='ltr'>cum</span> <span class='ocrx_word' id='word_1_747' title='bbox 2943 4429 3077 4502; x_wconf 94' lang='lat' dir='ltr'>Deo,</span> <span class='ocrx_word' id='word_1_748' title='bbox 3108 4430 3274 4502; x_wconf 90' lang='lat' dir='ltr'>quasi</span> <span class='ocrx_word' id='word_1_749' title='bbox 3305 4430 3476 4488; x_wconf 90' lang='lat' dir='ltr'>homo</span> <span class='ocrx_word' id='word_1_750' title='bbox 3499 4429 3571 4487; x_wconf 88' lang='lat' dir='ltr'>ad</span> <span class='ocrx_word' id='word_1_751' title='bbox 3597 4428 3856 4486; x_wconf 90' lang='lat' dir='ltr'>vicinum</span> 
     </span>
    </p>
   </div>
   <div class='ocr_carea' id='block_1_108' title="bbox 2152 4515 3859 4593">
    <p class='ocr_par' dir='ltr' id='par_1_108' title="bbox 2152 4515 3859 4593">
     <span class='ocr_line' id='line_1_108' title="bbox 2152 4515 3859 4593; baseline -0.005 -11"><span class='ocrx_word' id='word_1_752' title='bbox 2152 4537 2349 4582; x_wconf 91' lang='lat' dir='ltr'>suum.</span> <span class='ocrx_word' id='word_1_753' title='bbox 2386 4520 2512 4578; x_wconf 90' lang='lat' dir='ltr'>Non</span> <span class='ocrx_word' id='word_1_754' title='bbox 2553 4522 2651 4578; x_wconf 82' lang='lat' dir='ltr'>est</span> <span class='ocrx_word' id='word_1_755' title='bbox 2672 4519 3019 4578; x_wconf 90' lang='lat' dir='ltr'>occultatum</span> <span class='ocrx_word' id='word_1_756' title='bbox 3058 4534 3087 4575; x_wconf 85' lang='lat' dir='ltr'>a</span> <span class='ocrx_word' id='word_1_757' title='bbox 3141 4518 3337 4593; x_wconf 84' lang='lat' dir='ltr'>Moyse</span> <span class='ocrx_word' id='word_1_758' title='bbox 3374 4518 3528 4593; x_wconf 91' lang='lat' dir='ltr'>quod</span> <span class='ocrx_word' id='word_1_759' title='bbox 3568 4517 3706 4575; x_wconf 87' lang='lat' dir='ltr'>facit</span> <span class='ocrx_word' id='word_1_760' title='bbox 3750 4515 3859 4573; x_wconf 88' lang='lat' dir='ltr'>Do-</span> 
     </span>
    </p>
   </div>
   <div class='ocr_carea' id='block_1_109' title="bbox 2150 4605 3860 4683">
    <p class='ocr_par' dir='ltr' id='par_1_109' title="bbox 2150 4605 3860 4683">
     <span class='ocr_line' id='line_1_109' title="bbox 2150 4605 3860 4683; baseline -0.005 -10"><span class='ocrx_word' id='word_1_761' title='bbox 2150 4615 2349 4673; x_wconf 91' lang='lat' dir='ltr'>minus</span> <span class='ocrx_word' id='word_1_762' title='bbox 2375 4613 2438 4670; x_wconf 91' lang='lat' dir='ltr'>in</span> <span class='ocrx_word' id='word_1_763' title='bbox 2468 4611 2709 4682; x_wconf 91' lang='lat' dir='ltr'>occulto,</span> <span class='ocrx_word' id='word_1_764' title='bbox 2741 4615 2797 4668; x_wconf 94' lang='lat' dir='ltr'>et</span> <span class='ocrx_word' id='word_1_765' title='bbox 2821 4609 3137 4683; x_wconf 89' lang='lat' dir='ltr'>gloriosum</span> <span class='ocrx_word' id='word_1_766' title='bbox 3188 4623 3400 4668; x_wconf 90' lang='lat' dir='ltr'>nomen</span> <span class='ocrx_word' id='word_1_767' title='bbox 3429 4608 3674 4679; x_wconf 88' lang='lat' dir='ltr'>Adonai,</span> <span class='ocrx_word' id='word_1_768' title='bbox 3705 4605 3860 4681; x_wconf 89' lang='lat' dir='ltr'>quod</span> 
     </span>
    </p>
   </div>
   <div class='ocr_carea' id='block_1_110' title="bbox 2150 4696 3858 4767">
    <p class='ocr_par' dir='ltr' id='par_1_110' title="bbox 2150 4696 3858 4767">
     <span class='ocr_line' id='line_1_110' title="bbox 2150 4696 3858 4767; baseline -0.005 -6"><span class='ocrx_word' id='word_1_769' title='bbox 2150 4701 2425 4763; x_wconf 90' lang='lat' dir='ltr'>omnibus</span> <span class='ocrx_word' id='word_1_770' title='bbox 2488 4699 2820 4757; x_wconf 88' lang='lat' dir='ltr'>obvelatum</span> <span class='ocrx_word' id='word_1_771' title='bbox 2894 4697 3102 4767; x_wconf 89' lang='lat' dir='ltr'>fuerat,</span> <span class='ocrx_word' id='word_1_772' title='bbox 3160 4696 3451 4755; x_wconf 89' lang='lat' dir='ltr'>revelatur</span> <span class='ocrx_word' id='word_1_773' title='bbox 3509 4697 3713 4763; x_wconf 67' lang='lat' dir='ltr'>(Exod.</span> <span class='ocrx_word' id='word_1_774' title='bbox 3774 4706 3858 4765; x_wconf 89' lang='lat' dir='ltr'>Iv,</span> 
     </span>
    </p>
   </div>
   <div class='ocr_carea' id='block_1_111' title="bbox 2153 4776 3862 4858">
    <p class='ocr_par' dir='ltr' id='par_1_111' title="bbox 2153 4776 3862 4858">
     <span class='ocr_line' id='line_1_111' title="bbox 2153 4776 3862 4858; baseline -0.005 -11"><span class='ocrx_word' id='word_1_775' title='bbox 2153 4794 2308 4858; x_wconf 90' lang='lat' dir='ltr'>etc.).</span> <span class='ocrx_word' id='word_1_776' title='bbox 2346 4787 2458 4846; x_wconf 92' lang='lat' dir='ltr'>Sed</span> <span class='ocrx_word' id='word_1_777' title='bbox 2509 4786 2564 4844; x_wconf 91' lang='lat' dir='ltr'>in</span> <span class='ocrx_word' id='word_1_778' title='bbox 2610 4787 2702 4843; x_wconf 88' lang='lat' dir='ltr'>his</span> <span class='ocrx_word' id='word_1_779' title='bbox 2749 4776 3023 4844; x_wconf 80' lang='lat' dir='ltr'>omnibus</span> <span class='ocrx_word' id='word_1_780' title='bbox 3061 4784 3221 4858; x_wconf 89' lang='lat' dir='ltr'>regni</span> <span class='ocrx_word' id='word_1_781' title='bbox 3260 4784 3542 4844; x_wconf 78' lang='lat' dir='ltr'>calorum</span> <span class='ocrx_word' id='word_1_782' title='bbox 3582 4781 3862 4841; x_wconf 90' lang='lat' dir='ltr'>memoria</span> 
     </span>
    </p>
   </div>
   <div class='ocr_carea' id='block_1_112' title="bbox 2159 4875 3862 4947">
    <p class='ocr_par' dir='ltr' id='par_1_112' title="bbox 2159 4875 3862 4947">
     <span class='ocr_line' id='line_1_112' title="bbox 2159 4875 3862 4947; baseline -0.005 -10"><span class='ocrx_word' id='word_1_783' title='bbox 2159 4895 2261 4937; x_wconf 93' lang='lat' dir='ltr'>nec</span> <span class='ocrx_word' id='word_1_784' title='bbox 2310 4875 2667 4947; x_wconf 89' lang='lat' dir='ltr'>nominatur,</span> <span class='ocrx_word' id='word_1_785' title='bbox 2709 4890 2815 4933; x_wconf 90' lang='lat' dir='ltr'>nec</span> <span class='ocrx_word' id='word_1_786' title='bbox 2865 4875 3119 4933; x_wconf 90' lang='lat' dir='ltr'>auditur.</span> <span class='ocrx_word' id='word_1_787' title='bbox 3163 4875 3324 4933; x_wconf 85' lang='lat' dir='ltr'>Astat</span> <span class='ocrx_word' id='word_1_788' title='bbox 3364 4875 3557 4932; x_wconf 88' lang='lat' dir='ltr'>Aaron</span> <span class='ocrx_word' id='word_1_789' title='bbox 3597 4885 3862 4931; x_wconf 89' lang='lat' dir='ltr'>summus</span> 
     </span>
    </p>
   </div>
   <div class='ocr_carea' id='block_1_113' title="bbox 2155 4959 3860 5040">
    <p class='ocr_par' dir='ltr' id='par_1_113' title="bbox 2155 4959 3860 5040">
     <span class='ocr_line' id='line_1_113' title="bbox 2155 4959 3860 5040; baseline -0.004 -14"><span class='ocrx_word' id='word_1_790' title='bbox 2155 4966 2435 5038; x_wconf 90' lang='lat' dir='ltr'>sacerdos,</span> <span class='ocrx_word' id='word_1_791' title='bbox 2486 4966 2735 5038; x_wconf 88' lang='lat' dir='ltr'>potentis</span> <span class='ocrx_word' id='word_1_792' title='bbox 2784 4967 2967 5040; x_wconf 90' lang='lat' dir='ltr'>virga</span> <span class='ocrx_word' id='word_1_793' title='bbox 3017 4959 3326 5039; x_wconf 82' lang='lat' dir='ltr'>gestarius,</span> <span class='ocrx_word' id='word_1_794' title='bbox 3370 4972 3579 5023; x_wconf 91' lang='lat' dir='ltr'>unctus</span> <span class='ocrx_word' id='word_1_795' title='bbox 3622 4969 3677 5021; x_wconf 92' lang='lat' dir='ltr'>et</span> <span class='ocrx_word' id='word_1_796' title='bbox 3713 4961 3860 5020; x_wconf 87' lang='lat' dir='ltr'>deli-</span> 
     </span>
    </p>
   </div>
   <div class='ocr_carea' id='block_1_114' title="bbox 2156 5050 3864 5113">
    <p class='ocr_par' dir='ltr' id='par_1_114' title="bbox 2156 5050 3864 5113">
     <span class='ocr_line' id='line_1_114' title="bbox 2156 5050 3864 5113; baseline -0.003 0"><span class='ocrx_word' id='word_1_797' title='bbox 2156 5055 2333 5113; x_wconf 91' lang='lat' dir='ltr'>butus</span> <span class='ocrx_word' id='word_1_798' title='bbox 2378 5052 2695 5112; x_wconf 70' lang='lat' dir='ltr'>caelestium</span> <span class='ocrx_word' id='word_1_799' title='bbox 2758 5060 3247 5111; x_wconf 87' lang='lat' dir='ltr'>sacramentorum</span> <span class='ocrx_word' id='word_1_800' title='bbox 3299 5052 3594 5110; x_wconf 88' lang='lat' dir='ltr'>unctione.</span> <span class='ocrx_word' id='word_1_801' title='bbox 3655 5050 3864 5109; x_wconf 89' lang='lat' dir='ltr'>Succe-</span> 
     </span>
    </p>
   </div>
   <div class='ocr_carea' id='block_1_115' title="bbox 2157 5141 3866 5216">
    <p class='ocr_par' dir='ltr' id='par_1_115' title="bbox 2157 5141 3866 5216">
     <span class='ocr_line' id='line_1_115' title="bbox 2157 5141 3866 5216; baseline -0.002 -14"><span class='ocrx_word' id='word_1_802' title='bbox 2157 5146 2241 5205; x_wconf 90' lang='lat' dir='ltr'>dit</span> <span class='ocrx_word' id='word_1_803' title='bbox 2275 5147 2468 5216; x_wconf 89' lang='lat' dir='ltr'>Josue,</span> <span class='ocrx_word' id='word_1_804' title='bbox 2518 5152 2573 5204; x_wconf 91' lang='lat' dir='ltr'>et</span> <span class='ocrx_word' id='word_1_805' title='bbox 2615 5145 2805 5204; x_wconf 88' lang='lat' dir='ltr'>omnis</span> <span class='ocrx_word' id='word_1_806' title='bbox 2832 5144 2931 5202; x_wconf 90' lang='lat' dir='ltr'>illa</span> <span class='ocrx_word' id='word_1_807' title='bbox 2955 5143 3218 5216; x_wconf 86' lang='lat' dir='ltr'>judicum</span> <span class='ocrx_word' id='word_1_808' title='bbox 3264 5141 3593 5211; x_wconf 89' lang='lat' dir='ltr'>multitudo,</span> <span class='ocrx_word' id='word_1_809' title='bbox 3628 5156 3733 5199; x_wconf 91' lang='lat' dir='ltr'>nec</span> <span class='ocrx_word' id='word_1_810' title='bbox 3780 5148 3866 5199; x_wconf 90' lang='lat' dir='ltr'>est</span> 
     </span>
    </p>
   </div>
   <div class='ocr_carea' id='block_1_116' title="bbox 2163 5230 3861 5306">
    <p class='ocr_par' dir='ltr' id='par_1_116' title="bbox 2163 5230 3861 5306">
     <span class='ocr_line' id='line_1_116' title="bbox 2163 5230 3861 5306; baseline -0.004 -12"><span class='ocrx_word' id='word_1_811' title='bbox 2163 5239 2251 5294; x_wconf 86' lang='lat' dir='ltr'>vel</span> <span class='ocrx_word' id='word_1_812' title='bbox 2290 5236 2407 5294; x_wconf 85' lang='lat' dir='ltr'>ulla</span> <span class='ocrx_word' id='word_1_813' title='bbox 2458 5235 2649 5293; x_wconf 90' lang='lat' dir='ltr'>tenuis</span> <span class='ocrx_word' id='word_1_814' title='bbox 2706 5234 2919 5292; x_wconf 89' lang='lat' dir='ltr'>mentio</span> <span class='ocrx_word' id='word_1_815' title='bbox 2975 5232 3159 5306; x_wconf 78' lang='lat' dir='ltr'>Regni</span> <span class='ocrx_word' id='word_1_816' title='bbox 3207 5230 3456 5290; x_wconf 82' lang='lat' dir='ltr'>calestis</span> <span class='ocrx_word' id='word_1_817' title='bbox 3504 5234 3659 5301; x_wconf 73' lang='lat'>(103.,</span> <span class='ocrx_word' id='word_1_818' title='bbox 3713 5230 3861 5302; x_wconf 88' lang='lat' dir='ltr'>lib.).</span> 
     </span>
    </p>
   </div>
   <div class='ocr_carea' id='block_1_117' title="bbox 2160 5320 3865 5382">
    <p class='ocr_par' dir='ltr' id='par_1_117' title="bbox 2160 5320 3865 5382">
     <span class='ocr_line' id='line_1_117' title="bbox 2160 5320 3865 5382; baseline -0.004 0"><span class='ocrx_word' id='word_1_819' title='bbox 2160 5324 2394 5382; x_wconf 88' lang='lat' dir='ltr'>Invenit</span> <span class='ocrx_word' id='word_1_820' title='bbox 2431 5322 2713 5381; x_wconf 88' lang='lat' dir='ltr'>Dominus</span> <span class='ocrx_word' id='word_1_821' title='bbox 2742 5322 2927 5380; x_wconf 88' lang='lat' dir='ltr'>David</span> <span class='ocrx_word' id='word_1_822' title='bbox 2958 5320 3152 5379; x_wconf 89' lang='lat' dir='ltr'>virum</span> <span class='ocrx_word' id='word_1_823' title='bbox 3195 5320 3514 5378; x_wconf 87' lang='lat' dir='ltr'>secundum</span> <span class='ocrx_word' id='word_1_824' title='bbox 3557 5334 3655 5377; x_wconf 91' lang='lat' dir='ltr'>cor</span> <span class='ocrx_word' id='word_1_825' title='bbox 3691 5333 3865 5377; x_wconf 89' lang='lat' dir='ltr'>suum</span> 
     </span>
    </p>
   </div>
   <div class='ocr_carea' id='block_1_118' title="bbox 2161 5407 3865 5485">
    <p class='ocr_par' dir='ltr' id='par_1_118' title="bbox 2161 5407 3865 5485">
     <span class='ocr_line' id='line_1_118' title="bbox 2161 5407 3865 5485; baseline -0.002 -15"><span class='ocrx_word' id='word_1_826' title='bbox 2161 5417 2327 5485; x_wconf 86' lang='lat' dir='ltr'>(Psal.</span> <span class='ocrx_word' id='word_1_827' title='bbox 2381 5416 2705 5481; x_wconf 85' lang='lat' dir='ltr'><strong><em>LXXXVIII),</em></strong></span> <span class='ocrx_word' id='word_1_828' title='bbox 2753 5410 3119 5471; x_wconf 90' lang='lat' dir='ltr'>Salomonem</span> <span class='ocrx_word' id='word_1_829' title='bbox 3165 5409 3355 5469; x_wconf 89' lang='lat' dir='ltr'>ﬁlium</span> <span class='ocrx_word' id='word_1_830' title='bbox 3405 5410 3531 5483; x_wconf 90' lang='lat' dir='ltr'>ejus</span> <span class='ocrx_word' id='word_1_831' title='bbox 3583 5407 3865 5482; x_wconf 88' lang='lat' dir='ltr'>sapientia</span> 
     </span>
    </p>
   </div>
   <div class='ocr_carea' id='block_1_119' title="bbox 2159 5495 3862 5573">
    <p class='ocr_par' dir='ltr' id='par_1_119' title="bbox 2159 5495 3862 5573">
     <span class='ocr_line' id='line_1_119' title="bbox 2159 5495 3862 5573; baseline -0.004 -13"><span class='ocrx_word' id='word_1_832' title='bbox 2159 5502 2418 5561; x_wconf 87' lang='lat' dir='ltr'>cumulat</span> <span class='ocrx_word' id='word_1_833' title='bbox 2472 5499 2754 5573; x_wconf 88' lang='lat' dir='ltr'>singulari</span> <span class='ocrx_word' id='word_1_834' title='bbox 2802 5502 2905 5569; x_wconf 87' lang='lat' dir='ltr'><strong><em>(III</em></strong></span> <span class='ocrx_word' id='word_1_835' title='bbox 2956 5502 3085 5568; x_wconf 87' lang='lat' dir='ltr'>Reg.</span> <span class='ocrx_word' id='word_1_836' title='bbox 3147 5502 3249 5568; x_wconf 82' lang='lat' dir='ltr'><strong><em>III),</em></strong></span> <span class='ocrx_word' id='word_1_837' title='bbox 3303 5503 3357 5554; x_wconf 92' lang='lat' dir='ltr'>et</span> <span class='ocrx_word' id='word_1_838' title='bbox 3405 5510 3641 5555; x_wconf 90' lang='lat' dir='ltr'>omnem</span> <span class='ocrx_word' id='word_1_839' title='bbox 3694 5495 3862 5554; x_wconf 91' lang='lat' dir='ltr'>illum</span> 
     </span>
    </p>
   </div>
   <div class='ocr_carea' id='block_1_120' title="bbox 2158 5587 3864 5667">
    <p class='ocr_par' dir='ltr' id='par_1_120' title="bbox 2158 5587 3864 5667">
     <span class='ocr_line' id='line_1_120' title="bbox 2158 5587 3864 5667; baseline -0.004 -16"><span class='ocrx_word' id='word_1_840' title='bbox 2158 5591 2547 5667; x_wconf 84' lang='lat' dir='ltr'>prOphetalem</span> <span class='ocrx_word' id='word_1_841' title='bbox 2598 5591 2842 5649; x_wconf 89' lang='lat' dir='ltr'>chorum</span> <span class='ocrx_word' id='word_1_842' title='bbox 2897 5587 3148 5662; x_wconf 86' lang='lat' dir='ltr'>Spiritus</span> <span class='ocrx_word' id='word_1_843' title='bbox 3206 5596 3437 5647; x_wconf 90' lang='lat' dir='ltr'>sanctus</span> <span class='ocrx_word' id='word_1_844' title='bbox 3507 5587 3738 5646; x_wconf 89' lang='lat' dir='ltr'>ordinat</span> <span class='ocrx_word' id='word_1_845' title='bbox 3806 5594 3864 5645; x_wconf 86' lang='lat' dir='ltr'>et</span> 
     </span>
    </p>
   </div>
  </div>
