4184 6474
240 355 349 417 633

1747 357 1995 421 SERMO
2031 357 2244 419 XXIII.

3637 359 3745 422 634

240 477 520 550 infundit,
553 478 823 555 nihilque
855 480 925 538 de
955 479 1203 541 caelestis
1232 482 1393 555 regni
1433 482 1615 557 gloria
1646 480 2170 557 propheta-Ame?
2212 483 2426 549 (Matth.
2466 482 2569 553 III.)
2601 504 2627 530 »
2663 480 2811 539 Dicit
2846 481 2899 538 ei
2939 479 3200 540 Salvator
3229 500 3240 538 :
3290 505 3311 535 α
3353 479 3490 541 Sine
3530 484 3737 557 modo;

243 575 358 630 tur.
390 568 615 628 Claudit
663 569 816 626 Elias
864 571 1076 628 calum
1118 568 1515 632 annis'tribus
1559 577 1611 630 et
1656 573 1953 632 mensibus

240 675 345 718 sex
381 662 486 728 (III
530 662 654 727 Reg.
691 663 878 730 XVII);
912 659 1136 720 Eliseus
1174 667 1438 720 mortuus
1480 668 1774 721 mortuum
1817 661 1953 720 vita

239 747 490 806 restituit
516 751 621 814 (IV
644 751 774 817 Reg.
809 749 930 818 IV);
967 757 1021 806 et
1055 749 1127 806 ab
1169 749 1257 806 his
1304 765 1408 808 nec
1453 750 1545 807 vel
1583 751 1703 809 ulla
1731 751 1954 810 scintil-

238 833 359 893 lula
389 833 572 892 beata
606 834 922 893 mansionis
967 836 1173 895 elucet.
1208 837 1357 908 Quid
1390 837 1559 910 plura
1580 837 1608 895 ‘P
1636 840 1686 896 A
1734 839 1952 912 princi-

239 924 338 998 pio
366 923 572 982 mundi
607 938 791 997 usque
821 925 890 980 ad
923 925 1201 983 Joannem
1236 927 1630 986 universitatis
1670 925 1811 983 122
1840 929 1952 987 hu-

240 1028 431 1070 mana
497 1012 832 1070 electionem
907 1014 1190 1087 recollige,
1247 1033 1354 1075 nec
1409 1019 1470 1075 in
1540 1034 1805 1076 sermone
1860 1017 1953 1077 vel

237 1117 410 1175 opere
457 1101 616 1158 illius
659 1102 970 1159 sanctuarii
1007 1104 1220 1176 poteris
1269 1106 1518 1178 reperire
1563 1106 1950 1166 dulcedinem.

240 1190 390 1248 Veni
425 1206 559 1263 ergo
583 1191 654 1248 ad
683 1191 985 1261 Joannem,
1017 1198 1072 1250 et
1103 1194 1239 1252 audi
1281 1210 1477 1253 vocem
1529 1195 1950 1266 exsultationis,

237 1293 439 1337 vocem
494 1279 788 1350 novitatis,
834 1296 1034 1338 vocem
1071 1281 1308 1353 latitia,
1357 1283 1769 1342 misericordia
1821 1300 1954 1342 ver—

236 1367 424 1435 bum,
479 1381 804 1424 sermonem
855 1369 1073 1440 gloria,
1126 1370 1328 1442 gratia
1379 1370 1736 1446 largitatem;
1799 1373 1954 1447 quod

236 1453 525 1514 celaverat
575 1454 748 1526 Deus,
806 1461 1056 1516 tacuerat
1107 1461 1368 1533 angelus,
1416 1461 1657 1520 latuerat
1712 1462 1954 1536 patriar-

238 1547 400 1618 chas,
444 1547 740 1621 propheta
783 1549 1151 1608 nescierant:
1208 1576 1228 1601 ι
1269 1552 1692 1626 Panitentiam,
1743 1554 1953 1627 inquit,

237 1637 429 1710 agite;
458 1636 939 1710 appropinquabit
963 1638 1120 1696 enim
1154 1655 1396 1711 regnum
1424 1641 1701 1700 calorum
1736 1644 1950 1715 (Matth.

240 1731 344 1797 III).
377 1745 404 1776 »
439 1724 693 1783 Verbum
731 1727 1090 1799 pauitantia
1137 1728 1323 1799 dulce,
1373 1735 1429 1787 et
1464 1731 1781 1804 gloriosum
1826 1747 1956 1789 ver-

2034 568 2115 625 sic
2143 569 2300 626 enim
2330 569 2487 626 decet
2510 584 2616 627 nos
2640 569 2880 642 implere.
2906 585 3134 628 omnem
3160 569 3446 644 justitiam
3477 573 3679 647 (Ibid).
3714 597 3742 626 π

2034 657 2432 731 Acquiescitur
2476 657 2750 732 utrinque
2788 657 3138 716 salutaribus
3178 658 3430 732 monitis,
3468 667 3523 718 et
3557 663 3744 720 accin-

2033 747 2116 819 git
2151 762 2211 804 se
2243 747 2492 804 Joannes
2535 747 2600 802 ad
2650 746 3054 820 baptizandum
3105 753 3159 804 et
3193 747 3263 804 ad
3303 749 3738 822 suspiciendum

2035 835 2346 894 Dominum
2385 835 2746 909 angelorum.
2786 835 3038 894 Exuitur
3067 837 3424 896 vestimentis
3463 839 3586 897 suis
3618 839 3744 899 Rex

2033 928 2250 1000 gloria,
2290 928 2560 1001 splendor
2597 926 2861 997 luminis,
2895 933 2950 984 et
2995 928 3182 1000 ﬁgura
3237 929 3577 988 substantia
3616 930 3744 1003 Dei,

2033 1016 2276 1075 Joannis
2327 1017 2598 1075 manibus
2643 1023 2990 1075 atlrectatur.
3045 1018 3187 1075 Caro
3244 1018 3344 1076 illa
3393 1025 3623 1094 sumpta
3675 1020 3746 1078 de

2035 1105 2294 1178 Virgine,
2327 1104 2770 1176 candidioreque
2811 1103 3065 1162 derivata
3102 1106 3358 1176 materia,
3399 1107 3652 1166 nudatur
3680 1108 3743 1165 in

2035 1196 2299 1266 ﬂumine,
2330 1195 2597 1252 felicibus
2620 1194 2891 1269 Baptista
2916 1195 3184 1254 manibus
3215 1197 3595 1256 infundenda.
3630 1196 3744 1255 De-

2035 1284 2321 1342 scendunt
2353 1282 2580 1356 angeli:
2617 1289 2673 1341 et
2701 1284 2978 1342 calorum
3014 1285 3245 1356 agmina
3282 1293 3395 1344 tota
3425 1285 3748 1344 reverentia

2036 1379 2283 1432 currunt
2343 1372 2414 1429 ad
2461 1373 2804 1441 Creatorem,
2850 1373 3344 1447 baptizantemque
3398 1379 3453 1431 et
3491 1373 3745 1448 baptiza-

2036 1471 2161 1523 tum
2215 1461 2574 1520 dominantia
2631 1461 2876 1520 numina
2937 1463 3423 1536 circumcingunt.
3481 1462 3748 1520 Infundit

2034 1570 2242 1629 aquam
2300 1552 2470 1626 capiti
2526 1547 2666 1604 123
2717 1549 3000 1608 Creatoris
3051 1557 3313 1609 creatura
3364 1551 3634 1622 nobilior,
3694 1555 3751 1610 et

2036 1644 2138 1702 Dei
2170 1643 2442 1701 verticem
2492 1640 2750 1698 mortalis
2787 1641 3023 1699 dextera
3070 1648 3379 1699 contrectat
3425 1647 3480 1700 et
3517 1641 3748 1700 contin-

2036 1733 2136 1806 git.
2181 1733 2354 1790 Pavet
2401 1729 2611 1788 calum
2641 1774 2657 1800 ,
2714 1734 2902 1802 stupet
2959 1734 3128 1800 terra,
3180 1729 3450 1788 Jorilanis
3509 1729 3750 1802 arridet,

241 1814 385 1907 bum
421 1813 581 1907 regni
627 1813 906 1873 calorum
955 1815 1157 1907 latum
1203 1825 1255 1876 et
1297 1819 1676 1891 adorandum,
1711 1821 1798 1879 illi
1848 1823 2325 1907 soliBmirantur
2352 1818 2682 1893 archangeli
2719 1817 3033 1907 Dominum
3075 1817 3324 1877 Sabaoth
3361 1820 3510 1877 inter
3540 1833 3753 1877 manus

241 1903 521 1977 primario
563 1907 917 1964 conveniens
962 1906 1062 1979 qui
1119 1907 1342 1980 primus
1399 1909 1544 1967 Novi
1602 1909 1950 1970 Testamenti

240 1993 438 2067 posuit
479 1996 875 2054 fundamenta.
910 1995 1048 2054 Hac
1076 2003 1154 2054 est
1189 1997 1288 2054 illa
1331 2015 1467 2070 vox,
1497 1999 1566 2058 de
1613 2016 1729 2074 qua
1774 2003 1956 2060 maxi-

250 2099 385 2142 mus
431 2083 530 2142 ille
575 2086 988 2160 contemplator
1029 2087 1350 2148 caelestium
1399 2090 1693 2150 visionum
1733 2093 1793 2150 in
1831 2094 1957 2152 hac

253 2172 429 2231 verba
467 2174 832 2248 prosequitur
877 2199 889 2232 :
947 2198 967 2226 ι
1003 2177 1071 2234 Et
1122 2194 1234 2236 vox
1282 2177 1467 2252 prima
1513 2195 1686 2253 quam
1733 2181 1954 2254 audivi,

173 2342 182 2348 _
253 2266 530 2335 tanquam
582 2263 1029 2322 citharadorum
1084 2265 1548 2326 citharizantium
1600 2269 1676 2326 in
1724 2271 1958 2327 citharis

253 2351 380 2408 suis
419 2353 607 2423 (Apoc.
635 2353 777 2425 XIV).
812 2376 837 2400 ι»
867 2353 917 2410 Α
946 2351 1148 2411 diebus
1177 2354 1319 2412 Ada
1346 2370 1532 2428 usque
1567 2356 1636 2414 ad
1675 2357 1957 2416 Joannem

252 2455 536 2514 organum
586 2447 847 2498 nostrum
897 2455 1126 2499 versum
1182 2448 1268 2499 est
1315 2443 1373 2500 in
1426 2459 1622 2502 vocem
1670 2445 1957 2518 ﬂentium,

246 2530 386 2603 quia
446 2528 527 2587 ibi
584 2535 942 2603 peccatorum
1011 2529 1376 2604 frequentia,
1439 2548 1546 2590 nec
1605 2533 1961 2607 panitentia

245 2618 429 2689 locus,
469 2618 683 2692 duplex
727 2625 849 2677 erat
887 2620 1222 2693 deplorandi
1267 2623 1524 2680 materia.
1572 2623 1836 2682 Occidis?
1875 2640 1962 2682 ocr

246 2707 363 2765 cidi
397 2707 639 2779 juberis.
677 2707 921 2767 Sabbato
960 2709 1114 2780 ligna
1154 2709 1427 2783 colligis?
1467 2710 1705 2784 lapidari
1739 2711 1964 2786 juberis

249 2798 431 2866 (Num.
467 2797 591 2866 XV),
631 2801 686 2852 et
722 2795 842 2867 ille,
882 2796 976 2854 cui
1018 2797 1313 2870 proprium
1362 2804 1446 2855 est
1494 2799 1752 2857 misereri
1807 2816 1962 2857 sem-

249 2899 351 2956 per
386 2891 440 2940 et
467 2899 717 2957 parcere,
751 2884 865 2942 nisi
903 2886 1073 2944 ferire
1113 2903 1224 2945 non
1268 2888 1448 2947 novit.
1483 2887 1722 2946 Dederat
1751 2891 1965 2962 quippe

247 2972 332 3030 eis
360 2980 642 3046 pracepta
671 2989 790 3032 non
819 2973 968 3032 bona
993 2975 1235 3034 traditor
1257 2983 1697 3050 praceptorum,
1729 2985 1784 3034 et
1801 2976 1968 3050 justi-

251 3061 544 3120 ﬁcationes
601 3063 662 3120 in
729 3064 944 3137 quibus
1006 3065 1202 3124 vivere
1271 3082 1386 3124 non
1453 3075 1679 3140 possent
1747 3069 1960 3136 (Ezech.

251 3152 382 3221 XX).
437 3149 560 3209 Hoc
613 3156 697 3208 est
749 3153 899 3226 quod
944 3153 1138 3224 justus
1191 3154 1434 3211 miratur
1491 3153 1732 3212 dicens:
1793 3181 1819 3204 «
1855 3155 1964 3213 Ubi

251 3241 664 3300 misericordia
681 3247 796 3301 tua
815 3243 1090 3316 antiqua,
1106 3243 1388 3302 Domine?
1406 3268 1431 3294 υ
1453 3247 1622 3313 (Psal.
1645 3249 1966 3318 LXXXVIII.)

251 3331 505 3390 Joannes
534 3340 704 3391 natus
741 3333 989 3391 ostendit
1025 3334 1514 3393 medicamentum
1550 3334 1802 3405 vulneri,
1833 3351 1969 3409 pec-

252 3427 378 3480 cato
407 3423 824 3496 panitentiam,
857 3425 1086 3482 veniam
1138 3425 1450 3500 iniquitati.
1479 3425 1621 3483 Hac
1659 3431 1743 3483 est
1783 3426 1970 3498 prima

253 3529 368 3572 vox
398 3529 574 3588 quam
606 3530 722 3572 vox
758 3517 1062 3574 clamantis
1101 3516 1162 3573 in
1200 3517 1422 3575 deserto
1454 3520 1676 3584 (Matth.
1718 3522 1802 3585 III)
1832 3531 1967 3590 pro-

253 3602 446 3675 posuit
477 3627 489 3660 :
531 3626 551 3654 ι
601 3603 672 3661 Et
709 3619 824 3662 vox
858 3605 1099 3663 turturis
1140 3606 1338 3664 audita
1379 3612 1462 3663 est
1501 3607 1561 3663 in
1594 3613 1743 3664 terra
1776 3612 1971 3662 nostra

255 3695 427 3765 (Cant.
462 3699 541 3759 II).
576 3716 604 3748 »
648 3695 736 3752 Ex
783 3701 918 3753 tunc
967 3695 1127 3752 misit
1174 3695 1232 3752 in
1280 3711 1343 3754 os
1379 3703 1642 3753 nostrum
1682 3694 1970 3752 canticum

256 3802 499 3859 novum,
533 3803 763 3845 carmen
795 3788 910 3846 Deo
948 3793 1139 3846 nostro
1171 3790 1340 3856 (Psal.
1371 3791 1616 3858 XXXIX),
1653 3791 1708 3845 et
1747 3791 1975 3842 resonat

254 3879 317 3937 in
350 3895 449 3938 ore
490 3887 684 3938 nostro
714 3880 1032 3954 gratiarum
1072 3879 1238 3950 actio,
1270 3887 1325 3938 et
1354 3896 1468 3938 vox
1505 3879 1728 3947 laudis;
1771 3893 1971 3950 super-

257 3969 545 4027 exaltatur
598 3969 990 4027 misericordia
1043 3969 1296 4042 judicio,
1350 3969 1742 4042 peccatoribus
1784 3965 1972 4041 parci-

259 4066 375 4129 tur,
441 4065 637 4132 regnat
692 4058 892 4130 pietas,
943 4059 1167 4131 justitia
1214 4057 1636 4126 dissimulatur,
1697 4063 1751 4113 et
1800 4055 1972 4112 mise-

259 4148 447 4219 rendi,
489 4164 605 4206 non
657 4147 924 4217 feriendi,
977 4147 1188 4222 quarit
1233 4147 1590 4204 occasionem
1646 4144 1974 4202 misericors

260 4246 316 4296 et
359 4239 662 4296 Iniserator
699 4237 1001 4295 Dominus.
1048 4236 1398 4293 Citharizant
1446 4249 1581 4307 ergo
1630 4234 1691 4290 in
1738 4230 1974 4289 citharis

261 4325 418 4398 suis,
456 4325 558 4401 qui
597 4325 957 4399 voluptatum
995 4324 1336 4383 effusionem
1383 4322 1740 4397 panitentia
1778 4319 1974 4377 distri-

262 4415 454 4475 ctione
498 4415 867 4472 reverberant
899 4433 912 4470 :
943 4421 993 4472 et
1029 4412 1098 4472 de
1147 4413 1430 4486 profunda
1477 4415 1834 4485 peccatorum
1871 4423 1975 4466 vo-

264 4505 464 4578 ragine
509 4503 870 4577 respirantes,
922 4502 1220 4560 Pharaone
1268 4500 1588 4570 submerso,
1637 4503 1867 4556 cantant
1911 4497 1972 4554 in

263 4594 379 4652 viis
426 4592 674 4662 Domini,
725 4617 748 4642 α
787 4592 1064 4666 quoniam
1121 4605 1328 4663 magna
1380 4595 1464 4647 est
1514 4588 1696 4662 gloria
1745 4585 1974 4644 Domini

264 4683 442 4751 (Psal.
473 4685 774 4747 CXXXVII).
805 4703 831 4729 η

339 4771 632 4842 Septimus
680 4776 765 4827 est
815 4768 1066 4839 dignitas
1124 4767 1184 4824 in
1245 4766 1601 4840 baptismate.
1657 4761 1978 4836 Singularis

265 4872 502 4932 prorsus
536 4856 852 4924 humilitas,
892 4853 1146 4912 Verbum
1194 4869 1324 4911 caro
1363 4853 1598 4924 factum,
1636 4861 1690 4910 et
1734 4854 1793 4910 in
1849 4867 1978 4925 per-

265 4947 481 5004 fectum
519 4944 816 5017 egrediens
848 4942 1076 5012 virum,
1113 4942 1307 5000 relicta
1346 4941 1650 4999 hominum
1693 4939 1980 4998 universi-

269 5039 402 5102 tate,
434 5033 718 5091 Joannem
760 5032 992 5105 quarit,
1035 5031 1318 5089 Joannem
1356 5029 1660 5099 desiderat,
1693 5029 1765 5086 ad
1804 5028 1980 5086 Joan-

267 5137 405 5180 nem
449 5120 627 5179 vadit.
673 5121 975 5179 Terribilis
1012 5119 1071 5176 in
1119 5117 1376 5177 consiliis
1415 5119 1566 5176 Deus
1617 5133 1791 5190 super
1830 5116 1981 5175 filios

267 5212 581 5272 hominum
618 5215 781 5284 (Psal.
823 5213 983 5282 LXV),
1017 5214 1364 5284 portansque
1409 5209 1604 5267 omnia
1653 5209 1826 5267 verbo
1869 5208 1982 5266 vir-

270 5304 410 5363 tutis
442 5318 588 5373 sua,
619 5302 1019 5376 purgationem
1059 5306 1420 5372 peccatorum
1460 5299 1675 5357 faciens
1702 5301 1880 5370 (Hebr.
1919 5300 1980 5370 I),

273 5395 434 5452 venit
465 5409 498 5450 a
531 5392 769 5452 Galilaa
802 5395 863 5450 in
900 5391 1211 5450 Jordanem
1253 5387 1322 5446 ad
1362 5388 1667 5458 Joannem,
1700 5397 1764 5447 ut
1796 5387 1983 5460 bapti-

271 5487 499 5542 zaretur
532 5482 604 5539 ab
643 5497 728 5539 eo.
776 5478 976 5552 Stupet
1021 5479 1275 5539 Joannes
1309 5481 1366 5532 et
1397 5476 1600 5533 timore
1635 5476 1980 5544 concutitur,

274 5577 578 5643 totumque
639 5567 1023 5643 patriarcham
1097 5564 1362 5624 inﬁnitus
1446 5565 1651 5621 horror
1719 5563 1982 5622 insumit.

278 5683 305 5710 α
344 5659 485 5732 Ego,
523 5658 734 5733 inquit,
777 5673 810 5715 a
856 5663 907 5714 te
954 5655 1132 5715 debeo
1175 5653 1469 5728 baptizari,
1515 5661 1572 5712 et
1625 5659 1684 5711 tu
1725 5653 1881 5711 venis
1911 5652 1981 5712 ad

2044 1910 2382 1985 baptizantis
2414 1908 2659 1966 includi.
2701 1906 2848 1976 Quid
2887 1913 2990 1978 est,
3031 1906 3327 1965 Joannes?
3353 1907 3667 1966 Cherubim
3699 1911 3758 1964 et

2047 1999 2345 2073 Seraphim
2389 1999 2490 2054 vix
2527 1997 2742 2054 audent
2778 1994 3076 2068 respicere,
3105 2002 3160 2053 et
3194 2002 3255 2052 tu
3296 1997 3523 2056 nudum
3558 2001 3754 2054 tenere

2043 2089 2386 2165 praesumis!
2420 2088 2528 2145 Hic
2565 2093 2666 2156 est,
2697 2086 2756 2143 in
2799 2100 2974 2158 quem
3016 2085 3343 2143 desiderant
3384 2086 3578 2160 angeli
3617 2099 3749 2159 pro-

2045 2181 2260 2254 Spicere
2311 2182 2360 2246 (Ι
2384 2181 2529 2233 Pet-r.
2563 2183 2641 2246 I);
2683 2173 2811 2241 cui,
2864 2172 3128 2244 Sanctus,
3189 2181 3441 2246 sanctus,
3491 2179 3749 2244 sanctus,

2045 2267 2283 2330 sublimi
2334 2264 2712 2323 melodiarum
2757 2277 2972 2334 organo
3012 2261 3190 2320 beata
3227 2263 3474 2320 civitatis
3504 2277 3753 2321 conven-

2047 2367 2142 2419 tus
2171 2355 2488 2428 ingeminat
2519 2355 2670 2421 (1εαὶ.
2712 2363 2810 2422 VI;
2839 2353 3009 2422 Apoc.
3042 2352 3153 2422 IV);
3194 2350 3296 2424 qui
3330 2351 3489 2409 solus
3536 2350 3755 2408 habitat

2047 2449 2235 2508 lucem
2291 2443 2745 2503 inaccessibilem
2793 2445 2830 2512 (1
2889 2445 3026 2498 Tim.
3076 2445 3176 2511 VI),
3237 2441 3519 2501 Dominus
3567 2441 3754 2499 virtu-

2049 2545 2196 2608 tum,
2247 2535 2399 2593 Deus
2456 2532 2846 2601 scientiarum,
2906 2530 3428 2590 misericordiarum
3481 2535 3660 2603 pater,
3701 2535 3756 2588 et

2051 2634 2108 2686 tu
2155 2642 2267 2684 non
2312 2623 2554 2682 metuis!
2593 2621 2724 2679 Tibi
2763 2621 2958 2678 datam
2999 2629 3103 2692 est,
3149 2621 3303 2694 quod
3343 2620 3616 2679 omnibus
3669 2624 3756 2676 est

2050 2723 2344 2790 negatum,
2402 2714 2686 2786 baptizare
2741 2729 2872 2770 eum
2933 2713 3036 2787 qui
3109 2712 3352 2784 baptizat
3412 2712 3472 2768 in
3534 2709 3754 2784 Spiritu

2050 2813 2242 2863 saneto
2290 2812 2344 2860 et
2379 2803 2532 2875 igne,
2581 2801 2980 2874 virginemque
3031 2799 3286 2871 Virginis
3329 2799 3546 2857 Filium
3586 2797 3761 2871 virgi-

2050 2895 2176 2953 neis
2208 2893 2476 2950 manibus
2506 2891 2771 2949 irrorare.
2823 2890 3002 2948 Totus
3025 2894 3263 2963 astupeo
3293 2888 3624 2961 baptizanti,
3661 2887 3760 2944 lIo-

2053 2980 2387 3054 minemque
2429 2978 2526 3035 Dei
2570 2976 2910 3050 magistrum
2953 2991 3236 3046 revereor,
3279 2975 3616 3048 dignantem
3658 2973 3757 3030 ad-

2052 3069 2249 3139 miror,
2305 3083 2548 3125 veneror
2616 3065 3032 3138 dignationem,
3099 3074 3156 3123 et
3218 3065 3515 3122 hominem
3589 3061 3756 3121 video

2053 3155 2388 3216 violentiam
2422 3155 2561 3228 ipsis
2598 3155 2758 3212 catis
2800 3154 3035 3212 inferre.
3078 3152 3251 3210 Porro
3289 3151 3436 3210 illud
3475 3150 3647 3225 quale
3675 3156 3760 3207 est

2052 3262 2167 3320 quo
2198 3247 2259 3304 in
2300 3246 2408 3303 isto
2442 3244 2780 3317 baptismate
2823 3243 3166 3301 terminatur
3204 3242 3320 3312 lex,
3353 3241 3531 3298 finem
3557 3238 3760 3310 accipit

2049 3333 2345 3406 prophetia
2373 3337 2428 3389 et
2451 3331 2641 3389 omnis
2685 3329 2785 3388 illa
2824 3330 3242 3388 sacriﬁciorum
3283 3328 3593 3386 multitudo
3631 3342 3759 3401 pro-

2050 3423 2314 3496 pulsatur
2361 3429 2414 3478 et
2464 3419 2747 3493 pellitur?
2780 3419 2885 3476 Hic
2924 3419 3127 3490 incipit
3172 3425 3228 3475 et
3263 3417 3555 3474 stabilitur
3596 3431 3763 3474 nova

2055 3509 2502 3584 regenerationis
2545 3508 2906 3582 perduranda
2937 3506 3224 3580 purgatio,
3264 3512 3317 3563 et
3355 3505 3415 3561 in
3447 3519 3626 3563 unam
3659 3504 3766 3561 ba-

2052 3598 2336 3673 ptismatis
2364 3599 2609 3655 formam
2640 3595 2912 3668 legalium
2956 3600 3254 3652 transeunt
3280 3593 3580 3666 dispendia
3610 3593 3762 3664 ﬁgu-

2053 3706 2271 3748 rarum.
2319 3687 2405 3745 Ad
2444 3685 2798 3744 ablutionem
2830 3685 2987 3741 enim
3027 3699 3195 3757 aqua
3234 3689 3288 3740 et
3337 3682 3762 3740 invocationem

2055 3784 2230 3840 sancti
2269 3779 2534 3855 Spiritus,
2573 3776 2843 3851 sepelitur
2874 3776 3165 3833 hircorum
3194 3780 3249 3832 et
3279 3772 3594 3832 vitulorum
3627 3787 3764 3828 san-

2053 3869 2391 3944 guinolenta
2434 3867 2728 3939 congeries
2758 3909 2773 3938 ,
2823 3869 2879 3921 et
2933 3878 3136 3937 pecora
3189 3862 3492 3935 pecoribus
3544 3859 3766 3918 Judais

2057 3958 2467 4030 relinquimus,
2500 3954 2646 4013 illud
2695 3954 3037 4012 Davidicum
3083 3952 3440 4010 attendentes
3471 3968 3482 4007 :
3519 3972 3545 3999 α
3583 3947 3767 4007 Holo-

2055 4055 2318 4107 caustum
2349 4053 2404 4104 et
2432 4061 2534 4119 pro
2558 4051 2787 4118 peccato
2815 4060 2931 4102 non
2962 4043 3268 4117 postulasti
3293 4045 3464 4112 (Psal.
3498 4043 3702 4108 XXIX).
3742 4062 3762 4090 ι

2129 4136 2374 4195 Octavus
2400 4142 2483 4193 est
2520 4135 2704 4208 prima
2744 4132 3018 4191 revelatio
3059 4132 3129 4188 de
3176 4130 3476 4188 Trinitate.
3517 4131 3570 4187 A
3607 4142 3767 4186 crea-

2059 4226 2214 4283 tione
2246 4222 2373 4281 cali
2415 4229 2470 4279 et
2506 4228 2674 4279 terra
2712 4223 2897 4293 uSque
2933 4219 3004 4277 ad
3035 4221 3194 4276 hunc
3233 4218 3425 4276 locum
3463 4230 3768 4290 nunquam

2059 4314 2311 4373 Trinitas
2358 4311 2694 4369 hominibus
2742 4309 3044 4368 manifeste
3087 4308 3354 4381 apparuit
3383 4306 3522 4377 ,sed
3572 4319 3767 4363 rerum

2059 4411 2115 4460 et
2144 4405 2262 4460 ver:
2311 4418 2457 4460 .rum
2487 4399 2806 4459 involucris
2840 4399 3103 4458 involuta
3141 4399 3252 4456 fuit
3287 4404 3460 4455 tanta
3497 4394 3770 4454 claritatis

2061 4492 2373 4550 aternitas.
2458 4489 2722 4563 Denique
2795 4489 3144 4546 creationem
3218 4486 3470 4545 hominis
3539 4484 3770 4541 Creator

1999 4556 2258 4639 Drerum
2304 4595 2531 4638 summa
2568 4577 2847 4649 dignitate
2884 4575 3295 4635 commendans
3329 4594 3340 4632 :
3380 4595 3401 4624 α
3443 4572 3767 4640 Faciamus,

2059 4669 2272 4742 inquit,
2307 4667 2601 4726 hominem
2643 4665 2712 4723 ad
2753 4666 3066 4738 imaginem
3107 4673 3160 4722 et
3189 4653 3632 4721 similitudinem
3661 4674 3768 4716 no-

2063 4765 2237 4816 stram
2283 4759 2434 4826 (Gen.
2489 4762 2552 4825 I).
2595 4779 2620 4805 ν
2673 4755 3082 4814 Reverendum
3129 4767 3327 4810 revera
3371 4747 3766 4822 privilegium,

2062 4862 2167 4904 nec
2217 4845 2321 4904 ulli
2370 4845 2644 4903 traditum
2687 4850 2982 4901 creatura.
3025 4841 3262 4899 Creatur
3308 4837 3409 4894 illa
3463 4834 3770 4894 sublimior

2063 4935 2445 4994 numerositas
2498 4934 2857 5006 angelorum,
2909 4937 2965 4989 et
3029 4930 3446 4988 elementorum
3501 4925 3768 4983 omnium

2061 5023 2365 5081 ordinatur
2403 5023 2620 5080 variata
2665 5021 2970 5091 connexio,
3022 5017 3124 5076 sed
3168 5015 3578 5090 omnipotentis
3619 5028 3768 5087 pra-

2065 5114 2246 5170 sentia
2288 5121 2511 5172 tantum
2557 5127 2702 5184 opus
2744 5109 2856 5167 alta
2896 5108 3281 5166 taciturnitate
3319 5109 3652 5179 prospectat.
3697 5101 3772 5158 Ut

2065 5218 2203 5260 vero
2243 5203 2478 5260 venitur
2506 5201 2578 5258 ad
2619 5197 2913 5258 hominem
2964 5204 3018 5254 et
3064 5195 3278 5254 nobilis
3307 5200 3566 5253 creatura
3590 5190 3771 5250 creari

2064 5293 2428 5366 disponitur,
2489 5287 2732 5359 accingit
2783 5302 2843 5343 se
2893 5285 3145 5343 Trinitas
3197 5284 3268 5341 ad
3323 5281 3658 5349 creandum,
3718 5288 3772 5337 et

2065 5382 2372 5440 consilium
2443 5378 2644 5450 accipit
2703 5375 3015 5450 Sapientia,
3072 5381 3134 5432 ut
3191 5377 3466 5431 creatura
3521 5369 3772 5444 dignitas

2066 5472 2345 5530 Creatoris
2383 5468 2683 5544 privilegio
2733 5467 2883 5524 clara
2931 5480 3055 5522 esse
3103 5469 3472 5522 monstretur.
3524 5460 3639 5518 Nec
3691 5459 3772 5518 ibi

2068 5570 2254 5620 tamen
2298 5561 2435 5619 satis
2471 5565 2663 5633 aperte
2700 5557 2917 5616 divina
2954 5553 3264 5629 majestatis
3317 5552 3556 5610 eluxere
3603 5565 3774 5611 voca-

2064 5651 2218 5719 bula,
2252 5666 2385 5711 cum
2431 5650 2504 5710 ad
2533 5648 2766 5720 angelos
2813 5646 3192 5719 obsequentes
3230 5640 3469 5716 quidam
3525 5640 3774 5701 referant
