4184 6458
453 267 562 330 635

1067 270 1124 333 S.
1169 273 1391 335 PETRI
1428 231 1753 336 DAMIANI
1791 277 1947 338 OPP.
1994 279 2190 340 PARS
2230 277 2376 340 SEU
2413 276 2667 338 TOMUS
2706 278 2783 337 II.
2824 310 2892 324 —
2932 278 3351 341 SERMONES.

3861 278 3976 340 636

449 398 638 458 divini
663 399 946 460 sermonis
972 400 1297 474 oraculum,
1325 403 1438 475 vel,
1473 405 1522 463 si
1553 405 1750 466 minus
1787 409 1896 467 hoc
1923 411 2420 477 cautumAstolos
2470 411 2654 484 magis
2700 410 3017 482 dilectum;
3057 428 3174 472 non
3210 412 3600 486 apostolorum
3645 415 3975 488 principem

452 496 557 562 est,
607 491 830 564 signata
876 490 1182 563 pluralitas
1228 492 1446 568 absque
1488 496 1794 555 nominum
1845 499 2168 559 diﬂ'erentia

451 579 814 652 pradicetur.
859 579 1154 637 Abraham
1193 585 1308 640 tres
1355 583 1519 654 vidit,
1575 592 1627 642 et
1677 601 1861 644 unum
1910 589 2170 647 adoravit

459 673 606 742 (Gen.
656 673 840 743 XVIII).
896 670 1008 729 Sed
1041 677 1095 728 et
1148 672 1228 729 ibi
1275 671 1587 747 Scriptura
1624 691 1802 735 sacra
1846 681 2168 738 reverentia

455 776 614 818 nunc
655 759 907 840 mixtim,
945 777 1106 819 nunc
1143 763 1450 835 separatim
1498 764 1713 823 claudit
1743 767 2064 841 eloquium,
2104 775 2171 827 ut

459 850 628 907 modo
685 849 1024 915 Dominum,
1084 851 1254 910 modo
1331 853 1485 911 viros
1558 855 1775 928 placeat
1841 859 2167 918 nominare.

455 937 641 996 Judai
683 944 869 996 tamen
918 939 1151 1012 longam
1193 941 1283 998 hic
1315 947 1524 1001 texunt
1569 947 2034 1017 reprehensionis
2066 965 2169 1023 pa-

456 1028 735 1099 rabolam,
784 1034 895 1086 tres
936 1029 1169 1103 angelos
1207 1047 1241 1088 a
1286 1032 1533 1091 Domino
1580 1036 1787 1095 missos
1828 1054 2168 1098 asseveran-

452 1121 558 1189 tes,
588 1133 772 1175 unum
813 1118 885 1175 ad
934 1119 1293 1178 nativitatem
1339 1121 1498 1180 Isaac
1537 1125 1981 1200 pradicendam,
2021 1128 2170 1187 duos

452 1207 524 1263 ad
575 1206 881 1265 Sodomam
925 1209 1394 1270 subvertendam.
1427 1211 1604 1271 Illum
1649 1217 1825 1286 enim,
1876 1232 2011 1275 cum
2050 1234 2168 1292 quo

454 1294 682 1354 locutus
723 1302 807 1354 est
842 1298 1055 1370 justus,
1088 1299 1287 1357 dicens
1321 1320 1334 1358 :
1371 1303 1688 1373 «Domine,
1718 1305 1768 1362 si
1803 1305 2000 1364 inveni
2036 1323 2168 1379 gra-

457 1385 596 1444 tiam
653 1387 717 1444 in
771 1387 956 1446 oculis
1022 1390 1136 1448 tuis
1201 1391 1375 1463 (Ibid.)
1407 1434 1421 1462 ,
1487 1412 1514 1446 »
1573 1394 1892 1467 prophetali
1961 1396 2168 1468 spiritu

455 1475 751 1532 somniant
821 1479 1156 1551 cognovisse
1189 1523 1202 1550 ,
1283 1480 1602 1539 nativitatis
1655 1482 1814 1541 Isaac
1864 1485 2170 1544 advenisse

455 1581 801 1639 praconem.
845 1567 1020 1626 Illum
1060 1570 1274 1642 adorat,
1328 1570 1475 1630 sicut
1523 1571 1802 1632 Bersabee
1846 1576 2026 1634 David
2077 1593 2167 1636 re-

456 1671 609 1729 gem,
647 1657 930 1731 sociisque
977 1659 1101 1732 ejus
1147 1669 1375 1734 propter
1417 1662 1604 1736 ipsius
1651 1667 2032 1726 reverentiam
2072 1668 2168 1725 in-

2248 500 2523 558 omnibus
2558 500 2829 573 apostolis
2864 501 3213 572 antelatum;
3249 517 3367 559 non
3409 501 3522 560 Vas
3561 502 3859 561 electionis
3901 503 3978 561 ad

2249 589 2380 646 cali
2410 588 2562 646 tertii
2598 594 2813 646 secreta
2841 589 3217 660 translatum;
3253 605 3357 647 nec
3391 590 3740 664 apostolicus
3771 591 3976 664 splen-

2248 677 2351 736 dor
2393 678 2598 736 audeat
2648 693 2944 736 occurrere
2993 678 3377 749 Pracursori;
3423 679 3558 752 quia
3605 679 3727 754 jam
3765 696 3976 740 omnes

2247 764 2342 824 isti
2380 765 2781 824 adolescentia
2834 771 3013 826 metas
3050 774 3438 840 excesserant,
3471 784 3604 827 cum
3642 786 3676 828 a
3717 769 3976 829 Veritate

2247 853 2536 927 prolatum
2577 860 2660 911 est
2693 878 2705 912 :
2738 881 2765 904 ‹‹
2799 855 2957 913 Inter
3003 863 3167 915 natos
3207 857 3522 916 mulierum
3561 873 3679 915 non
3712 859 3977 917 surrexit

2248 942 2433 1014 major
2501 942 2727 1000 Joanne
2804 943 3075 1018 Baptista.
3127 968 3166 1004 .››
3249 946 3558 1004 Considera
3637 947 3975 1006 mansiones

2249 1034 2436 1106 regni,
2466 1039 2522 1090 et
2567 1032 2913 1092 universum
2951 1036 3214 1094 ordinem
3254 1038 3530 1096 humana
3577 1039 3973 1111 generationis

2248 1120 2580 1191 obambula,
2613 1120 2919 1195 solumque
2957 1124 3244 1183 Joannem
3292 1132 3409 1182 tam
3455 1125 3624 1183 novis
3662 1140 3839 1198 quam
3870 1142 3972 1185 ve-

2252 1210 2466 1268 teribus
2497 1210 2719 1269 videbis
2751 1227 2872 1269 esse
2907 1215 3310 1288 prapositum.

2321 1300 2587 1359 Decimus
2624 1307 2710 1358 est
2745 1302 2983 1361 assertio
3018 1305 3221 1361 matris
3261 1305 3550 1363 Ecclesia.
3585 1305 3834 1364 Texitur
3872 1321 3976 1364 ora

2249 1389 2544 1463 chlamydi
2572 1397 3059 1466 unguentumque
3098 1395 3402 1465 profusum
3439 1397 3498 1454 in
3547 1398 3750 1470 capite,
3775 1405 3972 1457 extre-

2250 1494 2406 1536 mam
2429 1494 2662 1553 quoque
2694 1482 3018 1538 vestimenti
3047 1481 3336 1542 ﬁmbriam
3375 1486 3732 1545 inundanter
3762 1487 3974 1546 infun-

2249 1570 2352 1627 dit.
2381 1569 2486 1627 llla
2513 1570 2670 1627 enim
2699 1576 2882 1628 mater
2908 1575 2964 1627 et
2991 1570 3263 1644 magistra
3287 1575 3556 1633 omnium
3583 1575 3977 1635 Ecclesiarum

2251 1658 2504 1716 Ecclesia
2529 1657 2811 1728 Romana,
2837 1658 2932 1716 cui
2954 1659 3175 1718 dictum
3198 1668 3311 1720 est:
3350 1685 3371 1713 σι
3404 1664 3522 1737 Ego
3547 1679 3650 1738 pro
3679 1672 3733 1722 te
3753 1667 3980 1738 rogavi,

455 1746 718 1806 defessus
765 1749 978 1808 assistit
1031 1755 1108 1819 (II
1127 1756 1259 1822 Reg.
1290 1760 1396 1823 III).
1455 1754 1614 1812 Unde
1660 1762 1715 1813 et
1764 1758 2000 1815 nonnisi
2051 1759 2228 1838 duo};
2252 1754 2318 1838 ut
2346 1761 2464 1838 Π(ζο
2491 1745 2878 1838 ἀβίὶείῖιῑίίάθδ
2903 1755 3003 1838 9Ιᾷ
3024 1752 3174 1817 (Luco
3203 1755 3380 1822 ΧΧΙΙ),
3408 1777 3433 1803 υ
3468 1754 3531 1810 in
3553 1754 3774 1812 honore
3802 1755 3985 1814 Joan-

459 1838 525 1895 in
566 1839 943 1898 subversione
989 1842 1291 1901 civitatum
1322 1843 1647 1902 infelicium
1693 1843 1835 1901 124
1869 1863 2178 1908 numeran-

455 1931 570 1998 tur,
608 1927 705 1986 illo
737 1930 1007 2002 superius
1031 1932 1154 2004 jam
1193 1947 1441 2004 reverso,
1477 1935 1579 2005 qui
1618 1937 1977 1996 nativitatem
2017 1939 2175 1998 Isaac

459 2016 618 2074 ﬁdeli
647 2018 953 2078 devotione
989 2022 1392 2095 compleverat.
1429 2025 1570 2084 Tres
1613 2027 1771 2085 enim
1822 2029 1934 2086 viri
1973 2029 2174 2088 Saram

461 2107 653 2165 vocari
709 2109 1068 2182 pracipiunt,
1122 2112 1222 2169 sed
1273 2128 1428 2170 unus
1480 2122 1582 2186 est,
1632 2118 1734 2190 qui
1777 2119 2176 2190 promissionis

463 2195 767 2269 insperata
818 2200 1147 2258 manifestat
1189 2218 1486 2262 arcanum.
1542 2206 1682 2264 Hac
1723 2208 1933 2278 Judaei,
1970 2216 2025 2267 et
2073 2210 2175 2284 qui

463 2284 650 2357 magis
694 2285 994 2358 elegerunt
1042 2288 1336 2359 judaizare
1391 2306 1567 2364 quam
1625 2294 1874 2353 credere.
1930 2294 2062 2366 Sed,
2112 2303 2176 2354 ut

461 2371 715 2431 breviter
760 2375 1176 2434 concludamus
1207 2425 1221 2448 ,
1277 2381 1466 2437 omnis
1515 2381 1618 2438 illa
1662 2383 1785 2440 sive
1833 2385 2177 2456 patriarcha-

464 2476 597 2520 rum
635 2477 738 2521 seu
786 2466 1257 2537 prophetantium
1304 2469 1569 2541 copulata
1616 2473 1884 2542 societas,
1929 2474 2172 2546 nullam,

460 2553 556 2611 vel
604 2554 664 2611 in
711 2555 1077 2616 sermonibus
1129 2559 1215 2616 vel
1269 2560 1331 2616 in
1375 2561 1568 2634 rebus,
1612 2563 1683 2621 de
1730 2563 1894 2622 Patre
1935 2571 1989 2622 et
2031 2565 2175 2623 Filio

461 2645 518 2698 et
570 2641 793 2716 Spiritu
843 2653 1036 2703 sancto
1094 2647 1376 2720 reperitur
1422 2658 1614 2724 aperte
1672 2651 1869 2709 fecisse
1926 2653 2176 2710 mentio-

459 2747 615 2790 nem.
671 2733 813 2792 Veni
857 2751 1008 2808 ergo,
1041 2743 1096 2794 et
1138 2739 1363 2797 intuere
1413 2739 1606 2798 ﬁlium
1653 2741 1942 2799 Zacharia
1991 2742 2173 2800 Deum

458 2828 515 2880 et
551 2825 846 2883 hominem
886 2829 1130 2900 propriis
1177 2830 1447 2888 manibus
1481 2831 1875 2889 continentem
1911 2851 1922 2888 :
1956 2837 2014 2888 et
2043 2831 2175 2890 vide

460 2912 595 2984 quia
628 2912 758 2970 cali
801 2916 1146 2986 aperiuntur
1182 2919 1284 2990 ibi,
1313 2927 1367 2978 et
1411 2919 1706 2978 descendit
1753 2919 2004 2994 Spiritus
2048 2935 2175 2977 san-

461 3007 586 3058 ctus
615 3003 893 3075 corporali
924 3006 1111 3076 specie
1148 3007 1297 3065 sicut
1334 3008 1602 3066 columba
1651 3009 1714 3066 in
1757 3009 2088 3079 Christum;
2119 3015 2176 3066 et

2261 1835 2353 1892 nis
2400 1834 2689 1908 Baptista,
2731 1843 2854 1908 post
2895 1836 3209 1897 Salvatoris
3253 1856 3466 1900 nomen
3518 1850 3848 1902 consecrata
3894 1851 3984 1902 est

2261 1936 2316 1988 et
2373 1927 2613 1999 signata.
2679 1925 2936 2000 Dignum
3003 1944 3256 2004 namque
3320 1938 3443 1990 erat
3499 1940 3562 1992 ut
3627 1934 3979 1992 sententiam

2261 2017 2457 2091 sponsi
2505 2031 2730 2089 sponsa
2767 2023 3102 2090 sequeretur
3138 2022 3467 2093 auctoritas,
3521 2030 3576 2081 et
3621 2023 3981 2097 singularem

2266 2104 2407 2161 125
2455 2110 2712 2166 amicum
2748 2109 2873 2182 ejus
2922 2107 3064 2166 illuc
3107 2110 3479 2182 proveheret,
3535 2113 3637 2172 ubi
3687 2113 3980 2186 principa-

2263 2200 2387 2254 tum
2419 2197 2541 2270 ipsa
2579 2199 2928 2256 conscendit.
2971 2198 3186 2257 Electio
3233 2201 3436 2272 procul
3489 2201 3668 2261 dubio
3713 2203 3977 2275 singula-

2263 2286 2362 2355 ris,
2404 2285 2467 2342 in
2506 2285 2608 2342 illa
2654 2285 2777 2358 ipsa
2820 2286 2963 2344 urbe
3009 2287 3290 2345 Joannem
3339 2288 3655 2362 primatum
3706 2289 3980 2348 Ecclesia

2263 2372 2578 2444 vindicare,
2629 2389 2802 2448 quem
2839 2373 2955 2432 duo
3002 2374 3133 2432 cali
3184 2375 3508 2436 luminaria
3563 2386 3748 2437 morte
3789 2378 3982 2437 claris-

2262 2463 2408 2520 sima
2477 2470 2906 2522 consecrarunt.
2990 2464 3362 2536 Cruciﬁgitur
3439 2467 3640 2527 Petrus
3677 2517 3690 2538 ,
3762 2468 3981 2527 Paulus

2261 2551 2654 2621 obtruncatur,
2686 2551 2936 2624 dignitas
2971 2560 3227 2611 remanet
3267 2553 3640 2613 Pracursori.
3685 2555 3979 2629 Purpura-

2266 2647 2356 2699 tur
2401 2641 2586 2700 Roma
2625 2643 3002 2702 multitudine
3047 2651 3386 2719 martyrum,
3432 2652 3660 2720 totaque
3707 2647 3980 2706 sublimi-

2262 2735 2347 2788 tas
2406 2731 2572 2790 bea'to
2628 2732 2959 2790 refunditur
3028 2735 3385 2804 patriarcha.
3443 2736 3695 2795 Joannes
3762 2735 3980 2808 ubique

2262 2819 2463 2891 major,
2491 2819 2553 2876 in
2579 2820 2854 2878 omnibus
2878 2820 3212 2894 singularis,
3244 2821 3530 2882 mirabilis
3559 2839 3730 2898 super
3751 2839 3978 2882 omnes.

2261 2907 2402 2976 Quis
2439 2910 2522 2966 sic
2557 2908 2803 2983 gloriose
2839 2909 3222 2968 annuntiatus
3259 2917 3390 2969 est?
3421 2912 3560 2981 Quis
3599 2913 3678 2969 ita
3711 2912 3981 2986 speciali-

2262 3006 2347 3057 ter
2399 2999 2461 3057 in
2519 2999 2720 3057 matris
2770 3007 2934 3058 utero
2996 2999 3213 3072 Spiritu
3276 3007 3470 3060 sancto
3534 3002 3747 3076 legitur
3799 3003 3980 3061 fuisse

464 3104 578 3146 vox
613 3089 795 3148 Patris
821 3092 1018 3151 audita
1046 3102 1130 3152 est
1163 3119 1175 3152 :
1215 3120 1235 3147 «
1267 3096 1377 3154 Hic
1406 3105 1491 3156 est
1517 3099 1702 3158 Filius
1735 3115 1899 3159 meus
1929 3100 2233 3196 dilectusc
2262 3087 2515 3196 ι’θριθξιιξ
2539 3087 2566 3145 Ῡ
2591 3087 2776 3196 Οιιθῑρ
2793 3088 3042 3196 nlegistis
3079 3089 3234 3187 ipft'a
3273 3091 3472 3188 matris
3492 3091 3979 3196 1uterum‘exsul-

464 3180 688 3246 (Matth.
733 3189 840 3244 111).
877 3203 897 3226 -
946 3180 1138 3256 Vides,
1179 3185 1319 3258 quia
1373 3187 1446 3245 ad
1499 3189 2021 3248 sacratissimorum
2069 3206 2172 3248 no-

464 3264 693 3323 minum
723 3268 1038 3328 novitatem
1067 3272 1348 3332 calorum
1373 3275 1580 3348 palatia
1607 3283 1935 3336 reserantur
1953 3278 1981 3336 ?
2010 3278 2176 3336 Pater

461 3354 701 3415 auditur
728 3356 791 3413 in
830 3372 985 3430 voce,
1017 3360 1202 3421 Filius
1237 3363 1556 3437 baptizatur
1603 3367 1662 3423 in
1694 3367 1957 3439 ﬂumine,
1991 3368 2174 3442 Spiri-

463 3449 553 3502 tus
577 3451 814 3508 sanctus
861 3449 925 3506 in
958 3450 1246 3512 columba
1287 3457 1473 3528 specie
1508 3458 1953 3516 demonstratur.
1999 3458 2178 3516 Adest

461 3533 712 3598 Joannes
750 3539 921 3598 totius
965 3539 1188 3600 medius
1227 3543 1548 3616 Trinitatis,
1595 3546 2033 3621 gloriosumque
2075 3547 2178 3605 Ba-

459 3624 694 3697 ptistam
747 3630 1106 3689 sanctiﬁcant
1160 3633 1432 3693 indivisa
1483 3636 1822 3695 substantia
1876 3645 2177 3709 personata

459 3717 776 3789 vocabula;
839 3727 895 3778 et
944 3736 1156 3780 nomen
1225 3723 1527 3784 Trinitatis
1586 3726 1882 3798 prioribus
1949 3727 2175 3786 saculis

457 3805 826 3876 obvelatum,
877 3811 1096 3886 absque
1145 3816 1317 3873 totius
1372 3816 1682 3876 velaminis
1734 3818 2176 3878 obumbratione

458 3894 688 3958 relucet.
723 3897 988 3972 Domine,
1013 3902 1144 3975 quis
1173 3911 1258 3962 est
1283 3905 1408 3974 iste,
1442 3906 1580 3978 quia
1609 3906 1918 3966 innotuisti
1939 3910 2033 3967 ei?

534 3985 859 4049 Nonusest
898 3992 1293 4053 testimonium
1347 3995 1663 4068 sapientia.
1723 3997 1869 4056 Cum
1921 3999 2175 4058 audisset

460 4071 712 4134 Joannes
755 4077 816 4134 in
858 4079 1110 4138 vinculis
1148 4097 1321 4156 opera
1357 4084 1591 4155 Christi,
1627 4087 1783 4144 misit
1815 4089 1884 4145 ad
1916 4104 2053 4146 eum
2083 4089 2175 4147 di—

459 4160 714 4233 scipulos
743 4180 898 4237 suos,
926 4175 982 4226 et
1019 4185 1361 4243 responsum
1411 4180 1495 4231 est
1541 4174 1626 4231 eis
1656 4199 1668 4233 :
1705 4198 1726 4227 α
1759 4177 1909 4235 Caci
1952 4178 2170 4249 vident,

2260 3174 2452 3233 tasse?
2483 3176 2628 3248 (Luc.
2667 3179 2750 3247 II.)
2792 3175 2970 3248 Cujus
3008 3176 3366 3235 nativitatem
3416 3177 3644 3236 vidistis
3686 3178 3978 3238 celebrare

2257 3263 2570 3322 Ecclesiam
2609 3262 2766 3321 Dei?
2805 3263 2948 3333 Quis
2989 3264 3070 3323 sic
3111 3280 3254 3338 puer
3292 3281 3554 3335 eremum
3594 3267 3978 3341 concupivit?

2257 3354 2402 3424 Quis
2431 3355 2508 3412 ita
2536 3354 2746 3425 legitur
2783 3355 3113 3414 sublimiter
3155 3363 3576 3415 conversatus?
3605 3355 3749 3426 Quis
3788 3357 3978 3430 pani-

2259 3444 2519 3514 tentiam,
2548 3450 2604 3501 et
2639 3459 2888 3517 regnum
2926 3445 3206 3503 calorum
3244 3444 3468 3519 primus
3505 3445 3807 3504 ostendit?
3838 3446 3981 3515 Quis

2258 3533 2563 3606 baptizavit
2609 3531 2826 3607 Regem
2873 3533 3121 3607 gloria?
3171 3532 3277 3592 Cui
3316 3550 3376 3592 se
3422 3535 3676 3608 primum
3720 3535 3980 3593 Trinitas

2259 3623 2586 3682 revelavit?
2639 3623 2746 3682 Cui
2806 3623 2916 3682 tale
2974 3625 3372 3682 testimonium
3432 3624 3727 3698 perhibuit
3782 3621 3977 3683 Deus?

2257 3715 2440 3786 Quem
2491 3716 2571 3774 sic
2623 3716 2930 3774 honoravit
2985 3714 3302 3774 Ecclesia?
3368 3714 3511 3772 Vide
3569 3714 3618 3772 si
3677 3730 3796 3772 non
3850 3715 3982 3772 hac

2256 3805 2451 3863 omnia
2472 3804 2550 3861 ita
2588 3803 2960 3876 singulariter
2999 3811 3137 3863 sunt
3175 3804 3272 3861 hic
3299 3803 3641 3874 singularia,
3675 3811 3741 3862 ut
3776 3803 3980 3862 nullus

2258 3893 2590 3952 mortalium
2622 3892 2908 3966 pradictis
2934 3891 3313 3964 dignitatibus
3339 3891 3548 3950 audeat
3581 3891 3831 3950 inhiare.

2330 3991 2810 4077 Forsitan.mihi
2873 3991 3130 4064 disponis
3197 4006 3486 4064 opponere
3542 3990 3680 4063 quia
3737 3989 3819 4047 sic
3872 3988 3977 4047 ista

2256 4081 2428 4139 habet
2464 4083 2715 4154 propria,
2745 4089 2808 4140 ut
2844 4086 3051 4139 catera
3088 4088 3420 4139 sanctorum
3468 4078 3804 4139 communia
3857 4095 3972 4136 non

2254 4171 2515 4246 attingat.
2561 4171 2718 4229 Audi
2766 4187 2901 4244 ergo
2935 4194 2947 4229 :
2981 4172 3235 4230 Joannes
3279 4172 3645 4244 patriarcha,
3702 4171 3821 4228 imo
3873 4185 3974 4243 pa-

458 4255 564 4306 θῐεο
600 4255 814 4320 (Matth.
851 4256 952 4328 X1),
992 4281 1012 4307 ιο
1046 4274 1179 4330 qua
1206 4261 1463 4319 veritatis
1493 4264 1843 4335 evangelica
1873 4268 2174 4342 prosequi-
2258 4265 2639 4323 triarcharum
2683 4261 2817 4320 ﬁnis
2860 4268 2915 4320 et
2963 4266 3168 4334 caput;
3205 4261 3456 4320 Joannes
3503 4261 3800 4335 prOpbeta,
3853 4259 3976 4317 imo

460 4342 555 4396 tur
603 4343 832 4414 copiosa
874 4348 1146 4406 narratio.
1206 4349 1631 4411 Recedentibus
1681 4361 1876 4413 autem
1927 4358 2171 4429 nuntiis,
2255 4356 2563 4430 plusquam
2595 4353 2916 4427 propheta:
2949 4353 3085 4425 quia
3127 4367 3302 4425 quem
3340 4350 3672 4410 venientem
3718 4349 3975 4419 nuntiat,

458 4441 544 4518 ne
582 4431 725 4488 forte
764 4432 826 4490 in
874 4449 1074 4493 eorum
1125 4439 1431 4508 prasentia
1478 4439 1870 4502 adulationem
1919 4445 2436 4518 redolerendigito
2462 4443 2854 4501 demonstrat:
2885 4441 3141 4500 Joannes
3167 4439 3428 4514 angelus,
3461 4441 3559 4498 sed
3599 4445 3655 4497 et
3692 4438 3844 4496 inter
3871 4453 3980 4494 an-

456 4517 768 4593 videretur,
803 4525 972 4598 capit
1009 4496 1176 4586 Jesus
1211 4496 1870 4592 dicere—ad
2144 4496 3030 4606 ﬁféEtthsalva'tBie
3081 4496 3341 4600 testanjte,
3383 4496 3485 4600 q'ui
3527 4527 3707 4585 dicit:
3762 4552 3789 4575 α
3835 4525 3980 4582 Ecce

461 4629 483 4658 ι
521 4608 671 4678 Quid
700 4607 903 4673 emus
931 4616 990 4674 in
1015 4617 1306 4679 desertum
1331 4621 1574 4680 videre?
1602 4623 1970 4684 Arundinem
2001 4633 2170 4685 vento
2261 4625 2424 4683 mitto
2451 4623 2723 4695 angelum
2757 4637 2973 4690 meum,
3007 4623 3110 4696 qui
3146 4619 3492 4694 praparabit
3533 4619 3687 4677 viam
3725 4623 3858 4676 ante
3893 4616 3979 4674 fa-

453 4699 770 4787 εξὲίῖὶὶῐθοωῗ
810 4707 1000 4776 (Ibid)
1035 4731 1060 4758 η
1099 4708 1143 4768 Ο
1183 4711 1330 4768 mira
1370 4712 1686 4771 testiﬁcatio
1726 4712 2163 4787 Redemptoris!
2260 4713 2408 4771 ciem
2446 4726 2634 4768 meam
2663 4712 2881 4782 (Matth.
2933 4713 3038 4782 x1).
3069 4736 3096 4760 »
3144 4709 3396 4768 Joannes
3441 4706 3752 4781 apostolus,
3783 4705 3882 4763 sed
3926 4711 3983 4761 et

455 4785 595 4856 Quis
623 4790 916 4864 ingressus
937 4803 1022 4855 est
1041 4799 1348 4872 mundum,
1374 4811 1429 4859 et
1455 4804 1745 4862 mundum
1775 4804 1866 4862 vel
1889 4785 2170 4876 inaliquo

454 4891 568 4934 non
607 4884 1092 4956 cognovit?Quis
1131 4895 1234 4961 est,
1262 4905 1436 4961 quem
1481 4892 1575 4949 vel
1622 4898 1861 4950 ventosa
1905 4892 2166 4963 felicitas,

453 4970 548 5028 vel
598 4974 916 5036 adversitas
965 4980 1212 5051 turbida,
1255 4984 1344 5041 vel
1402 4983 1709 5058 cujuslibet
1763 4986 1972 5058 peccati
2028 5000 2168 5043 aura

452 5066 680 5124 tenuior
743 5083 860 5126 non
926 5070 1212 5132 inflexit?
1271 5075 1360 5133 Ad
1415 5083 1745 5133 extremum
1809 5075 2169 5134 subinfertur

449 5158 605 5232 quod
653 5164 866 5216 terram
921 5164 1199 5235 excedat,
1255 5171 1504 5223 transeat
1556 5164 1791 5235 calum,
1855 5165 2170 5239 ipsumque

453 5256 724 5315 verticem
767 5253 1045 5327 angelica
1093 5256 1390 5327 dignitatis
1437 5257 1696 5330 attingat.
1735 5256 1947 5316 «Inter
1983 5263 2165 5329 natos,

452 5344 663 5417 inquit,
698 5344 1032 5412 mulierum,
1068 5361 1185 5402 non
1213 5348 1472 5403 surrexit
1514 5349 1697 5421 major
1721 5347 1942 5405 Joanne
1972 5345 2166 5417 Bapti-

452 5439 536 5492 sta
580 5436 784 5503 (IbidJ.
819 5461 844 5486 »
887 5433 1036 5503 Quid
1074 5435 1166 5492 .vis
1204 5433 1452 5507 amplius
1479 5436 1505 5490 ‘?
1546 5436 1617 5491 de
1666 5435 1830 5492 nullo
1887 5432 2000 5490 alio
2052 5432 2164 5490 dici

448 5523 653 5594 potuit,
685 5522 824 5580 dicit
851 5525 1235 5596 Augustinus,
1267 5525 1420 5596 quod
1448 5525 1666 5584 dictum
1697 5533 1782 5583 est
1819 5524 1889 5582 de
1919 5523 2162 5581 Joanne.

449 5610 577 5671 Non
621 5627 876 5685 opponas
916 5613 1057 5672 mihi
1097 5615 1512 5689 evangelistam
1557 5615 1708 5674 inter
1757 5618 1991 5673 cateros
2021 5628 2163 5688 apo-

2260 4799 2652 4875 apostolorum
2695 4801 2938 4872 primus,
2974 4803 3029 4858 et
3067 4800 3370 4873 princeps;
3403 4799 3560 4870 quia,
3593 4822 3619 4845 «
3651 4795 3760 4853 fuit
3806 4795 3981 4852 homo

2262 4892 2531 4949 missusa
2569 4889 2686 4947 Deo
2741 4893 2919 4957 (Joan.
2969 4893 3030 4960 1).
3065 4913 3091 4938 »
3130 4889 3386 4948 Joannes
3443 4885 3819 4957 evangelista,
3881 4881 3982 4941 sed

2259 4984 2316 5038 et
2347 4978 2645 5050 Evangelii
2677 4978 2901 5052 primus
2939 4992 3158 5036 messor
3182 5021 3196 5048 ,
3229 4974 3550 5049 pradicans
3592 4972 3980 5046 Evangelium

2261 5067 2443 5143 regni.
2482 5068 2733 5126 Joannes
2771 5067 2954 5142 virgo,
2987 5067 3105 5125 imo
3145 5065 3497 5138 virginitatis
3531 5061 3780 5133 insigne,
3819 5062 3982 5134 pudi-

2257 5163 2410 5219 citia
2449 5159 2673 5229 titulus,
2715 5160 2989 5218 castitatis
3034 5156 3395 5232 exemplum.
3441 5155 3695 5214 Joannes
3740 5157 3979 5224 martyr,

2259 5251 2358 5310 sed
2390 5258 2444 5308 et
2490 5256 2814 5325 martyrum
2858 5249 3086 5316 lumen,
3119 5247 3272 5304 inter
3312 5244 3672 5302 nativitatem
3715 5246 3983 5299 mortem-

2258 5355 2372 5415 que
2436 5339 2647 5397 Christi
2705 5335 3159 5397 constantissimi
3226 5334 3412 5392 forma
3480 5329 3761 5402 martyrii.
3835 5329 3984 5386 Pra-

2258 5434 2411 5488 tereo
2449 5428 2586 5501 quia
2633 5443 2743 5487 vox
2789 5425 3094 5485 clamantis
3136 5425 3193 5481 in
3238 5423 3461 5480 deserto
3500 5423 3650 5488 (Isai.
3691 5419 3805 5487 XL),
3839 5417 3978 5490 quia

2257 5535 2442 5592 praco
2477 5518 2671 5590 Verbi,
2703 5518 2856 5592 quod
2903 5515 3125 5576 Judicis
3161 5529 3498 5586 pracursor.
3543 5510 3696 5570 Illud
3745 5525 3980 5586 quoque

2255 5610 2540 5682 relinquo,
2581 5609 2719 5683 quia
2751 5622 2936 5681 usque
2971 5606 3040 5663 ad
3081 5605 3366 5665 Joannem
3408 5603 3505 5661 lex
3553 5609 3610 5659 et
3652 5599 3971 5674 propheta,
