4184 6462
221 314 334 374 631

1735 337 1982 402 SERMO
2017 341 2225 403 XXIV.
3635 351 3746 414 638

220 441 1113 556 ξξξιξξῇιῖοδηκῐξςξλίρξξᾷΕξξειε,
1147 455 1312 556 quod
1339 457 1576 519 lucerna
1608 462 1682 521 sit
1709 466 1938 542 ardens,
1963 469 2329 544 Ainspiravit
2359 474 2505 541 (Act.
2538 478 2603 544 x)
2651 499 2664 532 :
2711 482 2766 534 et
2810 477 2871 534 in
2920 479 3200 551 quosdam
3241 479 3435 538 adhuc
3475 482 3746 556 gentiles,

505 533 945 642 qunti-amicus
995 537 1220 636 Sponsi,
1277 544 1516 642 Sponsa
1572 531 1940 625 praparator.
2028 531 2297 632 loquente
2353 561 2537 630 Petro,
2585 531 2703 620 non
2760 531 2951 622 solum
3010 573 3074 623 ut
3133 566 3429 640 Scriptura
3475 531 3746 642 Testatur:

221 617 466 728 LSilentio
505 628 730 728 transeo
774 624 933 728 quod
964 627 1298 728 sicinovem
1332 636 1674 728 angelorum
1716 642 1942 701 ordini-
2027 617 2249 718 cecidit,
2285 648 2382 704 sed
2415 617 2606 720 etiam,
2667 659 2726 708 ut
2777 653 2994 725 linguis
3032 617 3426 728 loquere‘ntur,
3461 617 3739 716 instruxit

213 708 328 820 bus
381 710 634 820 insertus
675 721 819 820 "est,
877 721 970 820 ut,
1006 718 1199 820 etiam
1231 723 1306 820 ad
1355 723 1663 800 Seraphim
1718 731 1940 806 apicem
2025 708 2416 805 (Ibid.).'Quid
2460 708 2605 810 ergo,
2641 708 2894 813 mirum:
2928 742 2974 799 si
3012 708 3558 803 B.1Joannem,ante
3582 745 3742 820 lega-

215 800 889 906 transferatur..Verum
924 807 1064 906 hoc
1128 809 1402 906 laboriosi
1471 821 1661 891 operis
1713 800 1836 895 est,
1891 833 1946 884 et
2023 800 2092 882 liis
2127 800 2381 883 mandati
2417 800 2810 902 quodcunque
2864 800 3189 889 remedium
3231 832 3480 906 Spiritus
3511 800 3745 895 sanctius

213 902 424 994 sensus
470 898 649 948 nostri
700 903 1002 994 paupertas
1049 915 1163 994 non
1205 901 1431 994 suﬂicit.
1479 906 1782 969 Sutﬁciant
1817 914 1943 974 haec
2023 913 2285 986 implevit
2315 898 2616 988 [replevit],
2647 898 2818 991 quem
2845 919 3216 993 ipsiuslegis,
3244 898 3299 977 et
3323 921 3742 993 Prophetarum

209 977 286 1086 id
315 995 589 1086 praesens,
622 999 756 1086 qua
775 985 1178 1086 dictasuntde
1221 991 1391 1086 laude
1427 997 1668 1060 Joannis
1709 1005 1779 1062 ad
1816 1006 1940 1078 glo-
2020 977 2330 1061 ac-totius‘
2379 977 2599 1063 Veteris
2664 977 3022 1067 'Testamenti
3092 977 3334 1067 limitem
3404 977 3736 1086 quemdam,

210 1068 809 1171 riam‘Redemptoris,
838 1075 940 1149 qui
980 1084 1062 1135 est
1097 1078 1246 1138 Deus
1275 1083 1607 1148 benedictus
1636 1091 1694 1149 in
1729 1068 1943 1153 saecula
2019 1098 2208 1166 atque.
2265 1099 2328 1150 ut
2403 1094 2480 1150 ita
2546 1093 2766 1171 loquar,
2828 1097 3361 1158 intransmeabilcm
3419 1068 3735 1160 ierminuﬂ;

209 1157 587 1218 saculorum.
616 1162 826 1220 Amen.
2019 1182 2377 1254 providentia
2408 1157 2964 1247 divtinaconstituit?
2993 1189 3115 1248 Lex
3147 1191 3302 1249 enim
3335 1199 3389 1249 et
3419 1195 3734 1268 propheta,

2019 1276 2084 1327 ut
2109 1269 2330 1329 Veritas
2352 1273 2450 1342 ait,
2485 1289 2669 1349 usque
2697 1277 2767 1334 ad
2793 1276 3078 1336 Joannem
3107 1283 3322 1350 (Matth.
3358 1285 3459 1350 x1).
3483 1282 3739 1342 Joannes

791 1307 815 1330 *ί
855 1307 988 1348 .QRR
1004 1310 1034 1348 lt

855 1305 1102 1370 SEBMO
1141 1313 1328 1373 XXIV
2023 1305 2140 1370 una
2161 1305 2330 1372 cuius
2352 1305 2450 1342 uit,
2489 1305 2669 1349 uaquc
2697 1305 2767 1334 au
2793 1305 3078 1336 auauucui
3107 1305 3322 1350 (imum.
3359 1305 3459 1350 λυ,
3483 1305 3736 1342 Joannes

898 1427 1131 1446 mum,"
1186 1361 1480 1446 -___:,___
1544 1432 1712 1446 ,_____
2017 1375 2175 1446 9mm
2237 1368 2342 1418 Ῑεῖθ
2391 1378 2525 1420 Cum
2606 1363 2854 1429 Domino
2947 1368 3448 1429 circumcisionem
3499 1373 3736 1446 quidem

208 1417 770 1542 U'SNJWTIVITﬁTE
892 1427 1132 1542 λοΑΝξἾξδ
1185 1434 1499 1485 ΒΑΡΤΙΞῚῚΕ-
1540 1432 1712 1498 (XXIV
1737 1444 1934 1542 ΙΗΝΙΙ.)
2015 1445 2075 1503 in
2130 1462 2234 1504 sua
2286 1463 2455 1506 carne
2513 1417 2780 1524 suscepit,
2847 1453 2945 1510 sed
3006 1417 3732 1528 suscipienvs.vtErmiinavitj

285 1512 580 1620 Hodierna
649 1520 964 1620 festivitas,
1027 1525 1422 1605 dilectissimi,
1483 1543 1596 1596 toto
1650 1512 1934 1601 terrarum,
2017 1534 2087 1592 Et
2136 1535 2266 1594 ideo
2329 1538 2429 1610 qui
2496 1512 2921 1613 Πονδὲιὲτᾶῐίεθ
2997 1512 3185 1616 Ὠνὶθεδ
3266 1550 3320 1602 et
3395 1546 3738 1620 magniﬁcus

207 1600 361 1708 οτι)ρᾷ
371 1605 702 1708 conspicua,
736 1616 960 1708 mentes
995 1620 1218 1708 nostras
1265 1634 1331 1678 eo
1369 1621 1582 1682 clarius
1627 1627 1933 1700 splendore
2015 1627 2392 1684 annuntiator
2427 1628 2654 1700 enituit,
2686 1600 2755 1686 ad
2807 1600 3171 1690 evadendum
3215 1600 3522 1708 origin-alec
3539 1650 3736 1708 pecca-

207 1690 462 1797 quodam
519 1694 888 1797 novalucis
944 1698 1208 1797 irradiat,
1261 1723 1379 1782 quo
1439 1718 1492 1768 et
1547 1690 1930 1786 primordium
2015 1719 2138 1772 tum
2170 1714 2609 1775 circumcisione
2643 1690 2758 1776 non
2799 1720 2970 1793 eguit,
3007 1721 3106 1779 sed
3137 1737 3277 1780 eum
3304 1690 3488 1797 supra
3528 1690 3734 1797 liagem,

208 1786 423 1894 nostra
469 1783 880 1894 redemptionis
907 1805 973 1847 ac
1000 1793 1120 1891 veri
1147 1795 1387 1857 luminis
1425 1783 1616 1861 ortum
1669 1813 1731 1864 ut
1771 1817 2188 1894 reco-Bsupt‘a
2237 1804 2512 1862 humana
2571 1783 2919 1866 conditionis
2963 1810 3226 1867 ordinem
3282 1783 3483 1870 electio
3537 1783 3736 1870 diuvina

209 1869 416 1973 lamus
483 1872 712 1935 invitat.
771 1876 879 1935 Cui
959 1882 1114 1973 enim
1204 1889 1503 1949 meditanti
1575 1869 2297 1964 nativitatemupl‘bVBXit,
2346 1895 2439 1951 Olli
2486 1895 2659 1952 Etiam
2707 1898 2848 1954 ῐὶιῐιιί
2894 1899 3129 1956 honoris
3181 1869 3391 1956 conata
3429 1905 3514 1957 θεῖ
3553 1901 3736 1973 gloria

204 1959 472 2063 Joannis,
500 1977 615 2020 non
651 1970 1073 2063 moxoccurrit
1114 1974 1384 2035 nativitas
1421 1978 1654 2056 Christi,
1689 1959 1930 2060 praesa;
2015 1959 2078 2037 ut
2120 1959 2404 2039 nativitati
2450 1984 2577 2056 ejus
2621 1984 2742 2058 ipsa
2786 1986 2887 2044 Dei
2923 1987 3188 2046 Genitrix
3229 1959 3734 2063 interesset,uejus-

207 2053 320 2152 tim
356 2065 488 2108 cum
527 2055 811 2152 nascendi
859 2058 1142 2121 Joannem
1186 2066 1255 2124 de
1290 2077 1448 2142 patre
1471 2087 1618 2132 ‘sene
1643 2053 1711 2136 et
1750 2085 1904 2143 steril

2010 2086 2124 2142 que
2151 2053 2525 2144 principium,
2559 2053 2742 2130 latens
2781 2074 2843 2131 in
2875 2080 3057 2145 utero,
3087 2075 3294 2134 mundi
3324 2053 3733 2138 Conditor-sua

206 2143 390 2196 matre
441 2139 602 2199 nulla
643 2142 756 2202 alia
791 2149 1074 2208 exstiterit
1107 2139 1309 2228 causa,
1331 2159 1441 2217 nisi
1479 2169 1540 2220 ut
1588 2139 1911 2231 mirabili—te]

2010 2139 2317 2233 prasentia
2341 2139 2656 2220 dedicaret.
2692 2163 2956 2222 Testatur
2996 2139 3104 2223 hoc
3142 2165 3326 2225 Lucas
3357 2167 3728 2239 evangelista,

205 2232 380 2328 Ιξδῐιξε
455 2233 831 2328 Ρΐξλεξοςᾷϐιέθῐῌ
878 2237 1248 2311 singulariter
1329 2251 1708 2314 nasciturum,
1788 2259 1928 2317 126
2010 2232 2144 2306 cum
2189 2248 2328 2306 dicit
2373 2269 2383 2306 :
2442 2275 2466 2298 α
2512 2250 2722 2308 Mansit
2763 2258 2954 2309 autem
2997 2253 3175 2310 Maria
3210 2268 3342 2312 cum
3375 2232 3732 2326 illaivideli;

203 2314 448 2417 ﬁmicus
487 2317 751 2417 videlicet
797 2322 1108 2417 Sponsum,
1137 2332 1393 2394 famulus
1438 2339 1777 2417 Dominum,
2009 2344 2096 2394 cet
2130 2335 2442 2408 Elisabeth,
2483 2339 2652 2412 quasi
2691 2340 2988 2399 mensibus
3026 2341 3233 2414 tribus,
3273 2350 3328 2400 et
3372 2314 3597 2402 reversa
3647 2351 3731 2404 est

205 2402 483 2475 Verbum,
532 2408 768 2506 lucerna
815 2411 1044 2490 Solem,
1087 2436 1273 2493 praeco
1326 2426 1619 2502 Judicem,
1674 2402 1928 2496 salivams
2009 2426 2070 2484 in
2117 2428 2354 2485 domum
2401 2402 2564 2486 sua'm
2617 2429 2762 2501 (Luc.
2807 2431 2866 2501 1).
2928 2454 2953 2478 »
2992 2431 3042 2487 A
3097 2402 3467 2504 conceptione
3514 2431 3730 2506 quippe

204 2504 583 2593 pracurreret
641 2499 1016 2593 Salvatorem.
1072 2509 1338 2572 Testatur
1393 2524 1448 2574 et
1503 2499 1625 2593 ipse
1676 2524 1927 2584 Joannes

203 2583 358 2682 hanc
403 2599 527 2643 esse
569 2589 660 2685 sui
705 2590 988 2653 adventus
1029 2612 1281 2671 causam,
1323 2620 1438 2662 non
1487 2583 1551 2665 ut
1591 2610 1927 2685 simpliciter

203 2672 448 2767 veniret,
495 2676 590 2732 sed
643 2685 706 2736 ut
769 2681 1085 2744 Dominum
1139 2689 1208 2745 ad
1269 2708 1392 2750 sua
1447 2672 1926 2761 manifestationis

203 2759 488 2857 indicium
537 2767 899 2857 praeveniret.
955 2794 976 2823 α
1029 2773 1160 2832 Post
1212 2793 1324 2850 me,
1372 2780 1584 2857 inquit,
1632 2788 1787 2845 venit
1837 2759 1927 2847 vir

203 2850 471 2952 quiante
500 2869 593 2912 me
639 2856 823 2916 factus
867 2869 977 2952 est;
1006 2863 1144 2938 quia
1172 2867 1330 2938 prior
1369 2850 1474 2929 me.
1506 2882 1626 2932 erat
1664 2899 1676 2934 :
1722 2883 1776 2935 et
1819 2895 1924 2952 ego

203 2941 530 3000 nesciebam
582 2960 718 3042 eum
766 2966 779 3004 :
832 2950 929 3007 sed
983 2961 1047 3010 ut
1101 2957 1569 3021 manifestaretur
1614 2966 1675 3024 in
1722 2941 1919 3042 Israel,

202 3038 502 3129 propterea
557 3036 692 3094 veni
744 3054 848 3111 ego
908 3041 970 3098 in
1019 3059 1168 3119 aqua
1225 3049 1520 3124 baptizans
1567 3060 1743 3126 (Joan.
1786 3063 1848 3129 Ι).
1895 3036 1916 3112 ιζ

205 3120 499 3219 Pravenit
551 3139 687 3184 eum
735 3133 1052 3204 nascendo,
1121 3120 1504 3216 praedicando,
1563 3120 1918 3219 baptizando,

2007 2513 2262 2585 Domini,
2293 2531 2478 2589 usque
2527 2517 2598 2573 ad
2633 2517 2988 2574 nativitatem
3031 2517 3093 2574 B.
3133 2517 3374 2576 Joannis
3417 2525 3530 2577 tres
3558 2534 3727 2576 men-

2008 2620 2098 2662 ses
2143 2613 2297 2662 sunt.
2349 2607 2587 2664 Nolebat
2635 2607 2827 2680 itaque
2866 2607 3043 2664 Maria
3093 2604 3232 2661 127
3271 2607 3582 2677 discedere,
3634 2607 3733 2665 do-

2007 2709 2115 2752 nec
2159 2695 2487 2767 grandava
2539 2701 2594 2752 et
2645 2711 2939 2767 puerpera
2978 2695 3364 2753 ministerium
3405 2693 3726 2753 sedulitatis

2006 2784 2381 2855 impenderet,
2441 2790 2496 2840 et
2553 2799 2684 2856 qua
2743 2784 2998 2854 gestabat
3040 2784 3099 2841 in
3144 2783 3277 2841 aula
3322 2783 3412 2859 sui
3469 2783 3725 2856 corporis

2005 2870 2255 2946 Regem,
2311 2879 2566 2929 cerneret
2630 2873 2846 2929 anteire
2896 2886 3238 2945 praconem.
3293 2871 3459 2930 Felix
3502 2878 3724 2946 partus,

2005 2977 2180 3036 quem
2223 2961 2324 3018 illa
2369 2961 2476 3019 lux
2524 2962 2740 3034 exeipit
2768 2977 2900 3034 qua
2934 2961 3230 3020 illuminat
3255 2977 3487 3020 omnem
3533 2962 3725 3020 homi-

2005 3067 2139 3110 nem
2171 3053 2496 3110 venientem
2530 3053 2590 3110 in
2622 3053 2780 3111 hunc
2810 3052 3095 3110 mundum
3134 3057 3310 3122 (Joan.
3344 3055 3380 3124 1)
3411 3057 3422 3112 ι

2079 3139 2191 3199 Sed
2249 3141 2390 3199 dum
2443 3143 2570 3200 hac
2624 3141 2941 3215 loquimur,
2985 3149 3216 3214 repente
3261 3141 3506 3216 quastio
3559 3141 3726 3200 nobis

201 3211 524 3309 Πλοτξθηξῖον
555 3222 840 3309 Postremo
869 3229 924 3277 et
961 3223 1030 3279 ad
1063 3224 1279 3285 inferos
1317 3197 1734 3292 descendendo.
1775 3197 2286 3297 Pra:GOb0rilur,
2335 3244 2467 3302 quae
2517 3197 2868 3288 dubieiatem
2924 3197 3138 3288 infetire
3196 3197 3312 3289 non
3375 3231 3501 3288 sine
3554 3244 3727 3288 causa

201 3301 371 3398 cessit
425 3301 618 3398 itaque
671 3305 1008 3382 Dominum,
1065 3318 1355 3386 praeessit
1410 3326 1466 3377 et
1520 3323 1913 3398 semetipsum.
2008 3319 2288 3377 videatur.
2329 3301 2595 3377 Testatur
2631 3320 2844 3377 etenim
2891 3319 3176 3376 Dominus
3225 3320 3362 3392 quia
3417 3319 3567 3376 inter
3617 3333 3723 3375 na-

201 3391 354 3486 Ante
396 3392 777 3486 enim-quam
826 3400 1222 3476 conciperetur
1275 3407 1338 3465 in
1388 3416 1568 3482 utero,
1610 3391 1917 3486 paternum
2007 3417 2091 3468 tos
2144 3411 2457 3469 mulierum
2498 3427 2612 3469 non
2663 3411 2917 3469 surrexit
2967 3411 3149 3483 major
3192 3391 3413 3468 Joanne
3468 3411 3724 3484 Baptista

198 3493 280 3577 os
306 3477 684 3577 incredulitas
728 3485 970 3560 clausit;
1006 3493 1158 3563 quod
1200 3487 1322 3567 ipse
1367 3477 1674 3573 antequam
1713 3503 1914 3577 loque-

199 3573 378 3641 retur,
409 3575 780 3645 expressione
817 3578 911 3636 sui
938 3581 1203 3640 nominis
1240 3584 1586 3646 mirabiliter
1617 3573 1911 3653 reseravit.

199 3657 377 3717 Plane
421 3676 555 3720 cum
604 3667 852 3725 necdum
886 3677 1074 3742 posset
1103 3673 1444 3735 hominibus
1488 3679 1662 3738 verba
1706 3683 1914 3758 depro-

195 3764 371 3847 mere,
417 3757 603 3847 potuit
659 3760 1004 3820 exsultando
1052 3762 1325 3824 latentem
1363 3767 1424 3826 in
1465 3778 1626 3830 utero
1664 3757 1914 3847 Virginis

191 3837 410 3936 Regem
441 3844 571 3900 cali
624 3850 900 3908 maternis
957 3853 1278 3914 visceribus
1327 3859 1618 3921 nuntiare.
1664 3837 1913 3936 Spiritus

191 3930 349 3988 enim
395 3940 642 4006 sanctus,
693 3937 796 4010 qui
847 3955 1001 4011 eum,
1049 3949 1363 4019 antequam
1411 3949 1614 4007 vitales
1659 3930 1913 4027 carperet

188 4036 398 4117 auras,
438 4027 734 4100 animavit,
792 4031 987 4106 ipsum
1058 4051 1292 4110 quoque
1366 4042 1615 4099 materni
1675 4046 1911 4117 pudoris

189 4110 527 4187 hospitium,
571 4118 633 4175 in
686 4133 801 4192 quo
858 4122 1115 4197 degebat,
1164 4127 1447 4200 implevit.
1499 4110 1910 4193 Unde-Elisa'-

189 4201 324 4258 beth
374 4221 387 4259 :
440 4223 468 4255 «
507 4205 670 4279 Ecce,
703 4210 912 4284 inquit,
961 4219 1025 4271 ut
1066 4216 1211 4272 facta
1258 4223 1342 4275 est
1392 4235 1506 4277 vox
1551 4221 1910 4283 salutationis

189 4295 304 4349 tua
343 4293 404 4351 in
443 4297 685 4356 auribus
727 4302 891 4373 meis,
921 4306 1234 4364 exsultavit
1272 4307 1330 4365 in
1379 4309 1590 4382 gaudio
1619 4311 1815 4372 infans
1845 4315 1905 4373 in

185 4389 350 4444 utero
381 4402 507 4444 meo
535 4391 687 4457 (Luc.
709 4395 768 4460 I).
809 4413 836 4445 »

2006 3504 2223 3573 (Matth.
2256 3503 2358 3573 X1).
2416 3493 2682 3559 Exclusit
2729 3502 2922 3574 itaque
2971 3503 3267 3575 majorem,
3315 3517 3432 3560 non
3490 3503 3723 3575 negavit

2005 3590 2308 3664 aqualem.
2363 3591 2517 3648 Hinc
2559 3597 2643 3649 est
2685 3593 2839 3665 quod
2888 3591 2957 3648 ad
2991 3591 3327 3649 Zachariam
3355 3591 3599 3663 angelus
3627 3591 3719 3649 di-

2003 3679 2117 3738 cit:
2156 3701 2182 3732 «
2215 3679 2342 3753 Ipse
2379 3679 2658 3754 pracedet
2685 3685 2819 3738 ante
2862 3679 3032 3738 illum
3064 3680 3125 3736 in
3158 3678 3384 3752 spiritu,
3420 3685 3476 3737 et
3505 3680 3717 3739 virtute

2009 3769 2146 3827 Elia
2181 3771 2333 3840 (Luc.
2367 3774 2425 3838 Ι).
2474 3793 2495 3820 ιι
2547 3770 2655 3827 Par
2701 3785 2836 3841 ergo
2879 3768 3322 3829 EliaJoannes
3368 3767 3616 3838 videtur,
3649 3767 3709 3824 in

2000 3861 2168 3933 cujus
2207 3858 2413 3932 spiritu
2459 3867 2514 3916 et
2561 3860 2775 3917 virtute
2814 3866 3102 3916 venturus
3128 3858 3404 3917 asseritur
3425 3881 3439 3929 ;
3469 3872 3715 3932 praeer-

2000 3951 2105 4008 tim
2151 3965 2281 4008 cum
2323 3957 2378 4008 et
2421 3951 2554 4008 alibi
2597 3952 2721 4024 ipsa
2748 3950 2970 4008 Veritas
2996 3949 3147 4008 dicat
3179 3973 3191 4007 :
3231 3975 3256 3998 ‹‹
3285 3947 3442 4006 Elias
3464 3951 3582 4023 jam
3613 3962 3715 4006 ve-

1999 4040 2105 4109 nit,
2137 4045 2192 4097 et
2231 4055 2347 4098 non
2389 4046 2784 4112 cognoverunt
2833 4054 2992 4109 eum,
3039 4039 3139 4097 sed
3189 4038 3450 4096 fecerunt
3483 4038 3542 4096 in
3577 4051 3714 4096 eum

1999 4129 2391 4202 quodcunque
2426 4130 2736 4187 voluerunt
2765 4130 2978 4201 (Matth.
3008 4139 3158 4198 XVII,
3186 4127 3267 4199 12)
3293 4146 3305 4185 :
3334 4150 3357 4177 ι
3382 4133 3438 4184 et
3464 4126 3512 4184 si
3537 4125 3717 4184 vultis

1999 4219 2163 4285 scire,
2194 4217 2444 4276 Joannes
2472 4219 2593 4292 ipse
2622 4225 2706 4276 est
2733 4219 2908 4276 Elias.
2943 4219 3056 4279 Sed
3083 4231 3211 4275 ecce
3238 4231 3270 4273 e
3298 4215 3528 4274 diverso
3565 4213 3714 4272 illud

1997 4309 2244 4367 occurrit
2271 4309 2424 4372 qvod
2465 4307 2692 4368 Eliseus
2730 4308 3022 4382 duplicem
3053 4309 3198 4368 Elia
3236 4309 3524 4383 spiritum,
3545 4307 3713 4380 juxta

1997 4401 2238 4458 modum
2289 4417 2409 4457 cane
2456 4400 2749 4474 petitionis
2788 4403 3022 4474 accepit.
3061 4428 3087 4451 ‹‹
3133 4401 3397 4472 Obsecro,
3446 4399 3712 4470 Domine,

259 4472 398 4564 Ubi;
427 4478 811 4548 quarendum
863 4486 947 4537 est
999 4485 1286 4557 quomodo
1319 4487 1445 4545 ﬁeri
1490 4491 1672 4560 potuit
1725 4497 1788 4551 ut
1843 4493 1964 4564 in_
1996 4495 2059 4546 ut
2106 4490 2204 4546 ﬁat
2257 4472 2492 4562 spiritus
2544 4497 2677 4549 tuus
2722 4472 2941 4564 duplex
2985 4492 3046 4549 in
3095 4509 3188 4550 me
3233 4494 3333 4564 (IV
3373 4495 3504 4559 Reg.
3555 4491 3635 4560 Π)-
3680 4511 3706 4535 ’³

187 4578 324 4620 eum
375 4562 623 4636 Spiritus
675 4577 908 4627 sanctus
963 4586 1065 4629 sua
1112 4572 1262 4631 dona
1311 4559 1687 4649 diffunderet;
1746 4597 1901 4652 cum,
1927 4559 2154 4646 DQuod
2189 4577 2237 4633 si
2270 4559 2455 4635 Etiam
2485 4578 2712 4637 Eliseus
2743 4559 3047 4651 dupliciter
3072 4559 3380 4649 antecellit,
3423 4559 3709 4652 aqualem

181 4655 353 4745 juxta
386 4656 564 4714 ritum
590 4658 936 4718 conditionis
979 4662 1275 4735 humana,
1310 4664 1500 4724 adhuc
1531 4668 1589 4724 in
1623 4668 1892 4745 iniquita-

191 4743 347 4801 tibus
381 4752 689 4817 conceptus
729 4747 1021 4821 existeret,
1055 4757 1110 4808 et
1137 4753 1385 4812 necdum
1433 4743 1744 4830 originalis
1770 4773 1904 4830 pec-

192 4835 302 4891 cati
344 4835 666 4907 vinculum,
699 4847 956 4912 percepta
993 4841 1190 4916 legalis
1233 4845 1615 4908 observantia
1654 4849 1903 4908 circum-

192 4925 411 4984 cisione
437 4927 717 4997 solvisset,
749 4946 882 4988 cum
913 4947 1014 5005 per
1061 4933 1298 5008 Moysen
1335 4936 1534 4995 divina
1570 4955 1683 4997 vox
1709 4940 1857 4997 dicat
1888 4965 1898 4998 :

200 5037 226 5061 α
277 5013 592 5084 Masculus,
644 5017 812 5092 cujus
866 5023 1133 5096 praputii
1200 5041 1329 5083 caro
1386 5027 1724 5086 circumcisa
1786 5044 1899 5086 non

195 5104 391 5175 fuerit,
422 5106 630 5179 peribit
683 5111 879 5168 anima
917 5112 1016 5170 illa
1067 5114 1136 5171 de
1189 5116 1398 5187 populo
1442 5133 1587 5188 meo,
1627 5119 1905 5192 quoniam

196 5206 425 5271 pactum
455 5215 651 5258 meum
683 5199 911 5261 irritum
947 5203 1080 5261 fecit
1107 5207 1258 5273 (Gen.
1291 5208 1459 5274 XVII).
1494 5231 1514 5257 ι.

273 5289 384 5348 Sed
435 5290 754 5348 notandum
810 5299 895 5350 est
965 5294 1103 5365 quia
1164 5293 1411 5367 Spiritus
1487 5297 1668 5355 sancti
1724 5298 1905 5371 gratia

201 5380 325 5454 lege
362 5395 480 5437 non
529 5381 850 5454 stringitur,
899 5385 1250 5442 necessitatis
1304 5385 1539 5445 vinculo
1593 5403 1706 5445 non
1749 5394 1906 5446 tene-

202 5475 331 5540 tur;
375 5468 469 5527 sed
523 5469 673 5528 sicut
719 5471 821 5529 ubi
853 5473 976 5530 vult
1033 5475 1228 5548 spirat,
1288 5475 1368 5534 sic
1424 5481 1479 5533 et
1519 5477 1731 5551 quibus
1784 5477 1908 5535 vult

193 5560 371 5633 gratis
421 5575 527 5617 sua
556 5558 704 5618 dona
731 5559 1041 5633 dispensat.
1077 5563 1220 5622 Nam
1251 5571 1305 5622 et
1341 5564 1670 5624 Cornelium
1705 5574 1906 5624 centu-

193 5647 457 5722 rionem,
509 5653 820 5726 antequam
879 5652 1147 5726 baptismi
1202 5655 1518 5730 susciperet
1567 5655 1900 5729 lavacrum,

1992 4668 2136 4725 Elia
2194 4667 2476 4726 Joannem
2549 4671 2839 4742 quomodo
2898 4686 3012 4728 non
3068 4676 3334 4743 Superat,
3392 4683 3506 4742 quo
3560 4668 3710 4724 inter

1992 4763 2156 4814 natos
2180 4756 2496 4815 mulierum
2527 4757 2712 4831 major
2740 4774 2911 4816 nemo
2942 4757 3242 4816 surrexit?

2065 4846 2500 4918 Verumtamen,
2557 4853 2620 4905 ut
2667 4847 2923 4906 solvatur
2989 4845 3254 4921 quastio,
3303 4846 3708 4918 ponderandus

1991 4943 2075 4994 est
2131 4951 2352 5004 sensus,
2393 4941 2457 4993 ut
2507 4937 2657 5008 quod
2717 4936 2929 4994 durum
2969 4935 3027 4991 in
3084 4933 3274 4991 verbis
3320 4934 3707 4992 exterioribus

1991 5032 2173 5096 sonat,
2230 5025 2299 5082 de
2343 5025 2439 5100 pia
2484 5025 2805 5083 intentione
2852 5022 3155 5095 procedere
3197 5023 3461 5081 discretio
3516 5022 3704 5081 sobrie

1993 5113 2294 5171 sentientis
2363 5113 2667 5185 intelligat.
2722 5113 2948 5169 Durum
3021 5111 3234 5183 quippe
3301 5110 3498 5170 sonuit
3549 5111 3703 5184 quod

1992 5203 2219 5263 Eliseus
2247 5203 2534 5277 duplicem
2575 5200 2830 5273 magistri
2870 5199 3140 5273 spiritum
3187 5201 3377 5274 petiit;
3410 5215 3542 5259 cum
3582 5216 3700 5260 non

1991 5295 2064 5353 sit
2113 5294 2430 5368 discipulus
2470 5308 2644 5365 super
2694 5292 3032 5364 magistrum
3074 5297 3294 5362 (Matth.
3345 5299 3430 5364 Χ).
3477 5292 3587 5353 Sed
3625 5307 3700 5350 ex

1991 5401 2135 5459 pura
2169 5392 2356 5441 mente
2385 5381 2580 5456 petitio
2606 5382 2711 5438 ista
2745 5383 3037 5456 processit,
3079 5385 3216 5456 quia
3247 5399 3359 5442 non
3405 5389 3694 5441 terrenum

1991 5473 2236 5548 aliquid,
2267 5473 2361 5532 sed
2403 5471 2764 5546 spiritualem
2806 5471 3042 5545 gratiam
3078 5470 3405 5544 postulavit.
3444 5470 3609 5529 Unde
3645 5476 3698 5529 et

1990 5563 2146 5621 Elias
2201 5562 2367 5637 quasi
2420 5561 2865 5634 subindignatus
2920 5562 3152 5619 incauta
3199 5561 3467 5634 discipuli
3525 5561 3699 5620 verba

1991 5654 2302 5728 redarguit,
2352 5669 2480 5712 cum
2565 5655 2646 5713 ait
2694 5678 2706 5713 :
2754 5680 2779 5704 α
2821 5655 2966 5715 Rem
3029 5653 3322 5713 difﬁcilem
3398 5652 3700 5734 postulasti
