4184 6460
471 294 578 356 639

1091 287 1149 346 S.
1193 284 1417 345 PETRI
1452 279 1778 343 DAMIANI
1814 276 1972 339 OPP.
2014 274 2206 338 PARS
2246 277 2390 338 SEU
2427 275 2678 339 TOMUS
2718 275 2794 336 II.
2838 308 2906 320 —
2946 274 3364 337 SEBMONES.

3878 275 4000 336 640

473 420 578 492 (IV
616 421 748 486 Reg.
795 415 852 484 Il)
889 431 902 472 :
943 435 964 463 ι
1023 410 1444 484 simplicitatem
1500 422 1637 466 vero
1687 403 1798 478 piie
1848 401 2248 492 intentionisA
2267 416 2518 461 vernans
2567 399 2843 492 pudicitia
2892 398 3210 492 virginum,
3255 397 3347 458 vel
3397 396 3462 456 in
3517 397 3720 492 verbis
3748 400 3892 458 vitm
3931 414 3999 458 se

468 488 772 580 aspiciens,
822 505 1028 576 praesto
1082 497 1383 574 subjungit
1426 524 1438 559 ε
1495 519 1520 543 ‹‹
1567 496 1848 580 Attamen,
1888 488 2190 580 sigvidjeris

473 577 568 655 me
614 593 843 670 quando
895 589 1062 648 tollar
1097 604 1131 645 a
1177 593 1260 656 te,
1308 584 1416 642 erit
1465 582 1618 657 quod
1666 578 1855 654 petisti
1903 577 2100 650 (Ibid.).
2157 596 2185 630 »

477 685 604 744 Non
643 679 907 740 videlicet
947 675 1273 750 duplicitas,
1315 688 1490 747 quam
1529 672 1796 728 incautus
1833 682 2019 724 sermo
2057 681 2189 738 pro-

475 773 685 841 fundit,
732 769 831 828 sed
866 769 1086 826 donum
1115 765 1372 839 spiritus,
1412 761 1565 837 quod
1599 759 1811 818 humili
1860 773 1924 816 ac
1968 756 2192 814 sincera

480 860 688 918 mentis
717 856 1038 916 intentione
1077 853 1365 928 QUEBSIVII.
1390 852 1512 909 Hoc
1537 851 1729 926 itaque
1758 847 1927 906 modo
1965 861 2190 919 nequa-

475 965 652 1028 quam
693 947 974 1006 Joannem
1017 949 1247 1017 superat
1285 941 1528 1011 Eliseus,
1570 939 1719 997 sicut
1760 952 1863 994 nec
1895 935 2078 1028 major
2107 939 2190 991 est

472 1026 650 1114 quam
698 1036 870 1094 Elias.
921 1033 1331 1092 Verumtamen
1393 1031 1441 1088 si
1497 1044 1672 1087 sacrze
1727 1026 1984 1085 historiae
2039 1031 2191 1082 teno-

474 1142 598 1185 rem
649 1125 989 1199 inspicimus
1032 1123 1359 1195 diligenter,
1422 1120 1749 1179 uberiorem
1802 1117 1928 1174 sive
1984 1115 2192 1175 clario-

474 1231 597 1273 rem
642 1215 901 1272 Eliseum
957 1229 1133 1285 quam
1184 1212 1372 1269 Eliam
1423 1211 1486 1268 in
1537 1208 1949 1267 miraculorum
2019 1208 2196 1268 fuisse

477 1303 790 1364 virtutibus
837 1301 1193 1360 invenimus.
1239 1300 1344 1358 Ille
1387 1300 1672 1358 nimirum
1730 1297 1934 1356 vivens
1987 1297 2196 1356 defun-

2271 498 2536 548 exerceat
2564 490 2763 563 lingua
2782 488 3106 559 doctorum,
3122 487 3265 546 citra
3286 492 3498 545 metam
3513 486 3756 546 Joannis
3783 489 3999 547 omnia

2273 578 2634 649 cohibentur,
2686 577 2950 652 nihilque
3008 577 3240 637 virtutis
3298 577 3595 644 humanae,
3661 577 3809 636 nihil
3843 576 3996 635 reli-

2272 673 2482 748 gionis,
2520 675 2672 734 nihil
2701 671 3066 746 perfectionis
3111 671 3262 729 ultra
3301 671 3653 747 progeditur.
3679 672 3860 747 Cujus
3902 672 4001 731 in-

2273 778 2398 820 com
2406 765 2673 838 parabilis
2686 764 2738 823 vi
2749 770 2820 822 tae
2831 761 3040 821 seriem
3055 777 3166 820 non
3184 761 3676 836 historiographus
3691 764 3996 837 quispiam

2273 858 2396 924 post
2437 853 2564 926 ejus
2602 852 2828 910 obitum
2865 852 3069 923 texuit,
3109 850 3207 909 sed
3239 851 3621 924 archangelus
3651 852 3750 910 ille
3777 853 3999 926 praeci-

2271 955 2425 1014 puus
2461 947 2770 1015 antequam
2809 947 3114 1014 conceptus
3162 947 3308 998 esset
3353 940 3413 996 in
3461 947 3642 1012 utero,
3679 941 3827 1000 sicut
3873 941 3998 1000 Do-

2273 1027 2440 1099 mini,
2494 1027 2576 1085 sic
2614 1034 2669 1085 et
2717 1028 2894 1101 hujus
2931 1043 3102 1100 opera
3158 1027 3422 1085 miranda
3473 1028 3748 1086 narravit.
3796 1029 4000 1103 Hujus

2279 1134 2414 1176 sane
2460 1119 2817 1192 praeconium
2866 1134 2982 1177 non
3022 1118 3337 1176 assertione
3384 1118 3621 1176 veridici
3677 1117 4001 1192 cujuslibet

2280 1206 2554 1279 hominis,
2587 1207 2684 1264 sed
2713 1223 2785 1264 ex
2821 1222 2919 1265 ore
2958 1204 3143 1278 ipsius
3175 1221 3423 1265 summae
3463 1207 3777 1266 didicimus
3823 1207 3999 1266 Veri-

2277 1296 2427 1354 tatis.
2457 1297 2526 1353 Et
2575 1297 2673 1355 ille
2719 1304 2802 1355 est
2831 1304 3076 1355 assertor
3123 1305 3177 1354 et
3224 1296 3494 1355 laudator
3521 1296 3781 1368 Joannis,
3814 1298 3918 1371 qui
3965 1314 4001 1356 a

470 1401 628 1456 ctum
670 1409 918 1469 puerum
968 1393 1107 1451 vitae
1144 1393 1391 1451 restituit
1423 1396 1527 1461 (III
1560 1395 1689 1459 Reg.
1732 1392 1902 1458 XVII),
1939 1387 2044 1446 iste
2071 1388 2194 1462 jam
2277 1388 2500 1446 cunctis
2538 1386 2866 1446 ccelestibus
2909 1403 2973 1445 ac
3017 1387 3259 1445 terrenis
3305 1385 3574 1445 laudatur
3611 1394 3666 1446 et
3702 1387 3976 1447 benedici

477 1491 743 1545 mortuus
798 1487 1091 1541 mortuum
1157 1482 1448 1541 suscitavit
1514 1484 1620 1550 (IV
1671 1482 1802 1547 Reg.
1875 1481 2024 1546 XIII).
2086 1477 2194 1536 Illo
2280 1484 2370 1537 tur
2415 1478 2707 1536 creaturis.
2746 1478 2836 1535 Ab
2889 1477 2990 1536 illo
3049 1477 3300 1551 denique
3356 1478 3530 1537 verbo
3570 1478 3813 1537 Joannis
3856 1488 4001 1538 sunt

479 1574 874 1650 prophetante,
905 1571 1110 1645 hydria
1154 1571 1378 1642 farinae,
1410 1577 1464 1628 et
1502 1568 1765 1644 lecythus
1807 1566 1919 1624 olei
1952 1582 2070 1624 non
2096 1567 2194 1626 de-
2276 1567 2608 1641 deprompta
2660 1567 2965 1640 praeconia,
3016 1581 3116 1640 per
3163 1567 3319 1640 quod
3377 1565 3613 1625 fundata
3668 1573 3754 1626 est
3803 1567 3996 1638 arida,

477 1663 611 1722 fecit
665 1664 764 1736 (HI
810 1666 938 1731 Reg.
995 1661 1313 1733 xvn);iste
1371 1659 1621 1718 obsessae
1671 1663 1725 1714 et
1784 1656 2010 1714 afﬂictae
2050 1657 2195 1714 civi-
2280 1665 2584 1716 moventur
2626 1657 2831 1725 sidera,
2865 1654 3094 1715 condita
3142 1663 3280 1714 sunt
3328 1656 3630 1714 elementa.
3674 1656 3996 1716 Enimvero

477 1757 578 1814 tati
614 1757 878 1829 protinus
914 1755 977 1812 in
1016 1753 1168 1810 diem
1213 1751 1459 1809 alterum
1495 1747 1860 1806 incredibiles
1894 1747 2196 1806 hostilium
2222 1753 2512 1825 Bquantze
2559 1745 3005 1818 magnificentiae
3058 1753 3143 1804 est
3202 1747 3274 1804 ab
3321 1747 3421 1804 illo
3481 1747 3683 1804 mereri
3742 1748 3994 1820 gloriam

478 1851 795 1905 castrorum
846 1842 1036 1917 copias
1087 1840 1299 1899 obtulit
1362 1843 1458 1911 (IV
1508 1843 1639 1907 Reg.
1699 1840 1797 1911 VI).
1854 1837 2063 1910 Atque,
2128 1843 2190 1894 ut
2273 1834 2478 1903 laudis,
2524 1834 2680 1907 apud
2734 1851 2907 1908 quem
2962 1849 3196 1892 summa
3254 1834 3491 1892 felicitas
3546 1841 3631 1891 est
3685 1837 3998 1910 impetrare

477 1935 639 1995 brevi
680 1939 886 1992 cuncta
933 1932 1292 2001 concludam,
1343 1929 1499 1987 Elias
1553 1928 1880 1998 duodecim,
1939 1927 2183 1998 Eliseus,
2271 1925 2502 1985 veniam
2549 1924 2794 1998 pietatis,
2853 1932 2906 1983 et
2953 1925 3025 1983 ab
3084 1925 3185 1984 illo
3233 1925 3491 1999 praeferri
3541 1927 3904 2002 hominibus,
3963 1947 3995 1988 a

478 2030 543 2086 ut
593 2023 906 2096 Scripturze
952 2021 1160 2080 veritas
1193 2019 1381 2091 tradit,
1411 2018 1615 2091 viginti
1649 2023 1894 2092 quatuor
1933 2017 2188 2074 miracu-
2271 2030 2388 2089 Quo
2437 2014 2755 2087 gloriosum
2807 2021 2892 2072 est
2942 2021 3240 2090 utcunque
3298 2014 3578 2089 probari?
3638 2017 3738 2074 Ait
3783 2019 3993 2078 enim:

476 2112 669 2173 lorum
713 2111 893 2184 signis
942 2109 1166 2178 enituit,
1223 2123 1356 2181 quae
1403 2105 1687 2177 videlicet,
1723 2107 1861 2178 quia
1890 2105 2188 2164 fastidium
2277 2125 2304 2156 ς(
2345 2102 2494 2172 Quid
2551 2103 2754 2160 existis
2808 2102 3045 2162 videre?
3109 2104 3498 2178 prophetam?
3546 2105 3683 2163 Dico
3733 2107 3900 2166 vobis
3944 2115 4000 2166 et

479 2201 825 2268 devitamus,
869 2199 961 2257 hic
1019 2213 1358 2256 enumerare
1429 2197 1845 2270 postponimus.
1894 2195 2192 2264 Quomodo
2275 2195 2581 2271 plusquam
2611 2194 2942 2268 prophetam
2982 2198 3205 2264 (Matth.
3237 2202 3346 2266 x1).
3381 2216 3408 2249 »

479 2289 659 2363 igitur
705 2289 882 2362 hujus
926 2302 1018 2345 me
1057 2286 1204 2344 nodo
1244 2285 1584 2360 quaestionis
1614 2285 1936 2358 expediam,
1971 2289 2033 2342 ut
2061 2298 2194 2356 pro-

481 2384 595 2443 lata
633 2379 1033 2455 magnitudine
1066 2378 1326 2448 Joannis,
1353 2394 1469 2437 non
1505 2377 1730 2436 vacillet
1762 2378 2044 2436 sententia
2084 2376 2196 2433 Ve-

481 2473 687 2542 ritatis,
719 2485 833 2544 qua
871 2469 1082 2526 dicitur
1116 2467 1175 2525 in
1214 2467 1365 2525 natis
1401 2466 1715 2525 mulierum
1755 2482 1873 2525 non
1911 2482 2034 2524 esse
2071 2481 2194 2524 ma-

2352 2283 2461 2342 Sed
2504 2283 2640 2356 quia
2692 2283 2969 2356 propheta
3015 2284 3167 2342 inter
3221 2291 3457 2345 caeteros
3513 2287 3778 2345 homines
3835 2301 3998 2359 egre-

2277 2373 2408 2448 gius
2451 2377 2535 2429 est
2578 2379 2632 2428 et
2675 2372 2942 2446 insignis,
2974 2374 3074 2447 qui
3105 2374 3340 2433 nullum
3369 2376 3429 2434 in
3469 2375 3771 2434 communi
3805 2375 3998 2433 homi-

2281 2477 2425 2520 num
2466 2475 2676 2533 genere
2710 2460 2928 2519 habens
2970 2463 3274 2534 aequalem,
3310 2464 3482 2522 etiam
3516 2463 3810 2537 prophetae
3843 2479 3997 2536 prae-

477 2562 663 2636 jorem
703 2559 926 2618 Joanne
976 2556 1271 2629 Baptista?
1326 2556 1470 2613 Nam
1511 2555 1557 2612 si
1612 2555 1794 2629 major
1845 2563 1930 2613 est
1975 2554 2200 2613 Eliseus

485 2666 661 2726 quam
710 2648 886 2718 Elias,
934 2662 1068 2720 ergo
1117 2647 1296 2720 major
1344 2651 1428 2704 est
1473 2652 1529 2703 et
1572 2645 1813 2704 Joanne.
1866 2645 2031 2715 Quod
2076 2644 2200 2703 ﬁeri

489 2735 850 2811 impossibile
879 2741 984 2794 est.
2284 2746 2400 2804 quo
2447 2730 2723 2802 scriptum
2773 2735 2857 2786 est
2891 2748 2902 2786 :
2938 2729 3079 2787 Ecce
3123 2745 3226 2803 ego
3268 2731 3430 2790 mitto
3464 2731 3732 2804 angelum
3777 2747 3997 2799 meum,

566 2826 677 2885 Sed
711 2826 1024 2884 notandum
1065 2824 1220 2899 quod
1247 2823 1406 2883 aliud
1438 2829 1519 2882 est
1551 2839 1826 2897 magnum
1866 2822 2007 2897 quid
2037 2837 2203 2894 agere
2289 2819 2390 2895 qui
2443 2817 2788 2893 praeparabit
2845 2818 2995 2876 viam
3054 2826 3186 2878 ante
3247 2821 3452 2878 faciem
3504 2826 3660 2878 tuam
3706 2823 3924 2890 (Ibid.).
3969 2842 3995 2873 ››

491 2916 554 2974 in
605 2914 787 2986 signis
830 2913 1264 2982 miraculorum,
1304 2912 1466 2971 aliud
1517 2928 1792 2988 magnum
1843 2926 1967 2969 esse
2003 2911 2065 2968 in
2099 2927 2204 2968 ex-
2292 2905 2403 2964 Sed
2433 2911 2489 2963 et
2516 2906 2575 2962 in
2605 2905 2997 2979 suppositione
3035 2922 3138 2964 sua
3182 2906 3390 2966 melius
3422 2907 3485 2966 B.
3517 2909 3770 2968 Joannes
3807 2915 4004 2966 osten-

493 3001 760 3062 cellentia
815 3003 1170 3061 meritorum.
1228 3001 1374 3059 Nam
1429 3001 1477 3059 si
1530 3002 1600 3060 de
1649 3001 1944 3059 miraculis
1992 3001 2202 3073 agitur,
2288 2996 2446 3053 ditur
2503 3000 2786 3068 quantum
2846 2994 3070 3052 cmteris
3130 2995 3463 3055 hominibus
3512 2998 3873 3070 praeferatur,
3931 2998 4002 3056 de

497 3094 728 3154 nullum
772 3091 971 3150 fecisse
1016 3093 1368 3151 miraculum
1423 3093 1705 3152 Joannem
1755 3087 1895 3145 128
1946 3091 2004 3146 in
2049 3089 2405 3160 Scri-nquo
2457 3084 2740 3142 Dominus
2780 3106 2792 3141 :
2839 3083 3012 3154 «Qui
3064 3091 3278 3156 autem,
3327 3085 3538 3160 inquit,
3565 3086 3760 3145 minor
3806 3093 3891 3144 est
3939 3088 4003 3145 in

2283 2552 2535 2625 ponitur,
2589 2558 2777 2622 restat,
2836 2558 2899 2610 ut
2946 2553 3069 2626 jam‘
3143 2569 3261 2611 non
3341 2554 3535 2624 homo,
3588 2554 3685 2612 sed
3752 2555 3997 2626 angelus

2285 2649 2670 2716 nuncupatur.
2721 2641 2886 2700 Unde
2938 2649 2988 2699 et
3032 2643 3286 2701 subdidit
3343 2669 3352 2702 :
3410 2666 3436 2697 «
3482 2643 3590 2702 Hic
3628 2651 3712 2702 est
3744 2644 3904 2702 enim
3929 2644 4000 2702 de

499 3189 798 3258 pturarum
824 3182 1051 3255 paginis
1074 3181 1388 3240 invenitur.
1423 3181 1533 3241 Sed
1557 3180 1825 3255 nunquid
1845 3186 2070 3254 propter
2098 3180 2206 3237 hoc
2224 3174 2264 3187 u
2292 3190 2470 3247 regno
2495 3174 2793 3245 οαΞῘοῐΊΠΠ»
2824 3178 3007 3246 [ΠθάοΓ
3028 3181 3110 3233 θεῖ
3135 3175 3442 3251 ῘῙῙΟ(Ῑδῖάο)ο
3481 3198 3506 3230 ’³
3537 3177 3685 3246 ΟυῘᾶ
3715 3178 3998 3237 nimirum

497 3271 739 3330 inﬁmus
780 3269 888 3328 erit
921 3270 1188 3329 omnium
1218 3277 1565 3338 sanctorum,
1600 3269 1738 3344 quia
1776 3268 1937 3327 nulla
1965 3268 2209 3326 traditur
2290 3262 2637 3336 Redemptor
2683 3271 2894 3334 noster,
2946 3264 3048 3338 qui
3104 3264 3325 3323 Joanne
3386 3266 3576 3325 minor
3620 3272 3704 3324 est
3751 3269 3811 3325 in
3853 3275 4004 3326 terra

500 3361 664 3434 signa
737 3358 936 3417 fecisse
1002 3357 1327 3416 virtutum?
1389 3358 1614 3416 Eliseus
1692 3373 1826 3431 ergo
1889 3356 2070 3430 major
2125 3361 2208 3413 est
2292 3368 2392 3427 per
2442 3368 2734 3410 accessum
2773 3353 3128 3411 succedentis
3165 3355 3368 3426 aetatis,
3406 3355 3464 3412 in
3515 3357 3658 3414 creto
3699 3358 3881 3430 major
3917 3365 4006 3416 est

501 3466 676 3528 quam
720 3450 875 3508 Elias
920 3449 981 3507 in
1025 3449 1384 3508 exhibitione
1429 3450 1752 3523 signorum,
1795 3463 1970 3523 quem
2015 3453 2205 3505 tamen
2289 3458 2392 3516 per
2419 3449 2655 3500 zeternze
2695 3439 2836 3497 129
2866 3443 3239 3518 privilegium
3277 3446 3605 3518 majestatis.
3641 3447 3683 3506 Ο
3716 3446 3859 3505 felix
3895 3447 4005 3505 ista

503 3556 868 3617 nequaquam
925 3546 1159 3614 superat
1208 3541 1270 3598 in
1317 3540 1557 3600 cumulo
1615 3540 1972 3597 meritorum.
2023 3539 2106 3596 Ita
2157 3543 2213 3595 et
2293 3529 2550 3604 dejectio,
2606 3531 2836 3604 quando
2873 3532 3045 3590 homo
3092 3532 3208 3591 Deo
3247 3533 3615 3608 supponitur,
3665 3550 3700 3592 a
3739 3533 4004 3593 Creatore

499 3631 749 3690 Joannes
793 3644 894 3702 par
923 3629 1161 3702 quidem
1208 3637 1292 3690 est
1331 3629 1510 3699 Elite;
1547 3628 1684 3702 quia
1714 3628 1860 3686 sicut
1895 3628 1998 3685 ille
2027 3643 2212 3700 przeco
2294 3626 2552 3678 creatura
2587 3621 2949 3694 prreceditur,
2986 3621 3237 3694 exiguus
3271 3622 3342 3679 ab
3381 3622 3786 3682 immensitatis
3819 3622 4004 3696 gloria

504 3721 737 3779 futurus
778 3726 862 3777 est
901 3719 1150 3793 judicis;
1196 3720 1275 3778 ita
1323 3726 1377 3777 et
1425 3720 1518 3776 hic
1555 3733 1876 3792 priecursor
1915 3718 2099 3774 factus
2129 3725 2214 3774 est
2295 3715 2598 3781 superatur
2629 3714 2638 3765 t
2670 3709 2851 3782 Major
2889 3725 3012 3767 esse
3046 3711 3270 3769 Joanne
3294 3711 3554 3770 Christus
3582 3712 3642 3768 in
3683 3711 3827 3769 cmlo
3857 3710 4006 3768 dici-

503 3811 916 3886 Bedemptoris,
968 3812 1064 3870 sed
1116 3811 1298 3883 major
1360 3812 1504 3881 Elia,
1534 3811 1672 3885 quia
1735 3827 1912 3885 quem
1967 3811 2211 3869 damon-
2297 3805 2409 3868 tur,
2445 3797 2547 3854 ubi
2576 3814 2610 3855 a
2635 3799 2858 3856 cunctis
2886 3799 3163 3872 angelicae
3193 3800 3487 3875 dignitatis
3515 3801 3831 3859 virtutibus
3858 3800 4006 3858 ado-

503 3902 722 3973 stravit,
755 3902 927 3960 etiam
967 3901 1294 3974 baptizavit.
1339 3901 1404 3960 In
1436 3901 1537 3959 illo
1565 3901 1816 3975 denique
1857 3900 2213 3975 baptismatis
2296 3896 2475 3960 Fatur.
2515 3890 2610 3948 Olli
2655 3889 2958 3947 Chembim
3006 3895 3061 3945 οι
3116 3890 3406 3964 SemPh-im
3458 3889 3760 3948 humiliter
3813 3889 4005 3962 DFOCi'

503 3997 862 4049 sacramento
912 3990 1180 4049 Jordanis
1231 3988 1386 4048 unda
1426 3991 1606 4063 magis
1645 3998 1729 4048 est
1767 3991 1880 4048 lota
1922 4006 2096 4064 quam
2126 3990 2214 4048 la-
2295 3979 2463 4048 dunt,
2511 3980 2678 4054 cujus
2750 3980 3114 4054 Principalus
3183 3987 3234 4038 et
3308 3980 3618 4038 Potestates
3687 3979 4003 4053 imperium

505 4081 608 4148 vit,
641 4094 717 4136 ex
764 4093 879 4151 qua
913 4078 1153 4151 insuper
1204 4078 1322 4135 vim
1363 4078 1828 4136 sanctiﬁcationis
1866 4079 2057 4137 omnis
2083 4078 2211 4137 ubi-
2297 4069 2765 4142 contremiscunt,
2797 4069 2964 4144 cujus
2991 4070 3240 4144 denique
3271 4069 3497 4128 vultum
3542 4067 3868 4126 desiderant
3900 4083 4004 4124 an-

507 4186 621 4244 que
661 4175 941 4227 terrarum
979 4185 1128 4240 aqua
1161 4171 1435 4243 concepit.
1475 4168 1603 4227 Illic
1637 4169 1700 4227 B.
1735 4170 1986 4228 Joannes
2018 4183 2214 4226 vocem
2297 4158 2411 4230 geli
2456 4157 2778 4232 prospicere
2810 4163 2861 4224 (Ι
2891 4163 3035 4216 Petr.
3070 4162 3147 4228 I);
3178 4158 3389 4216 Joanni
3418 4174 3478 4216 se
3502 4157 3766 4231 perhibet
3795 4158 3855 4216 in
3887 4173 4004 4216 cce-

509 4257 693 4316 Patris
716 4255 955 4328 audivit,
1001 4255 1277 4329 Spiritum
1320 4264 1577 4315 sanctum
1613 4258 1674 4314 in
1710 4255 1997 4314 columbae
2030 4255 2214 4328 specie
2296 4246 2422 4304 ieSli
2471 4246 2748 4319 dignitate
2800 4264 3065 4321 1111139350.
3119 4245 3177 4304 ῙΠ
3231 4246 3400 4319 CUIUS
3474 4247 3641 4319 plane
3696 4254 4006 4319 αοηερθειιι

507 4344 947 4404 descendentem
997 4344 1242 4419 aspexit,
1276 4345 1636 4403 tremendum
1689 4344 1911 4418 angelis
1960 4344 2063 4402 Dei
2117 4345 2214 4402 F1-
2295 4350 2498 4392 omnes
2541 4343 2742 4409 gentes
2786 4337 2950 4410 quasi
2998 4335 3152 4394 stilla
3179 4344 3314 4394 sunt
3349 4336 3561 4405 situlze,
3596 4343 3651 4393 et
3673 4335 3844 4408 juxta
3872 4351 4005 4408 pro-

507 4432 655 4491 lium
695 4433 815 4492 suis
851 4433 1122 4491 manibus
1159 4433 1527 4504 inclinatum,
1563 4433 1730 4508 aquis
1768 4433 2028 4491 intinxit.
2058 4434 2270 4508 Illud“
2296 4426 2484 4498 pheti’e
2515 4425 2878 4496 vaticinium,
2912 4426 3075 4500 quasi
3105 4426 3382 4496 nihilum,
3423 4434 3479 4483 et
3517 4426 3690 4483 inane
3728 4431 4007 4498 reputatae

507 4525 663 4583 enim
743 4524 1184 4584 fundamentum
1264 4531 1318 4583 et
1387 4493 1548 4599 origo
1619 4493 1973 4598 baptismatis
2041 4493 2434 4584 rebusDSuut
2481 4517 2633 4581 (Ιεαὶι
2685 4519 2816 4586 XL);
2869 4514 3030 4572 beato
3084 4512 3209 4570 Viro
3268 4529 3328 4570 se
3382 4527 3498 4570 non
3548 4511 3892 4585 dedignatur
3940 4513 4000 4571 in

503 4612 772 4684 ostendit,
814 4614 968 4687 quod
1026 4613 1242 4673 Veritas
1283 4613 1648 4688 postmodum
1693 4613 2005 4687 discipulos
2046 4629 2214 4687 agere
2297 4604 2718 4674 comparatione
2766 4617 3122 4674 praeponere,
3161 4606 3226 4660 ut
3264 4601 3598 4659 inveniatur
3638 4602 3813 4659 homo
3850 4602 4004 4674 apud

509 4702 698 4760 verbis
747 4701 959 4761 virtute
1008 4703 1193 4776 plenis
1245 4702 1488 4759 edocuit.
1535 4723 1562 4754 (ι
1618 4702 1720 4772 Ite,
1753 4703 1965 4775 inquit,
2020 4703 2216 4760 docete
2298 4693 2482 4751 Deum
2513 4709 2614 4766 pro
2645 4692 2985 4752 meritorum
3029 4690 3369 4750 excellentia
3413 4691 3578 4765 quasi
3626 4691 3815 4750 locum
3856 4707 4014 4750 com-

507 4807 708 4850 omnes
762 4800 979 4866 gentes,
1034 4793 1385 4867 baptizantes
1435 4808 1530 4850 cos
1583 4793 1644 4848 in
1708 4793 1944 4851 nomine
2007 4794 2212 4867 Patris,
2297 4781 2608 4857 parationis
2652 4780 2881 4840 habere.
2916 4781 3027 4852 Qui
3079 4781 3233 4840 enim
3272 4787 3470 4838 auctor
3506 4785 3589 4838 est
3629 4780 4011 4851 celsitudinis,

508 4891 565 4941 et
619 4885 772 4955 Filii,
813 4889 869 4943 et
925 4884 1175 4958 Spiritus
1217 4883 1398 4943 sancti
1453 4885 1674 4949 (Matth.
1737 4888 1976 4952 XXVIII).
2021 4905 2048 4937 »
2091 4885 2220 4946 Illic

509 4991 599 5034 res
631 4977 930 5036 manifesta
961 4984 1015 5034 et
1065 4993 1182 5034 non
1225 4976 1435 5046 verba;
1479 4975 1572 5031 hic
1617 4974 1791 5032 verba
1834 4982 1889 5033 et
1927 4991 2017 5034 res
2060 4993 2210 5044 vera,

508 5063 606 5122 sed
656 5064 894 5123 occulta.
925 5063 1176 5123 Joannes
1227 5063 1420 5137 itaque
1469 5063 1858 5122 humanorum
1916 5065 2083 5123 limes
2134 5074 2217 5125 est

509 5154 866 5211 meritorum.
953 5152 1477 5225 Quantumcunque
1546 5153 1702 5210 enim
1771 5155 2066 5228 apostolici
2127 5171 2213 5214 se-

507 5249 677 5301 natus
707 5243 950 5302 excellat
970 5242 1300 5312 auctoritas,
1318 5249 1840 5316 quantumcunque
1865 5242 1955 5301 vel
1981 5243 2217 5316 patriar-

507 5333 749 5390 charum
829 5331 970 5388 tides
1047 5330 1107 5388 in
1161 5330 1361 5387 divina
1417 5331 1704 5404 agnitione
1778 5331 2055 5405 proﬁciat,
2120 5332 2213 5391 vel

511 5423 914 5495 prOpbetarum
953 5421 1183 5480 oracula
1234 5421 1300 5478 ad
1327 5451 1331 5454 -
1358 5421 1658 5479 referenda
1695 5437 1903 5479 arcana
1943 5421 2213 5494 mysteria

511 5511 925 5580 convalescant,
975 5509 1404 5584 quantumlibet
1452 5516 1603 5568 certe
1637 5509 1969 5568 cumuletur
2007 5508 2212 5568 trium-

511 5597 814 5669 phantium
874 5597 1057 5673 gloria
1107 5606 1451 5671 martyrum,
1515 5598 1896 5673 quantumvis
1956 5597 2210 5657 eﬂloreat

2303 4871 2423 4944 ipse
2449 4870 2616 4928 nobis
2655 4871 2838 4929 factus
2879 4878 2963 4928 est
2991 4869 3261 4942 magister
3293 4869 3654 4934 humilitatis.
3685 4869 3803 4941 Ipsi
3833 4870 4016 4943 gloria

2303 4969 2358 5020 et
2403 4961 2736 5034 imperium,
2775 4967 2831 5019 et
2870 4961 3056 5030 modo,
3086 4966 3141 5019 et
3168 4959 3392 5030 amodo,
3429 4961 3490 5018 in
3529 4959 3741 5018 saecula
3769 4961 4010 5019 saeculo-

2300 5069 2448 5113 rum.
2483 5056 2691 5112 Amen.

2908 5179 3157 5240 SERMO
3208 5178 3384 5238 XXV.

2297 5302 2379 5348 III.
2423 5298 2482 5347 IN
2534 5301 2888 5348 NATIVITATE
2931 5303 2976 5347 S.
3020 5299 3262 5347 JOANNIS
3299 5298 3610 5344 BAPTIST/E.
3647 5288 3821 5350 (XXIV
3856 5288 4003 5349 JUN.)

2369 5413 2568 5482 Multa,
2599 5413 2978 5481 dilectissimi,
3009 5411 3283 5470 novimus
3310 5411 3371 5469 in
3410 5409 3637 5468 laudem
3672 5409 3733 5466 Β.
3766 5407 4006 5467 Joannis

2296 5521 2328 5562 a
2371 5504 2628 5579 patribus
2666 5503 2879 5561 nostris
2919 5501 3150 5560 elimato
3189 5500 3336 5575 stylo
3371 5500 3704 5572 composita,
3745 5504 3800 5556 et
3835 5498 4006 5556 lucu-

2296 5596 2477 5655 tenter
2522 5610 2809 5670 expressa.
2855 5591 3208 5667 Quapropter
3256 5591 3431 5650 rudes
3471 5605 3578 5649 nos
3628 5587 3874 5647 eruditis
3914 5587 4004 5645 in-
