4184 6462
238 307 336 365 641

1765 325 2013 387 SERMO
2052 327 2226 386 XXV.

3639 336 3743 397 642

233 447 456 536 genere,
487 441 550 536 .et
592 435 742 495 inter
794 441 1126 536 eloquentes
1185 446 1580 508 erubescimus
1635 450 1940 511 balbutire.
1969 453 2321 516 AEcclesiaa.
2357 455 2568 513 Dentes
2601 456 2777 529 igitur
2807 473 3037 529 sponsae
3070 465 3208 516 sunt
3247 459 3503 518 doctores
3532 463 3735 536 sancti,

238 523 346 583 Sed
399 527 532 601 quis
582 535 762 588 taceat
810 531 871 590 in
921 536 1218 596 nativitate
1262 541 1463 598 vocis?
1498 541 1636 612 Quis
1692 545 1947 605 obmute-

235 623 430 709 scat‘a
493 618 660 709 laude
699 626 1000 696 praeconis,
1035 628 1147 685 nisi
1192 629 1460 709 fortequi
1498 633 1707 692 diffidit
1735 636 1804 692 ad
1843 637 1946 696 hoc

234 705 389 798 quod
419 708 712 798 angelitus
742 713 946 771 audit?
984 713 1286 775 Zacharias
1315 705 1519 794 nempe
1549 722 1686 781 dum
1713 723 1946 798 loquen-

239 791 529 885 tis‘angeli
556 811 676 855 non
703 799 885 858 credit
914 804 1167 874 oraculo,
1205 791 1473 880 loquendi
1510 825 1644 870 mox
1685 791 1945 885 priVatur

234 881 442 952 ofﬁcio,
476 890 528 941 et
559 886 630 943 ad
674 890 827 947 vocis
857 891 1193 966 adventum,
1229 898 1382 956 vocis
1407 899 1617 958 amittit
1646 881 1941 973 eloquium

231 973 379 1044 (Luc.
434 978 492 1073 I).
552 978 626 1035 At
683 995 820 1073 vero
880 986 1175 1057 progenita
1231 991 1471 1062 sobole,
1523 1009 1656 1066 quae
1721 995 1941 1068 paterni

230 1071 554 1156 prosapiam
613 1071 842 1142 generis
904 1088 1070 1134 novae
1120 1079 1318 1150 gloriae
1373 1081 1536 1140 titulo
1591 1085 1937 1156 decorabat,

230 1152 516 1249 dumgjam
551 1173 664 1216 non
706 1161 1022 1236 addubitat,
1054 1168 1151 1226 sed
1186 1169 1483 1244 imponere
1505 1176 1692 1249 potius
1729 1152 1940 1236 nomen

229 1242 502 1314 exsultat,
535 1263 652 1338 non
688 1252 856 1310 modo
900 1255 1222 1316 reformatae
1268 1242 1377 1318 sibi
1429 1242 1732 1322 locutionis
1785 1282 1943 1338 orga-

229 1345 372 1389 num
414 1337 758 1427 restituitur
788 1388 804 1412 ,
866 1346 964 1402 sed
1010 1353 1064 1403 et
1114 1350 1426 1422 prophetici
1478 1351 1710 1425 spiritus
1763 1337 1943 1427 gratia

227 1421 611 1520 cumulatur;
677 1435 730 1486 et
783 1433 883 1504 qui
936 1440 1176 1492 eatenus
1225 1421 1558 1497 facultatem
1613 1421 1940 1515 proferendi

229 1525 636 1609 enjuscunqne
705 1522 989 1579 sermonis
1048 1524 1357 1596 amiserat,
1410 1528 1528 1602 jam
1592 1532 1943 1606 prophetalis

228 1601 492 1658 vaticinii
534 1602 748 1663 ditatus
798 1610 1049 1682 oraculo,
1103 1615 1359 1686 mysterii
1416 1601 1942 1677 salutaris-arcana

2029 542 2132 616 qui
2186 545 2457 617 quoniam
2517 544 2808 618 simplices
2857 562 2958 620 per
3016 548 3406 607 innocentiam
3472 555 3628 619 sunt,
3687 557 3743 610 et

2027 633 2223 692 omnia
2271 634 2681 706 relinquentes,
2735 637 3074 696 facultatum
3133 654 3370 697 suarum
3426 639 3743 699 velleribus

2027 731 2162 781 sunt
2192 725 2373 792 exuti,
2412 741 2477 782 ac
2522 725 2665 783 sacri
2713 727 3068 800 baptismatis
3105 728 3259 786 unda
3291 729 3598 802 puriﬁcati,
3631 733 3738 790 sio-

2027 817 2092 868 ut
2146 828 2285 885 grex
2345 820 2643 871 tonsarum
2692 821 2846 883 sunt,
2889 831 3026 888 quae
3078 817 3462 875 ascenderunt
3517 819 3588 876 de
3648 819 3733 876 la-

2026 916 2212 959 vacro.
2251 901 2423 960 Venit
2467 904 2659 976 itaque
2705 903 2883 962 Judas
2930 906 3001 963 ad
3053 906 3367 965 tondendas
3415 923 3571 978 oves,
3614 925 3733 967 non

2026 990 2263 1062 quidem
2303 992 2480 1062 solus,
2514 993 2611 1049 sed
2660 1009 2793 1051 cum
2828 999 3052 1065 pastore
3090 1011 3198 1052 suo
3238 994 3597 1066 Odollamite,
3638 997 3736 1054 cui

2026 1093 2233 1135 nomen
2284 1085 2403 1136 erat
2448 1079 2633 1137 Hiras.
2669 1081 2851 1150 Quem
2897 1098 2998 1155 per
3035 1081 3433 1140 Odollamitem
3467 1083 3737 1155 intelligi-

2025 1181 2175 1235 mus,
2203 1168 2316 1223 nisi
2344 1167 2671 1226 Joannem?
2699 1169 3109 1242 Interpretatur
3134 1177 3325 1228 autem
3364 1169 3736 1228 Odollamites

2025 1257 2389 1310 testimonium
2432 1259 2503 1333 tn
2550 1273 2716 1326 aqua.
2775 1256 2919 1314 Cum
2987 1257 3095 1314 hoc
3166 1257 3332 1330 plane
3407 1257 3734 1315 testimonio

2025 1342 2185 1400 venit
2236 1342 2519 1402 Dominus
2557 1347 2625 1402 ad
2664 1362 2876 1418 aquam
2917 1347 3291 1418 baptismatis,
3329 1346 3544 1406 habens
3599 1346 3732 1420 qui-

2025 1431 2155 1488 dem
2204 1431 2597 1491 testimonium
2637 1434 2828 1507 majus
2880 1434 3119 1503 Joanne,
3167 1435 3266 1491 sed
3303 1443 3528 1508 propter
3567 1435 3731 1494 infir-

2024 1535 2148 1577 mas
2193 1535 2351 1589 oves,
2385 1521 2492 1579 hoc
2538 1521 2868 1580 testimonio
2908 1524 2994 1579 uti
3035 1522 3304 1596 dignatus
3339 1528 3424 1580 est
3462 1523 3524 1580 in
3559 1539 3732 1596 aqua.

2026 1607 2192 1666 Unde
2223 1623 2356 1665 cum
2397 1608 2617 1668 videret
2654 1625 2790 1666 eum
2833 1609 2902 1666 ad
2941 1610 3210 1667 Jordanis
3249 1611 3463 1668 ﬂuenta
3492 1611 3734 1684 propin-

230 1688 467 1780 revelat.
519 1691 771 1753 Joannes
799 1697 967 1770 plane
1003 1716 1119 1759 vox
1155 1709 1292 1773 erat,
1337 1703 1593 1764 Verbum
1625 1723 1940 1780 praecurre-

2024 1703 2322 1771 quantem,
2384 1699 2646 1771 protinus
2700 1701 3060 1772 exclamans,
3120 1700 3198 1758 ait
3259 1719 3269 1756 :
3324 1700 3468 1758 Ecce
3527 1703 3734 1775 Agnus

231 1777 353 1874 bat,
378 1787 432 1838 et
482 1781 734 1874 Verbum
764 1790 1162 1850 annuntiabat.
1201 1793 1394 1868 Hujus
1436 1777 1765 1869 vocis,‘sive
1791 1817 1938 1873 prte-

2024 1785 2145 1855 Dei,
2183 1801 2308 1843 ecce
2357 1787 2456 1859 qui
2515 1787 2664 1845 tollit
2717 1795 2942 1861 peccata
2999 1788 3204 1847 mundi
3264 1791 3439 1858 (Joan.
3481 1793 3547 1857 I).
3595 1811 3616 1838 ι
3662 1787 3732 1845 Et

226 1872 409 1961 conis,
470 1879 524 1929 et
562 1872 739 1932 Isaias
785 1878 1194 1951 prophetarum
1246 1883 1501 1943 eximius
1539 1903 1726 1961 praeco
1756 1872 1990 1948 factus?
2023 1875 2377 1949 evangelista
2406 1877 2544 1935 dicit
2591 1898 2603 1936 :
2652 1901 2677 1932 α
2710 1879 3130 1938 Testimonium
3160 1878 3458 1952 perhibuit
3483 1878 3736 1937 Joannes

228 1957 436 2022 fuerat,
471 1975 603 2018 cum
635 1962 953 2024 clamabat:
990 1991 1010 2019 κ
1046 1968 1171 2028 Vox
1208 1971 1509 2032 clamantis
1539 1957 1616 2032 'in
1669 1977 1890 2036 deserto
1922 1997 1933 2036 :
2022 1963 2257 2022 dicens:
2293 1964 2438 2034 Quia
2485 1967 2605 2024 Vidi
2659 1966 2939 2040 Spiritum
2979 1968 3418 2027 descendentem
3457 1972 3731 2041 tamquam

230 2041 434 2102 Parate
486 2047 640 2106 viam
700 2050 930 2112 Domini
977 2057 1123 2128 (Isai.
1185 2058 1298 2131 XL).
1357 2085 1383 2109 ι»
1444 2061 1552 2120 Per
1599 2063 1938 2123 Malachiam
2021 2053 2351 2110 columbam
2379 2053 2450 2110 de
2473 2055 2638 2125 coelo,
2677 2063 2731 2113 et
2768 2055 2981 2114 mansit
3019 2071 3190 2128 super
3217 2071 3376 2126 eum,
3407 2061 3463 2112 et
3492 2069 3599 2127 ego
3630 2070 3732 2111 ne-

226 2146 460 2225 quoque
489 2136 688 2196 divina
714 2156 827 2197 vox
859 2142 970 2201 ait:
1002 2166 1027 2197 «
1060 2145 1204 2205 Ecce
1232 2149 1396 2206 mitto
1421 2151 1693 2224 angelum
1719 2169 1933 2225 meum,
2021 2140 2270 2198 sciebam
2310 2157 2480 2214 eum;
2533 2143 2631 2201 sed
2678 2145 2776 2217 qui
2824 2145 2982 2202 misit
3028 2159 3120 2201 me
3153 2145 3437 2217 baptizare
3465 2144 3526 2201 in
3555 2159 3726 2216 aqua,

227 2222 332 2294 qui
363 2226 706 2298 praeparabit
737 2229 892 2288 viam
923 2238 1078 2290 tuam
1107 2242 1240 2293 ante
1270 2243 1342 2294 te,
1373 2257 1400 2289 »
1505 2222 1523 2224 “
1847 2259 1861 2266 -
1917 2222 1924 2225 ⁷
2022 2227 2122 2285 ille
2142 2229 2286 2286 mihi
2311 2229 2461 2286 dixit
2489 2249 2500 2288 :
2537 2231 2725 2306 Super
2752 2247 2928 2305 quem
2956 2231 3172 2290 videris
3203 2231 3482 2305 Spiritum
3501 2232 3732 2290 descen-

301 2312 640 2388 Pensemus,
673 2317 878 2378 fratres
930 2323 1279 2395 charissimi,
1313 2326 1402 2384 vir
1449 2327 1556 2384 iste
1596 2343 1770 2401 quam
1816 2345 1940 2388 ma-
2023 2317 2277 2387 dentem.
2305 2325 2359 2374 et
2383 2326 2715 2376 manentem
2741 2335 2915 2392 super
2938 2335 3094 2389 eum,
3123 2319 3218 2376 hic
3244 2326 3330 2377 est
3359 2320 3461 2392 qni
3485 2319 3731 2393 baptizat

222 2401 456 2473 gnificare
484 2404 786 2478 privilegio
814 2410 1186 2472 sublimitatis
1217 2416 1486 2486 emineat,
1518 2433 1695 2490 quam
1727 2417 1942 2476 incom.
2023 2404 2084 2462 in
2124 2405 2343 2478 Spiritu
2383 2414 2578 2466 sancto
2618 2409 2826 2480 (Ibid).
2861 2430 2882 2459 ι
2921 2408 3026 2466 Cui
3055 2407 3273 2464 scilicet
3308 2409 3520 2466 visioni
3557 2410 3730 2467 etiam

221 2492 472 2563 parabili
506 2493 848 2556 celsitudine
878 2502 1218 2561 meritorum
1260 2507 1411 2563 inter
1455 2513 1780 2565 sanctorum
1811 2507 1941 2565 cho-

2026 2511 2238 2554 nomen
2273 2498 2515 2570 pastoris
2546 2497 2708 2555 illius
2736 2497 3030 2570 aptissime
3067 2497 3350 2570 congruit.
3382 2497 3731 2571 Interpreta-

227 2593 322 2638 ros
359 2580 630 2654 excellat,
671 2588 773 2659 qui
803 2588 871 2645 ad
907 2589 1088 2648 instar
1119 2590 1446 2662 Salvatoris,
1477 2602 1530 2652 et
1572 2611 1605 2652 a
1649 2594 1939 2668 prophetis
2025 2591 2119 2642 tUI‘
2147 2586 2306 2644 enim
2338 2586 2532 2658 Hiras.
2567 2591 2768 2655 fratris
2794 2591 2901 2642 mei
2929 2590 3086 2643 υἱείο-
3123 2587 3261 2643 Erat
3294 2586 3504 2658 (ἰυίρρθ
3533 2586 3729 2643 Domi-

223 2677 358 2728 ante
407 2672 736 2745 praedictus,
765 2679 927 2736 etab
975 2681 1195 2753 eodem,
1229 2699 1343 2756 quo
1387 2684 1688 2756 Dominus,
1734 2687 1938 2759 angelo
2022 2689 2135 2730 nus
2195 2675 2367 2732 frater
2423 2674 2701 2744 Joannis,
2762 2690 2874 2732 non
2929 2675 3098 2733 modo
3154 2674 3476 2731 secundum
3527 2689 3726 2731 semen

227 2763 574 2822 nuntiatus:
615 2764 798 2839 ipsius
852 2770 1092 2845 insuper
1137 2775 1463 2834 testimonio
1512 2775 1776 2834 Veritatis
1823 2778 1936 2834 im-

2024 2760 2293 2831 Abrahae,
2322 2762 2418 2820 sed
2451 2763 2622 2820 etiam
2648 2763 2817 2836 juxta
2853 2763 3256 2836 cognationem
3299 2760 3496 2819 Mariae
3521 2769 3576 2819 et
3603 2762 3726 2820 Eli-

235 2855 456 2912 mensis
497 2856 736 2917 laudum
790 2863 1094 2935 praeconiis
1139 2865 1358 2924 exstitit
1391 2867 1696 2941 gloriosus.
1737 2867 1937 2926 Talem
2020 2851 2240 2908 sabeth-

232 2942 447 3017 quippe
501 2945 736 3006 decebat
789 2958 851 3010 u’t
907 2953 1139 3013 haberet
1187 2955 1431 3014 caelestis
1482 2955 1740 3030 Sponsus
1787 2957 1933 3015 ami-
2090 2947 2249 3005 Vidit
2278 2949 2472 3022 itaque
2495 2949 2746 3008 Joannes
2787 2949 3020 3007 fratrem
3057 2963 3232 3007 suum
3271 2948 3461 3008 adhuc
3497 2947 3730 3007 clausus

224 3046 389 3104 cum;
443 3035 570 3092 talis
624 3041 918 3112 oportebat
965 3050 1029 3102 ut
1072 3050 1220 3103 esset
1269 3045 1573 3103 foederator
1612 3046 1935 3104 caelestium
2019 3036 2080 3094 in
2109 3045 2293 3108 utero,
2324 3037 2470 3095 vidit
2499 3039 2560 3097 in
2601 3039 2902 3112 baptismo,
2935 3037 3080 3107 vidit
3107 3037 3290 3097 oculis
3317 3038 3505 3096 carnis
3539 3037 3728 3095 homi-

224 3121 591 3196 nuptiarum.
629 3150 649 3176 ε
694 3127 804 3197 Qui
851 3131 1042 3202 habet,
1093 3133 1304 3208 inquit,
1355 3150 1645 3206 sponsam,
1689 3150 1936 3209 sponsus
1955 3141 2177 3234 Cnem,
2211 3126 2359 3185 vidit
2388 3126 2450 3184 in
2479 3127 2686 3200 spiritu
2717 3127 3088 3200 majestatem.
3137 3126 3297 3185 Unde
3333 3132 3388 3182 et
3425 3126 3730 3198 utriusque

226 3216 313 3268 est
369 3215 546 3278 (Joan.
597 3219 680 3286 III)
710 3235 725 3286 ;
779 3221 1003 3278 amicus
1055 3227 1245 3280 autem
1303 3223 1516 3295 sponsi,
1565 3222 1666 3295 qui
1725 3229 1833 3280 stat
1886 3212 2206 3289 etubujus
2260 3214 2516 3273 nominis
2575 3214 3110 3288 interpretationem
3141 3262 3156 3286 ,
3209 3214 3380 3272 Hiras
3430 3212 3728 3284 videlicet,

226 3301 389 3359 audit
440 3319 597 3374 eum,
631 3307 845 3377 gaudio
894 3311 1106 3383 gaudet
1142 3317 1371 3385 propter
1417 3328 1615 3370 vocem
1663 3312 1876 3385 sponsi.
1914 3335 1935 3364 ι
2023 3305 2176 3378 quod
2205 3309 2288 3362 est
2321 3307 2524 3372 fratris
2550 3309 2658 3360 mea“
2694 3308 2855 3368 visio,
2885 3311 2939 3361 et
2971 3302 3349 3373 Odollamitis,
3381 3303 3532 3377 quod
3569 3309 3733 3361 sonat

231 3387 303 3447 Ut
361 3396 554 3449 autem
610 3401 803 3452 sancta
857 3396 1110 3456 Ecclesia
1165 3398 1236 3456 ab
1270 3401 1432 3456 omni
1478 3415 1642 3458 coeno
1694 3400 1939 3473 contagii
2023 3401 2394 3454 testimonium
2443 3402 2503 3453 in
2555 3416 2722 3469 aqua,
2759 3397 2908 3454 idem
2955 3397 3207 3455 Joannes
3241 3396 3349 3453 sub
3386 3396 3567 3453 unius
3601 3411 3732 3452 sen-

227 3486 601 3553 purgaretur,
633 3489 689 3539 et
738 3500 854 3542 non
906 3486 1127 3543 habens
1167 3488 1452 3544 maculam
1506 3503 1694 3561 neque
1736 3504 1935 3560 rugam
2025 3487 2216 3544 tentiae
2272 3487 2560 3545 versiculo
2605 3485 3083 3559 comprehendit,
3139 3484 3385 3543 dicens:
3431 3504 3459 3536 ‹‹
3503 3483 3574 3540 Et
3625 3498 3730 3556 ego

229 3569 449 3640 (Ephes.
501 3571 583 3641 V),
641 3572 886 3632 ccelestis
943 3573 1150 3648 Sponsi
1206 3576 1485 3634 thalamos
1537 3578 1761 3650 ingredi
1813 3593 1938 3635 me-

221 3664 469 3728 reretur,
522 3660 669 3718 beati
719 3662 892 3737 hujus
951 3666 1336 3738 paranymphi
1393 3667 1668 3740 mysterio
1731 3669 1940 3726 factum

222 3753 328 3818 est,
366 3747 469 3819 qui
500 3754 554 3805 ct
609 3750 932 3809 Jordanicis
977 3753 1254 3812 ﬂuctibus
1298 3755 1600 3826 immersit,
1626 3755 1746 3829 ipsa
1792 3771 1940 3828 quo-

223 3857 339 3915 que
397 3841 539 3898 130
593 3843 812 3901 ﬂuenta
867 3848 1199 3913 tergentem,
1245 3849 1300 3901 et
1357 3844 1614 3917 ejusdem
1667 3843 1938 3918 baptismi

227 3932 518 4007 totiusque
543 3930 850 3989 munditiaa
882 3929 1021 3987 lavit
1049 3937 1360 3989 auctorem.

305 4020 530 4078 Harum
575 4021 827 4094 profecto
865 4019 1204 4091 nuptiarum
1248 4019 1426 4079 Judas
1464 4021 1562 4077 ille
1592 4021 1835 4093 ﬁguram
1865 4025 1935 4076 te-

231 4109 384 4180 nuit,
413 4109 514 4184 qui
561 4110 629 4167 ad
677 4108 993 4168 tondendas
1023 4124 1159 4167 oves
1191 4109 1248 4166 in
1282 4109 1579 4168 Thamnas
1604 4125 1734 4167 cum
1773 4109 1936 4179 Hira,

223 4200 314 4258 sui
351 4198 613 4258 videlicet
637 4199 826 4271 gregis
851 4199 1125 4272 opilione,
1152 4198 1441 4256 descendit
1474 4201 1620 4272 (Gen.
1656 4199 1935 4272 XXXVIII).

228 4285 523 4344 Thamnas
569 4292 759 4344 autem
820 4288 1071 4357 deﬁciens
1126 4287 1551 4360 interpretatur,
1610 4303 1710 4360 per
1763 4301 1939 4359 quam

2023 3575 2167 3646 vidi,
2198 3582 2254 3632 et
2301 3577 2702 3635 testimonium
2749 3574 3036 3649 perhibui,
3081 3575 3222 3649 quia
3268 3573 3362 3631 hic
3407 3579 3494 3631 est
3544 3571 3729 3631 Filius

2022 3663 2125 3722 Dei
2153 3665 2361 3734 (Ibid).
2394 3687 2415 3715 ››
2451 3663 2732 3722 Veniente
2761 3663 2938 3737 igitur
2963 3663 2994 3722 J
3002 3662 3114 3722 uda
3135 3662 3207 3719 ad
3236 3677 3373 3720 oves
3394 3660 3726 3729 tondendas,

2022 3754 2275 3812 Thamar
2326 3759 2515 3811 mutat
2568 3753 2852 3822 habitum,
2889 3751 3030 3826 quia
3058 3758 3243 3808 mutat
3280 3749 3536 3824 spiritale
3565 3763 3732 3807 voca-

2020 3841 2251 3900 bulum.
2314 3841 2564 3898 Thamar
2616 3839 2831 3913 quippe
2907 3845 3240 3895 commutans
3303 3838 3731 3911 interpretatur.

2021 3932 2168 3989 Nam
2206 3931 2276 3988 de
2331 3930 2636 4005 Syuagoga
2689 3930 2750 3988 ﬁt
2799 3929 3073 3988 Ecclesia.
3119 3928 3226 3988 Sed
3275 3929 3444 4002 juxta
3491 3928 3730 3997 litteras,

2020 4021 2174 4080 idem
2203 4036 2414 4078 nomen
2444 4020 2848 4078 amaritudinis
2880 4025 3074 4077 manet
3101 4043 3112 4076 :
3149 4034 3266 4077 non
3295 4017 3478 4086 illius,
3513 4016 3576 4074 in
3614 4031 3730 4090 qua

2020 4110 2268 4170 Domino
2297 4110 2371 4168 fel
2399 4110 2469 4167 ad
2504 4110 2825 4187 bibendum
2859 4109 3028 4167 miles
3056 4109 3264 4168 obtulit
3293 4127 3307 4179 ;
3341 4107 3440 4166 sed
3477 4106 3603 4182 ejus
3627 4121 3732 4181 po-

2026 4201 2162 4272 tius,
2193 4201 2252 4258 in
2284 4215 2403 4274 qua
2430 4199 2632 4259 Petrus
2670 4206 2796 4273 post
2837 4201 3060 4272 lapsum
3095 4213 3290 4256 amare
3326 4197 3487 4255 ﬂevit
3510 4199 3730 4273 (Matth.

2023 4294 2243 4358 XXVII).
2291 4288 2470 4348 Judas
2516 4295 2710 4346 autem
2744 4290 2964 4361 (Matth.
3006 4288 3178 4358 XXVI)
3209 4289 3474 4356 confessio
3499 4284 3732 4344 dicitur.

221 4376 492 4436 videlicet
542 4378 862 4451 Synagoga,
898 4378 957 4434 in
992 4393 1105 4450 qua
1148 4394 1308 4451 reges
1347 4385 1401 4436 et
1445 4378 1739 4451 prophetas
1791 4379 1941 4436 defe-
2024 4379 2278 4437 Thamar
2303 4394 2439 4452 ergo
2465 4394 2595 4437 cum
2633 4376 2766 4432 131
2802 4377 2952 4437 Juda
2981 4376 3571 4451 dormiens,protinus
3593 4391 3731 4433 con-

223 4475 438 4539 cerant,
475 4467 645 4526 simul
681 4474 735 4524 et
766 4466 981 4537 unctio,
1015 4467 1195 4524 donec
1225 4467 1466 4537 veniret,
1499 4467 1593 4524 cui
1622 4466 1996 4541 repositum_
2023 4469 2197 4541 cipit;
2239 4468 2376 4540 quia
2415 4483 2548 4526 cum
2583 4467 2933 4525 confessioni
2970 4466 3292 4525 amaritudo
3331 4467 3624 4533 miscetur,
3665 4463 3739 4522 ad

221 4565 346 4617 erat
399 4535 739 4617 ostenditur.
806 4535 978 4616 Unde
1021 4564 1077 4615 et
1125 4573 1227 4632 per
1286 4535 1623 4631 prophetam
1677 4535 1887 4613 dicitur
1929 4535 2400 4629 :Dproferendos
2441 4556 2797 4629 paenitentiae
2832 4556 3056 4614 fructus
3093 4561 3283 4612 sancta
3311 4568 3450 4611 mox
3482 4551 3735 4611 Ecclesia

227 4671 254 4702 «
306 4651 453 4708 Cum
509 4651 732 4708 venerit
783 4649 1025 4708 Sanctus
1070 4655 1421 4718 sanctorum,
1465 4647 1708 4706 cessabit
1750 4647 1946 4705 unctio
2031 4646 2393 4704 fecundatur.
2427 4644 2591 4702 Unde
2623 4651 2681 4702 et
2710 4645 3000 4703 Joannes:
3047 4668 3073 4695 α
3107 4642 3313 4712 Facite,
3355 4641 3568 4716 inquit,
3603 4641 3728 4697 fru-

223 4746 388 4813 (Dan.
424 4743 527 4814 IX).
561 4763 588 4794 »
623 4739 771 4809 Quid
815 4741 1007 4814 itaque
1050 4755 1151 4813 per
1193 4739 1423 4809 Judam,
1454 4739 1555 4813 qui
1607 4739 1676 4797 ad
1706 4738 1944 4796 tonden-
2030 4743 2156 4794 ctus
2194 4735 2400 4808 dignos
2444 4734 2800 4808 poenitentiae
2846 4736 3064 4800 (Matth.
3095 4734 3194 4794 III).
3237 4757 3263 4780 ››
3305 4731 3416 4800 Qui
3447 4730 3732 4788 nimirum

223 4831 326 4890 das
373 4847 509 4890 oves
555 4831 617 4888 in
660 4829 952 4888 Thamnas
1003 4830 1320 4900 venit,nisi
1370 4829 1718 4902 Redemptor
1753 4834 1949 4886 noster
2034 4823 2393 4899 pmnitentiaa
2442 4824 2664 4882 fructus
2710 4825 2768 4881 in
2828 4820 3187 4881 Hierusalem
3239 4819 3464 4891 primus
3514 4817 3730 4890 erupit,

225 4919 595 4993 intelligitur,
630 4918 731 4992 qui
761 4923 826 4975 ut
855 4933 1010 4986 oves,
1045 4932 1177 4990 QUZB
1211 4917 1496 4988 perierant
1525 4916 1735 4974 domus
1771 4915 1944 4972 Israel
2031 4917 2230 4989 sicque
2286 4916 2656 4988 postmodum
2693 4931 2794 4988 per
2840 4927 3071 4972 omnem
3111 4909 3318 4967 mundi
3363 4907 3730 4967 latitudinem

228 5011 377 5078 (Luc.
409 5017 537 5079 XV),
570 5013 909 5066 exoneraret
934 5005 1197 5080 peccatis,
1221 5004 1292 5062 ad
1324 5005 1687 5078 Synagogam
1715 5007 1944 5064 venisse
2026 5002 2363 5078 pullulavit.
2409 5003 2560 5061 Hinc
2609 5003 2829 5062 Veritas
2857 4999 2995 5056 dicit
3036 5017 3048 5056 :
3088 4996 3389 5070 Oportebat
3437 4995 3730 5054 Christum

229 5093 635 5170 cognoscitur?
667 5095 831 5153 Unde
861 5102 914 5152 et
960 5092 1216 5167 Sponsus
1264 5092 1334 5149 ad
1383 5108 1651 5166 sponsam
1691 5093 1751 5151 in
1791 5092 1940 5150 Gan-
2023 5093 2161 5170 pati,
2207 5099 2262 5151 et
2304 5109 2604 5166 resurgere
2645 5108 2678 5148 a
2725 5087 2968 5147 mortuis
2997 5087 3091 5144 die
3122 5087 3304 5157 tertia,
3343 5093 3396 5143 et
3437 5084 3733 5158 praedicari

231 5185 357 5244 ticis
395 5205 406 5244 :
443 5207 470 5239 «
503 5185 714 5243 Dentes
753 5186 834 5244 tui
875 5186 1022 5243 sicut
1051 5199 1194 5256 grex
1227 5189 1542 5253 tonsarum,
1576 5199 1708 5256 quae
1741 5198 1941 5240 ascen-
2023 5183 2085 5241 in
2116 5181 2356 5241 nomine
2391 5182 2517 5254 ejus
2557 5176 2976 5252 paenitentiam,
2999 5183 3055 5232 et
3092 5175 3492 5233 remissionem
3535 5187 3730 5246 pecca-

231 5275 444 5333 derunt
481 5275 551 5332 de
593 5275 814 5332 lavacro
848 5276 1024 5343 (Cant.
1060 5279 1165 5341 1V).
1206 5294 1232 5321 η
1287 5270 1461 5330 Porro
1509 5271 1707 5329 dentes
1744 5271 1941 5329 Eccle-
2025 5277 2215 5329 torum
2254 5270 2317 5327 in
2376 5283 2578 5326 omnes
2622 5269 2843 5338 gentes,
2881 5263 3213 5336 incipiendo
3249 5262 3322 5320 ab
3366 5258 3730 5319 Hierusalem

229 5363 333 5422 size
382 5365 565 5422 sancti
611 5371 934 5422 noscuntur
987 5378 1110 5420 esse
1160 5362 1436 5428 doctores,
1469 5375 1717 5434 quorum
1757 5361 1942 5434 primo

230 5453 446 5511 dictum
496 5457 622 5511 est:
662 5475 682 5502 α
717 5451 920 5520 Macta,
950 5455 1004 5508 et
1043 5449 1329 5508 manduca
1371 5449 1518 5519 (Act.
1562 5456 1646 5514 X).
1690 5471 1712 5500 ι
1762 5449 1845 5507 Ac
1894 5448 1942 5508 si

233 5541 490 5598 diceret:
533 5541 624 5598 Ab
666 5555 756 5611 eo,
796 5539 950 5612 quod
990 5547 1143 5608 sunt,
1183 5537 1377 5610 gladio
1420 5535 1675 5611 spiritus,
1715 5537 1823 5595 hoc
1859 5542 1945 5594 est

237 5630 415 5690 verbo
470 5628 916 5704 praedicationis,
966 5627 1178 5699 occide,
1221 5634 1274 5686 et
1319 5629 1381 5687 in
1441 5641 1649 5700 corpus
1699 5626 1943 5685 transfer

2027 5362 2174 5434 (Luc.
2202 5359 2392 5429 XXIV).
2423 5381 2445 5406 υ
2489 5354 2636 5412 Nam
2667 5360 2723 5412 et
2751 5355 2874 5428 ipse
2902 5351 3276 5411 meretricalis
3318 5349 3550 5408 habitus
3590 5364 3729 5407 con-

2027 5449 2334 5506 fessionem
2381 5442 2671 5516 signiticat
2709 5448 3071 5515 peccatorum
3104 5457 3120 5512 ;
3161 5439 3284 5498 sive
3313 5438 3451 5511 quia
3479 5437 3731 5496 Thamar

2023 5552 2097 5594 ex
2152 5535 2379 5594 duobus
2432 5532 2718 5606 corruptis
2772 5530 3137 5604 componitur
3191 5527 3402 5598 verbis,
3465 5526 3729 5585 Thamna

2023 5623 2285 5695 scilicet,
2337 5621 2492 5696 quod
2542 5623 2793 5692 deﬁciens
2842 5619 3089 5689 dicitur;
3140 5623 3195 5676 et
3224 5615 3382 5676 Mara
3403 5661 3417 5688 ,
3457 5617 3610 5690 quod
3646 5621 3731 5674 est
