4184 6468
470 274 577 335 643

1092 272 1153 331 S.
1200 269 1423 330 PETRI
1461 266 1780 328 DAMIANI
1819 266 1976 326 OPP.
2020 264 2217 326 PARS
2266 264 2407 326 SEU
2446 266 2698 328 TOMUS
2735 266 2810 326 ΙΙ.
2853 299 2920 310 -
2959 265 3375 327 SERMONES.

3882 267 3993 328 644

460 397 791 455 amaritudo.
848 394 1003 454 Bene
1049 395 1110 453 in
1162 410 1229 453 ea
1275 393 1602 453 amaritudo
1650 392 1873 459 defecit,
1909 406 2044 449 cum
2088 390 2324 451 fe-Aeo
2383 398 2674 463 nascente,
2715 390 2984 451 clamavit
3022 417 3035 450 :
3083 414 3112 446 ε(
3146 390 3333 462 Quare
3386 389 3575 451 divisa
3623 396 3708 451 est
3752 400 3992 467 propter

458 489 650 549 cunda
705 488 849 546 facta
893 487 964 546 de
1003 485 1205 556 sterili,
1241 485 1473 544 dulcem
1514 484 1650 543 novi
1686 481 1966 556 germinis
2014 479 2173 539 sobo-

461 579 576 637 lem
630 577 966 653 procreavit.
1010 576 1263 635 Thamar
1315 575 1493 649 igitur
1548 591 1582 633 a
1641 590 1756 631 non
1798 576 2174 646 cognoscente

462 667 671 725 fetatur
691 684 707 736 ;
753 665 890 740 quia
934 671 1128 723 sancta
1168 664 1421 722 Ecclesia
1454 670 1743 739 quantum
1780 661 1849 719 ad
1881 659 2172 735 gentilita-

463 761 599 827 tem,
631 757 695 813 in
739 753 1073 828 primordio,
1102 754 1243 812 dum
1284 769 1452 812 nova}
1490 753 1622 811 ﬁdei
1660 767 1857 810 semen
1902 748 2167 822 concipit,

459 860 575 903 non
602 844 950 917 agnoscitur.
984 842 1150 901 Unde
1200 849 1254 900 et
1305 841 1533 900 canitur
1569 860 1581 899 :
1618 861 1646 895 ι(
1682 839 1957 913 Populus,
2000 852 2176 912 quem

459 947 577 990 non
605 930 873 1005 cognovi,
910 930 1150 989 servivit
1180 930 1326 988 mihi
1370 933 1543 999 (Psal.
1586 930 1754 1001 XVII).
1792 953 1818 977 ιο
1850 928 1921 986 Et
1950 927 2170 987 Isaias:

464 1039 485 1070 κ
515 1017 680 1090 Ecce,
732 1018 833 1090 ait,
889 1024 1122 1092 gentem
1185 1033 1361 1093 quam
1429 1017 1726 1075 nesciebas
1790 1014 2060 1083 vocabis;
2120 1019 2175 1071 et

460 1112 661 1179 gentes
720 1122 852 1181 quae
898 1112 953 1164 te
1008 1122 1124 1164 non
1178 1112 1616 1178 cognoverunt,
1675 1104 1747 1163 ad
1815 1110 1867 1162 te
1934 1107 2172 1161 current

348 1229 357 1237 -
462 1196 612 1266 (Isai.
640 1196 757 1265 LV).
791 1216 819 1247 »

532 1282 708 1342 Porro
751 1286 966 1353 autem,
1004 1283 1161 1356 quod
1195 1282 1283 1340 illi
1318 1280 1521 1340 haedus
1558 1296 1656 1354 per
1693 1280 1965 1364 eumdem
1998 1278 2170 1338 Odol-

460 1371 718 1430 lamitem
756 1371 1030 1441 mittitur,
1059 1370 1221 1444 quid,
1253 1369 1370 1428 nisi
1401 1386 1503 1443 per
1539 1369 1826 1432 Joannem
1860 1370 2006 1427 facta
2040 1382 2170 1441 pec-

392 1466 721 1531 ,catorum
765 1460 1130 1531 exprobratio
1188 1457 1577 1532 designatur?
1610 1459 1784 1529 Quasi
1836 1459 1991 1517 enim
2050 1458 2173 1515 hee-

459 1550 606 1610 dum
645 1549 936 1609 meretrici
975 1549 1214 1623 portitor
1245 1548 1536 1618 afferebat,
1574 1564 1709 1608 cum
1747 1547 2074 1623 properanti
2101 1545 2175 1605 ad

459 1638 733 1713 baptismi
783 1638 1097 1708 lavacrum,
1142 1637 1325 1697 turbae
1376 1653 1478 1711 per
1525 1637 1979 1711 increpationem
2028 1634 2176 1693 dice-

2257 483 2310 536 te
2359 478 2651 537 maceria?
2684 500 2710 532 ››
2753 478 2938 539 Omne
2976 479 3191 555 quippe
3223 494 3407 554 genus
3442 480 3776 540 humanum
3810 480 3988 555 quasi

2256 571 2493 628 distorta
2543 570 2827 629 silvarum
2888 571 3137 644 virgulta
3198 571 3477 629 adversus
3526 570 3863 629 venientem
3917 571 3985 629 in

2256 678 2429 720 carne
2456 662 2768 721 Dominum
2800 662 3107 720 maceriam
3140 660 3378 718 fecerat:
3412 668 3468 717 et
3493 675 3567 718 ne
3594 658 3667 716 ad
3697 674 3984 734 peragen-

2258 750 2401 809 dum
2442 752 2784 824 mysterium
2825 750 3236 823 redemptionis
3288 749 3707 824 ingrederetur,
3760 746 3982 808 unani-

2260 838 2428 896 miter
2476 838 2803 897 obsistebat.
2855 837 3019 895 Unde
3062 844 3119 895 et
3160 837 3375 896 Paulus
3418 862 3431 896 :
3488 861 3515 888 α
3563 837 3699 905 Nos,
3759 835 3978 911 inquit,

2258 926 2641 999 praedicamus
2692 925 2989 985 Christum
3041 927 3411 996 cruciﬁxum,
3468 925 3689 985 Judaais
3735 924 3981 998 quidem

2258 1018 2618 1087 scandalum,
2673 1018 2946 1093 gentibus
2985 1026 3180 1078 autem
3236 1017 3543 1076 stultitiam
3593 1018 3639 1089 (Ι
3683 1018 3805 1073 Cor.
3844 1016 3904 1085 1).
3944 1037 3973 1065 υ

2255 1106 2366 1166 Sed
2420 1106 2653 1180 gentilis
2697 1108 2949 1183 populus
3000 1110 3150 1167 hanc
3212 1107 3413 1166 divisit
3465 1106 3630 1181 quasi
3686 1105 3979 1165 nascendo

2254 1197 2588 1266 maceriam,
2632 1212 2766 1255 cum
2814 1213 2917 1270 per
2967 1196 3305 1256 Cornelium
3342 1196 3759 1273 centurionem,
3799 1195 3981 1252 alios-

2255 1303 2370 1361 que
2427 1287 2715 1361 primitias
2767 1288 2921 1357 ﬁdei,
2973 1287 3245 1362 baptismi
3284 1286 3608 1360 suscipiens
3650 1285 3977 1352 lavacrum,

2258 1375 2369 1434 sub
2407 1373 2620 1435 Christi
2653 1375 2886 1436 titulum
2928 1374 3256 1435 convolavit
3294 1376 3441 1445 (Act.
3483 1379 3568 1446 x).
3602 1374 3769 1434 Hanc
3805 1374 3980 1434 alter-

2257 1464 2497 1523 nitatem
2534 1465 2809 1524 nascendi
2840 1465 3240 1525 considerabat
3276 1466 3343 1524 B.
3382 1465 3649 1537 Joannes,
3698 1480 3837 1524 cum
3875 1463 3983 1522 Ju-

2256 1552 2517 1613 dzeorum
2565 1554 2747 1614 turbis
2784 1554 3047 1629 undique
3072 1553 3503 1613 conﬂuentibus
3533 1552 3745 1612 diceret
3781 1572 3794 1610 :
3835 1575 3857 1604 ι
3892 1552 3983 1612 Ne

2259 1641 2545 1715 coeperitis
2594 1642 2805 1714 dicere,
2849 1643 3076 1701 Patrem
3132 1640 3412 1700 habemus
3465 1640 3781 1699 Abraham.
3842 1639 3980 1699 Dico

462 1727 559 1787 bat
594 1745 607 1786 :
645 1748 667 1778 ι
703 1725 1019 1786 Genimina
1066 1726 1418 1801 viperarum,
1450 1727 1582 1801 quis
1612 1724 1862 1785 ostendit
1889 1724 2050 1783 vobis
2081 1725 2417 1813 fu-Benim
2470 1731 2657 1803 vobis,
2697 1732 2835 1805 quia
2865 1738 3070 1806 potens
3106 1738 3193 1791 est
3228 1730 3382 1790 Deus
3419 1730 3490 1788 de
3527 1729 3818 1804 lapidibus
3855 1728 3982 1789 istis

459 1832 595 1892 gere
623 1816 696 1875 ab
718 1817 806 1874 ira
831 1821 1074 1875 ventura
1102 1815 1131 1873 ?
1154 1837 1181 1869 »
1214 1818 1432 1890 (Matth.
1465 1819 1569 1885 III.)
1601 1814 1949 1888 Requirebat
1975 1821 2170 1873 autem

460 1904 633 1964 Hiras
679 1903 1053 1964 Odollamites
1078 1921 1111 1963 a
1142 1903 1396 1964 Thamar
1434 1903 1746 1974 annulum,
1778 1902 2091 1973 armillam,
2116 1908 2172 1960 et

460 1995 758 2055 baculum.
794 1994 904 2055 Per
926 1995 1216 2055 annulum
1248 1995 1618 2069 signaculum
1651 1994 1809 2066 ﬁdei,
1843 2011 1944 2069 per
1970 1994 2175 2053 armil—

459 2083 577 2143 lam
610 2083 773 2143 labor
804 2084 1013 2157 operis,
1047 2100 1149 2158 per
1198 2084 1473 2143 baculum
1521 2100 1658 2144 vero
1705 2084 2040 2158 designatur
2082 2099 2171 2141 re-

461 2177 628 2252 quies
675 2176 817 2250 spei.
861 2176 1037 2246 Quasi
1078 2179 1238 2236 enim
1300 2177 1436 2235 fidei
1487 2176 1781 2237 annulum
1825 2176 2176 2250 requirebat,

461 2281 599 2325 cum
629 2265 889 2325 diceret:
921 2288 949 2317 σι
977 2266 1087 2336 Qui
1133 2266 1313 2325 credit
1354 2266 1416 2324 in
1457 2266 1674 2325 Filium
1713 2265 1837 2336 Dei,
1878 2265 2049 2324 habet
2086 2266 2176 2326 vi-

463 2369 580 2422 tam
610 2369 920 2434 zeternam;
961 2361 1064 2437 qui
1101 2368 1295 2421 autem
1333 2360 1673 2419 incredulus
1708 2367 1795 2419 est
1825 2359 2051 2419 Christo
2079 2359 2175 2418 Fi-

460 2453 564 2525 lio,
589 2469 709 2513 non
740 2453 958 2512 videbit
985 2453 1184 2522 vitam,
1215 2452 1315 2511 sed
1343 2451 1429 2509 ira
1467 2450 1571 2509 Dei
1611 2457 1810 2509 manet
1841 2465 2014 2525 super
2043 2464 2179 2508 eum

459 2543 636 2615 (Joan.
666 2543 764 2615 In).
800 2561 828 2594 »
859 2542 950 2600 An
1005 2556 1123 2600 non
1176 2541 1353 2599 etiam
1392 2539 1467 2598 ad
1506 2540 1796 2598 annulum
1838 2538 2176 2612 pertinebat,

459 2648 598 2692 cum
645 2632 859 2692 diceret
896 2656 910 2690 :
957 2652 987 2687 ‹‹
1035 2631 1148 2702 Qui
1192 2631 1362 2690 habet
1410 2645 1700 2704 sponsam,
1750 2645 1998 2703 sponsus
2042 2630 2177 2688 est?

462 2724 646 2798 (Ibid)
678 2746 700 2775 ι
746 2722 1054 2782 Armillam
1093 2737 1228 2780 vero
1270 2721 1482 2780 laboris
1519 2720 1849 2790 exhibebat,
1889 2736 2022 2779 cum
2084 2719 2175 2777 di-

462 2820 666 2873 ceret:
716 2835 738 2864 c
802 2813 1209 2872 Paenitentiam
1261 2813 1412 2886 agite
1468 2815 1688 2881 (Matth.
1730 2815 1834 2882 Ill).
1892 2836 1919 2860 ››
1975 2809 2179 2869 Baculi

462 2917 697 2977 quoque
717 2902 1000 2975 requiem,
1033 2918 1169 2960 cum
1198 2908 1407 2976 prmsto
1438 2902 1816 2975 subjungeret
1843 2925 1855 2960 :
1895 2922 1927 2950 τ
1955 2901 2178 2974 Appro-

457 2992 762 3068 pinquavit
788 2991 947 3049 enim
977 3007 1224 3065 regnum
1262 2991 1538 3050 ccelorum
1577 2993 1777 3065 (Ibid.).
1806 3016 1833 3040 ι»
1862 2992 1945 3049 Ac
1973 2991 2023 3049 si
2048 3006 2177 3064 per-

2256 1818 2531 1877 suscitare
2568 1819 2721 1877 ﬁlios
2756 1819 3009 1877 Abrahae
3045 1820 3261 1885 (Matth.
3299 1818 3402 1889 IlI).
3446 1839 3473 1871 »
3515 1820 3597 1876 Ac
3634 1817 3680 1875 si
3713 1822 3978 1891 patenter

2254 1911 2404 1969 dicat
2433 1935 2445 1968 :
2480 1908 2736 1969 Gentiles
2768 1909 2983 1983 populi,
3018 1908 3121 1983 qui
3150 1907 3369 1982 lapides
3406 1912 3563 1978 sunt,
3592 1907 3731 1982 quia
3756 1906 3979 1982 lapides

2254 2000 2471 2070 colunt,
2513 1998 2886 2073 primogeniti
2927 1996 3090 2056 vobis
3123 1997 3267 2056 ﬁent
3312 1996 3384 2055 ad
3427 1995 3884 2070 regenerationis
3922 2003 3978 2053 et

2258 2106 2427 2150 novae
2472 2090 2671 2164 gratiae
2725 2094 3174 2159 sacramentum,
3206 2103 3459 2162 quorum
3499 2102 3602 2146 vos
3630 2101 3733 2161 per
3763 2084 3978 2160 legales

2259 2179 2635 2238 caeremonias
2671 2177 3023 2236 videbamini
3056 2176 3319 2237 renuisse
3343 2175 3679 2252 primatum.

2331 2274 2473 2333 Haec
2526 2274 2711 2345 vobis,
2765 2275 2967 2333 fratres
3023 2273 3373 2343 charissimi,
3426 2288 3543 2331 non
3607 2272 3974 2347 exponendo,

2262 2365 2362 2423 sed
2388 2369 2685 2438 utcunque
2730 2364 3040 2437 tangendo,
3080 2364 3370 2422 succincte
3410 2362 3884 2431 transcurrimus,
3913 2368 3977 2420 ut

2261 2455 2319 2514 Β.
2380 2455 2662 2515 Joannem
2711 2456 3046 2517 ministrum
3094 2471 3265 2515 novae
3316 2453 3537 2528 gratiae,
3571 2460 3625 2512 et
3672 2469 3977 2527 paranym-

2259 2544 2444 2618 phum
2498 2543 2901 2617 spiritualium
2952 2542 3311 2617 nuptiarum,
3363 2557 3440 2599 ex
3492 2541 3749 2613 antiquis
3798 2542 3978 2599 etiam

2260 2650 2437 2693 sacrae
2482 2633 2798 2708 Scripturte
2834 2631 3061 2708 paginis
3093 2631 3571 2691 demonstremus.
3615 2630 3788 2697 Hunc
3820 2630 3978 2689 enim

2259 2722 2551 2796 insignem
2607 2729 2780 2797 atque
2846 2720 3147 2796 egregium
3209 2721 3379 2780 totius
3444 2719 3690 2780 humani
3750 2718 3982 2793 generis

2262 2811 2480 2884 virum,
2526 2812 2598 2870 ad
2631 2812 2997 2881 currendam,
3038 2817 3102 2870 ut
3138 2811 3319 2884 gigas,
3362 2809 3724 2868 mortalitatis
3763 2815 3982 2867 nostra;

2262 2903 2439 2973 viam,
2480 2903 2650 2977 quasi
2698 2903 3090 2962 conviatorem
3131 2903 3240 2962 sibi
3288 2901 3553 2961 Salvator
3599 2902 3887 2973 adscivit;
3928 2906 3985 2960 et

2261 2993 2333 3051 ad
2361 2991 2753 3066 peragendum
2792 2991 3206 3066 redemptionis
3234 2996 3446 3049 nostra)
3485 2989 3805 3063 negotium,
3833 3005 3981 3064 quo-

458 3082 668 3179 spicue-
707 3082 1077 3179 loqueretur:
1113 3080 1302 3139 Nolite
1353 3080 1470 3179 sub
1513 3079 1795 3179 injunctai
1840 3079 2004 3139 vobis
2054 3096 2178 3179 ρῳ-
2204 3081 2568 3179 Cdammodo
2602 3087 2669 3142 ut
2693 3082 2985 3179 particeps
3039 3088 3188 3179 esset
3209 3086 3290 3179 ‘et
3336 3079 3735 3179 collaborator,
3784 3078 3979 3179 elegit.

461 3171 728 3232 nitentia).
766 3170 961 3229 labore
1013 3170 1339 3241 lassescere,
1376 3171 1475 3229 sed
1531 3171 1721 3245 potius
1762 3171 1929 3230 ﬁrma
1974 3187 2072 3246 spe
2108 3173 2179 3232 de

466 3259 629 3334 regni
658 3257 907 3317 cretestis
932 3259 1496 3333 appropinquatitme
1523 3260 1788 3319 animum
1820 3261 2100 3322 roborate.

536 3346 821 3417 Quaesivit
855 3352 1053 3404 autem
1083 3361 1211 3406 eam
1248 3348 1280 3407 J
1285 3348 1427 3407 udas
1463 3348 1526 3407 in
1564 3348 1746 3420 bivio,
1778 3349 1877 3408 sed
1906 3350 2175 3409 invenire

465 3451 585 3496 non
613 3434 826 3509 potuit;
859 3434 1001 3508 quia
1041 3450 1178 3509 quae
1217 3435 1279 3494 in
1318 3436 1573 3510 publico,
1612 3437 1783 3511 juxta
1813 3438 2167 3511 prophetam,

460 3530 517 3584 et
544 3523 657 3583 sub
680 3523 843 3583 omni
863 3523 1023 3597 ligno
1040 3524 1312 3584 frondoso
1336 3526 1524 3584 fuerat
1546 3527 1854 3600 prostituta
1881 3531 2011 3597 (Jer.
2032 3529 2174 3598 1,11),

453 3613 578 3687 jam
605 3612 749 3671 sein
769 3611 942 3670 demo
962 3618 1223 3685 paterna,
1240 3614 1352 3672 sub
1380 3614 1592 3673 Christi
1617 3614 1883 3672 videlicet
1901 3616 2177 3676 constrin-

465 3707 631 3760 xerat
662 3701 1017 3775 disciplina:
1058 3717 1169 3761 nec
1205 3718 1333 3761 eam
1373 3703 1589 3777 peccati
1623 3703 1832 3777 reperit
1861 3702 2175 3777 exprobra-

461 3790 559 3861 tio,
586 3806 764 3865 quam
789 3792 1174 3851 confessionis
1196 3799 1525 3853 mutaverat
1544 3793 1887 3855 amaritudo.
1920 3794 2174 3854 Viduita-

461 3881 609 3939 tisse
636 3881 895 3941 vestibus
917 3882 1294 3956 induit;quia
1316 3890 1526 3957 praeter
1549 3883 1835 3942 cmlestem
1861 3881 2174 3958 Sponsum,

463 3968 569 4042 qui
592 3984 696 4042 pro
725 3984 792 4027 ea
834 3976 1100 4029 mortuus
1136 3978 1240 4040 est,
1273 3971 1522 4031 alterum
1555 3988 1672 4032 non
1705 3972 1973 4031 admittit.
2013 3971 2177 4042 Quod

460 4062 657 4115 autem
689 4057 910 4131 gemini
937 4066 1335 4132 apparuerunt
1367 4060 1426 4119 in
1461 4066 1646 4131 utero,
1673 4060 1790 4120 duo
1818 4066 1954 4121 sunt
1979 4061 2179 4135 populi

404 4206 411 4211 ,
462 4144 525 4202 in
572 4144 849 4204 Ecclesiae
894 4148 1117 4220 gremio
1156 4165 1257 4223 per
1294 4150 1477 4209 sancti
1512 4149 1762 4223 Spiritus
1796 4150 2040 4223 gratiam
2077 4166 2178 4224 ge-

464 4233 670 4292 nerati.
702 4233 771 4291 In
797 4235 923 4308 ipsa
962 4251 1100 4295 vero
1129 4236 1413 4297 effusione
1449 4240 1835 4310 nascentium,
1868 4255 2024 4298 unus
2057 4255 2178 4299 ma-

464 4338 611 4382 num
647 4324 905 4397 protulit,
949 4330 1003 4383 et
1051 4325 1225 4399 ligato
1280 4327 1531 4399 coccino,
1572 4344 1711 4388 mox
1745 4330 2030 4398 retraxit;
2067 4329 2177 4389 sic-

460 4426 576 4486 que
633 4418 768 4471 ante
816 4429 876 4471 se
916 4415 1193 4474 nascendi
1227 4416 1392 4476 alteri
1429 4418 1649 4476 aditum
1704 4418 1985 4492 patefecit.
2032 4418 2176 4488 Quia

464 4480 749 4560 nimirum
796 4501 1077 4562 Iudaicus
1128 4504 1394 4579 populus,
1427 4507 1531 4579 qui
1577 4507 1647 4565 ad
1694 4480 1887 4566 l‘ucem
1928 4480 2242 4581 SpiritusD

462 4589 623 4649 nasci
659 4591 934 4665 primitus
974 4595 1166 4668 erepit,
1190 4650 1193 4653 .
1219 4596 1467 4655 ostendit
1514 4614 1685 4673 opera
1725 4614 1831 4673 sua
1869 4598 2174 4672 propheta-

460 4693 591 4736 rum
623 4680 1111 4754 praecedentium,
1143 4692 1198 4743 et
1226 4685 1410 4759 ipsius
1438 4686 1666 4745 Domini
1695 4703 1898 4745 cruore
1936 4686 2173 4760 polluta.

463 4766 629 4826 Unde
680 4774 737 4827 et
776 4769 919 4829 Zara
960 4777 1138 4831 oriens
1189 4774 1641 4847 interpretatur;
1681 4776 1822 4850 quia
1858 4775 2178 4835 Hebraicus

460 4853 564 4913 ille
594 4857 842 4930 populus
879 4859 1039 4934 prior
1073 4868 1235 4921 ortus
1262 4870 1348 4921 est
1367 4862 1437 4920 ad
1469 4862 1719 4921 litteram
1752 4864 1914 4937 legis,
1947 4863 2046 4923 sed
2075 4879 2178 4938 po-

458 4945 668 5004 sterior
732 4947 920 5008 factus
975 4957 1062 5009 est
1117 4953 1189 5010 ad
1252 4951 1678 5026 suscipiendam
1735 4950 1877 5008 132
1932 4953 2174 5026 gratiam

457 5034 784 5109 Evangelii.
834 5036 961 5096 Hoc
1007 5039 1201 5113 itaque
1255 5041 1427 5099 modo
1475 5039 1716 5098 retraxit
1768 5054 2029 5111 manum,
2075 5041 2178 5115 qui

378 5156 381 5159 ι
460 5125 617 5184 nasci
642 5126 766 5199 jam
796 5141 900 5202 per
924 5128 1194 5201 spiritum
1224 5137 1473 5205 coeperat
1506 5128 1754 5204 populus
1793 5129 2173 5203 Judaeorum;

460 5218 518 5270 et
548 5227 697 5281 mox
724 5215 1018 5289 prorupit,
1056 5233 1123 5274 ac
1152 5217 1339 5276 factus
1369 5224 1454 5277 est
1480 5218 1902 5292 primogenitus
1931 5219 2179 5292 populus

460 5302 744 5374 gentium.
807 5301 1037 5362 Scilicet
1096 5309 1199 5376 ut,
1244 5305 1412 5378 juxta
1458 5308 1807 5366 sententiam
1862 5306 2129 5367 Veritatis
2157 5353 2172 5379 ,

460 5388 647 5449 futuri
687 5399 878 5450 essent
930 5392 1237 5451 novissimi
1283 5394 1387 5467 qui
1438 5401 1602 5454 erant
1648 5397 1862 5468 primi;
1903 5401 1959 5455 et
2001 5397 2175 5470 primi

462 5475 670 5536 ﬁerent
715 5481 819 5553 qui
864 5489 1028 5541 erant
1076 5480 1382 5541 novissimi
1404 5486 1627 5552 (Matth.
1660 5488 1790 5557 xx).
1819 5483 1974 5544 Bene
2001 5485 2176 5559 igitur

462 5561 689 5626 Pharao
726 5566 1035 5629 divisionis
1067 5585 1282 5631 nomen
1307 5571 1737 5645 aceapiLUnde
1780 5578 1838 5632 et
1868 5573 2170 5649 obstetrix,

2264 3169 2429 3229 Unde
2462 3186 2599 3229 cum
2641 3170 2713 3227 ad
2757 3187 2893 3230 eum
2928 3170 3304 3245 baptizandus
3340 3169 3662 3241 accederet;
3710 3167 3982 3228 sublimis

2259 3266 2453 3318 autem
2482 3266 2539 3319 et
2578 3259 2820 3323 humilis
2851 3276 3058 3320 servus
3084 3260 3414 3333 injunctum
3442 3258 3554 3318 sibi
3586 3258 3980 3318 ministerium

2259 3350 2514 3424 trepidus
2566 3357 2889 3422 excusaret,
2943 3349 3186 3409 dicens:
3236 3376 3261 3400 ι‹
3295 3350 3417 3423 Ego
3464 3365 3499 3407 a
3546 3355 3601 3407 te
3644 3347 3826 3407 debeo
3873 3348 3980 3406 ba.-

2254 3437 2477 3511 ptizari,
2510 3445 2567 3498 et
2592 3445 2655 3499 tu
2683 3440 2846 3499 venis
2872 3439 2947 3499 ad
2980 3441 3117 3498 me?
3144 3441 3331 3509 (Ibid)
3358 3462 3378 3491 ι
3416 3437 3745 3512 respondit:
3779 3456 3807 3491 ε(
3838 3434 3981 3495 Sine

2260 3527 2449 3586 modo.
2476 3527 2572 3587 Sic
2595 3529 2752 3587 enim
2780 3530 2941 3588 decet
2962 3544 3068 3588 nos
3091 3528 3333 3603 implere
3353 3543 3589 3588 omnem
3612 3526 3921 3601 justitiam.
3944 3547 3974 3580 ι

2260 3615 2305 3675 Ο
2349 3617 2614 3690 Domine,
2639 3618 2839 3677 dixisti
2871 3639 2883 3677 :
2921 3640 2948 3672 ‹‹
2975 3618 3102 3677 Fiat
3132 3618 3259 3691 lux,
3291 3623 3346 3677 et
3377 3619 3523 3677 facta
3549 3625 3635 3676 est
3676 3618 3825 3688 (Gen.
3855 3617 3911 3690 1).
3944 3636 3974 3670 η

2260 3705 2427 3764 Fiant
2468 3707 2653 3765 stella;
2684 3706 2838 3778 cceli,
2870 3706 3070 3767 bestiae
3107 3707 3249 3780 agri,
3281 3705 3546 3765 volucres
3582 3705 3752 3777 aeris,
3790 3705 3979 3779 pisces

2260 3811 2573 3869 aquarum.
2618 3795 2826 3856 Omnia
2864 3798 2991 3857 haec
3028 3798 3256 3857 condita
3303 3802 3441 3856 sunt
3477 3795 3561 3883 pd
3610 3794 3803 3855 solum
3860 3802 3978 3855 tuae

2254 3885 2535 3959 jussionis
2584 3887 2920 3960 imperium,
2962 3887 3158 3949 omnia
3192 3887 3581 3959 disponuntur
3615 3887 3687 3944 ad
3732 3886 3974 3944 unicum

2262 3979 2373 4033 tuae
2424 3974 2741 4034 voluntatis
2787 3980 3023 4047 nutum,
3053 3990 3161 4034 nec
3208 3976 3280 4034 ad
3332 3975 3459 4033 haec
3486 3974 3825 4055 “peragenda
3878 3974 3973 4033 ad-

2262 4060 2505 4120 hibuisti
2545 4061 2647 4121 tibi
2684 4062 2993 4138 cujuslibet
3018 4064 3294 4138 angelicae
3322 4064 3612 4139 potestatis
3636 4063 3969 4123 auxilium:

2262 4149 2551 4223 quomodo
2608 4166 2744 4225 ergo
2785 4168 2944 4210 nunc
2992 4153 3157 4224 dicis,
3205 4153 3276 4211 ad
3331 4158 3577 4212 terrenae
3625 4150 3974 4211 conditionis

2262 4238 2561 4298 hominem
2592 4241 2756 4314 quasi
2786 4256 3094 4316 coaequans
3134 4248 3206 4312 te,
3248 4246 3305 4300 et
3338 4250 3776 4316 contemperans
3817 4239 3976 4298 inﬁr-

2262 4326 2448 4384 mitati
2506 4335 2759 4388 nostrae:
2797 4329 2923 4388 sine
2974 4331 3184 4400 modo;
3236 4332 3318 4389 sic
3360 4331 3522 4390 decet
3573 4347 3676 4389 nos
3731 4330 3976 4404 implere

2260 4429 2497 4474 omnem
2530 4417 2868 4490 justitiam?
2898 4418 3044 4477 Ecce
3080 4419 3237 4477 enim
3276 4434 3453 4494 quem
3492 4424 3555 4479 tu
3594 4418 3666 4476 ad
3703 4432 3973 4492 coopera-

2261 4503 2434 4563 tionis
2472 4511 2586 4565 tute
2607 4506 2978 4580 participium
3012 4509 3304 4583 proveliis,
3337 4523 3513 4582 quem
3548 4505 3975 4582 quodammodo

2256 4595 2328 4653 ad
2358 4600 2476 4653 tuae
2502 4595 2904 4656 similitudinis
2927 4599 3160 4658 culmen
3190 4599 3423 4671 attollis,
3446 4600 3615 4670 dicat,
3647 4614 3782 4672 quae
3818 4598 3889 4657 de
3917 4603 3977 4657 te

2262 4684 2612 4757 comparatio
2651 4685 2781 4743 ﬁeri
2832 4687 3007 4759 possit
3042 4688 3113 4747 ad
3154 4705 3233 4748 se.
3267 4689 3367 4747 Ait
3402 4689 3596 4763 itaque
3629 4708 3642 4747 :
3678 4710 3706 4742 «
3741 4688 3867 4746 Non
3900 4687 3975 4747 ad

2261 4789 2595 4832 mensuram
2627 4774 2725 4832 dat
2756 4775 2915 4835 Deus
2946 4777 3229 4851 Spiritum
3270 4780 3443 4850 (Joan.
3486 4780 3586 4852 In).
3622 4804 3648 4828 ι»
3684 4780 3852 4839 Pater
3881 4780 3972 4839 di-

2260 4862 2388 4933 ligit
2416 4861 2654 4933 Filium,
2698 4871 2751 4923 et
2790 4867 2986 4924 omnia
3015 4867 3174 4926 dedit
3209 4869 3272 4928 in
3310 4884 3485 4928 manu
3510 4869 3668 4943 ejus;
3704 4869 3804 4927 sed
3834 4868 3973 4944 quia

2262 4956 2315 5009 te
2340 4952 2603 5025 perhibet
2640 4954 2864 5013 nullam
2897 4954 3146 5030 Spiritus
3173 4958 3387 5017 habere
3418 4973 3771 5025 mensuram,
3800 4958 3873 5016 de
3910 4974 3972 5018 se

2258 5040 2401 5115 quid
2452 5042 2679 5109 sentiat,
2730 5044 2883 5103 dicat
2924 5065 2935 5104 :
2994 5067 3022 5100 ς(
3052 5046 3187 5118 Nos,
3247 5046 3462 5120 inquit.
3501 5048 3572 5105 de
3608 5047 3973 5119 plenitudine

2258 5129 2384 5201 ejus
2408 5145 2612 5189 omnes
2631 5133 2958 5207 accepimus
2979 5134 3149 5207 (Joan.
3178 5135 3277 5207 1).»
3311 5138 3394 5195 Ac
3417 5137 3466 5195 si
3490 5136 3668 5195 dicat:
3694 5137 3813 5195 Nos
3832 5153 3969 5196 vasa

2257 5220 2590 5289 sumus,ille
2601 5223 2749 5282 fons.
2766 5223 2874 5282 Ille
2892 5224 2956 5282 in
2969 5225 3135 5285 nobis
3147 5242 3251 5300 pro
3267 5226 3359 5286 sui
3384 5227 3796 5286 moderaminis
3813 5243 3968 5287 men-

2259 5327 2397 5371 sura
2425 5310 2732 5386 dispensat,
2766 5316 2923 5375 unde
2951 5333 3074 5375 suae
3099 5317 3503 5377 immensitatis
3536 5319 3967 5392 incomparabi-

2257 5398 2386 5456 liter
2413 5399 2712 5471 plenitudo
2741 5403 3044 5465 redundat.
3064 5406 3207 5477 Quae
3231 5414 3424 5466 autem
3447 5407 3599 5466 inter
3626 5413 3679 5465 te
3704 5413 3761 5465 et
3788 5407 3966 5466 illum

2255 5487 2330 5546 sit
2370 5490 2737 5564 comparatio,
2777 5508 2984 5554 rursus
3026 5494 3329 5555 manifeste
3375 5495 3643 5566 declarat,
3671 5511 3807 5555 cum
3837 5496 3959 5554 ait:

2252 5573 2400 5637 133
2447 5597 2478 5632 α
2522 5578 2742 5650 Quide
2780 5587 2932 5642 terra
2972 5588 3074 5655 est,
3114 5584 3186 5644 de
3232 5590 3382 5645 terra
3406 5585 3704 5660 loquitur;
3747 5586 3855 5661 qui
3890 5585 3966 5645 de
