4184 6496
195 344 306 403 645
1718 347 1928 406 ΞΕΒΜι

2016 345 2208 404 XXVI.
3433 387 3436 390 ~
3610 353 3714 418 646

193 469 345 528 coelo
386 469 567 540 venit,
613 483 789 542 super
833 483 1036 528 omnes
1086 475 1171 527 est
1221 472 1394 540 (Joan.
1447 472 1547 538 in).
1595 492 1622 522 »
1676 469 1918 539 Quantae
1942 469 2306 534 Aimmersit.
2350 469 2507 529 Inter
2543 481 2890 547 purpuratos
2944 477 3116 535 etiam
3157 482 3480 553 martyrum
3510 481 3716 541 choros

194 557 398 630 itaque
447 558 553 614 tibi
607 556 982 630 subjectionis
1028 559 1370 633 obsequium
1421 560 1643 629 debeat,
1672 559 1920 633 publicis
2002 559 2068 618 Β.
2125 558 2375 617 Joannes
2429 560 2490 617 in
2551 563 2866 636 magisterii
2920 566 3185 624 cathedra
3233 567 3520 640 przesidet,
3579 569 3718 642 quia

193 646 361 705 omni
415 644 629 718 populo
670 645 911 704 vocibus
961 645 1212 703 clamat:
1277 643 1502 701 «Venit
1557 645 1753 702 fortior
1806 661 1915 715 me,
2001 662 2105 720 pro
2163 647 2491 706 testimonio
2528 651 2784 708 veritatis
2821 658 3088 711 strenuus
3141 653 3378 712 bellator
3419 656 3714 727 occubuit,

191 735 367 808 cujus
403 750 522 792 non
564 749 697 792 sum
728 734 947 807 dignus
985 735 1205 792 solvere
1239 734 1545 806 corrigiam
1576 733 1924 791 calceamen-
2004 737 2385 810 omniumque
2424 755 2526 811 pro
2570 740 2793 798 Christo
2830 744 3175 801 certantium
3215 745 3339 802 dux
3371 745 3572 816 factus,
3614 765 3715 807 ve-

195 831 388 882 torum
436 823 565 897 ejus
610 824 756 888 (Luc.
799 823 960 895 111).»
1005 823 1048 881 Ο
1093 824 1276 881 beata;
1315 823 1661 881 humilitatis
1697 822 1925 881 excelsa
2010 824 2224 882 xillum
2291 827 2638 901 triumphale
2693 831 2953 905 martyrii
3004 833 3147 890 coelo
3191 833 3416 906 primus
3463 835 3713 896 invexit.

191 915 486 987 majestas,
535 929 670 986 quae
717 913 858 971 dum
908 929 1015 972 suo
1052 914 1272 987 judicio
1304 915 1366 971 in
1407 914 1524 972 ima
1559 914 1922 993 deprimiturg

189 1005 403 1063 divina
427 1005 787 1078 provehente
812 1003 1146 1076 clementia,
1178 1006 1251 1063 ad
1279 1006 1531 1064 ccelestia
1560 1005 1921 1064 sublevatur’

189 1095 459 1166 dumque
489 1094 604 1151 Deo
636 1110 695 1151 se
727 1094 1028 1152 humiliter
1055 1095 1306 1167 subjicit,
1337 1096 1406 1152 ad
1439 1095 1539 1152 Dei
1564 1097 1920 1154 consortium

188 1181 550 1240 excellenter
581 1180 862 1253 assurgit!
893 1181 999 1238 Ille
1025 1182 1238 1256 quippe
1264 1199 1470 1240 secum
1497 1183 1716 1240 cae-teris
1738 1183 1921 1240 homi-

189 1269 372 1328 nibus
400 1270 663 1344 perhibet
691 1277 927 1341 terram,
961 1285 1028 1328 ac
1058 1277 1284 1328 terrena
1319 1272 1685 1347 loquentem;
1722 1274 1918 1332 Domi-

191 1376 313 1418 nus
340 1365 534 1417 autem
564 1365 822 1430 testatur,
860 1358 1101 1417 nullum
1131 1375 1200 1417 eo
1231 1361 1382 1427 inter
1415 1369 1576 1421 natos
1605 1363 1922 1422 mulierum

192 1449 522 1507 surrexisse
579 1449 857 1523 majorem
903 1452 1126 1516 (Matth.
1179 1454 1286 1520 x1).
1321 1450 1426 1508 Ille
1475 1466 1534 1508 se
1572 1451 1642 1508 ad
1694 1453 1921 1510 solven-

193 1537 340 1596 dum
379 1536 581 1609 caligae
626 1537 933 1595 vinculum
969 1537 1318 1596 vociferatur
1355 1539 1686 1611 indignum,
1727 1539 1925 1598 Domi-

197 1642 317 1684 nus
350 1632 531 1684 totum
575 1642 784 1700 corpus
817 1642 994 1685 suum
1040 1629 1164 1699 ejus
1212 1628 1481 1687 manibus
1511 1629 1762 1702 subjicit,
1793 1645 1926 1688 cum

197 1715 561 1788 baptismatis
604 1715 898 1774 lavacrum
945 1715 1244 1774 subiturus
1285 1717 1519 1775 accedit.
1549 1717 1654 1776 Ille
1681 1733 1740 1776 se
1789 1734 1924 1792 pro-

2006 912 2216 972 Beatus
2246 914 2441 989 itaque
2475 916 2728 975 Joannes
2767 921 3027 978 omnium
3063 929 3393 980 sanctorum
3432 925 3714 1000 particeps

2011 1000 2154 1056 134
2193 1005 2373 1062 factus
2425 1013 2508 1064 est
2550 1009 2758 1078 choris,
2795 1011 2932 1082 quia
2973 1011 3137 1069 nulla
3175 1011 3287 1069 sibi
3318 1011 3501 1071 virtus
3532 1016 3717 1074 defuit

2007 1092 2358 1152 sanctitatis:
2393 1096 2512 1153 imo
2557 1103 2710 1155 tanto
2740 1099 3030 1172 insignius
3068 1102 3220 1160 inter
3256 1116 3457 1159 omnes
3486 1111 3712 1163 sancto-

2005 1194 2135 1236 rum
2182 1183 2410 1240 ordines
2462 1187 2688 1256 emicat,
2750 1197 2966 1261 quanto
3018 1190 3237 1248 auctori
3290 1190 3555 1249 omnium
3612 1209 3714 1267 per

2003 1267 2455 1342 incomparabile
2496 1275 2771 1334 meritum
2793 1278 3104 1336 sublimius
3132 1281 3570 1356 appropinquat.
3601 1284 3712 1354 Qui

2003 1357 2065 1414 in
2119 1358 2400 1418 Trinitate
2443 1364 2692 1434 perfecta
2741 1381 2898 1424 unus
2943 1374 2997 1425 et
3049 1384 3222 1426 verus
3266 1370 3419 1429 Deus
3468 1373 3614 1430 vivit
3659 1380 3715 1432 et

2007 1455 2206 1518 regnat
2236 1450 2296 1506 in
2339 1452 2553 1510 saecula
2580 1453 2950 1512 szeculorum.
2979 1457 3186 1514 Amen.

2581 1597 2608 1623 *
2662 1595 2909 1656 SERMO
2942 1599 3149 1658 XXVI.

2207 1696 2282 1741 DE
2309 1697 2533 1745 SANCTO
2561 1698 2745 1746 PETBO
2772 1700 3088 1750 APOSTOLO.
3120 1696 3319 1760 (XXIX.
3349 1700 3506 1762 JUN.)

198 1805 432 1877 phetam
488 1803 788 1893 humiliter
824 1804 1090 1877 abnegat,
1121 1820 1296 1893 quem
1334 1805 1643 1893 plusquam
1677 1789 1978 1893 prophe-B
2009 1789 2195 1863 super
2244 1790 2390 1850 “111d
2441 1792 2806 1893 Camillorum
2864 1795 3187 1893 Salomonis
3222 1824 3235 1859 :
3286 1803 3718 1863 Adolescmtular

201 1899 323 1950 tam
370 1907 513 1964 esse,
545 1898 717 1965 atque
767 1892 1006 1965 insuper
1032 1891 1306 1964 angelum
1352 1892 1614 1952 Salvator
1649 1894 1917 1967 aﬂirmat,

201 1982 277 2040 de
329 1996 443 2054 quo
499 1987 554 2038 et
609 1981 975 2054 postmodum
1031 1981 1168 2040 dicit
1219 2001 1230 2039 :

198 2070 431 2143 ardens,
471 2076 528 2129 et
557 2071 754 2129 lucens
788 2073 960 2143 (Joan.
1002 2077 1082 2143 ν).
1118 2097 1138 2124 ι

1300 2002 1326 2034 ‹‹
1358 1981 1463 2040 Ille
1513 1989 1635 2041 erat
1683 1983 1920 2043 lucerna

2561 1884 2877 1941 dilexerunt
2904 1892 2955 1942 te
2985 1891 3170 1944 nimis.

2073 1985 2274 2045 Petrus
2319 1988 2628 2061 apostolus,
2660 1993 3048 2064 apostolorum
3097 1998 3364 2072 princeps
3421 2006 3477 2058 et
3504 1999 3720 2074 princi-

2001 2091 2139 2148 pum
2171 2077 2416 2150 primus,
2448 2078 2784 2138 hodiernam
2816 2081 2969 2140 diem
3003 2086 3170 2144 nobis
3225 2088 3472 2146 reddidit
3506 2091 3715 2150 clario-

279 2158 639 2233 Perpendite,
699 2160 902 2219 fratres
953 2162 1088 2233 mei,
1147 2177 1322 2236 quam
1369 2163 1748 2234 admirabilis,
1800 2163 1918 2222 imo
2001 2180 2143 2224 rem.
2188 2164 2358 2224 Sacra
2395 2168 2646 2240 profecto
2685 2169 2824 2240 dies,
2871 2173 3012 2246 quia
3065 2177 3450 2235 sacratissimo
3489 2179 3716 2238 homini

227 2262 393 2320 luam
439 2248 696 2322 angelica
739 2251 857 2307 vita
897 2249 1046 2307 beati
1078 2249 1317 2308 Joannis
1357 2259 1498 2322 erat,
1544 2267 1719 2324 quam
1769 2258 1920 2310 certe
2001 2261 2347 2324 consecrata,
2381 2261 2437 2312 et
2474 2255 2634 2314 illius
2671 2259 2956 2332 assignata
2989 2263 3310 2334 przeconiis,
3352 2277 3527 2338 quem
3576 2283 3717 2325 con-

201 2338 514 2412 magniﬁca
545 2339 768 2398 cunctis
800 2339 1073 2413 opinione
1102 2340 1406 2412 claruerat,
1439 2342 1539 2415 qui
1576 2358 1708 2400 cum
1741 2343 1925 2400 nullis

198 2427 440 2502 signum
489 2429 722 2488 virtutis
776 2431 1116 2499 ostenderet,
1169 2429 1466 2489 Christum
1511 2438 1701 2489 tamen
1759 2431 1926 2491 illum

201 2533 330 2576 esse
376 2518 569 2576 omnis
625 2518 874 2592 populus
926 2519 1258 2590 aestimaret,
1309 2521 1464 2578 Luca
1522 2526 1780 2590 testante,
1830 2521 1929 2595 qui

200 2609 284 2667 ait
335 2627 347 2666 :
426 2631 446 2659 ι
483 2609 870 2667 Existimante
922 2616 1118 2669 autem
1167 2611 1395 2684 populo,
1447 2620 1502 2668 et
1549 2611 1931 2683 cogitantibus

201 2699 485 2758 omnibus
523 2700 583 2757 in
631 2700 902 2758 cordibus
957 2701 1077 2760 suis
1120 2701 1193 2758 de
1233 2701 1474 2772 Joanne,
1505 2716 1577 2758 ne
1622 2702 1765 2759 forte
1807 2700 1929 2773 ipse

203 2795 354 2847 esset
403 2787 668 2848 Christus
713 2793 859 2863 (Luc.
909 2791 1070 2862 1H),»
1121 2789 1261 2860 Quae
1315 2789 1474 2847 enim
1519 2789 1739 2862 religio,
1795 2805 1927 2862 quze

203 2879 502 2953 perfectio,
526 2894 659 2954 qute
695 2879 948 2951 denique
977 2878 1186 2948 virtus,
1222 2878 1378 2953 quod
1402 2878 1716 2936 sanctitatis
1743 2893 1928 2952 genus

204 2967 491 3041 reperitur
555 2969 617 3026 in
693 2967 893 3042 aliquo
965 2976 1318 3039 sanctorum,
1373 2967 1528 3040 quod
1577 2967 1640 3024 in
1706 2967 1929 3026 Joanne

205 3062 375 3134 quasi
403 3061 803 3134 prierogativae
827 3060 1130 3134 cujusdam
1152 3075 1269 3118 non
1294 3066 1480 3118 teneat
1499 3056 1928 3132 principatum?

205 3149 358 3208 Sunt
407 3149 700 3222 siquidem
746 3151 928 3208 sancti
981 3151 1240 3208 eremitee
1284 3154 1339 3207 et
1388 3149 1773 3218 anachoreta},
1829 3147 1925 3206 sed

2007 2354 2213 2403 ventus
2254 2346 2550 2419 angelicus
2599 2364 2719 2406 non
2761 2350 3125 2410 mediocriter
3171 2361 3486 2414 reveretur.
3550 2357 3720 2416 Unus

2011 2443 2098 2492 est
2137 2435 2320 2507 enim,
2367 2449 2541 2506 quem
2594 2438 3023 2510 przenobilitant
3072 2442 3386 2516 singularis
3437 2445 3721 2518 primatus

2015 2524 2289 2596 insignia,
2333 2524 2742 2585 clavicularius
2778 2531 2941 2601 regni
2981 2530 3284 2603 ccelorum,
3326 2533 3548 2608 lingua,
3583 2534 3719 2594 ﬁdei

2013 2613 2480 2672 fundamentum.
2525 2614 2972 2675 Consummatur
3003 2619 3184 2677 honor
3224 2626 3279 2676 et
3308 2621 3564 2694 dignatio
3594 2623 3717 2695 glo-

2013 2702 2185 2773 riosa,
2233 2703 2535 2762 hominem
2573 2705 2632 2761 in
2677 2707 2840 2762 terris
2873 2707 3123 2777 positum
3155 2707 3315 2766 ccelis
3360 2709 3715 2782 imperitare,

2009 2797 2065 2849 et
2094 2793 2244 2851 inter
2265 2793 2609 2865 angelorum
2639 2795 2841 2853 choros
2869 2795 3196 2868 judiciariae
3225 2798 3516 2870 potestatis
3545 2813 3716 2855 exer-

2010 2898 2136 2941 cere
2150 2883 2445 2941 virtutem.
2468 2882 2636 2942 Sedet
2657 2883 2982 2943 dominator
3000 2885 3289 2944 Dominus
3310 2885 3461 2944 inter
3481 2887 3718 2960 agmina

2010 2971 2288 3030 lucidiore
2320 2973 2450 3031 luce
2488 2973 2788 3046 fulgentia,
2829 2981 2885 3032 et
2919 2973 2990 3031 de
3021 2974 3272 3033 Thronis
3301 2974 3372 3032 ad
3401 2974 3719 3033 Cherubim

2010 3063 2395 3134 transvolans,
2429 3064 2588 3121 vices
2617 3063 2988 3121 sessionarias
3024 3063 3381 3122 intermutat.
3424 3063 3718 3132 Quamob-

2011 3169 2134 3210 rem
2172 3153 2513 3212 admiranda
2558 3155 2793 3229 quidem
2840 3155 3162 3213 sessionum
3213 3155 3474 3228 mutatio,
3518 3154 3717 3230 longe-

203 3239 340 3314 quis
369 3240 482 3298 sibi
522 3241 759 3299 vivendi
786 3241 1045 3314 regulam
1079 3241 1140 3299 in
1169 3239 1417 3298 silvestri
1448 3239 1640 3312 melle,
1671 3247 1727 3298 et
1762 3239 1926 3298 inco-
1948 3239 2123 3314 “que
2157 3243 2398 3302 rationis
2438 3244 2714 3302 humanae
2751 3244 3094 3318 superducta
3125 3243 3545 3316 conspectibus,
3585 3259 3720 3302 cum

201 3331 480 3389 mestibili
529 3330 884 3391 locustarum
936 3347 1060 3390 esca
1107 3329 1419 3404 praeﬁxit?
1472 3331 1580 3388 Cui
1633 3345 1804 3404 porro
1857 3330 1927 3387 ad

206 3420 574 3492 asperitatem
605 3422 859 3479 vestium
887 3437 1002 3480 non
1036 3421 1328 3480 sufficiant
1363 3437 1496 3494 saga
1525 3421 1700 3478 cilina
1731 3434 1926 3494 capra-

119 3579 126 3588 ,
205 3524 336 3568 rum
372 3518 394 3567 ?
435 3509 547 3566 lste
602 3510 842 3583 pellicea
888 3526 1029 3570 zona
1078 3509 1438 3584 praecinctus,
1483 3510 1617 3584 pilis
1661 3510 1930 3568 induitur

206 3597 582 3656 camelorum.
647 3599 960 3658 Enimvero
1015 3605 1149 3657 sunt
1188 3599 1368 3656 sancti
1406 3597 1928 3670 abrenuntiatores,

206 3691 265 3743 et
310 3685 596 3745 saeculum
647 3686 1084 3762 relinquentes;
1138 3687 1236 3744 sed
1289 3687 1416 3757 iste,
1467 3685 1708 3760 puerilis
1743 3687 1934 3746 adhuc

204 3775 442 3843 indolis,
485 3791 618 3835 cum
653 3777 903 3836 necdum
938 3776 1231 3834 didicisset
1274 3775 1526 3834 civiliter
1575 3776 1792 3847 vivere,
1829 3777 1928 3834 de-

205 3871 356 3923 serta
410 3858 740 3937 penetrans,
801 3865 1053 3924 decrevit
1109 3864 1401 3923 solitarius
1459 3865 1763 3933 habitare;
1825 3880 1932 3923 nec

206 3954 484 4028 dignatus
536 3963 620 4014 est
652 3958 800 4029 patri
835 3957 896 4013 in
929 3954 1263 4014 sacerdotali
1305 3955 1580 4028 dignitate
1604 3955 1928 4027 succedere,

205 4051 275 4102 ut
322 4060 530 4104 verum
584 4062 1002 4121 summumque
1047 4046 1314 4105 omnium
1361 4047 1712 4103 sacerdotem
1752 4045 1932 4103 libera

204 4136 489 4209 potuisset
561 4151 700 4194 voce
763 4135 1096 4209 praedicare.
1165 4135 1468 4209 Prophetze
1543 4134 1932 4192 vaticinantur

206 4227 480 4284 futurum
544 4224 858 4284 Salvatoris
914 4226 1251 4293 adventum,
1308 4223 1566 4298 apostoli,
1621 4223 1928 4296 creterique

204 4316 468 4373 doctores
519 4320 802 4372 testantur
851 4314 1193 4389 impletum;
1233 4315 1486 4373 Joannes
1528 4320 1721 4372 autem
1757 4313 1928 4372 illum

2011 3332 2183 3389 modo
2208 3332 2495 3402 Thronos,
2527 3332 2696 3390 modo
2725 3330 3042 3389 Cherubim
3072 3331 3349 3390 insedisse
3379 3331 3621 3405 legatur.
3650 3331 3721 3390 Et

2010 3420 2143 3478 licet
2190 3421 2458 3479 assistant
2491 3420 2683 3493 angeli
2723 3420 3090 3493 priesidentis
3143 3420 3456 3494 imperium
3509 3437 3718 3496 exspe-

2011 3516 2248 3581 ctantes,
2315 3516 2370 3568 et
2423 3510 2900 3568 administratorii
2957 3509 3196 3583 spiritus
3251 3509 3539 3584 assignate
3608 3511 3722 3570 sibi

2013 3597 2340 3655 ministeria
2391 3598 2737 3668 sortiantur;
2771 3597 2971 3656 nullus
3005 3602 3197 3654 tamen
3249 3610 3453 3655 eorum
3501 3596 3723 3668 ligandi

2011 3695 2190 3763 atque
2242 3686 2504 3746 solvendi
2552 3686 2804 3760 possidet
2861 3691 3216 3758 potestatem.
3270 3686 3447 3744 Adest
3499 3683 3722 3760 Petrus,

2013 3787 2068 3838 et
2123 3779 2192 3837 ad
2239 3780 2365 3853 ejus
2410 3779 2720 3836 arbitrium
2767 3777 2924 3837 orbis
2970 3777 3320 3835 universitas
3363 3777 3630 3847 solvitur,
3667 3781 3725 3836 et

2019 3866 2272 3941 ligatur;
2317 3871 2372 3923 et
2410 3865 2684 3939 pracedit
2721 3865 2873 3922 Petri
2904 3863 3186 3922 sententia
3220 3864 3565 3922 sententiam
3605 3863 3720 3923 Re-

2015 3954 2350 4030 demptoris,
2384 3955 2522 4029 quia
2549 3969 2659 4012 non
2697 3953 2851 4028 quod
2879 3952 3161 4024 Christus,
3191 3953 3300 4009 hoc
3325 3952 3465 4026 ligat
3493 3953 3721 4024 Petrus,

2014 4047 2112 4104 sed
2141 4046 2297 4119 quod
2320 4045 2542 4115 Petrus,
2560 4046 2668 4102 hoc
2692 4045 2828 4117 ligat
2852 4043 3130 4102 Christus.
3159 4043 3291 4114 Ipso
3313 4043 3572 4117 idipsum
3591 4049 3724 4102 atte-

2013 4141 2199 4194 stante
2242 4159 2254 4192 :
2307 4158 2327 4187 α
2370 4133 2787 4207 Quodcunque,
2822 4133 3035 4204 inquit,
3083 4131 3356 4206 ligaveris
3390 4147 3564 4206 super
3603 4140 3725 4192 ter-

2013 4241 2158 4297 ram,
2191 4226 2300 4283 erit
2326 4224 2571 4297 ligatum
2602 4231 2657 4281 et
2684 4224 2742 4281 in
2772 4223 2933 4281 ccelis
2968 4225 3181 4295 (Matth.
3214 4223 3356 4297 XVI).
3387 4243 3414 4275 υ

2085 4314 2128 4373 Ο
2185 4329 2359 4388 quam
2419 4319 2627 4387 potens
2679 4312 2948 4385 dignitas,
2997 4327 3173 4385 quam
3218 4311 3396 4386 digna
3433 4310 3724 4386 potentia!

207 4410 558 4477 praesentem
613 4403 883 4473 ostendit,
943 4402 1036 4460 cui
1090 4403 1263 4460 totius
1315 4401 1536 4472 saeculi,
1585 4407 1640 4460 et
1699 4401 1928 4477 antiqui
2009 4402 2237 4461 Judicat
2281 4401 2504 4471 Petrus,
2536 4407 2590 4459 et
2634 4400 2786 4458 Petri
2820 4399 3040 4472 judicia
3079 4399 3401 4459 confirmat.
3445 4399 3728 4471 Omnipo-

205 4493 426 4552 scilicet
457 4499 511 4547 et
541 4492 828 4562 moderni,
861 4491 1190 4565 praedicatio
1219 4491 1512 4549 militavit.

2015 4498 2157 4560 tens,
2187 4496 2241 4549 et
2266 4497 2348 4548 est
2381 4490 2440 4548 in
2469 4504 2649 4546 manu
2679 4487 2832 4546 Petri
2859 4502 3068 4546 manus
3093 4487 3417 4556 Altissimi;
3451 4487 3726 4559 solusque

279 4582 350 4639 In
390 4582 496 4639 hoc
536 4581 708 4638 etiam
742 4560 849 4636 iste
864 4560 1178 4654 prophetis
1207 4580 1480 4639 omnibus
1519 4560 2116 4654 supereminet,Dille
2146 4578 2394 4637 efﬁcitur
2432 4577 2736 4636 familiaris
2774 4575 3005 4646 Christi,
3039 4577 3141 4652 qui
3177 4576 3324 4634 Petri
3356 4574 3724 4632 familiarita-

208 4672 492 4746 quoniam
514 4669 605 4727 illi
634 4669 915 4742 Spiritum
939 4676 1201 4728 sanctum
1214 4687 1314 4744 per
1329 4676 1564 4730 retatum
1577 4671 1933 4728 incrementa

210 4760 576 4833 suscipiunt;
614 4760 720 4817 iste
757 4774 894 4817 vero
940 4759 1263 4818 visceribus
1297 4759 1489 4817 adhuc
1526 4759 1804 4816 maternis
1841 4756 1933 4814 in-

208 4850 431 4918 clusus,
479 4849 756 4906 virtutem
806 4845 1079 4919 Spiritus,
1126 4847 1308 4920 gratia
1354 4846 1764 4919 przeveniente,
1795 4860 1934 4903 con-

211 4937 400 5012 cepit;
434 4943 488 4994 et
514 4935 1016 5010 appropinquante
1053 4937 1230 4993 totius
1265 4937 1515 4995 Auctore
1551 4935 1786 5006 lzetitim,
1831 4934 1935 4991 vix

210 5028 359 5086 dum
403 5025 635 5084 formati
676 5024 928 5098 corporis
985 5024 1227 5081 nutibus
1263 5024 1599 5082 exsultavit.
1641 5024 1759 5083 Alii
1814 5039 1932 5082 non

213 5116 656 5190 coinquinantes
721 5114 1063 5172 vestimenta
1117 5127 1221 5170 sua
1278 5111 1535 5184 virgines
1598 5128 1933 5186 permanse-

214 5213 389 5274 runt;
440 5205 534 5262 hic
583 5209 802 5273 autem,
845 5211 911 5261 ut
949 5218 1152 5262 omnes
1197 5202 1257 5259 in
1302 5219 1362 5259 se
1405 5202 1593 5260 carnis
1638 5201 1935 5260 illecebras

217 5298 292 5356 ab
331 5298 457 5371 ipsa
517 5295 784 5355 funditus
839 5295 1031 5353 radice
1084 5292 1439 5368 praecideret,
1495 5299 1550 5351 et
1595 5309 1712 5352 non
1764 5294 1936 5352 modo

216 5385 495 5459 genitalia
552 5385 830 5456 membra,
886 5383 983 5442 sed
1038 5391 1093 5442 et
1138 5397 1307 5441 aures
1359 5387 1413 5438 et
1454 5381 1651 5440 oculos
1696 5381 1756 5439 in
1801 5397 1935 5439 ver-

219 5475 416 5532 nantis
473 5489 538 5531 ac
596 5472 817 5531 ﬂoridae
866 5471 1216 5545 virginitatis
1262 5469 1619 5529 indeﬁcienti
1671 5469 1936 5527 viredine

222 5564 563 5637 custodiret,
617 5563 1061 5623 cohabitationis
1111 5564 1387 5623 humanae
1424 5560 1800 5621 contubernia
1843 5577 1938 5619 re—

238 5651 418 5727 spuit,
466 5659 522 5712 et
567 5669 689 5727 prae
753 5652 978 5712 fervore
1030 5651 1267 5726 spiritus
1318 5651 1572 5710 ferarum
1621 5665 1683 5708 se
1740 5645 1938 5708 lustris

2016 4674 2132 4726 tem
2187 4666 2469 4726 habuerit.
2522 4665 2671 4736 Quid
2719 4671 2803 4722 est
2849 4680 2988 4736 quo,
3045 4663 3381 4736 angelorum
3426 4670 3482 4719 et
3532 4661 3726 4719 homi-

2018 4774 2166 4816 num
2196 4757 2530 4831 agminibus
2559 4754 2832 4826 exclusis,
2867 4755 3026 4812 solus
3058 4752 3261 4810 Petrus
3288 4752 3349 4808 in
3369 4753 3727 4810 consortium

2017 4847 2238 4904 divina:
2268 4844 2600 4918 majestatis,
2621 4850 2824 4902 etcum
2849 4842 3096 4901 Domino
3123 4840 3332 4898 residet
3348 4839 3729 4914 praesidente?

2016 4937 2195 4996 Dulce
2257 4934 2637 5007 colloquium,
2704 4938 2898 4991 sancta
2961 4929 3352 4998 conversatio;
3412 4929 3727 4988 concilium

2018 5024 2262 5100 Speciale
2314 5023 2466 5082 Petri
2511 5029 2567 5082 et
2612 5023 2736 5090 Dei,
2778 5020 2880 5078 ubi
2933 5025 3283 5076 secretorum
3334 5018 3728 5076 indifferentia

2020 5113 2325 5172 mortalem
2355 5113 2650 5172 hominem
2681 5109 2795 5168 Deo
2821 5106 3051 5181 copulat
3085 5113 3140 5164 et
3177 5106 3393 5166 counit.
3434 5107 3561 5164 Non
3593 5121 3729 5180 ergo

2023 5203 2242 5260 mirum
2290 5199 2340 5258 si
2389 5198 2712 5257 ardentiore
2740 5196 2947 5253 affectu
2996 5193 3185 5267 diligit
3233 5194 3588 5254 Salvatorem
3619 5193 3728 5251 Pe-

2021 5297 2144 5349 trus
2187 5289 2499 5365 apostolus,
2540 5301 2673 5344 cum
2719 5282 3032 5357 singularis
3071 5298 3234 5341 amor
3273 5283 3504 5341 refusus
3542 5281 3616 5339 sit
3669 5281 3731 5339 in

2019 5396 2176 5452 eum,
2211 5387 2274 5439 ut
2313 5385 2368 5436 et
2406 5374 2778 5448 singulariter
2808 5372 3030 5446 diligat,
3064 5379 3120 5431 et
3157 5373 3478 5447 specialiter
3521 5370 3730 5444 diliga-

2019 5474 2133 5528 tur.
2178 5467 2393 5547 Animca
2421 5465 2544 5538 ejus
2573 5478 2690 5522 una
2729 5469 2814 5520 est
2839 5463 2909 5520 de
2944 5460 3387 5520 adolescentulis
3416 5473 3550 5534 quae
3582 5459 3729 5518 dile-

2019 5566 2235 5617 xerunt
2262 5571 2398 5614 eum
2429 5553 2626 5612 nimis.
2660 5551 2908 5612 Puerilis
2934 5557 3071 5610 aetas
3099 5549 3364 5608 nondum
3382 5548 3567 5608 amori
3592 5564 3730 5610 con-

2021 5647 2199 5720 gruit,
2233 5644 2434 5705 senilis
2460 5642 2630 5702 desiit
2669 5641 2742 5700 ab
2765 5655 2980 5700 amore.
3013 5638 3163 5698 Puer
3193 5645 3295 5712 est,
3323 5640 3426 5714 qui
3469 5640 3733 5701 nondum
