4184 6466
458 257 564 318 647

1080 255 1138 314 S.
1189 255 1409 314 PETRI
1454 254 1773 314 DAMIANI
1813 253 1968 313 OPP.
2015 254 2203 315 PARS
2245 256 2383 341 SEU
2425 261 2674 321 TOMUS
2714 260 2790 318 II.
2837 291 2897 303 -
2941 258 3354 319 SERMONES.

3869 261 3978 321 648

470 383 705 442 aeternis
744 382 972 441 studere
1016 380 1222 454 cmpit;
1266 394 1441 436 senex
1484 385 1584 447 est,
1627 378 1728 451 qui
1763 388 2028 452 coeperat,
2068 382 2226 443 sedA
2249 384 2430 443 dere?
2455 384 2564 443 Sed
2593 383 3076 443 succenderatcor
3099 383 3227 456 ejus
3261 381 3620 440 familiaritas
3643 381 3897 457 dulcior,
3918 393 3979 443 et

464 473 706 532 dimisit.
741 473 1025 544 Utrosque
1062 469 1238 542 igitur
1266 468 1363 526 ille
1403 483 1670 526 summus
1710 474 1930 526 amator
1967 469 2168 528 exclu-

463 563 568 634 dit,
618 568 674 620 et
728 578 760 619 a
817 561 1106 632 majestate
1158 573 1282 617 suae
1325 557 1648 615 dilectionis
1695 557 1976 615 eliminat.
2038 557 2169 616 Sola

461 651 866 721 adolescentia,
918 649 1340 707 ardentissimis
1418 648 1654 720 ignibus
1737 649 2166 722 incandescens,

461 741 791 814 eclipticum
841 754 1093 796 amorem
1151 753 1263 796 non
1319 737 1539 809 recipit,
1591 736 1686 794 sed
1739 737 2002 795 ardorem
2057 738 2167 796 sibi

464 829 720 890 vindicat
758 828 1075 900 copiosum.
1119 827 1274 884 Inter
1314 826 1771 884 adolescentulas
1810 826 2004 898 igitur,
2037 828 2168 885 ani-

465 934 590 977 mas
637 917 907 974 videlicet
959 916 1295 984 electorum,
1345 931 1476 988 quae
1523 915 1739 972 caelesti
1781 931 1990 989 sponso
2023 916 2169 973 dile—

462 1007 712 1066 ctionem
768 1005 1158 1079 promiserunt
1200 1011 1253 1062 et
1298 1005 1492 1075 fidem,
1525 1005 1632 1062 ista
1677 1005 1794 1062 sola
1837 1005 2044 1062 dilexit
2079 1021 2168 1061 ar-

465 1099 716 1166 dentius,
747 1103 801 1154 et
847 1097 1059 1154 amoris
1099 1097 1425 1170 impatiens,
1447 1095 1526 1152 ait
1557 1121 1568 1153 :
1602 1121 1626 1147 α
1657 1095 1917 1162 Domine,
1947 1097 1995 1152 si
2031 1093 2172 1149 135

464 1194 525 1247 tu
557 1204 637 1260 es,
670 1186 814 1260 jube
847 1201 937 1242 me
969 1185 1166 1243 venire
1195 1185 1264 1242 ad
1299 1193 1350 1242 te
1386 1200 1560 1258 super
1586 1201 1768 1258 aquas
1803 1187 2019 1255 (Matth.
2055 1186 2108 1255 1).
2142 1209 2169 1233 ιι

470 1277 598 1337 Non
629 1278 822 1336 timuit
850 1278 1201 1350 singularem
1232 1276 1502 1333 elementi
1535 1276 1876 1342 molestiam,
1911 1282 1964 1332 et
1988 1274 2173 1348 pelagi

476 1367 768 1427 saevientis
816 1365 1115 1424 undositas
1150 1366 1418 1423 allectum
1467 1365 1724 1438 Apostoli
1771 1365 2015 1423 retinere
2058 1381 2174 1423 non

469 1458 676 1533 potuit.
733 1457 843 1515 Sed
887 1457 1026 1528 quid
1063 1462 1148 1514 est
1193 1455 1344 1528 quod
1397 1455 1533 1512 dicit
1579 1460 1762 1520 nimis,
1809 1472 1942 1514 cum
2003 1457 2175 1514 nimis

471 1546 573 1604 ille
603 1545 769 1618 diligi
796 1561 910 1603 non
947 1545 1144 1618 possit,
1177 1544 1278 1618 qui
1313 1551 1423 1602 toto
1449 1544 1636 1614 corde,
1667 1550 1774 1601 tota
1804 1545 2018 1615 anima,
2047 1545 2176 1602 totis

472 1633 702 1694 viribus
730 1633 1064 1707 praecipitur
1094 1631 1479 1706 diligendus?

2254 471 2498 530 verbum
2547 471 2618 529 de
2667 471 3066 543 Redemptoris
3111 470 3367 528 absentia
3421 470 3535 544 pati
3586 484 3701 527 non
3752 476 3977 542 poterat

2252 559 2576 632 benignitas
2641 559 2951 632 diligentis.
3018 558 3126 615 Hic
3187 558 3451 630 diligitur
3509 558 3661 616 Deus
3720 575 3795 616 ex
3861 567 3976 618 toto

2249 651 2438 718 corde,
2469 665 2601 708 cum
2633 650 2688 706 in
2731 649 2898 707 corde
2936 649 3192 706 hominis
3226 648 3464 706 affectus
3495 653 3548 704 et
3583 647 3831 706 dulcedo
3876 650 3973 706 in-

2254 737 2488 806 habitet,
2542 737 2845 810 solumque
2889 752 2985 794 cor
3032 737 3285 794 hominis
3329 735 3544 794 amoris
3595 736 3972 796 dulcedinem

2253 828 2637 901 perseveranti
2683 828 2991 885 stabilitate
3037 826 3336 885 custodiat.
3397 827 3558 885 Unde
3601 835 3655 884 et
3713 827 3973 900 vulgaris

2252 933 2394 975 usus
2425 917 2694 990 obtinuit,
2721 927 2804 988 ut,
2829 933 2965 976 cum
2990 917 3246 991 aliquem
3273 918 3346 976 ab
3366 917 3562 991 aliquo
3595 919 3972 976 vehementer

2254 1007 2434 1064 amari
2473 1007 2878 1079 conspicimus,
2911 1008 3174 1066 dicamus
3212 1032 3223 1064 :
3265 1007 3353 1065 Ex
3383 1009 3552 1066 corde
3581 1008 3779 1082 diligit
3807 1025 3968 1079 eum,

2253 1112 2426 1170 quem
2459 1096 2675 1154 scilicet
2701 1103 2872 1169 amat,
2903 1104 2958 1155 et
2999 1099 3285 1170 sequitur.

2327 1185 2630 1244 Secundus
2659 1193 2759 1250 est,
2781 1186 3021 1259 diligere
3042 1186 3344 1259 sapienter.
3378 1185 3602 1244 Gradus
3631 1187 3736 1244 iste
3767 1188 3970 1244 multa

2254 1273 2580 1332 altitudinis
2604 1281 2708 1345 est,
2736 1283 2790 1332 et
2812 1276 2989 1332 nimis
3003 1275 3299 1332 difﬁcilem
3321 1274 3623 1347 pollicetur
3635 1292 3964 1336 ascensum.

2259 1363 2383 1420 Non
2439 1370 2634 1421 autem
2695 1363 2885 1421 evadit
2943 1363 3013 1420 ad
3088 1379 3360 1421 cacumen
3439 1364 3565 1436 ejus
3628 1367 3742 1423 nisi
3806 1382 3971 1425 mens

2259 1452 2555 1524 mundior,
2595 1460 2648 1510 et
2683 1469 2816 1526 quae
2854 1453 3062 1511 mundi
3095 1454 3271 1526 hujus
3310 1453 3646 1527 sapientiam
3687 1456 3970 1529 sapientia

2258 1543 2618 1614 supervaleat
2675 1544 3034 1616 angelorum.
3108 1541 3247 1598 136
3309 1544 3432 1602 Non
3494 1545 3811 1604 attenditur
3877 1547 3973 1604 hic

2259 1633 2564 1704 nascentis,
2601 1633 2690 1691 vel
2740 1634 3068 1692 itinerantis
3107 1634 3208 1692 Dei
3247 1635 3542 1694 cumulata
3577 1635 3828 1707 devotio,
3870 1636 3971 1694 sed

546 1724 687 1783 Tres
731 1729 872 1782 sunt
911 1723 1121 1795 gradus
1150 1722 1205 1779 in
1252 1738 1446 1780 amore
1489 1722 1610 1792 Dei,
1644 1737 1895 1796 quorum
1925 1722 1996 1780 ad
2035 1721 2233 1804 alte-B
2260 1718 2517 1778 Verbum
2564 1721 2624 1778 in
2667 1721 2949 1794 principio
2998 1723 3148 1794 apud
3189 1721 3372 1780 Deum
3411 1726 3588 1792 (Joan.
3639 1729 3703 1792 1).
3754 1723 3968 1783 Recor-

472 1827 603 1871 rum
653 1812 780 1869 sine
817 1810 993 1868 altero
1039 1810 1440 1881 conscendere,
1483 1817 1585 1868 aut
1627 1825 1830 1882 parum
1864 1811 2036 1880 valet,
2077 1818 2175 1868 aut

472 1900 639 1958 nihil.
689 1899 955 1959 Cucurrit
996 1915 1062 1957 eo
1113 1897 1421 1971 Apostolus
1465 1898 1604 1971 pede
1649 1896 1948 1967 velociore,
1989 1898 2176 1955 donec

466 1989 529 2046 in
577 1987 724 2047 tertii
764 1988 1095 2046 summitate
1134 1987 1469 2061 repositum,
1509 1989 1578 2043 ad
1629 1988 1858 2046 caeleste
1891 1987 2172 2060 palatium

468 2079 738 2135 evolaret.
770 2077 1071 2135 Amandus
1092 2076 1247 2134 enim
1288 2083 1371 2134 est
1403 2075 1554 2134 Deus
1581 2075 1847 2145 dulciter,
1883 2076 2173 2149 sapienter

465 2176 519 2227 et
557 2170 793 2228 fortiter.
825 2168 935 2228 Sed
963 2169 1080 2242 jam
1106 2168 1408 2227 videamus
1434 2169 1572 2242 quid
1607 2169 1681 2226 sit
1709 2168 1955 2226 dulciter
1980 2183 2173 2225 amare

466 2258 672 2317 Deum.
719 2256 916 2315 Dulcis
955 2257 1111 2314 enim
1144 2264 1247 2326 est,
1281 2264 1334 2313 et
1366 2255 1610 2313 dulciter
1637 2253 1802 2325 diligi
1843 2254 2026 2314 debet.
2070 2252 2172 2326 qui

479 2347 913 2408 multitudinem
947 2345 1270 2405 dulcedinis
1299 2363 1440 2417 sua},
1474 2346 1564 2403 vel
1594 2345 1944 2409 amantibus,
1980 2345 2068 2402 vel
2104 2346 2174 2403 ti—

469 2436 762 2496 mentibus
798 2452 858 2494 se
905 2435 1230 2493 ministrare
1279 2451 1394 2493 non
1433 2441 1631 2493 cessat.
1675 2435 1918 2491 Amatur
1946 2433 2003 2490 in
2041 2434 2173 2492 dul~

467 2530 689 2598 cedine,
732 2544 866 2587 cum
919 2534 1147 2586 amatur
1190 2530 1251 2585 in
1295 2543 1503 2592 carne;
1548 2542 1682 2583 cum
1723 2525 2014 2582 nescimus
2059 2525 2174 2582 nisi

469 2617 763 2676 Christum
798 2617 1018 2687 Jesum,
1047 2625 1102 2676 et
1139 2619 1294 2676 hunc
1327 2617 1676 2675 cruciﬁxum
1705 2634 1717 2684 ;
1746 2631 1876 2673 cum
1911 2621 2024 2672 tota
2051 2631 2173 2672 car-

464 2709 558 2765 nis
596 2707 722 2782 ejus
763 2708 1085 2781 frequentia
1119 2706 1405 2779 frequenti
1443 2705 1721 2764 memoria
1767 2704 2084 2770 retinetur;
2119 2709 2176 2759 et

464 2811 592 2854 ossa
645 2802 841 2855 nostra
881 2795 1221 2854 medullitus
1265 2796 1516 2854 concutit
1565 2801 1737 2851 tanta;
1792 2792 2181 2850 miserationis

469 2885 746 2957 dignatio.
785 2885 930 2942 Cum
969 2884 1124 2942 enim
1161 2885 1530 2941 recordamur
1567 2883 1782 2955 Regem
1813 2882 2013 2954 gloriae
2050 2897 2180 2955 par-

469 2975 594 3034 vuli
636 2975 922 3046 vagientis
960 2974 1244 3032 sustinere
1278 2974 1561 3044 miserias,
1604 2987 1931 3045 pannorum
1972 2971 2179 3028 vilium

469 3063 691 3120 vilitate
729 3060 979 3128 devolvi,
1019 3061 1316 3134 fatigatum
1367 3077 1440 3118 ex
1477 3060 1682 3118 itinere
1728 3060 1994 3129 residere,
2043 3059 2183 3117 Pha-

469 3151 776 3209 risaeorum
803 3149 1125 3223 Opprohria,
1156 3149 1416 3207 convicia
1439 3150 1778 3208 Judmorum
1807 3166 1946 3208 aure
1969 3148 2184 3223 patien-

471 3241 694 3298 tissima
718 3239 1099 3312 pertransire;
1129 3237 1396 3310 nunquid
1429 3253 1542 3295 non
1571 3237 1881 3311 compungi
1908 3236 2184 3293 debemus

467 3331 539 3390 ad
570 3335 741 3388 tanta;
758 3328 984 3403 pietatis
1013 3327 1334 3386 intuitum?
1361 3329 1670 3386 Considera
1686 3327 1899 3386 Filium
1930 3323 2185 3399 Virginis

471 3419 685 3478 illitum
747 3418 974 3492 sputis,
1038 3417 1284 3475 lividum
1335 3417 1564 3490 plagis,
1629 3415 1808 3474 clavis
1859 3416 2177 3474 confixum.

471 3506 716 3567 Attende
757 3513 1036 3564 rectorem
1085 3505 1214 3563 coeli
1256 3511 1500 3563 stantem
1551 3504 1611 3561 in
1653 3519 1841 3576 cruce,
1900 3503 2182 3577 pallidum

469 3602 668 3666 morte,
721 3611 892 3653 carne
939 3595 1284 3654 deformem.
1326 3594 1408 3651 Ne
1467 3600 1826 3667 pertranseas
1864 3593 2182 3650 Dominum

469 3686 835 3758 angelorum,
901 3685 1116 3742 factum
1171 3683 1542 3757 opprobrium
1601 3682 1928 3751 hominum,
1987 3681 2180 3738 virum

477 3775 762 3842 dolorum,
794 3779 846 3832 et
887 3773 1164 3830 scientem
1196 3771 1580 3842 infirmitates,
1614 3773 1807 3828 virum
1843 3786 2178 3844 percussum

471 3881 506 3924 a
550 3865 668 3922 Deo
705 3871 759 3921 et
807 3861 1204 3932 humiliatum,
1253 3861 1446 3919 virum
1491 3860 1779 3933 leprosum
1820 3867 1874 3915 et
1911 3857 2186 3916 omnibus

477 3954 806 4029 expositum
863 3951 1243 4011 detrimentis.
1309 3952 1448 4010 Haec
1517 3950 1832 4009 recordatio
1893 3946 2189 4007 succendit

489 4059 602 4113 cor,
635 4049 835 4116 pectus
863 4041 1073 4111 adurit,
1110 4039 1386 4098 interiora
1418 4039 1761 4113 depascitur.
1790 4038 1945 4096 Talis
1976 4051 2189 4095 memo-

484 4134 570 4192 ria
625 4133 781 4191 elicit
839 4133 1140 4206 lacrymas,
1198 4131 1481 4190 suﬂ‘undit
1534 4131 1750 4201 oculos,
1813 4129 2013 4188 vultus
2071 4130 2182 4187 hu-

479 4222 702 4278 mectat.

551 4307 714 4366 Circa
755 4306 922 4364 hunc
952 4305 1068 4363 fere
1096 4304 1343 4378 gradum
1372 4305 1704 4364 obvolvitur
1733 4305 1924 4363 omnis
1945 4298 2182 4377 religio-

487 4412 684 4456 sorum
723 4393 1020 4465 instantia,
1052 4409 1293 4467 raraque
1315 4395 1439 4453 avis
1467 4395 1527 4452 in
1560 4394 1726 4452 terris
1753 4400 1857 4463 est,
1888 4409 2022 4468 quae
2051 4410 2180 4466 pos—

483 4488 556 4546 sit
610 4487 766 4545 hunc
812 4485 1056 4542 transire
1102 4486 1434 4558 profectum.
1480 4486 1642 4542 Astat
1681 4483 1838 4542 enim
1888 4469 2250 4542 orantibusD

487 4574 580 4633 vel
609 4576 800 4648 imago
837 4575 1124 4633 nascentis
1163 4575 1287 4646 Dei,
1329 4574 1416 4633 vel
1448 4573 1749 4648 pendentis
1784 4573 1845 4629 in
1884 4588 2070 4642 cruce,
2105 4580 2187 4630 te-

486 4671 699 4740 netque
728 4664 943 4723 mentis
970 4665 1236 4722 affectum
1268 4663 1622 4721 incalescens
1647 4662 1888 4724 all‘ectio.
1918 4669 1972 4719 et
2006 4663 2076 4719 ad
2101 4663 2188 4720 ul-

483 4754 690 4812 teriora
716 4753 820 4812 vix
860 4753 1137 4826 permittit
1163 4766 1488 4809 excurrere.
1526 4749 1590 4806 In
1633 4752 1741 4808 hoc
1765 4751 1947 4823 gradu
1988 4749 2188 4808 Petrus

478 4843 807 4918 impressus
843 4840 1210 4909 consistebat,
1247 4855 1376 4898 cum
1417 4853 1667 4906 carnem,
1713 4848 1765 4896 et
1803 4839 2190 4897 conversatio-

487 4953 623 4996 nem
682 4937 820 4996 Jesu
870 4935 1082 4994 Christi
1139 4933 1445 4991 tenerrime
1514 4932 1782 5006 diligens,
1838 4929 2186 4990 Salvatorem

486 5026 661 5085 etiam
689 5041 721 5082 a
743 5024 1060 5082 salvatione
1079 5022 1308 5096 generis
1333 5021 1576 5079 humani
1597 5020 1925 5090 retraheret,
1951 5019 2186 5080 dicens:

489 5138 517 5168 α
544 5114 834 5189 Propitius
859 5121 999 5182 esto,
1033 5111 1298 5181 Domine,
1322 5110 1425 5168 tibi
1457 5109 1586 5181 ipsi,
1612 5125 1684 5166 ne
1714 5108 1810 5166 ﬁat
1837 5109 1943 5166 hoc
1973 5113 2189 5180 (Matth.

482 5215 628 5276 XVI).
660 5230 686 5253 ιο
725 5203 831 5262 Cui
875 5202 1158 5260 Dominus
1191 5223 1204 5257 :
1254 5223 1280 5251 α
1315 5200 1487 5268 Vade,
1528 5200 1736 5274 inquit,
1780 5206 1905 5272 post
1937 5214 2047 5270 me,
2083 5199 2188 5258 Sa-

486 5300 637 5364 tana,
669 5293 808 5366 quia
846 5305 963 5348 non
1006 5287 1160 5361 sapis
1197 5304 1329 5361 quae
1363 5289 1464 5346 Dei
1508 5296 1668 5358 sunt;
1707 5309 1735 5341 υ
1765 5288 2006 5360 culpans
2047 5305 2186 5346 con-

493 5383 713 5454 silium,
761 5397 876 5440 non
918 5379 1206 5437 affectum.
1249 5377 1528 5450 Diligebat
1571 5377 1728 5435 enim
1768 5376 2033 5443 dulciter,
2073 5392 2190 5436 non

499 5474 684 5527 tamen
714 5470 1033 5543 sapienter;
1055 5465 1345 5540 quomodo
1365 5464 1520 5522 enim
1547 5465 1968 5539 sapienter§qui
1984 5465 2189 5524 mundi

491 5557 945 5632 redemptionem
981 5564 1037 5616 et
1073 5554 1176 5613 Dei
1209 5551 1628 5628 providentiam
1668 5555 1958 5614 nitebatur
1992 5555 2192 5614 exclu-

2257 1808 2392 1866 dare
2423 1808 2640 1868 Filium
2670 1810 2771 1868 Dei
2800 1827 2931 1868 cum
2975 1811 3138 1869 Patre
3168 1811 3364 1869 omnia
3405 1811 3802 1884 fabricantem,
3845 1830 3970 1871 cre—

2257 1907 2448 1957 antem
2508 1899 2762 1974 angelos,
2829 1899 3111 1958 elementa
3155 1902 3518 1974 jungentem,
3567 1902 3970 1975 disponentem

2256 1989 2568 2057 mundum,
2627 1989 2822 2047 omnia
2873 1991 3332 2062 gubernantem;
3373 1996 3426 2048 et
3472 2005 3745 2060 cognosce
3793 2007 3971 2065 quam

2257 2075 2541 2134 excelsior
2579 2075 2651 2133 sit
2691 2076 2798 2133 ista
2836 2076 3088 2150 cognitio
3128 2092 3304 2150 quam
3335 2076 3454 2134 illa.
3487 2075 3718 2136 Intuere
3763 2078 3972 2136 inetfa-

2259 2166 2432 2224 bilem
2481 2167 2665 2240 ipsius
2716 2167 3065 2240 genituram,
3121 2173 3175 2225 et
3227 2167 3488 2239 genitum
3536 2168 3800 2242 gignenti
3853 2183 3973 2226 non

2259 2257 2643 2327 dissimilem;
2684 2274 2790 2315 nec
2837 2258 3087 2331 priorem
3133 2259 3357 2316 Patrem
3405 2275 3576 2332 quam
3633 2257 3885 2328 Filium;
3919 2267 3974 2318 et

2267 2355 2400 2405 tunc
2431 2348 2720 2421 intelliges
2754 2358 2969 2424 quanta
2994 2349 3316 2407 differentia
3348 2351 3705 2408 nativitatem
3738 2359 3969 2409 utram-

2260 2455 2374 2513 que
2401 2437 2732 2512 disjungat;
2765 2455 2897 2497 cum
2930 2439 3086 2496 aliud
3121 2440 3194 2497 sit
3225 2440 3381 2498 nasci
3408 2439 3466 2497 in
3493 2439 3694 2513 gloria,
3718 2441 3881 2500 aliud
3910 2443 3968 2499 in

2260 2526 2527 2596 miseria;
2589 2525 2749 2584 aliud
2809 2526 3094 2602 mqualem
3162 2528 3299 2598 Deo,
3352 2528 3513 2585 aliud
3570 2529 3791 2602 angelis
3853 2544 3976 2586 esse

2260 2617 2565 2674 minorem.
2613 2615 2750 2673 Haec
2799 2623 2884 2672 est
2926 2616 3206 2690 sapientia
3245 2617 3580 2690 singularis,
3631 2618 3975 2692 supergredi

2259 2703 2513 2776 corporis
2553 2710 2607 2761 et
2655 2719 2964 2777 corporum
3011 2705 3342 2777 obstacula;
3396 2714 3449 2762 et
3500 2706 3561 2763 in
3613 2706 3772 2764 illius
3829 2707 3976 2765 lucis

2264 2791 2532 2850 subsilire
2565 2790 2952 2863 splendorem,
2986 2793 3086 2851 ubi
3125 2793 3322 2852 lumen
3364 2794 3593 2852 videtur
3628 2795 3688 2852 in
3724 2795 3971 2867 lumine,

2264 2887 2319 2937 et
2358 2879 2509 2936 Deus
2557 2893 2672 2936 non
2721 2879 2998 2952 serviens,
3042 2882 3138 2939 sed
3188 2881 3477 2954 imperans
3521 2881 3971 2941 demonstratur.

2266 2967 2431 3025 Felix
2448 2967 2644 3025 anima
2669 2983 2820 3040 quae,
2852 2969 3175 3028 faculentze
3201 2971 3388 3028 carnis
3424 2977 3688 3044 superata
3707 2972 3971 3039 materia,

2267 3057 2328 3114 in
2365 3057 2543 3130 hujus
2594 3058 2893 3131 sapientia:
2944 3060 3172 3118 lumine
3213 3061 3564 3135 requiescit!
3621 3060 3724 3120 Vis
3774 3061 3975 3120 videre

2269 3146 2541 3216 Paulum,
2605 3149 2892 3220 quomodo
2946 3165 2978 3206 a
3039 3150 3226 3221 primo
3280 3150 3462 3222 gradu
3518 3150 3588 3206 ad
3653 3151 3974 3208 secundum

2265 3238 2634 3296 ascenderit?
2661 3237 2804 3296 Cum
2835 3239 3078 3298 dixisset
3112 3259 3123 3298 :
3159 3263 3185 3293 «
3219 3239 3362 3297 Mihi
3391 3241 3539 3298 absit
3568 3240 3827 3314 gloriari,
3861 3241 3977 3298 nisi

2269 3327 2325 3384 in
2376 3343 2546 3386 cruce
2593 3327 2824 3384 Domini
2875 3329 3053 3386 nostri
3109 3330 3246 3388 Jesu
3292 3330 3544 3388 Christi!
3614 3351 3642 3383 η
3684 3333 3830 3401 (Gal.
3866 3337 3976 3398 Vt.)

2266 3418 2494 3490 scripsit
2517 3418 2631 3476 alio
2658 3419 2782 3477 loco
2816 3438 2827 3476 :
2873 3442 2892 3468 α
2926 3418 3048 3476 Etsi
3079 3434 3429 3479 noveramus
3452 3421 3745 3479 Christum
3775 3437 3980 3480 secun«

2266 3505 2404 3565 dum
2435 3522 2689 3576 carnem,
2711 3507 2808 3565 sed
2836 3522 2990 3564 nunc
3015 3507 3135 3580 jam
3165 3523 3282 3565 non
3304 3509 3575 3567 novimus
3603 3512 3672 3582 (II
3693 3512 3812 3568 Cor.
3838 3515 3917 3584 v).
3946 3533 3973 3564 ι)

2265 3597 2374 3654 Hic
2407 3598 2644 3655 affectus
2677 3597 2976 3670 sapientiae
3015 3597 3170 3655 sedet
3201 3598 3262 3655 in
3306 3599 3520 3672 anima,
3558 3617 3690 3674 qnaa
3730 3600 3850 3660 sola
3883 3618 3979 3660 ra-

2265 3689 2439 3747 tionis
2485 3704 2665 3760 capax
2707 3697 2826 3759 est;
2875 3690 3411 3764 incorporeumque,
3446 3698 3501 3749 et
3540 3692 3977 3752 incircumscri-

2271 3786 2434 3852 ptum
2469 3777 2738 3849 spiritum
2780 3776 3065 3835 indefessa
3094 3779 3465 3838 meditatione
3495 3787 3831 3854 prospectat.
3869 3781 3979 3840 Hic

2268 3865 2532 3938 diligitur
2564 3865 2716 3923 Deus
2746 3881 2820 3923 ex
2853 3871 2964 3924 tota
2991 3867 3202 3936 anima,
3235 3866 3291 3925 id
3323 3874 3406 3925 est
3434 3884 3506 3925 ex
3535 3875 3644 3926 tota
3671 3869 3972 3943 sapientia,

2269 3953 2372 4029 qui
2437 3953 2601 4026 prius
2663 3969 2736 4011 ex
2798 3958 2910 4012 toto
2977 3955 3166 4027 corde,
3233 3955 3289 4013 id
3348 3963 3432 4014 est
3511 3973 3583 4015 ex
3643 3957 3976 4028 dulcedine,

2269 4043 2636 4114 diligebatur.

2340 4135 2567 4193 Tertius
2604 4135 2818 4209 gradus
2865 4142 2968 4207 est,
3003 4151 3195 4194 amare
3232 4135 3464 4207 fortiter,
3501 4138 3559 4196 id
3592 4146 3695 4208 est,
3727 4155 3801 4197 ex
3849 4155 3975 4198 om-

2266 4224 2442 4282 nibus
2505 4223 2743 4282 viribus.
2809 4223 3052 4282 Fortiter
3109 4223 3300 4296 diligit
3370 4225 3491 4298 qui,
3551 4243 3684 4285 cum
3747 4243 3978 4286 necesse

2268 4313 2459 4384 fuerit,
2512 4328 2613 4386 pro
2669 4310 2981 4371 Salvatoris
3034 4313 3145 4371 fide
3192 4330 3396 4388 corpus
3443 4323 3496 4374 et
3547 4317 3804 4375 animam
3859 4325 3978 4376 tor-

2269 4402 2480 4460 mentis
2513 4401 2772 4474 exponit.
2815 4401 2925 4459 Hic
2960 4408 3043 4459 est
3081 4403 3300 4461 fructus
3337 4405 3546 4476 operis,
3581 4405 3794 4464 laboris
3831 4421 3976 4464 con-

2271 4491 2602 4561 summatio,
2634 4489 2893 4563 probatio
2932 4490 3274 4549 dilectionis.
3312 4492 3389 4550 De
3425 4495 3609 4567 gradu
3645 4495 3804 4553 enim
3840 4495 3977 4553 dul-

2269 4581 2488 4639 cedinis
2540 4579 2610 4636 ad
2671 4579 2970 4652 sapientiae
3009 4579 3254 4654 gradum
3303 4584 3635 4640 ascenderat
3681 4584 3980 4657 apostolus

2271 4668 2500 4739 Petrus,
2532 4682 2665 4725 cum
2713 4666 2924 4724 diceret
2957 4686 2968 4724 :
3004 4693 3030 4716 ‹‹
3072 4668 3346 4726 Animam
3380 4686 3566 4729 meam
3600 4686 3748 4743 pono
3781 4687 3885 4745 pro
3928 4679 3980 4730 te

2274 4759 2497 4823 (Matth.
2558 4758 2756 4822 XXVI).
2798 4778 2824 4802 ››
2876 4753 3035 4812 Nihil
3114 4757 3429 4828 sapientius
3509 4775 3693 4834 neque
3775 4760 3981 4818 fortius

2271 4859 2445 4916 quam
2480 4867 2492 4900 ε
2531 4843 2857 4900 «Animam
2888 4857 3040 4914 pono
3077 4859 3178 4916 pro
3221 4851 3310 4915 te;
3360 4871 3384 4894 ››
3423 4846 3571 4904 nihil
3603 4848 3982 4922 insipientius

2273 4949 2462 5007 neque
2510 4932 2761 4991 debilius
2811 4947 2985 5006 quam
3025 4956 3037 4989 :
3102 4933 3357 5009 «Neque
3411 4936 3545 5008 scio,
3604 4953 3794 5012 neque
3841 4940 3981 4998 novi

2275 5024 2414 5098 quid
2447 5023 2603 5081 dicas
2632 5015 2808 5095 (Joan.
2850 5024 2975 5093 xv).
3023 5043 3044 5072 ι
3084 5020 3340 5081 Profecto
3367 5025 3486 5096 jam
3528 5025 3805 5098 diligebat
3843 5027 3978 5086 dul-

2273 5110 2429 5179 citer,
2470 5110 2590 5182 jam
2636 5108 2957 5181 sapienter;
2998 5107 3094 5164 sed
3151 5115 3466 5183 utrumque
3515 5111 3780 5186 perdidit,
3842 5129 3978 5172 cum

2275 5199 2496 5258 fortiter
2555 5214 2670 5257 non
2723 5197 2978 5265 dilexit;
3037 5212 3170 5255 cum
3225 5198 3296 5255 ad
3355 5215 3555 5258 vocem
3614 5201 3984 5263 mulierculae

2274 5286 2583 5345 Dominum
2623 5291 2679 5343 et
2727 5284 3064 5357 Magistrum
3113 5299 3287 5342 suum
3329 5285 3591 5344 celeriter
3645 5288 3982 5362 abnegavit.

2276 5375 2388 5436 Sed
2432 5390 2566 5433 cum
2597 5374 2744 5432 mori
2771 5389 2872 5446 pro
2911 5372 3135 5430 Christo
3171 5372 3477 5446 disposuit,
3519 5375 3726 5434 dilexit
3761 5378 3981 5449 nimis;

2275 5465 2415 5540 quia
2445 5490 2470 5513 α
2505 5464 2786 5536 majorem
2818 5463 2924 5520 hac
2970 5461 3333 5519 dilectionem
3380 5478 3550 5521 nemo
3578 5464 3768 5536 habet,
3805 5481 3986 5540 quam

2274 5561 2339 5614 ut
2369 5554 2626 5612 animam
2655 5567 2824 5612 suam
2851 5556 3022 5623 ponat
3047 5549 3179 5623 quis
3204 5565 3307 5622 pro
3329 5549 3534 5610 amicis
3560 5552 3683 5611 suis
3709 5555 3925 5624 (Ibid).
3955 5578 3982 5608 ι
