4184 6496
256 363 366 431 619

1748 356 1998 421 SERMO
2034 353 2272 421 XXVII.

3657 367 3767 428 650

256 491 493 552 Aﬂixus
544 491 736 562 cruci,
795 505 831 547 a
885 487 998 546 ﬁde
1056 488 1305 561 separari
1368 503 1482 547 non
1538 488 1742 562 potuit.
1798 486 1973 545 Vides
1990 485 2171 548 Aolei
2217 487 2504 561 liquorem
2551 489 2815 562 effundit,
2851 486 2978 549 sine
3023 506 3140 566 quo
3188 506 3296 550 nec
3333 492 3509 566 regia,
3544 509 3653 553 nec
3674 510 3767 554 sa-

260 595 401 655 ergo
443 576 734 653 quomodo
766 582 880 636 tres
907 574 1123 649 gradus
1160 574 1257 633 isti
1298 576 1468 633 trinae
1496 575 1639 649 legis
1679 572 1976 633 dilectioni

258 667 628 728 conveniant.
685 666 887 739 Itaque
932 678 1198 724 amemus
1252 662 1529 735 dulciter,
1586 662 1874 738 sapienter
1922 670 1979 721 et

263 756 507 825 fortiter,
529 760 594 815 ut
612 755 683 813 ad
706 753 1045 828 Magistrum
1069 752 1222 811 Petri
1242 752 1653 811 intercessione
1676 753 1979 825 pervenire

266 846 585 916 valeamus,
616 845 722 918 qui
751 850 837 903 est
864 842 1204 902 benedictus
1233 842 1298 901 in
1325 842 1555 902 sacula.
1587 844 1798 899 Amen.
1904 888 1911 895 .

838 953 863 975 "
897 949 1143 1010 SERMO
1167 949 1403 1008 XXVII.

270 1039 347 1085 DE
387 1037 624 1084 SANCTIS
666 1034 974 1082 APOS'I‘OLIS
1017 1034 1207 1080 PETRO
1253 1034 1325 1079 ET
1371 1032 1562 1079 PAULO
1604 1026 1785 1090 (XXIX
1825 1025 1983 1093 JUN

344 1113 637 1172 Hodierna
670 1111 813 1180 dies,
855 1109 1236 1179 dilectissimi,
1275 1109 1429 1167 clara
1463 1116 1550 1167 est
1587 1116 1642 1168 et
1681 1110 1979 1180 solemnis,

268 1202 726 1273 universumque
770 1206 1093 1259 creaturam
1144 1214 1250 1256 suo
1291 1196 1514 1256 lumine
1562 1199 1877 1258 sanctiﬁcat
1929 1205 1985 1258 et

269 1291 551 1349 infundit.
591 1290 719 1349 Non
748 1290 906 1348 enim
933 1297 1018 1347 est
1057 1286 1250 1359 ignota
1288 1285 1586 1359 festivitas,
1619 1287 1710 1346 vel
1736 1287 1984 1362 alicujus

270 1378 637 1437 obscuritatis
710 1376 960 1436 tenebris
1027 1376 1323 1445 oﬁ‘uscata,
1383 1375 1484 1433 sed
1535 1375 1608 1433 ab
1655 1384 1787 1435 ortu
1846 1376 1985 1434 solis

271 1482 460 1541 usque
514 1466 587 1524 ad
622 1481 890 1525 occasum
937 1465 1039 1523 toti
1085 1463 1313 1537 cognita
1350 1464 1594 1535 mundo,
1636 1463 1776 1537 ipsis
1811 1465 1985 1524 etiam

272 1555 436 1614 caelis
480 1554 635 1613 clara
685 1553 814 1614 luce
867 1554 1153 1613 relucens.
1214 1554 1343 1613 Duo
1390 1554 1548 1612 enim
1598 1553 1988 1627 apostolorum

2057 579 2356 639 cerdotalis
2393 586 2614 639 constat
2659 583 2984 641 auctoritas.
3027 581 3231 642 Oleum
3278 589 3476 642 autem
3523 592 3772 660 quatuor

2057 667 2230 726 habet
2281 693 2293 726 :
2339 676 2672 742 supernatat
2715 670 2988 729 omnibus
3051 671 3396 743 liquoribus,
3453 672 3770 744 illuminat,

2059 756 2239 829 pascit
2303 765 2361 817 et
2433 760 2619 834 ungit.
2682 760 3026 834 Cuicunque
3090 761 3245 819 enim
3310 762 3521 836 liquori
3576 764 3771 823 oleum

2061 860 2433 921 superponas,
2464 849 2657 907 statim
2704 850 2815 908 sibi
2866 851 3181 924 superioris
3222 851 3332 909 loci
3376 851 3632 911 vindicat
3670 869 3774 927 po—

2062 937 2362 1006 testatem;
2394 937 2474 994 ita
2506 945 2562 995 et
2589 936 2980 998 misericordia
3016 939 3121 1002 Dei
3150 941 3426 1000 omnibus
3465 943 3590 1017 ejus
3635 959 3773 1016 ope-

2063 1030 2227 1089 ribus
2250 1027 2573 1101 praefertur,
2600 1028 2901 1088 Psalmista
2931 1038 3189 1102 testante,
3214 1033 3319 1103 qui
3348 1033 3487 1091 dicit
3514 1057 3528 1091 :
3564 1058 3589 1085 α
3612 1034 3776 1092 Mise-

2064 1117 2315 1176 rationes
2350 1116 2479 1191 ejus
2513 1133 2685 1190 super
2714 1119 2912 1177 omnia
2937 1136 3109 1194 opera
3136 1121 3265 1194 ejus
3298 1125 3463 1191 (Psal.
3495 1126 3712 1197 CXLIV).
3750 1149 3770 1175 -

2066 1207 2382 1276 Miserator,
2440 1213 2495 1262 et
2550 1205 2896 1279 misericors,
2949 1209 3195 1282 patiens,
3249 1210 3408 1269 mitis
3473 1212 3662 1280 corde,
3724 1220 3780 1270 et

2069 1296 2264 1357 suavis
2291 1294 2602 1365 universis,
2636 1295 2917 1354 Dominus
2947 1299 3292 1371 praedicatur
3319 1304 3487 1372 tPsal.
3537 1312 3774 1371 LXXXV,

2068 1388 2254 1456 CXIV).
2285 1384 2397 1441 Est-
2430 1391 2623 1441 autem
2675 1391 2731 1442 et
2761 1384 2975 1467 justus
3001 1391 3167 1458 (Psal.
3210 1391 3295 1461 Χ),
3336 1390 3433 1447 sed
3472 1405 3778 1463 nunquam

2070 1477 2321 1536 multum
2337 1475 2532 1548 justus
2561 1474 2773 1547 legitur
2802 1476 2863 1533 in
2888 1474 3204 1550 Scriptura,
3229 1478 3380 1537 sicut
3404 1479 3654 1537 multum
3679 1478 3783 1536 mi-

2071 1567 2333 1626 sericors.
2371 1563 2468 1622 Vis
2488 1563 2684 1623 videre
2708 1566 2998 1637 quomodo
3027 1565 3296 1639 discipuli
3328 1573 3655 1639 sequuntur
3680 1566 3785 1625 Do-

275 1644 586 1720 principes,
656 1642 961 1729 Ecclesiae.
1010 1641 1343 1715 luminaria,
1400 1648 1682 1717 martyres
1748 1642 1975 1713 summi,

2071 1657 2304 1716 minum
2332 1662 2387 1713 et
2414 1652 2755 1727 Magistrum
2783 1668 2958 1712 suum
2983 1651 3011 1712 ῗ
3045 1654 3253 1727 Aspice
3282 1662 3534 1728 quantus
3560 1655 3785 1729 pietatis

275 1734 422 1807 legis
469 1733 748 1804 doctores,
779 1731 952 1791 amici
1003 1730 1219 1804 sponsi,
1249 1730 1405 1790 oculi
1438 1747 1687 1805 sponsas,
1736 1740 1975 1806 pastores

2073 1745 2311 1802 aﬁ‘ectus
2346 1742 2738 1815 apostolorum
2767 1742 3017 1817 principi
3050 1757 3111 1800 se
3138 1741 3374 1815 inludit,
3405 1742 3638 1816 quando
3667 1742 3782 1801 cir-

275 1823 495 1899 gregis,
526 1821 733 1881 mundi
764 1821 1051 1892 custodes,
1086 1821 1361 1881 hodierna
1390 1821 1485 1880 die
1523 1821 1775 1881 caelestia
1815 1836 1975 1896 regna

2076 1835 2499 1893 cumsteterunt
2534 1828 2707 1888 illum
2762 1845 2965 1888 omnes
3009 1830 3218 1900 viduae,
3254 1831 3454 1889 ﬂentes
3490 1840 3547 1889 et
3590 1838 3784 1889 osten-

280 1911 436 1973 feliCi
487 1912 761 1985 ωεινιγτίο
807 1911 1300 1980 conscenderunt;
1330 1911 1478 1969 alter
1522 1912 1789 1987 Princeps
1826 1911 1993 1986 Γθὲοὶ
2076 1923 2278 1982 dentes
2319 1921 2545 1980 tunicas
2594 1924 2651 1977 et
2695 1924 2904 1987 vestes,
2945 1935 3088 1992 quas
3129 1920 3369 1978 faciebat
3407 1919 3528 1978 illis
3578 1919 3787 1977 Dorcas

280 2002 585 2072 αΒΙοΓυιΠ,
624 1998 765 2056 137
805 2002 950 2060 alter
991 2009 1190 2074 minus
1228 2002 1300 2059 ad
1350 2002 1585 2061 tertium
1632 2003 1876 2073 003mm;
1912 2002 1998 2060 al-
2081 2015 2228 2082 (Act.
2280 2014 2387 2080 1x).
2429 2008 2836 2068 Circumdatur
2872 2008 3247 2067 multitudine
3289 2023 3610 2083 pauperum
3648 2022 3786 2081 apo-

281 2098 370 2150 ter
411 2089 636 2149 Judzeis
685 2089 993 2163 praelatus;
1021 2089 1168 2147 alter
1216 2090 1491 2164 gentibus
1525 2091 1736 2161 datus;
1783 2090 1846 2149 in
1884 2091 1975 2149 vit:

2083 2101 2364 2161 stolorum
2391 2141 2397 2147 .
2422 2100 2708 2173 princeps,
2758 2105 2815 2157 et
2869 2098 3108 2163 vocibus
3157 2098 3494 2172 lacrymosis
3539 2096 3790 2156 concuti-

282 2180 445 2252 socii,
473 2186 764 2239 consortes
810 2180 873 2238 in
924 2186 1127 2250 morte.
1156 2180 1219 2239 in
1260 2196 1473 2238 COl‘Olla
1516 2196 1701 2254 Dares.
1749 2182 2005 2256 δερυδὶθε
2087 2198 2180 2250 tur
2253 2189 2587 2257 viduarum,
2667 2186 3168 2261 apostolicumque
3246 2194 3445 2257 pectus
3523 2184 3797 2259 irrumpit

283 2269 850 2344 i".g10Pia;jUdices
885 2270 1064 2340 orbis»
1093 2270 1326 2328 Domini
1363 2271 1735 2329 CODfeSSOPeS-
2084 2278 2413 2338 clementiae
2465 2276 2797 2335 multitudo.
2841 2276 2974 2336 Orat
3023 2276 3331 2349 Apostolus
3377 2283 3509 2334 ante
3562 2275 3796 2333 vultum

357 2359 719 2418 Admiranda
789 2375 1022 2432 prorsus
1090 2357 1387 2432 dispositio
1457 2358 1894 2433 Redemptoris,
1952 2366 2010 2418 et
2089 2370 2309 2446 gloriae,
2391 2382 2585 2426 coram
2662 2365 2910 2424 Domino
2997 2366 3348 2440 majestatis;
3429 2364 3798 2425 resuscitatur

281 2449 504 2524 judicia
558 2449 663 2507 Dei
721 2448 969 2522 abyssus
1006 2449 1191 2507 multa
1228 2451 1394 2520 (Psal.
1439 2453 1660 2520 xxxv),
1702 2465 1837 2508 cum
1878 2448 1975 2507 illo

2090 2458 2326 2529 mulier,
2352 2463 2437 2530 _et
2496 2455 2722 2513 miseris
2794 2454 3055 2513 redditur
3128 2454 3537 2513 misericordiae
3611 2453 3801 2528 propi-

290 2537 563 2597 Ecclesiae
614 2552 735 2596 suae
786 2536 1061 2610 praefecit,
1115 2536 1217 2610 qui
1281 2537 1366 2595 sic
1426 2537 1805 2595 criminaliter
1866 2538 1975 2611 laps

2090 2549 2307 2608 natrix.
2356 2546 2497 2604 Haec
2536 2544 2930 2603 misericordia
2962 2543 3099 2601 facit
3138 2545 3372 2602 Petrum
3405 2543 3479 2601 ad
3522 2543 3802 2601 Hierusa-

291 2637 453 2701 sunt,
492 2637 557 2689 ut
601 2628 663 2687 in
716 2634 1078 2702 peccatorum
1123 2628 1333 2686 ﬂuctus
1373 2627 1836 2686 absorberentur.
1866 2626 2013 2685 Cum
2092 2638 2209 2696 lem
2269 2637 2331 2694 in
2403 2634 2773 2693 Antiochiam
2846 2647 3077 2690 currere
3135 2635 3276 2705 (Act.
3332 2633 3412 2705 Χ),
3469 2632 3541 2690 ab
3595 2632 3801 2689 Antio-

293 2721 527 2780 ἱιὶῐιιθοῐ·
580 2718 813 2777 Petrum
841 2762 857 2788 ι
924 2732 1099 2791 quem
1153 2717 1279 2791 ipsa
1332 2732 1543 2775 manus
1597 2716 2016 2790 ΟωΠῘΡοῐοοῑίε
2095 2726 2227 2786 chia
2280 2720 2421 2779 138
2474 2728 2674 2781 venire
2725 2722 2991 2792 Romam,
3042 2721 3351 2796 prmdicare
3393 2721 3634 2778 verbum
3679 2720 3803 2788 Dei,

296 2808 462 2884 regni
517 2808 766 2867 caelestis
811 2807 1073 2867 clavibus
1125 2808 1383 2877 investit,
1435 2807 1530 2865 cui
1586 2807 1754 2866 Pater
1802 2807 2018 2865 revelat
2097 2812 2410 2874 subvenire
2442 2811 2858 2884 peccatoribus,
2892 2809 3136 2883 peccatis
3170 2824 3426 2883 parcere,
3476 2807 3807 2866 misericop-

299 2898 434 2956 Filii
488 2898 845 2970 majestatem
873 2939 889 2963 ,
944 2912 1118 2968 super
1178 2903 1355 2970 quem
1407 2896 1690 2955 fundatur
1740 2896 2015 2969 Ecclesia,
2098 2905 2256 2963 diam
2281 2901 2712 2975 superexaltare
2737 2900 2980 2974 judicio.

300 2988 396 3047 cui
445 2994 692 3062 potestas
739 2985 961 3059 ligandi
1013 2991 1069 3045 et
1119 2984 1384 3045 solvendi
1430 2985 1762 3044 conceditur
1793 2987 2016 3059 (Matth.
2170 2992 2379 3068 Aspice
2440 2999 2497 3049 et
2552 2990 2821 3060 Paulum,
2875 2996 2931 3047 et
2992 2988 3252 3062 intellige
3305 3002 3482 3063 quam
3532 2987 3812 3048 dulcioris

246 3106 255 3111 '
303 3083 455 3152 XVI).
509 3077 613 3150 (illi
667 3076 840 3135 (309103
884 3076 1105 3135 οιθιιάίῐ
1156 3082 1210 3134 et
1268 3075 1469 3148 aperit:
1511 3075 1667 3148 (ἰυοά
1715 3074 2021 3133 Chembim
2102 3081 2517 3141 misericordiae
2573 3081 2869 3139 cumulata
2937 3079 3283 3153 benignitas,
3342 3084 3517 3137 totam
3572 3076 3815 3152 apostoli

302 3175 362 3229 et
438 3167 732 3241 seraphim
807 3167 1022 3225 habere
1106 3181 1225 3225 non
1323 3165 1574 3239 legitur,
1649 3166 2361 3271 vehementercmentem
2415 3186 2547 3230 vera
2602 3168 2997 3242 compassione
3052 3167 3444 3226 succenderet.
3499 3188 3521 3218 ι
3549 3165 3689 3236 Quis
3732 3166 3818 3222 in-

303 3257 577 3317 admiror.
632 3256 862 3314 Rursus
925 3270 1060 3313 cum
1115 3255 1343 3313 reﬂecto
1430 3254 1669 3326 oculos,
1721 3261 1777 3312 et
1849 3269 1975 3311 eum

2063 3254 2388 3332 “ﬁrmatur,
2439 3261 2651 3335 inquit,
2691 3268 2745 3318 et
2796 3275 2900 3332 ego
2960 3274 3078 3317 non
3134 3257 3447 3317 inﬁrmor?
3494 3257 3690 3327 Doleo,
3726 3257 3813 3313 in-

303 3345 436 3404 dem
478 3343 713 3401 Petrum
751 3342 920 3401 video
956 3359 991 3401 a
1033 3342 1205 3417 longe
1241 3342 1406 3417 sequi
1439 3342 1819 3412 Salvatorem,
1860 3349 1916 3399 et
1946 3341 2017 3399 ad
2105 3351 2252 3423 quit,
2296 3358 2351 3408 et
2400 3348 2570 3422 lugeo
2614 3363 2790 3421 super
2842 3362 2938 3405 eos
2985 3347 3088 3419 qui
3135 3353 3532 3419 peccaverunt,
3591 3351 3648 3402 et
3702 3359 3821 3402 non

304 3436 487 3497 unius
518 3433 750 3493 ancillae
797 3448 997 3493 vocem
1043 3433 1332 3504 detestari,
1361 3441 1416 3491 et
1442 3433 1641 3507 jurare
1676 3456 1699 3485 ι
1734 3433 1872 3505 quia
1902 3447 1975 3489 no

2105 3446 2350 3511 egerunt
2403 3436 2803 3509 paenitentiam
2860 3439 2930 3506 (II
2980 3438 3098 3492 Cor.
3157 3438 3329 3505 1(1).»
3386 3433 3557 3491 Beata
3600 3431 3818 3501 anima,

307 3526 448 3585 novi
483 3524 805 3596 hominem,
831 3544 861 3576 ι)
904 3523 1234 3598 ipsumque,
1275 3538 1451 3598 quem
1487 3523 1590 3580 Dei
1626 3522 1840 3580 Filium
1882 3536 2020 3579 con-
2108 3543 2241 3600 quae
2277 3525 2542 3584 omnium
2576 3524 2838 3582 miserias
2867 3540 3002 3583 suas
3032 3525 3258 3592 fecerat,
3291 3530 3355 3581 ut
3393 3536 3596 3578 omnes
3637 3519 3819 3576 lueri-

306 3615 496 3673 fessus
537 3614 743 3684 fuerat,
790 3612 1009 3686 trepida
1045 3612 1386 3687 fugitatione
1433 3611 1762 3685 relinquere
1801 3612 2019 3683 (Matth.
2109 3617 2340 3675 faceret.
2380 3615 2504 3673 Hoc
2545 3614 2755 3672 alI'ectu
2798 3612 3029 3684 navigat
3070 3626 3245 3678 mare,
3294 3609 3475 3668 currit
3518 3608 3581 3666 in
3619 3607 3823 3665 Hieru-

310 3716 491 3776 ΧΧἯ,
518 3707 650 3762 Ῑιηοο
680 3705 865 3773 XXII):
906 3700 1115 3759 ῑίωοπθ
1162 3699 1476 3772 εοΗειιῐῘοιὸ
1511 3700 1709 3758 dicens
1745 3714 1974 3757 mecum
2007 3716 2020 3756 ε
2111 3710 2312 3779 salem,
2346 3706 2653 3780 lapidatur,
2700 3704 3060 3774 verberatur,
3097 3700 3412 3773 aliligitur;
3460 3698 3595 3756 inde
3643 3697 3824 3757 currit

319 3821 347 3846 κ
397 3795 541 3866 Quis
582 3794 852 3870 cognovit
895 3809 1132 3852 sensum
1179 3792 1515 3852 Domini?»
1551 3790 1975 3863 (Rom.x1.)Cui

2111 3799 2185 3856 ad
2222 3795 2521 3870 Ephesios,
2562 3792 2892 3853 Corinthios
2937 3790 3167 3867 quaerit,
3201 3788 3408 3847 circuit
3437 3786 3822 3857 Colossenses,

316 3885 563 3962 Γθερίείο
606 3884 854 3943 Palmm
887 3884 1105 3957 spirare
1142 3883 1331 3941 minas
1358 3889 1415 3940 Θῐ
1452 3883 1636 3941 ames
1672 3880 1738 3939 in
1773 3880 2027 3952 diSCiPu-
2114 3887 2514 3961 Philippenses
2544 3884 2755 3952 visitat,
2788 3878 3097 3940 revertitur
3138 3880 3207 3937 ad
3247 3878 3557 3949 Romanos,
3596 3876 3824 3935 miseri.

317 3977 405 4036 los
456 3972 714 4043 Domini,
768 3973 991 4032 vinctos
1041 3974 1271 4043 ducere,
1327 3972 1603 4051 damnare
1659 3971 1828 4030 morti
1881 3972 2025 4040 (Act.
2113 3977 2367 4035 cui-diam
2415 3973 2650 4048 spargit,
2701 3970 2920 4044 ubique
2961 3969 3238 4027 diffundit
3281 3967 3572 4040 pietatem,
3617 3972 3673 4024 et
3717 3980 3824 4022 σω.

318 4070 429 4137 Ix),
458 4073 515 4125 et
573 4066 634 4123 in
684 4080 891 4139 corpus
947 4064 1219 4124 Ecclesiae
1272 4071 1387 4123 tota
1434 4064 1880 4122 debacchatione
1917 4078 2028 4119 sae-
2115 4064 2353 4125 lestium
2406 4062 2652 4120 seminat
2712 4059 2936 4118 semina
2984 4058 3351 4130 gaudiorum.
3415 4054 3617 4114 Cernis
3668 4068 3825 4125 ergo,

316 4155 465 4227 vire,
497 4155 648 4214 intra
692 4153 1099 4227 memetipsum
1145 4160 1461 4226 contremo,
1492 4153 1689 4210 dicens
1720 4174 1735 4209 :
1785 4174 1811 4202 α
1839 4149 2033 4208 Nescit
2117 4157 2256 4231 quia
2294 4154 2447 4213 sicut
2482 4152 2679 4211 oleum
2726 4149 2999 4209 omnibus
3037 4148 3367 4223 liquoribus
3397 4144 3733 4215 antecellit;
3774 4151 3830 4201 et

320 4244 496 4302 Ῑιοωο
546 4254 744 4303 mrum
785 4257 983 4301 amore
1017 4257 1090 4300 ειη
1130 4242 1262 4301 Odm
1298 4242 1511 4316 dignus
1535 4241 1962 4311 εἱῑίΕοοιθ-ΙΧ)-
2000 4261 2026 4290 ι)
2118 4246 2202 4305 sic
2258 4240 2566 4317 apostolica
2634 4238 2816 4313 pictas
2892 4237 3172 4296 omnibus
3235 4248 3437 4293 eorum
3508 4232 3831 4292 virtutibus

319 4334 469 4394 Cum
514 4333 756 4409 respicio
797 4334 1065 4407 desuper,
1117 4340 1173 4391 et
1214 4332 1385 4392 video
1432 4348 1533 4390 vas
1568 4330 1867 4390 electionis
1902 4344 2034 4403 por-
2119 4334 2460 4396 antefertur.

322 4433 444 4486 tare
500 4443 710 4487 nomen
753 4426 966 4486 Christi
1023 4441 1217 4485 coram
1262 4424 1552 4498 gentibus,
1595 4431 1650 4482 et
1697 4422 1953 4497 regibus,
1979 4427 2037 4480 et
2193 4422 2497 4483 Illuminat
2543 4417 2762 4488 oleum,
2820 4415 3157 4474 illuminant
3207 4421 3263 4473 et
3315 4412 3578 4488 apostoli.
3623 4410 3831 4471 Recole

322 4515 462 4575 ﬁliis
502 4514 700 4584 Israel,
726 4514 796 4573 ad
835 4515 989 4574 tertii
1029 4514 1163 4574 coeli
1215 4520 1435 4573 secreta
1470 4513 1705 4587 raptari,
1738 4521 1793 4571 et
1832 4512 2102 4587 audire“
2126 4516 2304 4572 Actus
2353 4507 2764 4583 apostolorum,
2817 4512 2873 4563 et
2924 4505 3055 4576 vide
3105 4511 3321 4579 quanta
3389 4501 3520 4559 luce
3575 4500 3832 4574 fulgurat

323 4569 1565 4678 quisi—non_licethominir
1584 4569 2031 4676 iaciam
2053 4569 2414 4675 Dapostolus
2463 4597 2686 4656 Petrus.
2722 4569 2763 4648 «⁷
2781 4595 2851 4653 In
2899 4569 3236 4667 plateis,.ait
3287 4590 3601 4678 Scriptura,
3650 4569 3831 4678 pone-

326 4708 414 4767 Π,
457 4695 581 4767 xu),
612 4700 668 4753 et
700 4694 764 4753 in
795 4676 958 4752 illam
1010 4693 1196 4768 ipsam
1246 4692 1592 4751 Trinitatem
1633 4691 1831 4751 oculos
1864 4692 2038 4763 ﬁgere
2121 4688 2337 4747 bantur
2367 4684 2591 4744 inﬁrmi
2621 4683 2684 4741 in
2721 4681 2948 4740 lectulis
2986 4688 3072 4751 ut,
3104 4679 3377 4736 veniente
3406 4677 3593 4768 Petro,
3630 4676 3832 4734 saltem

326 4785 618 4855 clariores,
664 4784 888 4859 gaudeo
933 4783 1183 4850 dicens:
1222 4808 1249 4835 σε
1285 4783 1397 4843 Hic
1445 4792 1530 4843 est
1587 4783 1695 4854 vir,
1756 4782 1860 4856 qui
1920 4796 2039 4839 non
2123 4780 2331 4839 umbra
2387 4777 2546 4835 illius
2613 4774 2983 4835 obumbraret
3057 4783 3414 4845 quemquam
3465 4767 3724 4859 illorum,
3777 4774 3834 4825 et

328 4882 416 4935 est
441 4856 749 4933 derelictus
784 4890 820 4931 a
855 4873 1103 4933 Domino
1134 4877 1291 4947 (Sap.
1327 4877 1413 4944 Χ).
1443 4898 1472 4922 »
2124 4870 2516 4929 liberarentur
2541 4866 2615 4924 ab
2651 4861 3090 4923 inﬁrmitatibus
3123 4860 3246 4919 suis
3273 4860 3414 4928 (Act.
3456 4865 3536 4925 vl.
3568 4880 3594 4908 ιο
3623 4856 3830 4947 Oleum

402 4963 554 5035 Quid
604 4968 691 5022 est
728 4963 883 5038 quod
931 4962 1013 5021 sic
1057 4946 1357 5032 labuntur,
1380 4962 1482 5036 qui
1505 4962 1905 5035 praeﬁciuntur
1931 4958 2041 5018 Ec-
2125 4960 2425 5018 inﬁnitum
2478 4954 2819 5015 admirabile
2867 4952 3086 5019 lumen,
3120 4956 3176 5007 et
3211 4948 3373 5007 omni
3404 4947 3524 5006 sole
3558 4946 3831 5038 lucidius,

333 5054 571 5113 clesiae?
621 5037 915 5127 Sapientia
968 5052 1222 5111 suaviter
1279 5051 1592 5126 disponens
1639 5052 1855 5123 omnia,
1917 5051 2044 5109 haec
2127 5050 2201 5109 ad
2267 5046 2535 5108 umbram
2591 5041 2884 5119 apostolici
2936 5038 3193 5111 corporis
3250 5037 3560 5134 languores
3611 5037 3833 5134 iugere,

333 5142 468 5201 ideo
488 5143 643 5215 fecit,
670 5148 739 5202 ut
777 5142 841 5201 in
892 5142 1098 5216 seipsis
1142 5140 1402 5214 praedicti
1448 5140 1736 5215 principes
1758 5141 2044 5200 discerent
2127 5138 2419 5199 discedere
2465 5133 2853 5221 inﬁrmitates,
2886 5135 2940 5185 et
2976 5143 3210 5221 omnem
3241 5126 3580 5221 morborum
3611 5126 3834 5221 instan-

336 5231 588 5308 qualiter
606 5230 738 5291 aliis
765 5215 1029 5291 misereri
1064 5230 1358 5289 deberent.
2131 5228 2272 5286 tiam
2333 5223 2594 5283 inaudita
2658 5217 2956 5310 velocitate
3007 5215 3237 5310 fugari._
3271 5216 3366 5310 Ain
3423 5228 3557 5310 non
3610 5215 3836 5310 copiosa

408 5319 604 5393 Hujus
640 5320 914 5380 virtutem
959 5318 1368 5379 misericordiae
1421 5334 1676 5393 praesens
1722 5319 2046 5393 capitulum
2132 5314 2375 5376 luminis
2417 5309 2782 5402 immensitas
2824 5307 2898 5364 ab
2942 5320 3039 5402 ore
3088 5304 3242 5402 Petri
3291 5302 3520 5402 largius.
3553 5300 3835 5402 easilivit,

338 5390 733 5468 demonstrare
774 5415 1033 5470 conatur.
1072 5408 1234 5467 «Isti
1270 5390 1441 5479 sunt;
1460 5408 1674 5482 inquit,
1718 5390 1851 5468 duas
1875 5407 2047 5466 olivas
2133 5422 2268 5468 cum
2299 5405 2381 5464 ait
2409 5400 2655 5461 claudo:
2707 5425 2730 5449 ιι
2761 5397 2829 5455 ln
2868 5396 3102 5454 nomine
3131 5395 3269 5453 Jesu
3312 5391 3525 5451 Christi
3557 5390 3837 5482 Nazareni

342 5500 533 5572 (Apoc.
593 5500 697 5574 Xl).
753 5523 776 5551 ι
834 5499 1023 5574 Digna
1071 5513 1311 5574 prorsus
1358 5481 1706 5571 comparatio
1756 5498 1927 5557 olivae
1975 5496 2047 5556 ad
2134 5513 2308 5571 surge
2349 5501 2406 5552 et
2445 5487 2734 5550 ambula?
2771 5512 2793 5541 ιι
2840 5488 2986 5557 (Act.
3033 5490 3147 5555 Ill.)
3186 5482 3427 5574 Respice
3470 5481 3721 5541 Paulum
3771 5487 3843 5539 to-

343 5591 647 5664 apostolos,
674 5605 783 5649 nec
819 5590 934 5647 alia
956 5573 1184 5663 dignior
1224 5593 1310 5648 est
1353 5588 1610 5647 inventa.
1657 5586 1846 5646 Arbor
1891 5587 2050 5646 enim
2135 5591 2261 5646 tum
2313 5582 2611 5658 Illyricum
2666 5582 3083 5654 peragrantem,
3135 5573 3507 5664 suscitantem
3560 5576 3842 5664 mortuos,

346 5663 455 5743 ista
497 5697 724 5756 semper
765 5678 969 5740 viridis
1015 5685 1120 5751 est,
1178 5684 1237 5739 et
1274 5678 1446 5740 illum
1491 5676 2050 5739 excellentissimum
2139 5677 2571 5737 subvertentem
2625 5669 2835 5745 templa
2873 5669 3134 5740 deorum,
3175 5671 3232 5725 et
3274 5665 3336 5724 in
3381 5663 3686 5739 spiendore
3726 5664 3843 5722 hu-

631 5796 891 5860 PATROL.
931 5795 1182 5858 CXLIV.
3489 5783 3557 5843 2t
