4184 6466
422 327 524 387 651

1040 322 1100 381 S.
1143 318 1361 380 PETRI
1403 313 1724 376 DAMIANI
1763 311 1921 370 OPP.
1965 305 2156 367 PARS
2197 303 2334 364 SEU
2376 301 2626 362 TOMUS
2666 300 2740 359 ΙΙ.
2780 333 2848 343 -
2890 299 3306 360 SERMONES.

3816 296 3927 362 652

418 452 516 527 jus
544 449 654 508 loci
686 446 860 506 totius
894 444 1050 503 orbis
1087 441 1425 500 illuminare
1455 439 1761 498 circuitum
1791 437 1960 527 (Rom.
1996 431 2188 527 XV).A
2217 427 2520 527 iisti-aunt
2697 424 2869 527 Olim.
2891 427 3175 522 (741390-31)
3206 424 3441 527 will“):
3461 426 3921 527 planius‘aperit.

422 522 619 601 Currit
642 538 875 605 Paulus,
902 542 957 592 et
980 533 1195 609 potenti
1224 533 1439 591 virtute
1469 542 1808 589 sermonum
1832 522 2129 583 illuminat

423 649 556 707 quae
584 632 644 689 in
681 627 933 687 tenebris
956 632 1121 695 sunt;
1150 623 1340 683 clarus
1378 636 1666 691 sermone,
1698 633 1881 707 opere
1890 612 2123 707 clarior,

424 704 839 780 miraculorum
905 715 1297 775 coruscatione
1351 710 1726 770 clarissimus.
1788 730 1815 757 α
1858 704 2076 763 Habete
2108 745 2123 773 ,

419 810 633 884 inquit,
699 809 944 866 formam
998 812 1272 870 nostram,
1327 808 1385 861 et
1437 799 1711 860 attendite
1762 811 1879 855 non
1935 794 2125 852 solum

419 914 553 973 quae
580 896 842 968 audistis,
879 895 978 953 sed
1013 900 1069 952 et
1095 909 1227 968 quae
1256 891 1483 951 vidistis
1525 891 1585 947 in
1620 904 1711 946 me
1746 888 1914 957 (Phil.
1949 887 2059 954 In).
2098 906 2121 934 ι

417 988 615 1047 Βο11118
652 992 711 1044 et
745 985 1031 1059 perfectus
1079 982 1370 1055 magister,
1405 980 1507 1054 qui
1550 978 1723 1037 ﬁdem
1764 977 1897 1034 facit
1932 973 2125 1034 verbis

416 1092 589 1151 Opere
628 1076 867 1134 meliore
906 1074 1056 1143 (111)
1096 1073 1156 1130 in
1197 1072 1376 1145 hujus
1420 1069 1566 1128 lucis
1603 1066 1923 1127 clarissima
1967 1079 2124 1122 sere-

413 1165 593 1223 nitate
618 1163 924 1223 illuxerint
952 1160 1378 1220 coruscationes
1420 1165 1558 1228 tuae,
1595 1156 1763 1225 Deus,
1799 1154 1925 1213 orbi
1953 1159 2123 1211 terrae

415 1256 586 1323 (Psal.
627 1255 858 1322 LXXVI).
902 1249 1197 1308 Commota
1236 1254 1340 1317 est,
1373 1252 1429 1305 et
1466 1244 1814 1305 contremuit
1861 1249 2009 1302 terra
2050 1242 2123 1301 ad

412 1357 613 1401 vocem
668 1341 1048 1415 apotolorum,
1102 1354 1236 1397 cum
1289 1338 1351 1395 in
1399 1351 1634 1395 omnem
1688 1341 1899 1392 terram
1944 1346 2122 1391 sonus

411 1447 615 1491 eorum
643 1431 826 1490 exivit
851 1432 1026 1502 (Psal.
1055 1431 1248 1498 XVIII).

482 1522 686 1582 Oleum
727 1522 928 1595 pascit,
967 1524 1212 1593 pascunt
1255 1521 1311 1575 et
1339 1513 1601 1589 apostoli.
1632 1510 1905 1585 Epistolas
1944 1510 2117 1581 Petri,

409 1617 464 1669 et
511 1610 782 1669 sublimis
836 1609 940 1667 illa
989 1620 1330 1667 sermonum
1371 1603 1650 1671 doctrina,
1684 1599 1956 1673 nunquid
2001 1613 2119 1657 non

410 1699 756 1757 mirabiliter
786 1698 969 1771 pascit
1000 1695 1316 1755 Ecclesiam
1349 1691 1504 1752 Dei?
1535 1690 1692 1750 Audi
1733 1689 1877 1763 quid
1916 1686 2118 1746 Salva-

2205 515 2405 573 dicens
2435 533 2447 572 :
2487 536 2514 567 ‹‹
2547 513 2622 571 Hi
2651 521 2787 571 sunt
2818 513 2926 570 viri
2954 512 3365 571 misericordiae
3394 516 3543 571 (Ιεαί.
3578 518 3739 589 LVII).
3779 541 3807 567 ι.

2280 605 2555 679 Sequitur
2583 629 2595 663 :
2624 610 2696 662 Et
2716 608 2823 662 duo
2849 607 3179 663 candelabra
3205 608 3441 663 lucentia
3457 614 3585 665 ante
3604 613 3918 671 Dominum.

2205 694 2629 753 Candelabrum
2669 695 2853 754 tribus
2890 695 3136 770 pedibus
3182 695 3474 764 innititur,
3516 704 3569 756 et
3613 699 3671 757 in
3712 700 3922 759 altiora

2204 800 2577 858 consurgens,
2627 800 2860 844 cereum
2907 790 3283 859 superportat,
3324 793 3388 844 ut
3431 787 3532 859 qui
3579 788 3925 863 ingrediun-

2206 879 2302 932 tur
2341 873 2543 932 lumen
2574 872 2808 933 videant
2844 877 2995 942 (Luc.
3036 877 3164 945 XI);
3214 874 3293 932 ita
3334 879 3390 933 et
3432 877 3673 948 apostoli
3732 877 3922 936 tribus

2203 964 2519 1023 virtutibus
2581 963 2899 1021 innitentes
2929 1007 2943 1033 ,
3007 964 3336 1036 operatione
3367 1006 3383 1034 ,
3451 964 3870 1036 praedicatione
3904 1009 3919 1037 ,

2202 1052 2622 1112 miraculorum
2657 1052 3072 1123 coruscatione,
3113 1052 3311 1111 lumen
3354 1067 3557 1111 verum
3596 1054 3917 1114 Dominum

2200 1144 2401 1203 Jesum
2440 1142 2735 1201 Christum
2768 1143 3230 1213 ingredientibus
3274 1143 3346 1201 ad
3385 1143 3559 1202 ﬁdem
3600 1150 3713 1203 tota
3741 1145 3919 1203 clari-

2203 1238 2314 1291 tate
2383 1238 2799 1291 monstrarunt.
2875 1230 2947 1289 Et
3017 1233 3451 1303 attendendum,
3516 1235 3674 1309 quod
3750 1235 3913 1309 dicit,

2194 1310 2232 1373 ἐι
2263 1326 2397 1378 ante
2423 1320 2760 1378 Dominum.
2793 1342 2820 1369 ιι
2855 1319 3184 1394 Hypocritaa
3209 1321 3367 1378 enim
3396 1322 3608 1393 lucent,
3632 1338 3748 1381 non
3780 1331 3917 1383 ante

2200 1411 2535 1482 Dominum,
2595 1411 2696 1469 sed
2751 1416 2885 1468 ante
2942 1410 3269 1481 mundum;
3321 1417 3387 1469 ut
3454 1411 3767 1472 videantur
3838 1415 3914 1473 ab

2201 1499 2556 1558 hominibus.
2595 1498 2853 1573 Apostoli
2893 1514 3030 1557 vero
3068 1499 3350 1558 luxerunt
3385 1504 3519 1558 ante
3568 1501 3913 1577 Dominum,

2201 1588 2299 1646 sed
2343 1603 2463 1646 non
2511 1594 2643 1648 ante
2693 1585 3022 1656 mundum;
3075 1586 3211 1660 quia
3260 1587 3514 1647 ludibria
3567 1597 3625 1648 et
3666 1590 3912 1650 verbera

2200 1675 2445 1750 experti,
2498 1675 2719 1734 divinae
2769 1675 3050 1749 majestati
3106 1676 3469 1737 solummodo
3518 1679 3743 1752 placere
3794 1689 3910 1742 stu-

405 1793 495 1847 tor
523 1788 594 1845 de
620 1788 728 1845 hac
752 1765 875 1861 ipsa
900 1787 1159 1861 pastione
1199 1784 1350 1841 dicat
1382 1780 1435 1840 ei
1466 1800 1478 1839 :
1512 1800 1540 1834 ί(
1569 1780 1761 1847 Pasce,
1787 1777 1981 1851 inquit
2003 1785 2116 1835 ter-
2136 1769 2477 1861 B_dl_lerll_nt-
2505 1765 2672 1861 Qu_0d
2710 1766 2823 1841 iPSi
2869 1767 2986 1861 Sin}
3015 1765 3150 1861 (11th
3195 1765 3386 1861 OlinB,
3408 1775 3475 1861 _et
3520 1768 3642 1861 duo
3691 1772 3907 1832 cande-

404 1877 508 1945 tio,
561 1890 697 1933 oves
752 1889 912 1932 meas
971 1876 1149 1941 (Joan.
1200 1873 1359 1937 XXI).
1400 1893 1420 1919 ι
1475 1867 1647 1925 Pasce
1703 1865 1899 1934 verbo,
1948 1878 2115 1938 pasce

403 1963 692 2036 exemplo,
751 1976 917 2036 pasce
963 1958 1240 2019 oratione.
1298 1956 1472 2015 Pasce
1531 1952 1727 2025 verbo,
1780 1958 1845 2009 ut
1911 1956 2113 2024 potens

400 2051 481 2109 sis
527 2050 821 2110 exhortari
865 2051 923 2108 in
965 2048 1224 2107 doctrina
1267 2062 1425 2117 sana,
1465 2050 1522 2103 et
1567 2060 1684 2114 eos,
1730 2043 1831 2117 qui
1883 2046 2110 2098 contra-

399 2141 619 2212 dicunt,
660 2157 943 2215 arguere;
985 2154 1153 2212 pasce
1198 2136 1490 2209 exemplo,
1531 2140 1598 2194 ut
1644 2133 1798 2208 quod
1830 2130 2112 2205 przedicas

401 2246 559 2302 voce,
602 2247 773 2305 Opere
820 2230 1152 2303 compleas;
1204 2243 1371 2301 pasce
1406 2225 1682 2294 oratione,
1726 2232 1794 2282 ut
1840 2238 1943 2297 pro
1990 2221 2110 2279 illis

399 2319 737 2390 intercedas,
790 2333 1038 2394 quorum
1086 2318 1283 2376 anima
1330 2315 1434 2374 tibi
1478 2313 1784 2374 commissa
1836 2319 1939 2371 est.
1996 2311 2110 2370 Vas

398 2412 702 2470 electionis
751 2410 969 2470 Paulus
1023 2409 1340 2484 apostolus,
1398 2408 1549 2477 vide,
1594 2405 1886 2479 quomodo
1927 2404 2109 2477 pascit

396 2502 682 2576 populum
746 2502 849 2560 Dei
920 2502 1285 2560 diversorum
1348 2499 1623 2557 varietate
1700 2494 2100 2554 ferculorum:

399 2611 428 2645 ‹‹
466 2591 601 2661 Lac,
632 2590 842 2664 inquit,
871 2597 1074 2664 potum
1112 2589 1245 2647 dedi
1288 2587 1475 2657 vobis,
1508 2601 1627 2644 non
1663 2600 1854 2643 escam
1900 2588 1953 2653 (Ι
1982 2586 2099 2641 Cor.

398 2683 531 2747 III);
568 2700 587 2729 ι
631 2679 1012 2753 perfectorum
1053 2683 1248 2736 autem
1288 2674 1508 2734 solidus
1546 2673 1710 2731 cibus
1743 2678 1845 2742 est,
1877 2685 2099 2739 eorum,

395 2768 496 2840 qui
541 2783 644 2840 pro
687 2767 1100 2826 exercitatione
1140 2770 1571 2823 consummatos
1615 2761 1829 2819 habent
1875 2774 2099 2818 sensus.

390 2853 463 2910 Et
503 2853 689 2912 alibi:
737 2875 765 2907 ε(
799 2854 953 2912 Facti
1013 2854 1170 2924 estis,
1213 2853 1428 2925 quibus
1464 2852 1608 2909 lacte
1657 2865 1804 2922 opus
1849 2849 1942 2919 sit,
1985 2862 2102 2904 non

390 2940 575 3000 solido
619 2941 748 2999 cibo
799 2944 976 3012 (Hebr.
1028 2943 1108 3001 v).
1146 2964 1165 2992 ι
1223 2940 1295 2997 Ε1
1337 2941 1550 2997 iterum
1608 2957 1621 2995 :
1688 2962 1713 2988 «ι
1745 2936 2100 3010 Sapientiam

388 3029 685 3103 loquimur
711 3030 863 3087 inter
888 3032 1165 3103 perfectos
1197 3033 1245 3100 (Ι
1272 3031 1390 3087 Cor.
1425 3028 1508 3100 II).
1539 3047 1565 3079 »
1611 3026 1783 3085 Vides
1812 3026 2098 3100 quomodo

2194 1858 2357 1917 labra
2387 1857 2661 1930 lucentia,
2689 1864 2745 1915 et
2770 1864 2905 1914 ante
2932 1856 3271 1926 Dominum,
3296 1856 3600 1917 Zacharias
3628 1862 3910 1935 propheta

2193 1948 2496 2005 manifeste
2552 1947 2645 2004 his
2696 1945 2891 2004 verbis
2949 1944 3166 2014 innuit,
3218 1945 3418 2003 dicens
3468 1971 3481 2004 :
3546 1973 3573 1997 κ
3606 1948 3709 2007 Isti
3765 1958 3911 2009 sunt

2191 2038 2306 2096 duo
2353 2036 2464 2094 lilii
2518 2036 2632 2095 olei
2676 2034 3022 2109 splendoris,
3062 2035 3163 2109 qui
3206 2034 3490 2094 assistunt
3539 2037 3907 2099 Dominatori

2190 2127 2483 2186 universae
2535 2132 2702 2183 terrae
2753 2125 2922 2193 (Ζασή
2988 2130 3094 2192 IV).
3136 2146 3157 2175 ι
3211 2124 3357 2183 Sunt
3400 2126 3557 2184 enim
3606 2128 3716 2185 ﬁlii
3773 2129 3908 2203 olei,

2190 2214 2327 2289 quia
2396 2214 2511 2272 viri
2564 2221 2701 2271 sunt
2753 2211 3208 2282 misericordiae;
3270 2219 3409 2270 sunt
3455 2221 3510 2272 et
3562 2216 3907 2290 splendoris,

2189 2303 2326 2376 quia
2351 2310 2490 2361 sunt
2510 2301 2857 2360 candelabra
2878 2302 3129 2360 lucentia
3150 2320 3165 2373 ;
3186 2301 3382 2360 lucent
3402 2311 3536 2362 ante
3562 2304 3904 2379 Dominum,

2189 2391 2327 2463 quia
2357 2392 2640 2450 assistunt
2675 2390 3037 2449 Dominatori
3068 2390 3361 2449 universa:
3392 2398 3578 2453 terrm.

2260 2480 2543 2554 Sequitur
2618 2499 2632 2536 :
2710 2482 2927 2537 Habent
2997 2485 3321 2552 potestatem
3395 2483 3647 2538 claudere
3714 2485 3905 2541 castum

2185 2571 2440 2628 nubibus.
2504 2569 2798 2628 Serenitas
2874 2569 3007 2627 οωιὶ
3084 2569 3347 2626 nubibus
3417 2570 3751 2644 impeditur,
3830 2589 3906 2632 ne

2184 2658 2490 2727 videatur;
2544 2658 2865 2716 divinitatis
2914 2656 3323 2731 contemplatio
3390 2661 3637 2733 peccatis
3688 2662 3905 2721 nostris

2183 2745 2497 2814 clauditur,
2531 2762 2603 2803 ne
2644 2745 2913 2803 videatur
2955 2746 3128 2815 Deus,
3172 2746 3446 2819 propheta
3482 2753 3741 2821 testante,
3801 2753 3903 2825 qui

2181 2837 2321 2895 dicit
2352 2857 2364 2895 ε
2404 2860 2425 2888 α
2462 2834 2788 2909 Opposuisti
2813 2835 3052 2907 nubem,
3080 2851 3154 2893 ne
3183 2843 3434 2895 transeat
3453 2840 3634 2899 oratio
3674 2845 3899 2911 (Thren.

2181 2932 2356 2998 110.»
2417 2927 2614 2985 Nubes
2668 2925 2996 2998 opponitur,
3055 2941 3129 2983 ne
3188 2925 3368 2985 oratio
3436 2934 3705 3002 transeat,
3767 2949 3901 2991 cum

2180 3021 2406 3089 peccata
2441 3021 2635 3073 nostra
2675 3021 2942 3089 separant
2982 3014 3134 3073 inter
3180 3030 3284 3073 nos
3325 3022 3380 3074 et
3420 3016 3626 3076 Deum.
3670 3018 3902 3081 Habent

385 3133 447 3177 se
474 3102 865 3191 contemperat
884 3102 941 3176 et
961 3120 1301 3188 conformat,
1326 3117 1460 3175 illos
1474 3114 1734 3187 sublimi,
1768 3116 1872 3174 1108
1905 3110 2529 3201 teneraGPmﬁStatem
2564 3104 2830 3163 Glande“?
2857 3102 3400 3201 ﬁmllﬂn‘QUbibus:
3433 3103 3498 3201 _id
3548 3112 3661 3201 9ξῇ
3693 3123 3896 3181 Pecca-

382 3208 658 3268 imbuens
684 3208 994 3267 doctrina?

456 3296 635 3371 Ungit
685 3299 903 3365 oleum,
950 3303 1183 3372 ungunt
1236 3302 1292 3356 et
1337 3296 1599 3372 apostoli.
1651 3298 1742 3355 An
1786 3311 1905 3356 non
1953 3293 2094 3359 139

386 3387 593 3446 Petrus
643 3388 937 3461 apostolus
992 3387 1161 3460 ungit
1219 3402 1442 3458 omnes,
1491 3400 1625 3445 cum
1675 3385 1812 3445 dicit
1851 3405 1863 3443 :
1910 3406 1939 3439 «
1979 3383 2095 3443 Vos

383 3483 576 3534 autem
631 3491 815 3549 genus
886 3475 1157 3541 electum,
1217 3475 1410 3549 regale
1478 3474 1885 3544 sacerdotium,
1950 3490 2095 3547 gens

379 3570 592 3633 sancta,
636 3564 887 3638 populus
942 3563 1388 3638 acquisitionis;
1446 3571 1511 3622 ut
1573 3562 1814 3621 virtutes
1859 3578 2095 3620 annun-

384 3653 533 3712 tietis
561 3654 686 3727 ejus
716 3654 820 3728 qui
865 3654 937 3713 de
976 3654 1227 3713 tenebris
1255 3670 1359 3711 vos
1391 3654 1616 3711 vocavit
1652 3654 1713 3710 in
1747 3652 2093 3711 admirabile

380 3743 579 3801 lumen
616 3759 790 3803 suum
821 3745 849 3804 ?
879 3767 904 3795 »
940 3745 1011 3816 (ΙΙ
1036 3747 1180 3800 Petr.
1214 3745 1278 3816 11)
1314 3741 1528 3800 Paulus
1544 3741 1719 3798 etiam
1745 3741 1871 3815 ipse
1896 3757 2093 3800 nonne

378 3833 660 3906 praecipit,
706 3833 904 3892 dicens
962 3853 974 3891 :
1044 3858 1070 3885 α
1131 3833 1192 3891 Si
1269 3838 1700 3905 praeoccupatus
1753 3831 1927 3890 fuerit
1994 3832 2093 3889 ho-

384 3940 476 3983 mo
534 3925 595 3982 in
654 3925 850 3998 aliquo
901 3923 1129 3993 delicto,
1179 3938 1302 3993 vos,
1372 3924 1476 3998 qui
1553 3922 1884 3997 spirituales
1929 3921 2089 3993 estis,

379 4013 651 4072 instruite
680 4011 1019 4086 hujusmodi
1048 4012 1106 4069 in
1140 4010 1348 4084 spiritu
1380 4011 1684 4070 lenitatis?
1721 4033 1742 4063 ι
1786 4013 1938 4084 (Gal.
1984 4015 2089 4081 VI.)

381 4101 548 4160 Oliva
605 4117 832 4175 semper
892 4107 977 4159 est
1016 4100 1242 4171 viridis,
1278 4116 1384 4158 nec
1428 4101 1659 4175 frigoris
1707 4100 2093 4159 immensitate

380 4192 736 4266 percutitur;
792 4197 846 4248 et
891 4192 1281 4265 apostolorum
1348 4193 1493 4251 lides
1570 4194 1913 4252 inconcussa
1970 4208 2091 4264 per-

382 4280 573 4351 durat,
608 4295 713 4337 nec
748 4294 1008 4352 unquam
1054 4278 1355 4351 tyrannica
1384 4281 1542 4338 rabie
1583 4282 1767 4353 potuit
1806 4280 2088 4354 superari.

381 4368 454 4425 Et
492 4368 542 4425 si
590 4366 879 4441 impulsus
927 4373 1012 4424 est
1060 4366 1262 4425 Petrus
1306 4373 1371 4426 ut
1425 4371 1668 4438 caderet,
1727 4384 1845 4426 non
1900 4375 2085 4424 tamen

2183 3194 2422 3265 toribus,
2481 3198 2538 3251 et
2582 3200 2775 3267 portas
2817 3193 2944 3266 ejus
2982 3191 3250 3251 ﬁdelibus
3292 3194 3531 3266 aperire.
3585 3195 3731 3256 Mira
3782 3215 3893 3273 res,

2181 3290 2237 3342 et
2276 3283 2435 3342 omni
2475 3291 2708 3356 stupore
2744 3282 3105 3357 dignissima,
3154 3282 3228 3341 ad
3274 3283 3584 3345 hominum
3631 3286 3895 3363 linguam

2179 3375 2392 3448 claudi,
2418 3382 2474 3435 et
2499 3376 2711 3451 aperiri
2739 3374 3060 3434 cmlestium
3088 3373 3297 3447 palatia
3322 3375 3696 3437 mansionum
3721 3379 3770 3450 (1
3788 3380 3889 3449 t2).

2179 3466 2389 3524 Amen.

2796 3574 2936 3631 140
2979 3570 3273 3632 JULIUS.

2177 3668 2369 3750 XVII.
2407 3666 2630 3750 Sermo
2668 3668 2745 3750 de
2778 3665 2850 3750 ρξ’.
2887 3667 3110 3750 Alea-io
3138 3671 3516 3750 confessam.

2177 3749 2364 3809 XXII.
2407 3746 2635 3829 Sermo
2662 3748 2737 3810 de
2763 3747 2835 3811 S.
2868 3749 3081 3811 Maria
3111 3746 3528 3829 Magdalena.

2177 3829 2396 3919 XX'III.
2470 3826 2720 3919 Sermo
2758 3829 2789 3890 Ι
2856 3830 2934 3891 de
3005 3829 3076 3893 S.
3145 3826 3530 3912 Apollinare
3603 3839 3891 3919 episcopo

2257 3907 2725 3991 Ravennatem
2765 3919 3083 3991 martyre.

2255 3987 2484 4050 Sermo
2521 3988 2587 4049 II
2614 3990 2691 4053 de
2717 3987 2961 4054 eodem.

2255 4068 2481 4130 Sermo
2511 4068 2610 4130 III
2628 4071 2705 4132 de
2735 4072 2978 4134 eodem.
3113 4107 3117 4111 ν

2176 4149 2564 4236 ἓξὲξ-βινζτηο
2587 4151 2664 4212 de
2789 4148 3235 4236 QIII‘i§loplzoo'o
3264 4164 3583 4236 martyre.

2175 4231 2387 4290 XXIX.
2417 4230 2642 4292 Sermo
2695 4230 2730 4293 Ι
2784 4230 2862 4292 de
2919 4230 3051 4296 SS.‘
3083 4236 3278 4297 Flora
3333 4246 3392 4300 et
3446 4230 3698 4303 Zucilla
3748 4244 3884 4305 vir-

2254 4310 2511 4387 ginibus
2544 4318 2604 4372 et
2638 4314 3062 4388 martyribus.

2252 4390 2476 4452 Sermo
2502 4390 2569 4452 II
2588 4392 2666 4452 de
2702 4394 2972 4456 eisdem.

383 4456 607 4566 ϐοίξίξῖίῖν
665 4456 803 4530 (luia
866 4455 1147 4566 Πρωῖιὶξλδ
1201 4455 1457 4566 ἔξιδεΘΡίξ
1497 4471 1667 4566 ιθυω·
1714 4454 2149 4566 ξιυρῆξθοῖᾳεη
2172 4471 2357 4531 XXX.
2394 4469 2619 4534 Sermo
2651 4474 2730 4535 de
2754 4474 2824 4537 S.
2850 4454 3090 4554 Rufino
3116 4487 3433 4558 martyre.

382 4545 617 4619 quidem
672 4551 1036 4602 momentum
1076 4543 1248 4601 11111811
1295 4542 1607 4615 apostolus,
1648 4541 1747 4599 sed
1798 4541 1990 4599 statim
2025 4541 2088 4600 in

382 4633 599 4693 virtute
635 4632 771 4691 ﬁdei
819 4633 1026 4705 rediit;
1080 4633 1200 4709 qui,
1241 4632 1582 4706 respiciente
1622 4631 1889 4702 Domino,
1932 4631 2091 4689 ﬂevit

382 4739 578 4781 amare
615 4728 763 4795 (Luc.
811 4728 982 4796 XXII).
1018 4725 1086 4782 Et
1128 4722 1178 4781 si
1225 4723 1297 4780 ad
1343 4730 1570 4796 tempus
1617 4737 1935 4782 concussus
1983 4728 2088 4792 est,

382 4828 501 4871 non
556 4818 742 4869 tamen
803 4810 973 4885 dejici
1028 4810 1259 4884 potuit;
1307 4809 1445 4882 quia
1492 4807 1774 4866 sententia
1824 4807 2092 4866 Veritatis

382 4901 594 4960 cassari
647 4916 762 4957 non
812 4906 1049 4973 poterat,
1088 4899 1329 4957 dicens:
1363 4918 1392 4949 «
1425 4897 1545 4971 Ego
1577 4913 1680 4971 pro
1719 4904 1771 4955 te
1812 4896 2028 4970 rogavi,
2060 4918 2088 4951 »

384 4990 570 5059 Petre,
606 5013 629 5037 ιι
662 4997 724 5046 ut
773 5002 887 5045 non
925 4986 1152 5044 deﬁciat
1194 4986 1338 5043 ﬁdes
1374 4994 1469 5043 tua
1509 4985 1706 5058 (Ibid).
1738 5006 1765 5038 »
1799 4984 2093 5043 Hodierna

385 5080 545 5137 enim
587 5077 681 5135 die
727 5074 1088 5148 cruciﬁgitur
1138 5075 1358 5147 Petrus,
1414 5074 1631 5133 Paulus
1669 5072 1981 5146 gladiatur,
2039 5079 2095 5132 et

390 5167 568 5223 vitam
612 5171 836 5238 ponunt
873 5179 972 5236 pro
1012 5163 1123 5221 ﬁde
1153 5163 1388 5233 Christi,
1422 5168 1486 5222 ut
1516 5178 1634 5221 non
1676 5162 1903 5221 deﬁciat
1950 5161 2094 5219 ﬁdes

391 5255 622 5314 Christi.
657 5256 758 5313 Isti
796 5262 933 5313 sunt
963 5268 1099 5326 ergo
1130 5254 1245 5312 duo
1285 5254 1398 5311 viri
1435 5254 1624 5323 olivae,
1669 5255 1780 5312 viri
1818 5253 2095 5311 habentes

392 5344 588 5416 ﬁdem,
635 5344 1037 5403 illuminantes
1089 5341 1351 5415 patriam,
1410 5349 1704 5414 pascentes
1754 5340 2093 5414 Ecclesiam,

388 5439 710 5506 peccatores
735 5438 1038 5506 ungentes.
1063 5429 1225 5501 Quod
1251 5429 1430 5503 igitur
1453 5429 1747 5504 Scriptura
1770 5432 1895 5489 ha3c
1920 5431 2092 5491 dicit:

456 5619 709 5685 (III)ch
728 5621 878 5674 deest
910 5618 1130 5683 aliquid.

2756 4610 3005 4671 SERMO
3040 4613 3305 4675 XXVIII.

2434 4712 2510 4759 DE
2548 4712 2594 4759 s.
2629 4711 2848 4758 ALEXIO
2885 4714 3275 4764 conaessoaa.
3318 4710 3468 4777 (XVII
3497 4708 3641 4781 JUL.)

2251 4803 2546 4862 Hodierna
2628 4805 2906 4865 festivitas
2934 4850 2950 4879 ,
3034 4809 3448 4885 dilectissimi,
3522 4829 3640 4872 non
3724 4814 3896 4875 modo

2178 4892 2244 4951 B.
2306 4892 2500 4951 Alexii
2550 4893 2621 4953 de
2680 4910 2796 4967 quo
2845 4897 3169 4970 specialiter
3212 4901 3424 4975 agitur,
3464 4918 3571 4961 nos
3624 4911 3896 4976 provomt

2179 4982 2444 5040 alacriter
2481 4982 2767 5043 celebrare
2808 4985 3205 5060 triumphum;
3249 4989 3344 5048 sed
3388 4990 3545 5063 ipsos
3576 4991 3749 5050 etiam
3790 5010 3891 5066 ge-

2181 5074 2397 5132 nitores
2448 5074 2574 5147 ejus
2622 5074 2695 5132 ad
2751 5075 3063 5136 salutifera}
3139 5082 3307 5139 nobis
3361 5082 3629 5155 proponit
3700 5083 3893 5142 aediﬁ-

2182 5163 2423 5221 cationis
2476 5164 2830 5238 exemplum.
2887 5167 3033 5226 Nam
3080 5183 3215 5228 cum
3273 5176 3355 5229 tot
3404 5170 3613 5244 opibus
3664 5179 3721 5230 et
3773 5180 3890 5233 tam

2182 5254 2733 5328 incomparabilibus
2792 5259 3073 5317 referatur
3124 5261 3476 5319 exuberasse
3524 5262 3766 5337 divitiis,
3826 5271 3893 5323 ut

2183 5360 2384 5403 eorum
2437 5346 2765 5418 conspectui
2820 5346 2927 5404 tria
2972 5347 3159 5408 millia
3204 5363 3517 5421 puerorum
3561 5359 3893 5411 reverenter

2182 5432 2536 5503 assisterent,
2573 5434 2680 5506 qui
2723 5439 2782 5492 et
2824 5434 3164 5494 holosericis
3204 5445 3556 5498 ornarentur
3600 5439 3888 5514 induviis,

2245 5619 2379 5684 (II‘Z)
2410 5620 2658 5674 Videntur
2686 5620 2877 5675 deesse
2898 5621 3180 5674 nonnulla.
