4184 6484
267 362 378 428 653

1750 362 2000 428 SERMO
2036 361 2302 427 XXVIII.

3675 371 3780 429 654

267 499 330 552 et
381 493 576 552 aureis
636 507 698 550 se
782 487 1198 566 pracingerent
1277 493 1436 550 zonis
1465 536 1480 564 ,
1538 492 1796 566 quotidie
1868 495 2058 553 nonA
2085 493 2219 566 igne
2265 496 2550 566 percepto,
2585 506 2686 564 per
2730 489 2958 549 caleste
2991 491 3347 552 desiderium
3392 496 3455 552 in
3493 495 3608 553 alta
3651 511 3778 554 sns-

267 581 573 641 cessabant
599 580 814 652 viduis,
847 596 913 639 ac
943 581 1202 655 pupillis,
1235 587 1290 639 et
1320 581 1680 655 quibuslibet
1718 579 1990 653 indigen-

274 670 434 730 tibus
489 675 856 744 sumptuosas
903 686 1102 744 parare
1154 685 1384 727 mensas
1437 669 1638 740 edulii,
1691 684 1827 727 cum
1878 667 1991 740 ipsi

275 758 454 817 semel
503 759 566 816 in
611 758 705 816 die
749 757 870 816 solo
917 773 1066 832 pane
1117 765 1172 816 et
1213 774 1364 832 aqua
1407 765 1596 818 essent
1648 759 1992 832 plerumque

273 847 553 907 contenti.
596 846 728 904 Istis
756 847 952 919 igitur,
994 846 1238 920 aliisque
1276 847 1666 919 spiritualium
1707 847 1991 905 virtutum

276 939 520 997 ﬂoribus
569 937 856 1009 adornati,
907 952 972 993 ac
1026 936 1138 1010 pia
1187 937 1642 996 conversationis
1698 938 1991 995 honestate

275 1027 597 1101 conspicui,
649 1025 791 1084 tales
829 1031 1014 1096 erant,
1053 1031 1115 1083 ut
1144 1026 1228 1084 eis
1265 1042 1497 1100 quoque
1537 1041 1654 1083 non
1702 1025 1991 1083 immerito

275 1121 578 1189 congruat,
631 1115 786 1188 quod
822 1114 894 1171 de
931 1114 1081 1172 beati
1133 1114 1381 1173 Joannis
1417 1115 1692 1189 Baptista
1733 1114 1992 1187 parenti-

277 1206 392 1263 bus
446 1204 781 1277 evangelica
847 1211 1044 1262 narrat
1118 1205 1358 1263 historia
1413 1224 1425 1263 :
1482 1205 1790 1277 nimirum,
1853 1204 1992 1278 quia

283 1321 305 1350 α
343 1302 506 1354 erant
531 1297 702 1354 ambo
736 1295 877 1367 justi
917 1303 1050 1353 ante
1089 1297 1290 1366 Deum,
1333 1296 1665 1354 incedentes
1693 1297 1757 1353 in
1795 1295 1991 1353 omni-

278 1387 394 1446 bus
436 1385 724 1443 mandatis
761 1389 816 1442 et
848 1385 1364 1458 justiﬁcationibus
1407 1385 1644 1444 Domini
1695 1385 1822 1443 sine
1857 1400 1992 1459 que-

279 1476 403 1536 rela
433 1478 579 1550 (Luc.
627 1476 682 1548 1).
716 1497 743 1526 ιο
778 1475 1036 1548 Dignum
1071 1476 1265 1550 itaque
1301 1476 1431 1546 fuit,
1463 1483 1527 1534 ut
1556 1476 1628 1534 de
1662 1483 1778 1534 tam
1813 1481 1989 1546 casto,

282 1572 402 1625 tam
470 1571 688 1636 sancto,
751 1571 864 1622 tam
933 1566 1185 1638 denique
1255 1566 1627 1624 immaculato
1702 1563 1993 1638 conjugali

282 1655 581 1730 pudicitia
622 1652 893 1724 thalamo,
937 1660 1054 1711 tam
1085 1654 1359 1728 praclara
1388 1653 1612 1714 soboles
1639 1659 1989 1714 nasceretur.

288 1743 453 1803 Sicut
492 1759 593 1816 per
643 1742 984 1815 Prophetam
1035 1741 1247 1801 dicitur
1307 1765 1321 1800 :
1383 1766 1411 1792 ‹‹
1439 1741 1746 1801 Generatio
1807 1745 1992 1798 recto-

2082 583 2322 653 tollitur,
2346 581 2417 638 ad
2447 579 2814 654 perfectionis
2842 579 3089 637 interna
3113 581 3624 656 fastigium,:quasi
3651 584 3783 656 qui-

2079 669 2322 728 busdam
2365 666 2720 726 ascensionis
2751 665 3030 738 gradibus
3075 676 3463 739 promovetur.
3502 671 3665 730 Unde
3696 671 3786 729 vir

2078 760 2179 820 ille
2231 765 2464 819 sanctus
2518 759 2705 818 aiebat
2753 781 2766 815 ε
2822 782 2849 806 ‹‹
2881 757 2988 816 Per
3038 757 3300 831 singulos
3359 759 3573 831 gradus
3629 777 3787 819 meos

2077 848 2466 924 pronuntiabo
2507 847 2677 905 illum
2724 848 2838 917 (Job
2868 848 3063 919 XXXI).
3099 869 3124 896 η
3170 847 3245 904 De
3293 847 3380 905 his
3409 849 3621 923 quippe
3659 867 3783 909 me-

2078 939 2322 998 ritorum
2344 937 2617 1012 gradibus
2644 936 2875 1003 dicitur.
2904 959 2929 1014 ε
2955 936 3356 995 Ambulabunt
3379 938 3449 995 de
3480 939 3692 996 virtute
3721 940 3783 996 in

2076 1033 2352 1090 virtutem
2375 1031 2542 1099 (Psal.
2560 1032 2883 1094 LXXXIII).»
2911 1028 2992 1085 De
3013 1027 3105 1084 his
3129 1027 3283 1085 idem
3307 1027 3605 1101 Propheta,
3638 1031 3780 1088 dum

2077 1124 2332 1178 sanctam
2373 1118 2795 1190 contemplatur
2841 1115 3176 1186 Ecclesiam,
3209 1116 3350 1173 dicit
3397 1141 3408 1174 :
3465 1142 3492 1166 «
3521 1117 3674 1176 Deus
3720 1119 3782 1176 in

2075 1208 2348 1283 gradibus
2376 1208 2502 1280 ejus
2541 1207 2924 1280 dignoscetur,
2964 1206 3108 1263 dum
3154 1204 3425 1278 suscipiet
3452 1222 3580 1264 eam
3613 1209 3779 1280 (Psal.

2076 1300 2282 1371 XLVII).
2316 1322 2340 1348 ι
2400 1297 2517 1355 Nec
2571 1296 2728 1354 enim
2774 1301 3022 1369 repente,
3077 1294 3223 1353 sicut
3281 1294 3501 1354 dictum
3557 1303 3660 1365 est,
3709 1297 3784 1355 ad

2077 1405 2307 1449 summa
2335 1387 2699 1462 pertingitur,
2743 1386 2842 1444 sed
2870 1385 3145 1458 paulatim
3178 1400 3278 1457 per
3306 1387 3420 1458 pia
3461 1387 3784 1444 devotionis

2076 1487 2277 1540 votum
2308 1485 2364 1537 et
2391 1479 2572 1537 sancti
2607 1476 2820 1536 laboris
2855 1477 3198 1535 exercitium
3239 1477 3493 1534 humana
3517 1492 3684 1535 mens
3711 1475 3782 1533 ad

2077 1571 2360 1631 virtutum
2391 1569 2785 1644 spiritualium
2816 1567 3224 1626 celsitudinem
3249 1567 3603 1625 sublevatur.
3633 1566 3784 1623 Hinc

2077 1669 2182 1733 est,
2213 1663 2372 1737 quod
2409 1677 2510 1735 per
2545 1660 2814 1720 eumdem
2864 1660 3207 1733 Prophetam
3237 1657 3449 1716 dicitur
3482 1677 3495 1716 :
3537 1679 3558 1708 ι
3601 1658 3784 1715 Exer-

2077 1755 2283 1812 citatus
2350 1768 2505 1824 sum,
2563 1756 2620 1810 et
2684 1750 2887 1808 defecit
2953 1749 3245 1823 paulisper
3311 1747 3547 1821 spiritus
3621 1763 3785 1806 meus

286 1849 422 1892 rum
486 1832 1074 1925 benediceturtPsaf.
1145 1837 1333 1925 CXXI).
1397 1856 1418 1881 η
1473 1833 1615 1890 Haec
1679 1837 1764 1890 est
1831 1830 2250 1925 enimB(Psai.
2307 1847 2494 1910 LXVI).
2530 1864 2550 1893 ι
2595 1839 2744 1910 Quid
2799 1845 2883 1896 est
2915 1839 3072 1895 enim
3125 1837 3280 1910 quod
3321 1837 3450 1895 ait:
3501 1836 3788 1910 «spiritus

285 1921 582 1995 generatio
603 1923 993 1994 quaerentium
1025 1922 1342 1980 Dominum
1374 1926 1544 1992 (Psal.
1582 1926 1781 1992 XXIII).

364 2009 527 2068 Unde
573 2025 695 2079 vos,
748 2011 950 2068 fratres
997 2010 1134 2081 mei,
1169 2025 1288 2080 vos,
1344 2010 1608 2084 inquam,
1668 2025 1827 2069 nunc
1866 2025 1994 2082 spe-

283 2097 507 2156 cialiter
553 2097 837 2173 alloquor,
885 2098 988 2173 qui
1035 2099 1284 2158 necdum
1335 2101 1652 2172 spiritualis
1695 2101 1829 2159 vita
1881 2099 2000 2158 cul-

285 2203 426 2245 men
466 2188 739 2260 aggressi,
786 2188 1168 2248 sacularibns
1213 2189 1404 2248 adhuc
1448 2190 1584 2248 estis
1633 2189 1856 2248 actibus
1897 2189 1996 2246 de-

286 2276 418 2347 diti,
468 2284 524 2333 et
561 2277 878 2351 conjugalis
915 2279 1136 2350 copula
1173 2278 1425 2336 vinculis
1465 2279 1724 2352 obligati,
1771 2278 2001 2351 pietatis

287 2382 357 2424 ac
410 2364 821 2424 misericordia
873 2367 1083 2425 studiis
1131 2367 1437 2440 vigilanter
1481 2367 1750 2437 insistite,
1802 2383 1998 2426 neces-

289 2455 443 2514 saria
487 2456 762 2516 fratribus
817 2457 1062 2530 penuria
1101 2457 1498 2516 laborantibus
1536 2457 1794 2516 subsidia
1824 2457 2001 2515 mini-

289 2551 483 2618 strate,
513 2551 747 2617 castam,
782 2547 1032 2604 sobriam
1057 2552 1113 2604 et
1142 2549 1445 2605 honestam
1479 2547 1678 2615 vitam,
1718 2547 1780 2604 in
1817 2561 2004 2619 quan-

2081 1949 2266 2003 meus,
2302 1957 2328 1980 »
2359 1931 2472 1988 nisi
2518 1931 2756 2003 spiritus
2801 1927 3070 1986 elationis
3099 1925 3126 1984 ?
3155 1926 3389 1999 spiritus
3427 1926 3619 1984 carnis
3645 1925 3674 1984 ?
3718 1927 3789 1984 Et

2081 2021 2220 2095 quia
2245 2035 2346 2094 per
2375 2019 2658 2077 occultam
2691 2017 2933 2089 gratiam
2971 2015 3037 2072 ad
3071 2030 3325 2088 amorem
3352 2015 3454 2072 Dei
3479 2021 3789 2088 temperata

2083 2111 2332 2184 desuper
2388 2123 2662 2167 mensura
2721 2105 3075 2179 proﬁcimus,
3131 2121 3247 2179 quo
3297 2106 3481 2180 magis
3532 2106 3790 2178 quotidie

2084 2198 2321 2256 divinus
2349 2198 2412 2254 in
2444 2195 2609 2254 nobis
2637 2195 2874 2268 spiritus
2893 2193 3114 2264 crescit,
3149 2209 3215 2251 eo
3238 2194 3420 2266 magis
3443 2199 3654 2266 noster,
3682 2194 3794 2252 hoc

2085 2294 2189 2357 est,
2220 2283 2472 2344 carnalis
2508 2282 2778 2341 desiderii
2825 2282 3059 2356 spiritus
3101 2281 3313 2339 deficit.
3354 2281 3464 2351 Qui
3508 2282 3793 2340 nimirum

2088 2375 2321 2443 noxius,
2369 2379 2424 2431 et
2459 2371 2866 2430 abominabilis
2904 2371 3161 2444 spiritus,
3199 2372 3335 2446 quia
3399 2388 3517 2430 non
3549 2389 3581 2429 a
3629 2371 3797 2430 nobis

2088 2463 2280 2522 subito
2307 2462 2540 2536 penitus
2565 2467 2918 2532 amputatur,
2957 2475 3062 2517 nec
3091 2461 3372 2532 protinus,
3405 2465 3470 2518 ut
3496 2475 3796 2532 conamur,

2089 2550 2469 2620 abscinditur,
2502 2555 2650 2607 recte
2692 2549 3005 2622 paulisper,
3039 2549 3146 2605 hoc
3184 2555 3266 2606 est
3303 2550 3600 2622 paulatim,
3641 2550 3800 2607 defe-

293 2643 420 2696 tum
465 2641 653 2694 vester
692 2637 830 2694 ordo
875 2635 1068 2707 dictat,
1112 2635 1390 2693 exhibere
1436 2634 1786 2706 contendite,
1831 2641 1898 2692 ut
1931 2632 2002 2690 ad
2091 2641 2236 2698 cisse
2271 2639 2628 2712 perhibetur.
2663 2639 2828 2694 Tunc
2858 2644 3052 2694 autem
3082 2637 3144 2694 in
3184 2640 3366 2696 Deum
3412 2640 3581 2712 plene
3625 2639 3800 2712 proﬁ-

291 2727 753 2787 conservandum
782 2725 1126 2800 posteritatis
1154 2733 1360 2784 vestra
1385 2741 1590 2799 genus,
1622 2725 1859 2799 dignam
1887 2725 2004 2784 Deo
2091 2727 2299 2797 cimus,
2333 2741 2467 2784 cum
2509 2725 2786 2783 veraciter
2823 2740 2857 2782 a
2898 2725 3063 2782 nobis
3100 2727 3483 2800 nosmetipsos
3525 2727 3804 2785 defecisse

300 2817 531 2875 valeatis
566 2815 820 2875 sobolem
855 2831 1168 2888 procreare.
1215 2814 1495 2884 Quamvis
1538 2815 1696 2873 enim
1742 2831 1878 2873 vera
1933 2814 2008 2871 sit
2094 2816 2398 2873 sentimus.
2434 2815 2576 2871 Hac
2607 2821 2800 2872 autem
2819 2816 3210 2873 arescentium
3240 2817 3482 2890 insuper
3518 2816 3806 2874 virtutum

297 2904 401 2963 illa
431 2906 726 2978 propheta
759 2903 1064 2974 sententia,
1105 2918 1222 2979 qua
1261 2904 1472 2963 dicitur
1503 2923 1516 2961 :
1553 2907 1841 2976 «Anima,
1871 2919 2006 2978 qua
2095 2906 2332 2977 sensim,
2371 2913 2544 2978 atque
2583 2920 2806 2963 morose
2855 2920 2953 2978 per
3001 2905 3325 2980 quotidiani
3370 2908 3658 2979 profectus
3703 2921 3806 2964 cu-

300 2995 631 3069 peccaverit,
673 2994 796 3067 ipsa
849 2993 1150 3052 morietur.
1210 2993 1395 3052 Filius
1447 3010 1562 3052 non
1605 2993 1851 3068 portabit
1890 2993 2007 3050 ini-
2097 2997 2352 3066 mulum,
2395 2995 2464 3053 ad
2505 3000 2921 3054 consummata
2958 2995 3275 3054 sanctitatis
3313 2998 3576 3069 pervenit
3620 2997 3809 3055 incre-

298 3086 582 3160 quitatem
623 3082 757 3137 141
809 3083 1007 3156 patris,
1065 3089 1122 3141 et
1170 3094 1328 3158 pater
1362 3101 1478 3142 non
1516 3085 1761 3158 portabit
1796 3086 2014 3159 iniqui-
2099 3092 2384 3144 mentum.
2417 3085 2647 3144 Electus
2670 3086 2828 3143 enim
2858 3085 3105 3158 quisque
3128 3101 3161 3142 a
3189 3086 3510 3145 rudimenti
3539 3088 3632 3145 sui
3659 3095 3809 3145 tene-

301 3180 474 3232 tatem
501 3173 629 3231 ﬁlii.
661 3172 891 3232 Justitia
916 3173 1056 3246 justi
1095 3189 1269 3247 super
1306 3191 1442 3233 eum
1491 3177 1622 3245 erit,
1662 3182 1715 3233 et
1747 3177 2012 3248 impietas
2031 3217 2075 3278 Ο
2102 3173 2356 3232 ritudine
2397 3176 2562 3248 prius
2608 3176 2831 3249 incipit,
2857 3181 2920 3278 et
2961 3175 3041 3278 sic
3072 3175 3142 3232 ad
3175 3177 3406 3234 robusta
3443 3177 3809 3250 postmodum

299 3265 464 3338 impii
509 3265 617 3322 erit
643 3279 818 3336 super
855 3278 993 3321 eum
1022 3265 1230 3336 (Ezech.
1269 3266 1478 3336 XVIII):
1515 3285 1541 3318 ››
1572 3265 1744 3338 juxta
1770 3261 2156 3322 conver-“et
2212 3263 2377 3320 fortia
2430 3263 2804 3320 convalescit.
2855 3261 3017 3330 Quod
3072 3270 3264 3335 aperte
3312 3263 3538 3322 Veritas
3593 3264 3810 3331 innuit,

304 3359 585 3414 sationem
630 3361 822 3413 tamen
859 3360 1190 3428 parentum,
1236 3371 1386 3429 sape
1417 3356 1770 3430 proveniunt
1809 3359 2016 3416 merita
2097 3351 2241 3410 dum
2270 3351 2332 3408 in
2365 3352 2681 3424 Evangelio
2719 3352 2860 3409 dicit
2895 3371 2906 3409 :
2941 3377 2962 3403 α
2993 3353 3087 3412 Sic
3114 3360 3198 3410 est
3232 3351 3372 3407 142
3402 3369 3647 3426 regnum
3690 3354 3809 3424 Dei,

303 3446 600 3517 filiorum;
644 3452 707 3504 ut
736 3452 792 3504 et
824 3445 1082 3503 honestis
1122 3445 1588 3519 progenitoribus
1617 3445 1804 3518 proles
1832 3447 2015 3503 hone-
2101 3439 2598 3512 quemadmodum
2644 3441 2692 3497 si
2731 3440 2903 3512 jactet
2943 3440 3117 3498 homo
3162 3455 3360 3497 semen
3399 3440 3461 3496 in
3496 3447 3728 3511 terram,
3761 3449 3815 3499 et

305 3541 392 3594 sta
443 3534 801 3609 respondeat,
880 3541 936 3592 et
987 3535 1226 3608 reproba
1305 3535 1562 3608 reprobis
1623 3535 1684 3592 in
1737 3535 2019 3609 pravitate
2100 3526 2371 3597 dormiat,
2415 3532 2472 3582 οι
2523 3532 2801 3598 exsurgat
2859 3534 3043 3598 nocte,
3083 3542 3149 3584 ac
3186 3527 3313 3597 die;
3359 3534 3414 3584 et
3446 3543 3642 3585 semen
3682 3545 3812 3601 ger-

305 3630 628 3682 concurrat.
670 3622 829 3681 Unde
871 3628 925 3681 et
963 3623 1058 3680 isti
1104 3622 1306 3681 dicunt
1349 3639 1362 3672 :
1425 3623 1631 3682 «Filii
1687 3631 2017 3682 sanctorum
2103 3615 2308 3685 minet,
2359 3620 2413 3672 et
2470 3621 2704 3687 Crescat,
2757 3614 2900 3672 dum
2967 3615 3146 3672 DGSCit
3212 3614 3312 3671 ille
3363 3618 3584 3684 (Matth.
3640 3622 3746 3686 lV)-
3785 3638 3812 3666 το

306 3728 534 3782 sumus,
565 3718 620 3770 et
648 3711 828 3769 vitam
876 3710 1040 3769 illam
1068 3716 1491 3784 exspectamus,
1527 3727 1704 3786 quam
1733 3712 1887 3771 Deus
1927 3711 2021 3768 da-
2105 3705 2287 3778 Cujus
2314 3704 2597 3764 nimirum
2641 3703 2880 3762 seminis
2917 3704 3275 3762 incrementa
3313 3703 3684 3774 denuntians,
3724 3704 3822 3760 ad-

307 3808 474 3859 turus
503 3807 588 3859 est
618 3801 711 3870 iis,
740 3800 844 3874 qui
878 3800 1054 3858 fidem
1079 3817 1244 3859 suam
1261 3817 1568 3876 nunquam
1595 3806 1823 3860 mutant
1852 3801 1926 3859 ab
1952 3815 2020 3858 eo
2105 3795 2252 3852 didit
2283 3795 2479 3853 dicens
2513 3815 2526 3855 :
2564 3816 2591 3848 «
2632 3794 2788 3852 Ultro
2828 3795 2983 3851 enim
3019 3801 3166 3851 terra
3196 3791 3521 3864 fructificat,
3559 3793 3815 3866 primum

307 3890 457 3964 (Tob.
490 3891 568 3963 II).
603 3911 630 3939 η
687 3889 758 3947 Et
806 3888 927 3947 illis
969 3890 1288 3948 econtrario
1335 3891 1546 3948 dicitur
1603 3914 1616 3949 :
1663 3913 1684 3942 α
1711 3889 2021 3949 Genimina
2107 3885 2369 3953 herbam,
2411 3883 2620 3941 deinde
2658 3883 2896 3955 spicam,
2935 3883 3143 3940 deinde
3180 3883 3422 3956 plenum
3455 3885 3814 3941 frumentum

310 3979 665 4053 viperarum,
711 3978 844 4053 quis
889 3992 993 4036 vos
1028 3977 1224 4038 docuit
1261 3980 1460 4053 fugere
1497 3996 1531 4037 a
1581 3986 1827 4038 ventura
1881 3978 2022 4038 ira?
2106 3975 2170 4033 in
2220 3975 2409 4048 spica;
2452 3996 2472 4026 ι
2519 3989 2772 4047 moxque
2811 3973 3149 4046 subjungit:
3187 3994 3216 4027 «
3249 3973 3320 4030 Et
3347 3988 3483 4031 cum
3513 3989 3573 4030 se
3601 3972 3819 4046 produ-

311 4071 538 4136 (Matth.
571 4072 681 4137 III.)
715 4091 742 4119 ι)
768 4067 1082 4125 Enimvero
1119 4067 1168 4125 si
1206 4069 1470 4142 religiose
1509 4067 1728 4137 vivitis,
1757 4068 1806 4126 si
1847 4067 2022 4140 disci-

309 4156 606 4231 plinaliter
657 4161 1087 4228 conversantes,
1145 4155 1248 4214 Dei
1315 4157 1584 4215 mandata
1649 4155 1915 4228 servatis,
1969 4164 2024 4213 et

311 4247 450 4305 filiis
495 4249 700 4306 vestris
747 4247 1051 4321 prastatis,
1088 4254 1143 4305 et
1183 4247 1380 4319 vobis;
1439 4249 1531 4306 sin
1575 4254 1769 4308 autem
1803 4255 2022 4319 contra,

310 4346 363 4397 et
422 4338 541 4397 illis
591 4339 828 4412 nocetis,
876 4345 931 4395 et
975 4339 1158 4398 vobis.
1215 4339 1448 4413 Propter
1502 4347 1768 4398 sanctum
1807 4340 2024 4413 quippe

313 4428 496 4488 David
534 4430 828 4501 meritum,
868 4447 1002 4490 cum
1038 4437 1266 4504 propter
1287 4430 1679 4488 idololatriam
1723 4430 2025 4504 posteritas

2109 4067 2260 4125 xerit
2293 4068 2536 4136 fructus,
2565 4067 2759 4124 statim
2791 4065 2963 4122 mittit
2984 4065 3209 4136 falcem,
3233 4064 3371 4138 quia
3403 4064 3562 4123 venit
3594 4068 3822 4136 tempus

2109 4158 2332 4215 messis.
2375 4177 2402 4209 »
2442 4157 2585 4213 Ecce
2639 4153 2907 4213 Veritatis
2954 4169 3091 4212 voce
3135 4170 3233 4228 per
3284 4153 3646 4211 diversitates
3698 4152 3819 4210 fru-

2109 4263 2253 4320 gum
2283 4245 2552 4304 distincta
2581 4252 2718 4303 sunt
2755 4253 3067 4318 augmenta
3105 4243 3466 4301 meritorum.
3505 4243 3604 4301 Ait
3637 4241 3818 4312 enim,

2110 4338 2368 4411 primum
2399 4335 2658 4408 herbam,
2695 4333 2904 4392 deinde
2927 4333 3165 4407 spicam,
3193 4333 3401 4392 deinde
3433 4333 3668 4408 plenum
3704 4335 3822 4391 fru-

2111 4434 2376 4485 mentum
2395 4426 2455 4484 in
2478 4427 2652 4499 spica.
2684 4424 3002 4483 Videamus
3027 4425 3219 4498 itaque
3245 4424 3564 4483 Dominica
3597 4431 3825 4482 senten-

311 4520 440 4594 ejus
478 4519 792 4594 dejectioni
835 4527 984 4580 esset
1023 4520 1299 4592 obnoxia,
1339 4520 1565 4580 diutius
1618 4521 1843 4594 regium
1873 4518 2077 4594 obti-_
2115 4518 2212 4575 tia
2255 4517 2433 4591 hujus
2485 4516 2846 4589 exemplum,
2887 4517 3176 4590 quomodo
3227 4532 3328 4590 per
3369 4515 3597 4589 singula
3649 4516 3822 4573 verba

313 4585 447 4668 nuit
474 4585 882 4682 principatum.
916 4611 1161 4668 Econtra
1191 4585 1469 4669 Jonathas
1498 4625 1635 4668 cum
1661 4585 1716 4668 et
1741 4610 1806 4668 in
1837 4585 2086 4669 DeumD
2115 4609 2244 4669 luce
2272 4585 2484 4668 clarius
2514 4609 2577 4664 in
2605 4585 2844 4668 beatum
2871 4585 3174 4666 concurrat
3201 4585 3502 4664 Alexium.

315 4697 469 4772 pius,
505 4703 562 4756 et
598 4705 794 4757 sancto
835 4699 1136 4773 Propheta
1177 4704 1329 4757 esset
1381 4698 1625 4770 amicus,
1668 4705 1898 4773 propter
1934 4715 2028 4772 pa-

316 4793 499 4846 terna
538 4794 730 4844 tamen
771 4788 1058 4861 superbia
1098 4788 1311 4846 fastum
1348 4787 1542 4860 gladio
1576 4788 1865 4864 subjacuit
1912 4789 2025 4848 im-

317 4875 549 4949 piorum
583 4878 687 4944 (III
711 4878 844 4944 Reg.
876 4885 1052 4945 XVIII,
1087 4887 1220 4946 XIX,
1255 4887 1367 4948 XX,
1395 4881 1596 4946 XXXI).

395 4963 466 5022 Ut
495 4979 630 5037 ergo
655 4963 726 5022 ad
757 4965 991 5022 beatum
1030 4963 1332 5022 redeamus
1359 4964 1660 5037 Alexium,
1693 4967 1896 5026 merito
1941 4973 2027 5026 ta-

321 5052 438 5110 lem
483 5051 703 5126 prolem
750 5067 1003 5128 genuere
1051 5059 1336 5125 parentes,
1384 5058 1449 5111 ut
1487 5054 1558 5112 de
1597 5062 1794 5114 sancta
1839 5056 2030 5115 radice

319 5145 586 5198 sanctum
625 5156 864 5214 germen
908 5144 1252 5213 erumperet,
1293 5147 1350 5198 et
1377 5140 1546 5200 bona
1581 5144 1803 5202 arboris
1831 5161 2030 5204 ramus

321 5248 424 5308 per
455 5239 700 5307 accepta
736 5234 936 5309 gratia
965 5233 1212 5292 calestis
1248 5234 1605 5293 incrementa
1643 5251 2027 5308 succrescens,

322 5322 529 5398 dignos
556 5325 752 5397 generi
781 5339 889 5383 suo
917 5324 1204 5383 bonorum
1243 5339 1483 5397 operum
1517 5326 1739 5384 fructus
1776 5326 2028 5384 offerret.

326 5408 532 5470 Sancto
558 5412 840 5471 nimirum
869 5413 1107 5472 cuilibet
1144 5412 1268 5472 viro
1293 5428 1412 5470 non
1446 5420 1863 5472 consummata
1901 5429 2031 5486 per-

327 5501 590 5562 fectionis
642 5511 876 5577 repente
928 5503 1210 5562 tribuitur
1266 5503 1562 5573 meritum,
1629 5506 1729 5562 sed
1781 5503 1855 5562 ad
1924 5505 2035 5563 hoc

324 5594 608 5668 paulatim
657 5611 760 5670 per
804 5595 918 5668 pia
973 5595 1298 5655 devotionis
1357 5600 1414 5653 et
1462 5593 1725 5669 specialis
1770 5595 2034 5653 exercitii

325 5684 592 5757 pervenit
613 5684 1092 5754 .incrementum;
1125 5691 1180 5743 et
1217 5684 1358 5743 dum
1387 5698 1574 5756 mens,
1607 5681 1797 5742 divini
1821 5685 2035 5743 amoris

2186 4689 2418 4756 tlonstat
2447 4695 2630 4764 enim,
2673 4697 2826 4769 quod
2873 4697 2966 4754 vir
3003 4697 3110 4754 iste
3148 4694 3450 4764 mirabilis,
3492 4694 3644 4752 sicut
3671 4709 3822 4768 pra-

2114 4791 2269 4849 clara
2323 4787 2448 4862 ejus
2500 4793 2736 4846 testatur
2786 4786 3044 4859 historia,
3095 4788 3244 4844 inter
3305 4785 3427 4858 ipsa
3473 4785 3822 4858 nuptialium

2114 4879 2461 4952 gaudiorum
2490 4877 2690 4934 festiva
2705 4876 3003 4944 solemnia,
3039 4890 3302 4944 uxorem,
3329 4874 3489 4931 salva
3518 4873 3822 4948 utriusque

2117 4967 2468 5042 virginitate,
2534 4967 2776 5035 dimisit,
2831 4970 3094 5037 parentes
3149 4962 3373 5036 abjecit,
3434 4969 3488 5020 et
3545 4963 3822 5021 Romana

2115 5060 2279 5120 urbis
2315 5058 2747 5128 habitationem,
2785 5055 3010 5112 Edessa
3043 5053 3306 5111 videlicet
3346 5052 3619 5126 perexilis
3657 5053 3823 5125 oppi-

2115 5149 2243 5209 duli
2269 5148 2730 5223 peregrinatione
2765 5145 3024 5203 mutavit.
3058 5143 3584 5218 Postposuitamori
3615 5142 3823 5199 Christi

2118 5240 2263 5313 regii
2312 5236 2541 5312 generis
2595 5235 2918 5306 conjugem,
2978 5236 3220 5309 ejusque
3267 5242 3497 5292 secutus
3546 5233 3820 5306 inopiam,

2118 5329 2461 5398 contempsit
2496 5323 2882 5394 amplissimas
2923 5322 3253 5396 principalis
3288 5321 3600 5395 opulentia
3649 5320 3826 5379 facul-

2123 5425 2278 5476 tates.
2315 5415 2474 5474 Sicut
2510 5427 2644 5488 ergo
2672 5412 2734 5470 in
2763 5413 3091 5486 evangelica
3132 5413 3233 5471 illa
3271 5413 3553 5471 sententia
3582 5417 3828 5487 quatuor

2121 5513 2278 5579 sunt,
2308 5521 2440 5580 qua
2478 5504 2812 5562 referuntur
2842 5519 2876 5560 a
2913 5501 3191 5574 Domino;
3232 5502 3310 5558 ita
3353 5501 3739 5560 nihilominus
3777 5512 3832 5562 et

2123 5602 2372 5670 quatuor
2399 5593 2742 5652 admiranda
2771 5597 2925 5663 sunt,
2966 5589 3100 5665 qua
3139 5591 3512 5666 reperiuntur
3551 5591 3611 5650 in
3643 5607 3830 5651 servo.

2122 5684 2249 5742 Illic
2284 5683 2444 5741 enim
2472 5682 2684 5742 dicitur
2711 5681 2964 5755 primum
3004 5680 3198 5755 herba,
3233 5681 3443 5740 deinde
3470 5682 3645 5755 spica,
3676 5687 3832 5755 post-
