4184 6470
415 320 522 380 655

1032 314 1090 376 S.
1134 312 1354 373 PETRI
1394 310 1714 371 DAMIANI
1756 308 1914 369 OPP.
1961 306 2151 368 PARS
2193 306 2332 367 SEU
2371 307 2621 368 TOMUS
2662 308 2737 367 ΙΙ.
2782 341 2845 349 -
2889 304 3304 367 SERMONES.

3812 310 3921 371 656

412 441 653 504 modum
712 440 952 513 plenum
1012 439 1368 497 frumentum
1411 439 1472 495 in
1520 435 1718 505 spica;
1762 438 1968 507 quarto
2003 432 2598 505 jamApromptuario
2657 430 2809 488 felici
2863 432 3369 491 consummatione
3423 434 3762 493 recondidit.
3823 434 3923 495 Sic

413 533 537 592 loco
584 529 708 588 falx
748 528 1016 597 mittitur,
1056 534 1112 585 et
1164 525 1317 601 quod
1362 532 1654 583 maturum
1689 529 1775 580 est
1804 522 2119 579 desecatur.

413 618 670 689 Quatuor
713 616 906 689 itaque
954 620 1113 685 sunt,
1167 615 1317 672 sicut
1371 613 1591 671 dictum
1635 618 1741 681 est,
1797 610 1889 668 his
1941 610 2124 683 aptis-

415 710 562 768 sime
594 704 993 779 congruentia,
1025 720 1162 778 qua
1203 704 1264 761 in
1293 704 1458 762 beato
1490 701 1862 777 reperiuntur
1889 700 2119 758 Alexio.

417 798 679 857 Primum
743 799 848 865 est,
913 809 1028 868 quo
1072 795 1358 852 mundum
1409 800 1464 852 et
1521 793 1819 852 mundana
1877 807 2124 865 quaque

411 882 789 959 contempsit;
816 883 1158 953 secundum,
1198 883 1353 957 quod
1380 883 1741 957 peregrinus,
1771 890 1826 940 et
1858 882 1923 939 in
1961 880 2124 940 omni

413 975 681 1034 facultate
738 973 1014 1043 nudatus,
1054 988 1156 1045 per
1202 972 1399 1031 decem
1456 980 1508 1030 et
1561 978 1781 1045 septem
1830 987 2013 1029 annos
2061 971 2124 1028 in

411 1063 643 1122 Edessa
675 1060 1103 1134 Mesopotamia
1140 1060 1369 1119 civitate
1406 1060 1670 1120 omnium
1703 1076 1901 1120 rerum
1936 1075 2120 1133 penu-

408 1151 553 1210 riam
591 1150 866 1225 pertulit:
902 1150 1024 1224 jam
1080 1165 1211 1208 vero
1259 1151 1492 1209 tertium
1534 1157 1636 1219 est,
1680 1150 1833 1223 quod
1883 1148 2123 1207 domum

408 1244 702 1319 propriam
729 1240 882 1299 felici
913 1239 1270 1315 postliminio
1299 1241 1549 1310 rediens,
1576 1240 1909 1313 durumque
1941 1244 2122 1295 certa-

410 1350 545 1393 men
573 1348 901 1407 aggressus,
929 1332 1081 1390 inter
1113 1347 1358 1391 uxorem
1386 1338 1442 1389 et
1467 1338 1784 1404 utrumque
1801 1336 2119 1403 parentem,

411 1422 566 1482 inter
600 1420 948 1479 vernaculos
984 1420 1392 1495 diversamque
1430 1419 1735 1490 familiam,
1766 1426 1832 1476 ut
1868 1417 1974 1475 soli
2004 1417 2122 1475 Deo

411 1512 573 1569 ﬁeret
600 1510 880 1569 veraciter
913 1515 1105 1579 notus,
1144 1508 1411 1567 omnium
1454 1506 1660 1565 fefellit
1694 1512 1977 1581 aspectus.
2011 1506 2121 1564 Po-

411 1608 625 1661 stremo
662 1604 937 1675 quartum
975 1607 1081 1671 est,
1120 1598 1273 1674 quod
1314 1597 1436 1656 illic
1481 1604 1609 1671 post
1648 1595 1843 1670 alapas
1887 1611 1955 1654 ac
1999 1611 2124 1655 ver—

412 1690 549 1749 bera
593 1686 984 1759 servulorum,
1031 1694 1156 1761 post
1207 1686 1687 1744 subsannationes
1727 1691 1782 1745 et
1821 1692 2120 1744 contume-

2204 520 2384 593 igitur
2419 520 2668 580 calestis
2702 519 2972 593 agricola
3008 520 3347 594 disponente
3383 539 3677 594 mensura,
3715 539 3922 582 semen

2204 610 2457 670 surrexit
2494 612 2557 669 in
2596 611 2859 680 herbam,
2912 611 3088 669 herba
3125 614 3305 670 crevit
3345 613 3405 671 in
3462 615 3700 687 spicam,
3762 615 3922 688 spica

2203 700 2415 773 prodiit
2458 701 2520 758 in
2550 700 2933 772 frumentum,
2972 702 3332 760 frumentum
3375 704 3637 776 pervenit
3666 703 3739 760 ad
3780 705 3921 762 bor-

2203 806 2388 848 reum.
2433 789 2741 849 Pleuitudo
2779 791 2993 864 quippe
3037 791 3341 860 virtutum,
3375 792 3525 850 sicut
3559 792 3781 850 dictum
3811 800 3916 864 est,

2204 894 2324 937 non
2370 885 2484 937 tota
2527 878 2724 947 simul,
2785 878 2884 937 sed
2940 896 3041 953 per
3094 878 3449 938 incrementa
3496 879 3810 952 tribuitur;
3856 887 3922 939 ut

2201 968 2274 1026 ad
2318 984 2442 1027 eam
2478 986 2578 1042 per
2620 969 2917 1028 diuturna
2959 969 3345 1043 provectionis
3389 985 3704 1038 accessum,
3748 970 3921 1045 quasi

2202 1056 2553 1130 quibusdam
2582 1059 2778 1129 magni
2805 1058 3220 1116 moderaminis
3251 1057 3529 1131 gradibus
3548 1059 3917 1117 ascendatur.

2272 1145 2414 1203 Hac
2444 1145 2615 1219 plane
2645 1153 2948 1218 provectus
2976 1146 3158 1205 nostri
3208 1146 3563 1220 quadrifaria
3592 1147 3918 1219 dispositio,

2201 1249 2335 1307 qua
2364 1234 2437 1291 ab
2475 1235 2599 1307 ipso
2627 1234 2872 1294 Domino
2910 1236 3020 1295 sub
3052 1234 3294 1309 seminis
3322 1235 3510 1308 figura
3546 1236 3915 1306 describitur,

2201 1322 2355 1394 apud
2407 1322 2764 1381 Ezechielem
2818 1325 3153 1397 prophetam
3205 1340 3304 1397 per
3338 1339 3507 1397 aqua
3568 1325 3917 1383 vocabulum

2201 1410 2554 1483 designatur.
2588 1410 2670 1469 De
2708 1412 2836 1470 viro
2874 1411 3107 1485 quippe,
3137 1428 3312 1485 quem
3353 1413 3415 1471 in
3454 1411 3688 1470 excelso
3716 1421 3917 1471 monte

2201 1507 2605 1572 conspexerat,
2652 1501 2778 1558 hac
2829 1516 2931 1574 per
2979 1500 3247 1559 ordinem
3300 1509 3495 1559 narrat
3545 1522 3559 1560 :
3616 1526 3638 1555 ι
3675 1501 3918 1562 Mensus

2200 1598 2306 1659 est,
2342 1589 2554 1663 inquit,
2594 1589 2820 1649 cubitos
2865 1590 3047 1660 mille,
3075 1599 3131 1649 et
3158 1592 3417 1650 traduxit
3449 1609 3541 1651 me
3573 1607 3674 1667 per
3697 1607 3917 1666 aquam

2200 1692 2387 1751 usque
2413 1677 2486 1735 ad
2515 1676 2690 1745 talos;
2733 1694 3084 1750 rursumque
3115 1695 3354 1740 mensus
3379 1687 3465 1738 est
3493 1680 3676 1750 mille,
3712 1688 3770 1737 et
3797 1687 3918 1737 tra-

410 1778 518 1837 lias
546 1776 933 1847 irridentium,
965 1782 1090 1848 post
1125 1776 1603 1834 mchinnantium
1641 1789 1709 1832 ac
1753 1763 2374 1853 savientiudellXit
2412 1780 2504 1823 me
2555 1782 2656 1838 per
2706 1782 2919 1840 aquam
2969 1782 3154 1840 usque
3190 1767 3263 1824 ad
3293 1782 3524 1841 genua;
3580 1773 3637 1825 Θῐ
3674 1782 3917 1827 1118118113

409 1869 626 1944 plagas,
663 1871 791 1940 post
832 1863 1226 1923 intolerabiles
1259 1863 1510 1938 denique
1554 1863 1972 1936 patientissime
2026 1869 2113 1922 t0-

408 1958 601 2016 lerata
620 1954 961 2013 calamitatis
982 1952 1250 2029 injurias,
1276 1952 1506 2011 tandem
1528 1952 1772 2011 feliciter
1797 1952 1959 2023 obiit,
1984 1959 2112 2010 tan-

409 2044 567 2117 tique
577 2041 790 2100 laboris
809 2040 1094 2098 immensa
1116 2038 1432 2097 certamina
1454 2039 1620 2098 beato
1639 2039 1756 2095 fine
1782 2037 2110 2112 complevit.

478 2133 624 2192 Cum
688 2148 825 2205 ergo
890 2130 1179 2190 mundum
1237 2129 1491 2202 insignis
1544 2130 1638 2187 vir
1687 2128 1794 2186 iste
1836 2127 2113 2199 deseruit,

409 2240 603 2283 nonne
627 2222 1053 2298 quodammodo
1083 2228 1223 2280 tunc
1250 2223 1428 2280 herba
1450 2219 1609 2280 fuit?
1637 2219 1854 2279 Debilis
1876 2219 2114 2294 quidem

408 2312 599 2373 adhuc
650 2327 754 2384 per
801 2310 1199 2369 conversionis
1256 2310 1492 2369 novitia
1542 2310 1963 2380 rudimentum,
2016 2308 2115 2366 sed

402 2402 524 2477 jam
551 2416 728 2460 urens
760 2415 862 2473 per
888 2398 1010 2473 spei
1032 2398 1300 2469 calestis,
1332 2398 1486 2473 quod
1530 2404 1722 2455 mente
1757 2402 2111 2470 conceperat,

404 2487 779 2547 desiderium.
818 2485 939 2544 Nisi
977 2485 1136 2543 enim
1165 2485 1222 2542 in
1264 2501 1401 2558 agro
1439 2484 1663 2543 meritis
1699 2484 1825 2558 ejus
1857 2484 2113 2543 mundus

402 2581 699 2646 aresceret,
742 2590 859 2633 non
898 2573 1241 2648 sprevisset;
1281 2580 1337 2631 et
1366 2574 1483 2631 nisi
1522 2589 1789 2649 superna
1834 2575 1954 2649 spei
2000 2575 2112 2634 sibi

403 2667 561 2727 viror
596 2665 832 2736 inesset,
864 2680 980 2723 non
1025 2664 1095 2721 ad
1130 2663 1317 2721 Deum
1346 2669 1655 2736 tantopere,
1685 2663 1943 2722 dimissis
1982 2678 2108 2722 om-

403 2759 600 2830 nibus,
652 2745 961 2816 festinaret.
1008 2754 1078 2812 In
1134 2754 1235 2811 illa
1273 2753 1491 2812 scilicet
1528 2755 1886 2826 hareditate,
1934 2770 2112 2829 quam

403 2848 606 2905 beatus
656 2845 860 2903 Petrus
907 2867 931 2894 α
974 2842 1509 2913 incontaminatam,
1550 2843 2108 2914 immarcescibilem,

400 2938 796 2994 conservatam
830 2931 891 2989 in
943 2930 1102 2989 calis
1143 2935 1189 3002 (Ι
1221 2934 1365 2989 Petr.
1418 2935 1479 3002 1),
1526 2954 1549 2982 ι
1589 2931 1870 3005 appellat;
1911 2936 1966 2990 et
1993 2931 2108 2989 Do-

400 3023 600 3082 minus
648 3036 860 3095 pascua
911 3020 1172 3078 nominat
1228 3025 1400 3093 (Joan.
1434 3024 1495 3087 x)
1527 3040 1539 3078 :
1572 3020 1751 3078 herba
1801 3021 1910 3079 ista
1955 3020 2108 3079 radi-

398 3125 525 3170 cem
566 3110 788 3179 tixerat,
828 3117 1003 3181 atque
1045 3108 1172 3167 ideo
1210 3124 1481 3183 superna
1516 3108 1717 3181 gratia
1749 3109 1938 3168 virore
1974 3125 2108 3167 ver-

399 3200 592 3259 nabat.
644 3198 790 3258 Cum
835 3213 973 3257 vero
1011 3199 1132 3272 jam
1187 3197 1419 3273 prolixo
1474 3203 1727 3272 tempore
1779 3198 1841 3257 in
1896 3198 2111 3272 ignota

395 3290 651 3363 regionis
708 3289 917 3348 exsilio
974 3288 1240 3363 perstitit,
1305 3304 1550 3365 seseque
1607 3288 1679 3346 ad
1738 3290 2110 3363 perferendas

396 3385 514 3436 tam
562 3377 720 3451 jugis
780 3377 996 3452 inopia
1058 3384 1113 3436 et
1154 3377 1497 3436 calamitatis
1544 3392 1894 3436 arumnosa
1936 3380 2111 3437 mole-

395 3468 533 3527 stias
585 3466 725 3523 143
771 3469 1098 3539 roboravit;
1128 3468 1269 3542 quid
1314 3468 1498 3540 aliud,
1550 3483 1746 3540 quam,
1796 3476 1861 3527 ut
1908 3468 1986 3527 ita
2032 3468 2114 3527 lo-

394 3570 559 3630 quar,
601 3557 777 3616 herba
823 3564 1019 3616 tenera
1054 3554 1314 3614 surrexit
1362 3556 1423 3612 in
1464 3555 1702 3628 spicam.
1735 3555 2111 3615 Postmodum

396 3662 532 3705 vero
587 3662 721 3705 cum
773 3662 874 3720 per
928 3646 1290 3705 infusionem
1347 3646 1530 3703 sancti
1584 3645 1853 3718 Spiritus,
1914 3644 2111 3703 intimi

394 3735 619 3793 roboris
646 3734 844 3807 vigore
891 3740 1185 3806 concepto,
1227 3738 1526 3805 paternam
1558 3734 1799 3791 domum
1828 3733 2111 3791 acerrima

393 3830 451 3881 et
481 3824 627 3882 ultra
665 3823 951 3881 humanas
980 3821 1135 3880 vires
1165 3821 1366 3894 gravia
1401 3822 1718 3880 certamina
1755 3820 2112 3880 toleraturus

395 3912 668 3982 intravit;
717 3912 857 3985 quid
902 3911 1085 3982 aliud,
1127 3926 1302 3985 quam
1351 3910 1421 3968 ad
1464 3911 1703 3984 plenum
1747 3910 2109 3972 frumentum

394 4004 558 4061 dives
596 4004 718 4061 hac
754 4004 910 4077 spica
948 4003 1266 4077 pervenit?
1312 4002 1454 4061 Hac
1500 4003 1784 4062 nimirum
1840 4004 1996 4077 spica
2045 4005 2110 4063 in

396 4096 612 4148 statum
636 4093 758 4165 jam
799 4092 941 4149 tanti
977 4091 1199 4150 roboris
1235 4092 1623 4165 convaluerat,
1656 4099 1720 4151 ut
1749 4110 1823 4151 ex
1851 4110 1950 4151 ore
1988 4109 2109 4151 ser-

399 4178 678 4237 vulorum
729 4181 1020 4253 probrosa
1075 4181 1443 4240 contumelia
1523 4182 1703 4241 ﬂabra
1760 4185 2112 4258 proﬂuerent

397 4283 508 4326 nec
532 4267 879 4340 obruerent;
905 4270 976 4327 de
1007 4269 1343 4343 quotidiauo
1370 4271 1652 4344 conjugis,
1688 4280 2110 4346 parentumque

396 4364 707 4431 conspectu
738 4361 1122 4417 tentalionum
1150 4359 1361 4417 ﬂuctus
1392 4358 1804 4432 impingerent,
1829 4376 1933 4419 nec
1962 4368 2106 4418 ster-

396 4462 535 4505 nere
581 4446 918 4520 potuissent.
973 4447 1237 4506 Fundata
1278 4449 1491 4521 quippe
1531 4448 1739 4507 domus
1775 4457 1896 4508 erat
1932 4444 2108 4524 supra

393 4536 626 4593 ﬁrmam
670 4544 888 4609 petram
928 4539 1148 4606 (Matth.
1188 4542 1315 4605 νυ).
1358 4536 1431 4593 Et
1466 4536 1705 4608 quidem
1760 4537 1899 4596 dum
1956 4555 2104 4613 pau-

392 4631 581 4700 pertas
615 4626 869 4685 exterior
910 4626 1162 4701 inopem,
1208 4642 1507 4699 pannosus
1547 4625 1781 4685 habitus
1819 4633 1873 4686 et
1926 4644 2104 4687 casa-

392 4716 508 4774 ries
560 4717 820 4775 redderet
852 4718 1073 4777 inculta
1120 4717 1460 4786 deformem,
1509 4717 1677 4788 quasi
1730 4717 1873 4776 viles
1923 4719 2106 4778 culmi

393 4810 449 4862 et
488 4805 680 4863 arista
725 4804 949 4864 steriles
991 4804 1339 4863 videbantur
1378 4804 1439 4861 in
1488 4803 1668 4876 palea,
1718 4805 1816 4862 sed
1866 4807 2105 4879 plenum

391 4910 644 4969 granum
682 4894 888 4953 latebat
926 4896 1082 4953 intra
1122 4894 1491 4953 conscientia
1530 4894 1772 4953 thecam.
1814 4895 1967 4955 Illud
2013 4897 2102 4956 ni-

393 4983 611 5041 mirum
644 4998 920 5056 granum,
954 4984 1109 5057 quod
1158 4984 1230 5042 de
1262 4982 1568 5056 semetipso
1607 4982 1830 5041 dicebat
1872 5004 1883 5041 :
1921 5006 1949 5039 (t
1980 4985 2105 5043 Nisi

391 5088 645 5146 granum
686 5072 963 5131 frumenti
1002 5075 1211 5131 cadens
1243 5074 1304 5130 in
1352 5078 1583 5143 terram,
1627 5079 1923 5132 mortuum
1971 5076 2104 5133 fue-

392 5162 487 5233 rit,
529 5162 722 5235 ipsum
751 5161 941 5220 solum
968 5168 1163 5220 manet
1188 5166 1374 5230 (Joan.
1402 5166 1533 5231 ΧΗ).
1572 5187 1596 5213 ιο
1629 5161 1839 5231 Quarto
1866 5163 2104 5223 demum

393 5249 516 5307 loco
570 5250 689 5308 falx
734 5249 911 5309 missa
961 5258 1066 5323 est,
1116 5257 1181 5309 ut
1228 5252 1403 5323 spica,
1454 5267 1590 5324 qua
1636 5252 1708 5309 ad
1758 5252 2104 5311 maturitatis

391 5340 818 5413 plenitudinem
862 5348 1122 5414 venerat,
1163 5347 1494 5413 meteretur,
1534 5359 1669 5400 cum
1708 5343 2103 5417 dispositionis

392 5424 610 5487 divina
651 5430 931 5489 sententia
977 5430 1225 5489 electum
1268 5444 1444 5488 suum
1493 5431 1566 5488 ab
1605 5431 1713 5489 hac
1752 5432 1868 5490 vita
1904 5432 2102 5505 praci-

392 5516 495 5586 dit,
545 5518 897 5594 abjectisque
939 5516 1334 5577 calamitatum
1368 5518 1633 5578 omnium
1671 5518 1872 5593 paleis,
1922 5534 2102 5577 mun-

2204 1861 2290 1911 est
2320 1854 2499 1926 mille,
2531 1862 2586 1913 et
2615 1857 2872 1916 traduxit
2901 1873 2994 1914 me
3020 1873 3123 1930 per
3147 1873 3362 1930 aquam
3392 1872 3577 1932 usque
3600 1857 3673 1916 ad
3699 1872 3869 1917 renes
3892 1877 3911 1930 ;

2202 1950 2258 2002 et
2289 1960 2525 2005 mensus
2555 1953 2641 2005 est
2673 1946 2854 2017 mille,
2880 1954 3211 2017 torrentem,
3245 1963 3419 2022 quem
3449 1964 3565 2007 non
3594 1948 3755 2022 potui
3779 1964 3912 2021 per-

2205 2034 2467 2105 transire,
2493 2036 2771 2107 quoniam
2812 2037 3213 2095 intumuerant
3246 2053 3416 2111 aqua
3452 2038 3761 2111 profunda
3795 2046 3913 2097 tor-

2202 2123 2404 2194 rentis,
2436 2125 2537 2197 qui
2569 2140 2685 2182 non
2729 2134 2946 2199 poterat
2983 2126 3340 2185 transvadari
3373 2131 3588 2190 (Ezech.
3622 2134 3839 2198 XLVII).
3881 2153 3908 2181 ι·

2202 2210 2351 2280 Quid
2373 2212 2542 2285 plane
2567 2213 2907 2287 designatur
2927 2216 2984 2272 in
3011 2215 3338 2274 millenario
3360 2232 3626 2289 numero,
3658 2218 3773 2276 nisi
3801 2219 3913 2277 col-

2201 2299 2303 2357 lati
2335 2302 2597 2359 muneris
2634 2301 2931 2375 plenitudo
2958 2302 2985 2361 ἲ
3014 2303 3165 2373 Quid
3192 2305 3288 2362 hic
3312 2319 3382 2378 aq
3394 2323 3486 2376 ua,
3519 2306 3634 2365 nisi
3658 2306 3911 2366 caelestis

2201 2396 2284 2447 est
2307 2389 2620 2462 sapientia?
2648 2390 2809 2449 Unde
2829 2406 2929 2465 per
2956 2391 3323 2451 Salomonem
3337 2394 3582 2453 dicitur:
3612 2420 3640 2444 κ
3669 2394 3910 2470 Sapien-

2200 2478 2279 2536 tia
2303 2478 2407 2537 Dei
2435 2488 2795 2552 erupuerunt
2821 2480 3031 2555 abyssi,
3066 2489 3122 2539 et
3152 2482 3333 2540 nubes
3363 2498 3489 2542 rore
3526 2493 3911 2543 concrescunt

2200 2573 2378 2638 (Prov.
2412 2576 2516 2640 III).
2547 2591 2575 2623 »
2616 2570 2719 2628 Vir
2755 2571 2969 2647 itaque,
3012 2571 3115 2647 qui
3145 2573 3430 2645 apparuit,
3469 2574 3630 2632 mille
3680 2574 3907 2634 cubitos

2199 2658 2459 2729 metitur,
2475 2666 2529 2716 et
2551 2658 2826 2731 propheta
2845 2675 2945 2731 per
2961 2674 3172 2732 aquam
3185 2675 3366 2731 usque
3383 2660 3456 2718 ad
3485 2661 3628 2721 talos
3639 2662 3902 2733 ducitur;

2199 2746 2337 2820 quia
2363 2747 2709 2820 Redemptor
2729 2754 2923 2805 noster
2945 2763 3077 2807 cum
3108 2749 3273 2807 nobis
3296 2748 3368 2807 ad
3392 2766 3453 2807 se
3476 2765 3581 2809 con
3592 2752 3772 2809 versis
3792 2750 3906 2831 spi-

2197 2835 2382 2892 ritalis
2404 2837 2628 2895 exordii
2656 2836 3075 2909 plenitudinem
3105 2837 3326 2910 tribuit,
3351 2839 3503 2898 dono
3525 2856 3796 2914 superna
3818 2858 3904 2899 sa-

2197 2926 2453 2999 pientia,
2476 2927 2842 3002 quasiprima
2857 2928 3096 3001 vestigia
3117 2936 3329 2986 nostra
3349 2930 3906 3002 operationisinfunc

2196 3015 2299 3072 dit.
2341 3015 2488 3073 Nam
2517 3016 2686 3088 quasi
2715 3032 2903 3091 usque
2946 3016 3018 3074 ad
3066 3016 3210 3075 talos
3249 3018 3512 3090 pervenit
3551 3034 3725 3092 aqua,
3764 3035 3901 3079 cum

2199 3119 2304 3162 nos
2332 3120 2429 3177 per
2472 3111 2760 3178 acceptam
2799 3105 3139 3179 sapientiam
3172 3104 3509 3164 desiderata
3535 3106 3902 3168 rectitudinis

2174 3192 2432 3266 figimus
2470 3192 2735 3251 inchoata
2777 3193 3031 3265 vestigia.
3074 3193 3185 3263 Qui
3224 3209 3429 3253 rursus
3464 3196 3692 3255 cubitos
3729 3197 3900 3256 meti-

2193 3292 2288 3344 tur
2326 3284 2509 3355 mille,
2557 3292 2613 3344 et
2656 3285 2928 3359 propheta
2968 3300 3157 3359 usque
3199 3287 3272 3344 ad
3313 3302 3508 3360 genua
3547 3303 3649 3360 per
3684 3304 3901 3362 aquam

2190 3373 2463 3446 ducitur;
2494 3374 2772 3449 quoniam
2797 3375 2870 3433 ad
2900 3375 3008 3433 hoc
3029 3374 3151 3448 jam
3172 3375 3472 3449 sapientia
3494 3384 3705 3436 nostra
3736 3379 3901 3452 vigor

2191 3472 2458 3539 augetur,
2522 3472 2585 3525 ut
2641 3466 2713 3524 ad
2772 3466 3150 3540 perpetranda
3202 3467 3499 3540 pravitatis
3552 3485 3726 3543 opera
3781 3487 3899 3530 non

2192 3554 2469 3615 ﬂectatur.
2498 3554 2665 3613 Unde
2692 3570 2792 3628 per
2817 3554 3069 3613 Paulum
3099 3555 3311 3615 dicitur
3336 3581 3351 3616 :
3389 3583 3418 3608 α
3448 3556 3742 3618 Remissas
3770 3574 3896 3617 ma-

2193 3661 2325 3714 nus,
2370 3652 2427 3703 et
2476 3645 2752 3704 dissoluta
2808 3660 2999 3717 genua
3052 3644 3275 3718 erigite,
3329 3652 3385 3704 et
3433 3662 3665 3719 gressus
3718 3655 3902 3707 rectos

2198 3733 2341 3789 144
2368 3735 2535 3793 facite
2568 3734 2814 3808 pedibus
2850 3736 3073 3804 vestris,
3107 3751 3180 3794 ne
3207 3735 3537 3796 claudicans
3567 3738 3701 3812 quis
3728 3745 3898 3812 erret,

2194 3825 2379 3898 magis
2404 3831 2597 3883 autem
2625 3829 2860 3882 sanetur
2889 3826 3072 3892 (Hebr.
3107 3828 3236 3894 ΧΠ).
3276 3851 3303 3875 ››
3340 3827 3512 3900 Aqua
3545 3842 3680 3885 vero
3711 3843 3902 3902 usque

2192 3912 2265 3971 ad
2292 3928 2484 3985 genua
2525 3913 2810 3986 pervenit,
2845 3928 2982 3970 cum
3014 3928 3120 3971 nos
3156 3920 3420 3988 percepta
3456 3914 3736 3988 sapientia
3768 3932 3902 3990 per-

2194 4002 2337 4059 fecte
2392 4001 2464 4060 ad
2496 4001 2631 4060 boni
2677 4001 2869 4075 operis
2911 4001 3321 4062 rectitudinem
3365 4003 3632 4078 stringit;
3680 4012 3745 4064 ut
3778 4007 3899 4079 jam

2193 4096 2388 4147 noster
2429 4090 2666 4148 animus
2694 4106 2813 4148 non
2843 4089 3080 4164 vacillet
3118 4107 3185 4150 ac
3223 4091 3451 4162 titubet,
3492 4093 3592 4152 sed
3629 4094 3694 4152 in
3722 4094 3899 4167 bono,

2192 4179 2347 4252 quod
2406 4186 2672 4252 coeperat,
2729 4179 2972 4250 vestigia
3049 4181 3167 4239 lixa
3241 4182 3560 4241 conﬁrmet.
3618 4182 3903 4243 Prafatus

2193 4268 2362 4325 etiam
2403 4268 2493 4325 vir
2521 4267 2732 4325 iterum
2765 4284 3001 4327 mensus
3044 4274 3129 4326 est
3166 4269 3349 4339 mille,
3387 4276 3443 4328 et
3488 4272 3764 4345 propheta
3800 4288 3902 4345 per

2192 4372 2403 4430 aquam
2437 4372 2625 4432 usque
2667 4356 2738 4414 ad
2777 4372 2945 4415 renes
2982 4356 3250 4427 ducitur;
3281 4358 3419 4431 quia
3455 4365 3595 4417 tunc
3632 4359 3901 4418 videlicet

2194 4443 2254 4501 in
2292 4445 2460 4504 nobis
2498 4444 2795 4520 plenitudo
2836 4443 3017 4502 sancti
3061 4445 3250 4518 operis
3287 4447 3507 4518 crescit,
3558 4448 3791 4521 quando
3834 4448 3899 4507 in

2192 4537 2360 4594 nobis
2393 4542 2654 4610 percepta
2684 4534 2982 4608 sapientia,
3021 4550 3277 4606 omnem,
3304 4541 3589 4609 quantum
3618 4536 3898 4610 possibile

2191 4634 2295 4699 est,
2335 4627 2775 4686 delectationem
2810 4626 3001 4684 carnis
3033 4627 3398 4684 exstinxerit.
3439 4625 3569 4684 Nisi
3606 4626 3767 4684 enim
3805 4642 3894 4685 re-

2190 4715 2365 4775 nibus
2415 4715 2714 4773 delectatio
2751 4714 2944 4772 carnis
2982 4713 3215 4787 inesset,
3258 4714 3562 4773 Psalmista
3608 4715 3727 4773 Deo
3774 4730 3894 4773 non

2188 4805 2404 4863 diceret
2436 4828 2448 4862 :
2482 4824 2511 4858 ι(
2541 4803 2649 4861 Ure
2674 4818 2841 4861 renes
2863 4818 3040 4874 meos,
3061 4809 3116 4861 et
3139 4819 3236 4861 cor
3257 4818 3454 4862 meum
3469 4806 3639 4874 (Psal.
3666 4807 3838 4873 xxv).
3860 4823 3889 4857 »

2186 4895 2353 4968 Aqua
2383 4909 2516 4969 ergo
2546 4893 2617 4952 ad
2648 4909 2813 4952 renes
2836 4894 3016 4965 venit,
3047 4909 3181 4952 cum
3198 4893 3389 4952 infusa
3414 4893 3583 4952 nobis
3612 4892 3892 4966 sapientia

2187 4982 2512 5055 petulantes
2542 4982 2858 5054 illecebras,
2895 4990 2950 5042 et
2988 4982 3284 5042 incentiva
3317 4981 3508 5040 carnis
3540 4980 3889 5055 exstinguit.

2187 5071 2298 5142 Qui
2340 5072 2432 5132 vir
2473 5073 2665 5132 adhuc
2694 5088 2929 5131 mensus
2968 5079 3054 5130 est
3098 5072 3281 5142 mille,
3315 5076 3648 5142 torrentem,
3686 5086 3887 5145 quem,

2187 5161 2337 5220 sicut
2388 5161 2619 5233 dicitur,
2682 5156 2954 5237 propheta
3010 5162 3253 5220 transire
3301 5177 3421 5219 non
3474 5161 3700 5235 potuit;
3741 5175 3889 5234 quo-

2185 5252 2345 5310 niam
2374 5251 2773 5311 intumuerant
2795 5268 2963 5326 aqua
2992 5251 3295 5325 profunda
3327 5252 3613 5323 torrentis,
3639 5254 3742 5327 qui
3769 5269 3890 5314 non

2183 5342 2372 5414 potuit
2394 5342 2767 5400 transvadari.
2796 5343 2863 5402 In
2884 5342 3038 5416 quod
3062 5343 3362 5414 nimirum,
3385 5343 3526 5417 quid
3544 5343 3705 5402 aliud
3718 5344 3888 5403 nobis

2183 5429 2474 5500 innuitur,
2520 5431 2634 5489 nisi
2680 5431 2820 5506 quia
2867 5438 2993 5505 post
3029 5431 3199 5504 pedes
3239 5438 3463 5491 nostros
3488 5432 3608 5507 jam
3645 5432 3707 5490 in
3746 5432 3887 5491 boni

2181 5521 2371 5594 operis
2418 5523 2625 5581 itinere
2685 5524 3042 5593 constitutos,
3100 5529 3227 5596 post
3275 5540 3471 5597 genua
3521 5523 3712 5593 cordis
3766 5540 3888 5583 non

389 5605 552 5678 dum,
594 5613 649 5665 et
686 5607 926 5667 omnino
983 5614 1296 5683 purgatum
1343 5606 1405 5667 in
1453 5608 1554 5668 illo
1609 5608 1862 5668 calestis
1903 5608 2099 5668 horrei
2174 5610 2294 5683 jam
2326 5610 2502 5671 dubie
2539 5611 2886 5684 vacillantis,
2921 5611 3022 5672 sed
3050 5611 3123 5670 ad
3155 5611 3543 5673 incedendum
3582 5627 3683 5687 per
3704 5611 3885 5687 justi-
