4184 6470
311 255 424 316 657

1798 256 2046 317 SERMO
2082 257 2352 318 XXVIII.

3720 255 3831 317 658

318 383 416 442 tim
457 381 745 442 tramitem
795 382 1042 442 ﬁrmiter
1081 384 1339 444 roborata
1372 430 1387 458 ,
1438 391 1560 460 post
1608 385 2024 444 oblectamenta
2041 383 2214 446 Abili
2253 398 2424 441 carne
2478 383 2816 456 perfruitur,
2852 397 2991 441 mox
3031 387 3100 442 ut
3140 382 3368 454 obierit,
3399 381 3472 440 ad
3509 381 3826 455 plenitudi-

314 472 574 544 renium,
605 477 661 530 et
707 473 1009 531 mstuantis
1051 472 1345 534 incentiva
1374 475 1566 533 carnis
1603 474 1907 544 exstincta,
1940 473 2034 531 vir

312 561 569 634 quisque
621 561 908 633 perfectus
950 560 1023 618 ad
1066 566 1281 620 tantam
1316 562 1735 636 plenitudinem
1773 569 2032 621 contem-

307 649 591 722 plationis
631 649 934 719 attollitur,
967 655 1034 708 ut
1059 651 1200 709 dum
1228 666 1349 709 non
1392 656 1575 725 potest
1600 657 1713 710 tam
1752 651 2034 710 eximiam

306 738 771 810 profunditatem
829 739 899 796 ad
954 738 1247 813 liquidum
1308 742 1814 814 comprehendere,
1873 741 2034 799 velut

309 828 709 886 excrescentis
732 828 911 887 undas
944 828 1161 888 vadum
1191 844 1356 887 mens
1394 845 1511 888 non
1555 830 1741 888 valeat
1776 830 2035 890 humana

308 915 585 973 transire.
1094 986 1095 989 η

388 1001 534 1072 Ουω
560 1001 829 1061 videlicet
856 1002 1052 1060 omnia
1094 1002 1269 1074 gestis
1302 1003 1366 1061 B.
1396 1003 1589 1063 Alexii
1634 1009 2034 1080 congruentis-

309 1093 465 1150 sime
515 1090 787 1149 videntur
831 1090 1036 1164 aptari.
1070 1091 1216 1149 Nam
1265 1108 1402 1151 cum
1445 1108 1478 1150 a
1522 1094 1775 1167 paternis
1817 1096 2037 1156 laribus

306 1188 491 1255 atque
530 1183 603 1239 ab
651 1181 828 1256 hujus
877 1182 1079 1240 mundi
1129 1182 1383 1242 vanitate
1428 1185 1716 1256 recedens,
1758 1187 2035 1247 exsilium

307 1271 505 1345 petiit;
544 1278 685 1330 tunc
733 1270 841 1329 sibi
890 1272 1320 1345 quodammodo
1368 1290 1517 1347 aqua
1559 1276 1828 1334 torrentis
1860 1278 2039 1351 hujus

306 1361 388 1420 ad
440 1361 586 1420 talos
634 1376 820 1436 usque
857 1354 1138 1434 pervenit.
1181 1363 1323 1421 Haec
1358 1379 1509 1438 aqua
1546 1380 1728 1440 usque
1770 1367 1841 1424 ad
1896 1367 2038 1426 talos

314 1452 509 1526 Moysi
541 1458 597 1510 et
622 1453 801 1512 Josue
826 1461 967 1512 tunc
1005 1453 1369 1524 ascendebat,
1406 1470 1538 1512 cum
1574 1456 1658 1513 eis
1693 1471 1807 1514 vox
1840 1457 2039 1516 divina

306 1541 545 1615 juberet
572 1589 589 1613 ,
636 1549 702 1600 ut
746 1542 1128 1611 calceamenta
1172 1544 1244 1601 de
1294 1543 1418 1602 suis
1458 1544 1702 1616 pedibus
1751 1546 2041 1605 solverent

311 1634 522 1702 (Ea-od.
561 1645 655 1703 In;
692 1636 802 1690 Jos.
857 1638 944 1703 v).
991 1633 1130 1692 Haec
1170 1634 1498 1705 apostolicis
1533 1638 1896 1709 postmodum
1939 1653 2039 1711 pe-

2119 491 2251 534 nem
2326 473 2633 549 profundaa
2696 488 2763 531 ac
2834 471 3267 546 perfectissimae
3327 469 3830 544 contemplationis

2117 563 2416 635 attollitur,
2450 562 2591 620 adeo
2618 567 2682 620 ut
2712 561 2784 619 ad
2811 559 3196 619 contuendam
3234 559 3420 633 ipsam
3448 574 3698 618 summae
3726 574 3828 617 ve-

2118 654 2302 712 ritatis
2340 655 2588 728 speciem
2627 652 2980 726 provehatur
3011 655 3066 717 (I
3088 653 3207 709 Cor.
3240 654 3397 720 XIII).
3438 650 3607 708 Tunc
3636 650 3832 725 itaque

2120 747 2342 800 torrens
2395 757 2508 799 non
2564 744 2747 814 potest
2797 738 3119 812 pervadari,
3175 738 3315 813 quia
3351 739 3646 798 melliﬂuaa
3699 755 3832 799 con-

2121 832 2507 906 templationis
2535 839 2749 891 mterna
2772 830 3014 889 dulcedo
3043 829 3211 887 nullo
3242 830 3364 904 jam
3394 830 3511 888 ﬁne
3538 830 3828 902 concludi,

2117 920 2278 979 nulla
2347 928 2670 994 temporum
2739 919 2891 977 valet
2942 917 3271 993 prolixitate
3345 918 3522 976 ﬁniri.
3581 918 3831 979 Torrens

2119 1027 2252 1084 ergo
2279 1011 2379 1069 ille
2406 1009 2907 1085 contemplationis
2949 1016 3205 1080 aeternae,
3240 1025 3376 1082 qua;
3413 1025 3531 1074 non
3564 1014 3702 1071 tunc
3729 1027 3834 1085 per

2121 1100 2296 1158 ﬁdem
2342 1100 2644 1174 qumritur,
2677 1100 2776 1158 sed
2828 1115 2929 1172 per
2971 1100 3217 1174 speciem
3256 1099 3377 1173 jam
3410 1104 3657 1173 tenetur,
3690 1100 3831 1173 quia

2120 1190 2303 1247 nescit
2348 1190 2611 1259 transire,
2657 1189 2861 1263 nequit
2885 1188 3125 1246 omnino
3158 1186 3418 1258 transiri;
3447 1194 3501 1246 et
3538 1188 3676 1262 quia
3714 1204 3832 1247 non

2120 1280 2271 1338 valet
2312 1279 2585 1337 humanis
2610 1278 2974 1336 sermonibus
3003 1278 3274 1351 exprimi,
3309 1293 3422 1337 non
3456 1284 3658 1352 potest,
3686 1277 3834 1336 sicut

2121 1370 2354 1441 dicitur,
2403 1369 2476 1428 ab
2538 1367 2776 1427 homine
2840 1368 3160 1442 pervadari.
3217 1369 3391 1427 Hunc
3452 1368 3680 1427 sitiebat
3735 1368 3833 1426 ille

2124 1464 2458 1527 torrentem,
2513 1455 2616 1529 qui
2675 1454 2788 1513 sub
2842 1469 2941 1529 spe
2991 1460 3141 1512 certa
3192 1455 3314 1529 jam
3368 1454 3832 1527 gratulabundus

2121 1550 2353 1608 aiebat:
2402 1571 2422 1598 ι
2460 1548 2580 1623 Ego
2625 1554 2819 1605 autem
2847 1561 2982 1604 cum
3010 1546 3237 1620 justitia
3268 1545 3552 1619 apparebo
3591 1546 3654 1604 in
3691 1561 3832 1604 con-

2122 1647 2319 1715 spectu
2359 1645 2492 1711 tuo;
2539 1638 2789 1697 satiabor
2834 1639 2976 1696 dum
3015 1635 3476 1695 manifestabitur
3518 1635 3702 1709 gloria
3740 1643 3837 1695 tua

312 1720 492 1780 dibus
521 1723 819 1796 inﬂuebat,
855 1740 990 1783 cum
1022 1725 1107 1782 eis
1142 1724 1467 1782 diceretur:
1522 1747 1549 1778 «
1583 1726 1772 1784 Nolite
1814 1731 2285 1803 portareB(Psal.
2317 1732 2463 1803 XVI).
2500 1750 2527 1783 »
2575 1729 2658 1787 De
2693 1728 2802 1786 hoc
2828 1727 3037 1785 iterum
3084 1725 3223 1783 dieit
3259 1748 3272 1782 :
3318 1746 3344 1777 «
3384 1723 3837 1783 Inebriabuntur

312 1810 611 1869 sacculum
638 1858 654 1882 ,
696 1828 889 1885 neque
931 1828 1164 1886 peram,
1210 1829 1399 1887 neque
1450 1814 1836 1873 calceamenta
1881 1820 2032 1886 (Luc.

312 1902 401 1968 Χ).
456 1919 485 1951 ››
535 1897 836 1972 Oportebat
901 1901 1060 1959 enim
1091 1950 1105 1972 ,
1166 1908 1232 1960 ut
1303 1902 1740 1962 annuntiatores
1813 1904 2037 1964 Veteris

313 1988 691 2059 Testamenti,
750 1994 807 2047 et
855 1991 1256 2063 praedicatores
1308 1991 1661 2063 evangelicae
1718 1993 1874 2064 ﬁdei,
1935 2011 2037 2069 per

313 2079 473 2138 viam
533 2094 690 2138 verte
767 2081 1112 2140 humilitatis
1185 2082 1538 2155 incederent,
1593 2091 1649 2142 et
1708 2087 2035 2145 morticinio

315 2168 567 2240 tegmine
611 2169 856 2241 vestigia
898 2185 1013 2227 non
1060 2171 1385 2239 munirent,
1433 2171 1533 2245 qui
1591 2171 1769 2230 vitam
1821 2174 2034 2246 populo

314 2257 673 2328 nuntiarent,
701 2258 799 2315 sed
848 2258 998 2316 illud
1040 2259 1097 2315 in
1143 2274 1203 2316 se
1243 2259 1541 2331 spirituale
1573 2267 1798 2334 tegmen
1840 2268 2033 2321 osten-

313 2346 535 2416 derent,
579 2346 651 2405 de
701 2363 817 2419 quo
867 2347 1176 2421 Apostolus
1216 2349 1296 2413 ait
1338 2372 1351 2405 :
1408 2372 1433 2400 ει
1479 2346 1723 2408 Calceati
1759 2351 1932 2423 pedes
1969 2350 2029 2411 in

314 2435 736 2509 praeparatione
764 2434 1059 2509 Evangelii
1092 2437 1250 2509 pacis
1279 2440 1503 2509 (Ephes.
1539 2442 1643 2508 Vl).
1678 2460 1705 2491 »
1741 2438 1903 2497 Unde
1932 2456 2035 2515 per

312 2523 521 2582 Isaiam
564 2524 776 2582 dicitur
819 2545 832 2582 :
888 2544 918 2577 «
959 2524 1119 2582 Beati
1165 2526 1336 2598 pedes
1374 2526 1899 2600 evangelizantium
1925 2544 2033 2600 pa-

315 2633 462 2689 cem,
499 2618 1020 2693 evangelizantium
1069 2619 1215 2677 bona
1267 2622 1421 2681 (Isai.
1452 2623 1574 2687 LlI).
1624 2639 1651 2671 »
1698 2617 1844 2677 Cum
1893 2635 2032 2677 vero

317 2709 376 2769 S.
433 2711 681 2770 Alexius
724 2728 826 2785 per
867 2711 1203 2783 longissima
1246 2717 1568 2784 temporum
1618 2710 1798 2785 spatia
1858 2718 2031 2769 tantas

312 2803 665 2877 paupertatis
699 2803 956 2877 inopiam
1004 2803 1059 2859 in
1111 2802 1322 2874 ignotis
1361 2802 1578 2860 finibus
1612 2808 1938 2860 constanter
1964 2817 2031 2860 ac

312 2893 730 2966 patientissime
777 2893 1031 2967 pertulit,
1084 2897 1223 2950 tunc
1264 2891 1334 2949 ad
1383 2891 1513 2965 ejus
1548 2906 1739 2964 genua
1765 2891 2031 2949 torrentis

310 2998 463 3055 aqua
495 2983 770 3051 surrexit,
789 2982 925 3057 quia
954 2997 1052 3054 spe
1083 2980 1290 3039 mundi
1318 2995 1553 3053 prorsus
1581 2980 1885 3048 exstincta,
1904 2980 2029 3054 jam

309 3072 373 3129 in
407 3071 502 3129 via
552 3070 785 3129 Domini
816 3069 1032 3128 mentis
1069 3085 1191 3127 suae
1221 3068 1463 3143 vestigia
1502 3069 1748 3127 firmiter
1785 3077 1842 3126 et
1870 3069 2087 3162 invi-G

305 3159 563 3218 ctissime
616 3159 903 3218 roboravit
956 3177 969 3216 :
1026 3158 1393 3232 postmodum
1454 3173 1594 3216 vero
1662 3175 1796 3217 cum
1869 3158 2022 3216 intra

304 3251 563 3318 paterna;
603 3246 811 3304 domus
849 3246 994 3304 atria
1033 3245 1281 3318 degeret,
1318 3260 1452 3303 cum
1486 3244 1746 3302 carnales
1783 3246 2023 3304 aﬂ‘ectus

306 3332 568 3406 undique
622 3341 899 3407 cerneret,
961 3351 1096 3393 cum
1149 3340 1453 3408 parentum
1509 3333 2018 3405 necessitudinem,

308 3438 443 3480 cum
477 3429 649 3494 certe,
679 3426 833 3498 quod
864 3423 1160 3483 diﬂicilius
1188 3431 1242 3482 et
1270 3424 1697 3482 intolerabilius
1742 3430 1879 3495 erat,
1917 3440 2019 3482 ve-

304 3519 541 3570 nustam
601 3529 830 3586 sponsae
887 3514 1131 3587 speciem
1185 3530 1216 3570 a
1269 3512 1625 3586 quotidianis
1688 3514 2022 3587 mutuisque

300 3601 704 3675 conspectibus
748 3601 928 3661 vitare
966 3618 1083 3661 non
1132 3609 1335 3676 posset,
1383 3608 1520 3660 tunc
1554 3602 1717 3661 velut
1752 3602 1821 3660 ad
1855 3617 2023 3660 renes

301 3693 428 3765 ejus
494 3708 645 3766 aqua
720 3693 989 3751 torrentis
1063 3692 1360 3758 excrevit;
1421 3694 1558 3766 quia
1617 3693 1700 3751 sic
1774 3693 2021 3751 caelestis

301 3783 585 3857 sapientia
661 3786 852 3842 carnis
929 3785 1054 3856 ejus
1139 3784 1453 3843 'incentiva
1536 3786 1886 3859 perdomuit,
1966 3792 2022 3844 et

297 3870 611 3937 exstinxit;
674 3872 757 3930 sic
813 3874 997 3933 sancti
1051 3872 1298 3947 Spiritus
1359 3874 1530 3932 ardor
1600 3874 1831 3933 lumbos
1895 3875 2021 3949 ejus

295 3976 361 4018 ac
417 3975 584 4018 renes
636 3961 889 4030 excoxit,
956 3967 1019 4019 ut
1069 3961 1212 4019 dum
1284 3962 1587 4021 vasculum
1649 3980 1821 4022 suum
1876 3979 2020 4040 quo-

296 4048 537 4107 tidianis
594 4048 736 4104 145
786 4067 1051 4125 supernae
1112 4051 1314 4125 gratiae
1365 4052 1600 4111 ﬂuentis
1661 4053 2017 4125 infunderet,
2066 4054 2069 4057 ’

294 4137 488 4195 carnis
517 4138 819 4197 exstinctae
861 4138 1126 4198 materies
1168 4140 1399 4198 nullum
1455 4140 1706 4199 titillanti
1764 4140 2018 4199 luxurias

300 4228 571 4287 fomitem
597 4228 967 4288 ministraret.
1009 4230 1099 4288 Ad
1139 4246 1302 4287 renes
1345 4245 1481 4302 ergo
1525 4229 1673 4288 beati
1724 4231 1833 4289 viri
1885 4237 2021 4291 tunc

296 4334 448 4392 aqua
480 4318 760 4391 pervenit,
789 4320 924 4393 quia
950 4319 1199 4394 Spiritus
1219 4328 1451 4378 sanctus
1480 4321 1538 4378 in
1567 4335 1635 4379 eo
1663 4329 2016 4392 exaestuans,

2097 1999 2333 2071 xxxv).
2384 2021 2411 2046 ιι

2118 1818 2190 1876 ab
2242 1818 2501 1876 ubertate
2546 1818 2756 1875 domus
2794 1823 2930 1885 tum,
2974 1820 3030 1872 et
3063 1818 3317 1872 torrente
3363 1805 3677 1886 voluptatis
3723 1819 3837 1871 tuas

2116 1905 2339 1980 potabis
2390 1919 2509 1974 eos,
2557 1901 2836 1975 quoniam
2876 1900 3029 1974 apud
3081 1907 3131 1957 te
3178 1904 3264 1956 est
3310 1898 3441 1957 fons
3490 1897 3625 1955 vita:
3663 1899 3829 1970 (Psal.

2470 1994 2559 2053 Ad
2610 1993 2789 2068 hujus
2841 1991 3114 2050 immensi
3164 1989 3431 2048 torrentis
3472 1989 3538 2048 B.
3584 1990 3835 2048 Alexius

2116 2086 2403 2161 profunda
2467 2085 2687 2142 ﬂuenta
2739 2080 3025 2155 pervenit,
3083 2095 3214 2138 cum
3258 2080 3321 2137 in
3370 2087 3609 2153 paterna
3660 2079 3832 2138 domo

2119 2181 2242 2248 post
2298 2172 2555 2231 victoriae
2600 2169 2869 2244 gloriosae
2920 2168 3285 2241 triumphum
3341 2166 3588 2225 feliciter
3641 2164 3829 2225 obiit:

2119 2263 2514 2336 triumphum,
2570 2260 2848 2334 inquam,
2901 2258 3040 2332 quia
3095 2256 3666 2316 admirandasancti
3716 2256 3826 2314 viri

2118 2352 2295 2427 hujus
2334 2350 2451 2408 vita
2488 2366 2622 2408 vere
2667 2349 3124 2422 triumphusest
3166 2352 3221 2404 et
3267 2361 3416 2405 nova
3447 2350 3620 2418 atque
3659 2344 3832 2403 inau-

2118 2441 2237 2500 dita
2289 2440 2408 2497 fere
2454 2438 2732 2509 victoria;
2762 2452 3032 2510 cumque,
3069 2436 3242 2511 juxta
3281 2432 3682 2509 Propheticam
3728 2449 3829 2492 vo-

2121 2545 2285 2598 cem,
2337 2528 2623 2587 mirabilis
2675 2528 2831 2587 Deus
2893 2526 2967 2584 sit
3022 2526 3083 2584 in
3139 2527 3352 2584 sanctis
3407 2527 3571 2597 (Psal.
3622 2525 3829 2596 LXVII),

2120 2620 2181 2677 in
2213 2620 2389 2694 hujus
2417 2618 2622 2677 invicti
2658 2618 2863 2676 militis
2898 2617 2988 2676 sui
3024 2616 3330 2690 spectaculi
3367 2615 3630 2674 tirocinio
3674 2621 3829 2672 tanto

2116 2710 2439 2769 mirabilior
2495 2708 2737 2781 exstitit,
2789 2714 3004 2783 quanto
3046 2722 3148 2781 per
3198 2707 3358 2764 hunc
3401 2713 3597 2763 contra
3640 2704 3830 2761 carnis

2116 2799 2443 2871 illecebras,
2517 2806 2713 2857 contra
2789 2796 3010 2855 fraudis
3092 2794 3395 2853 diabolicze
3474 2799 3826 2851 tentamenta

2114 2905 2267 2948 novo
2293 2894 2467 2963 atque
2495 2887 2730 2946 insolito
2755 2885 3017 2960 martyrii
3043 2900 3253 2959 genere
3289 2883 3608 2941 dimicavit.

2186 2980 2372 3038 Vetus
2430 2993 2566 3036 sane
2622 2976 2793 3034 tradit
2847 2974 3087 3033 historia
3132 2973 3434 3044 (EUTROP.,
3478 2976 3625 3029 Hist.
3664 2976 3823 3031 Rom.

2116 3067 2216 3126 lib.
2253 3082 2293 3127 II
2339 3067 2399 3124 in
2452 3066 2600 3137 ﬁn.l,
2628 3065 2766 3138 quia
2805 3062 3051 3123 Romani
3094 3078 3231 3121 cum
3276 3061 3827 3135 Carthaginensibus

2112 3156 2302 3214 navali
2340 3155 2655 3214 certamine
2700 3153 3094 3227 conﬂigentes,
3136 3151 3440 3209 obtinuere
3484 3150 3823 3219 victoriam;

2106 3264 2211 3306 nec
2256 3247 2417 3306 ullus
2463 3261 2746 3319 unquam,
2779 3246 2927 3302 sicut
2957 3243 3078 3300 illic
3104 3241 3334 3314 legitur,
3367 3240 3646 3300 Romanis
3687 3256 3823 3314 gra-

2108 3337 2216 3394 tior
2257 3335 2441 3409 potuit
2482 3351 2607 3393 esse
2660 3333 3016 3405 triumphus,
3047 3338 3111 3389 ut
3147 3330 3250 3403 qui
3286 3330 3546 3388 hostibus
3574 3329 3696 3388 suis
3724 3345 3822 3387 ea-

2106 3430 2280 3482 tenus
2347 3424 2582 3481 fuerant
2638 3422 2699 3479 in
2764 3427 2986 3478 terrena
3033 3418 3455 3477 concertatione
3515 3416 3820 3487 terribiles,

2105 3530 2263 3572 nunc
2310 3498 2511 3572 essent
2539 3519 2593 3571 et
2630 3512 2783 3570 inter
2821 3510 3044 3568 marina
3080 3509 3298 3568 ﬂuenta
3331 3509 3589 3565 victores.
3628 3505 3824 3564 Victo-

2104 3604 2190 3662 ria
2236 3603 2414 3676 igitur
2462 3600 2565 3659 illa
2613 3600 2825 3659 idcirco
2876 3597 3059 3671 magis
3105 3612 3257 3668 cara,
3304 3594 3443 3670 quia
3490 3610 3647 3665 rara;
3688 3594 3819 3652 ideo

2103 3691 2236 3766 plus
2290 3689 2561 3765 gloriosa,
2612 3688 2751 3762 quia
2804 3702 2972 3745 nova.
3037 3684 3197 3744 Sicut
3251 3699 3384 3758 ergo
3440 3681 3666 3740 navalis
3720 3681 3821 3739 ille

2106 3783 2458 3855 triumphus,
2486 3780 2623 3855 quia
2660 3794 2868 3848 novus,
2906 3775 3122 3850 gratior
3160 3773 3270 3833 fuit
3303 3774 3533 3843 Romae;
3568 3772 3646 3831 ita
3684 3790 3817 3847 pro-

2107 3873 2251 3930 fecto
2282 3870 2434 3929 beati
2460 3870 2647 3928 virtus
2668 3868 2865 3926 Alexii
2904 3871 3133 3940 propter
3168 3863 3461 3922 insolitam
3501 3862 3815 3921 novitatem

2102 3960 2286 4035 magis
2314 3958 2494 4033 placet
2521 3957 2812 4016 Ecclesiae.

2174 4047 2353 4106 David
2383 4062 2521 4105 sane
2559 4047 2700 4104 dum
2738 4062 2798 4104 se
2840 4060 3032 4103 coram
3078 4043 3257 4102 Achis
3293 4058 3486 4116 regem
3521 4041 3688 4114 Geth,
3723 4042 3820 4101 fu-

2100 4137 2317 4197 riosum
2353 4152 2418 4194 ac
2457 4136 2785 4194 dementem
2821 4133 3015 4205 ﬁnxit,
3062 4133 3323 4207 gladium
3365 4130 3492 4204 ejus
3531 4130 3817 4204 sapienter

2098 4228 2281 4287 evasit
2327 4233 2377 4295 (Ι
2421 4232 2551 4297 Reg.
2584 4232 2713 4297 XII).
2755 4226 3015 4286 Salvator
3055 4232 3246 4284 noster
3280 4221 3574 4281 descendit
3607 4222 3667 4280 in
3710 4229 3819 4282 tar-

2102 4325 2311 4389 tarum,
2373 4334 2492 4377 non
2540 4326 2604 4377 ut
2638 4318 2785 4377 illud
2824 4317 2987 4376 velut
3031 4319 3314 4379 habitator
3346 4317 3488 4376 146
3519 4315 3815 4385 incoleret,

294 4410 574 4485 juvenilis
615 4410 798 4468 aetatis
834 4410 1172 4469 incendium
1215 4418 1271 4469 et
1326 4411 1512 4470 illices
1567 4413 1899 4485 passionum
1949 4408 2197 4485 ti-nsed
2257 4414 2320 4466 ut
2377 4408 2697 4467 destructor
2752 4407 2944 4482 potius
2989 4416 3045 4466 et
3089 4424 3320 4468 eversor
3373 4406 3674 4466 diabolicae
3726 4418 3819 4462 ne-

298 4497 612 4556 tillantium
657 4505 849 4555 motus
883 4496 1106 4555 occulto
1145 4499 1237 4557 sui
1280 4498 1425 4556 roris
1457 4498 1691 4557 madore
1720 4500 2003 4572 perfudit;

296 4591 352 4643 et
377 4586 459 4644 sic
489 4588 724 4644 omnem
756 4586 1012 4644 luxuriae
1043 4585 1320 4658 fomitem,
1354 4587 1455 4660 qui
1490 4587 1549 4644 in
1580 4588 1706 4661 ejus
1740 4587 2012 4647 medullis

296 4682 468 4748 atque
540 4674 862 4733 visceribus
925 4676 1262 4735 naturaliter
1314 4683 1533 4750 poterat
1596 4676 1819 4747 ardere,
1883 4690 2014 4735 con-

296 4763 560 4838 sumpsit.
599 4764 669 4822 Ut
697 4771 889 4822 autem
920 4769 1102 4823 totum
1141 4766 1456 4839 prophetiae
1498 4767 1670 4841 hujus
1711 4766 2009 4826 oraculum

298 4853 460 4911 beato
499 4852 637 4911 huic
675 4852 802 4911 viro
830 4853 1240 4911 convenienter
1267 4861 1512 4928 aptetur,
1545 4856 1695 4915 illud
1726 4857 1900 4914 etiam
1939 4856 2010 4915 ab

299 4959 364 5002 eo
425 4958 539 5001 non
602 4942 878 5012 dissonat,
937 4943 1093 5017 quod
1141 4951 1428 5017 postremo
1471 4945 1591 5019 jam
1648 4946 1836 5005 dictus
1890 4962 2012 5020 pro-

298 5031 469 5105 pheta
508 5037 815 5089 torrentem
863 5032 1110 5090 transire
1161 5048 1272 5090 non
1325 5036 1528 5106 potuit,
1578 5033 1648 5092 de
1687 5050 1803 5109 quo
1842 5035 2015 5093 nimi-

299 5136 428 5178 rum
465 5120 677 5179 dicitur
709 5139 721 5178 :
765 5118 1104 5190 «Quoniam
1152 5121 1559 5180 intumuerant
1587 5139 1755 5197 aqua;
1789 5131 2013 5183 torren-

302 5209 392 5279 tis,
421 5209 525 5284 qui
579 5226 693 5268 non
741 5210 929 5284 potuit
967 5211 1321 5269 transvadari
1367 5214 1578 5283 (Ezech.
1623 5216 1824 5287 XLVII).
1859 5236 1886 5268 »
1934 5215 2014 5273 De

298 5300 491 5374 parvis
528 5308 584 5358 et
622 5301 809 5374 planis
851 5300 1019 5374 aquis
1052 5302 1122 5359 ad
1160 5301 1690 5361 intransmeabilem
1743 5304 2015 5377 profundi

301 5390 570 5449 torrentis
626 5389 1051 5463 plenitudinem
1103 5390 1472 5465 pervenitur;
1533 5392 1669 5466 quia
1718 5394 1787 5451 de
1838 5410 2014 5467 parva

298 5483 794 5558 contemplatione,
850 5483 1041 5555 fugaci
1096 5483 1333 5552 scilicet,
1396 5483 1722 5557 raptimque
1771 5499 2013 5557 conspe-

298 5579 403 5642 cta,
435 5588 551 5647 qua
584 5574 675 5631 vir
702 5570 949 5646 quilibet
978 5577 1210 5630 sanctus
1256 5570 1317 5628 in
1364 5570 1469 5628 hac
1505 5569 1695 5631 adhuc
1727 5572 2014 5645 corrupti-

2033 4462 2083 4520 D

2101 4497 2301 4570 quitiaa
2347 4495 2592 4554 latebras
2634 4495 2953 4569 dissiparet.
3000 4496 3095 4556 Sic
3139 4504 3194 4555 et
3243 4497 3306 4555 Β.
3358 4496 3622 4569 Alexius,
3675 4491 3816 4550 dum

2099 4590 2395 4656 paternam
2426 4584 2664 4642 domum
2718 4590 2994 4659 tanquam
3035 4584 3398 4658 retrogradus
3438 4579 3816 4640 abrenuntia-

2101 4679 2188 4731 tor
2238 4673 2578 4747 ingreditur,
2626 4674 2848 4749 decepit
2891 4676 3093 4734 mundi
3143 4675 3481 4749 principem,
3512 4670 3819 4743 omnisque

2104 4762 2320 4821 fraudis
2351 4772 2524 4837 atque
2552 4765 2793 4824 malitiae
2823 4765 3027 4824 fefellit
3053 4773 3362 4823 auctorem.

2172 4852 2337 4911 Unde
2395 4870 2614 4913 novum
2671 4856 2928 4929 martyrii
2985 4871 3167 4928 genus
3215 4870 3431 4913 novum
3479 4854 3698 4929 praebet
3750 4851 3813 4909 in

2099 4942 2480 5002 admiratione
2533 4946 2941 5018 spectaculum.
2998 4942 3347 5017 Martyribus
3398 4943 3553 5001 enim
3622 4956 3815 5000 carcer

2099 5044 2221 5093 erat
2272 5050 2463 5107 pmna,
2492 5046 2692 5095 catena
2735 5050 3030 5108 pressura;
3069 5033 3165 5092 isti
3223 5050 3360 5093 vero
3417 5033 3646 5108 prepria
3709 5031 3813 5089 do—

2102 5139 2233 5182 mus
2285 5124 2504 5183 auratis
2554 5125 2815 5183 decorata
2871 5122 3139 5181 tricliniis
3183 5131 3304 5181 erat
3344 5123 3580 5180 materia
3627 5127 3811 5178 tenta-

2102 5212 2293 5270 tionis.
2348 5211 2485 5270 Illos
2542 5210 2839 5284 torquebat
2897 5227 3106 5270 manus
3160 5217 3379 5270 armata
3434 5210 3810 5277 carnificum;

2101 5300 2277 5358 istum
2331 5300 2567 5371 gravius
2619 5300 2895 5373 puniebat
2967 5307 3267 5375 conspecta
3321 5299 3579 5374 quotidie
3632 5298 3815 5373 pietas

2099 5393 2448 5465 genitorum.
2501 5390 2567 5449 In
2610 5399 2925 5466 martyrem
2978 5392 3295 5469 quemlibet
3350 5391 3627 5449 fremebat
3673 5389 3812 5447 hor—

2101 5485 2277 5543 renda
2327 5483 2512 5541 rabies
2554 5483 2788 5556 judicis,
2837 5484 2997 5543 hunc
3038 5483 3266 5553 blanda,
3299 5482 3457 5540 mitis
3497 5488 3669 5555 atque
3706 5496 3811 5538 vc-

2102 5579 2272 5631 nusta
2312 5571 2484 5631 facies
2521 5572 2899 5646 impugnabat
2934 5571 3156 5631 uxoris.
3192 5570 3545 5646 Martyribus
3583 5569 3645 5628 in
3680 5567 3816 5628 aula

3847 5257 3904 5316 ο
