4184 6466
346 233 452 294 659

959 230 1018 292 S.
1058 233 1282 294 PETRI
1320 232 1642 293 DAMIANI
1681 230 1841 292 OPP.
1885 228 2077 291 PARS
2116 228 2258 290 SEU
2295 227 2547 290 TOMUS
2582 228 2662 288 II.
2702 258 2771 273 —
2812 228 3229 291 SERMONES.

3748 232 3863 293 660

347 358 678 434 principum
725 359 1096 434 ingerebatur
1141 373 1312 431 pcena
1365 363 1681 428 tortorum;
1730 356 1829 415 hic
1867 361 2061 415 autem
2081 355 2360 428 Acendit,
2422 354 2864 430 supereminens
2932 355 3244 430 praemium
3319 354 3391 414 de
3465 370 3642 415 manu
3713 356 3862 432 justi

347 449 412 507 in
439 449 611 508 domo
635 449 852 524 proprii
885 449 1035 525 juris
1071 448 1446 508 invisibiliter
1476 448 1869 522 torquebatur,
1902 445 2066 506 velut

348 536 411 595 in
466 553 598 597 area
652 537 980 596 tribunalis.
1027 537 1152 594 Illis
1208 537 1395 596 fuerat
1447 552 1618 610 poena
1668 535 2056 610 supplicium;

348 627 489 686 huic
543 626 860 686 econtrario
912 626 1310 684 blandimenta
1371 632 1744 685 tormentum.
1814 625 2065 683 Lazarus

347 717 539 790 plane,
586 716 687 790 qui
740 714 964 788 jacehat
1010 715 1083 772 ad
1123 717 1362 789 januam
1412 715 1629 785 divitis,
1666 714 1889 773 invitus
1926 729 2064 773 esu-

348 805 547 872 riebat,
577 815 632 862 et
658 803 925 862 cadentes
952 804 1022 862 de
1062 820 1261 862 mensa
1304 805 1501 876 micas,
1543 820 1678 878 quas
1714 811 1907 862 tamen
1951 802 2063 862 sibi

348 894 591 952 minime
629 893 932 963 dabantur,
967 894 1195 966 optabat
1246 898 1395 963 (Luc.
1430 898 1596 965 XVI);
1627 894 1783 953 unde
1827 893 2065 967 potioris

346 983 549 1056 procul
586 982 764 1040 dubio
802 983 992 1040 meriti
1024 983 1131 1041 fuit
1169 998 1385 1055 pauper
1416 983 1542 1052 iste,
1574 997 1751 1057 quam
1790 982 2059 1040 Lazarus.

346 1074 450 1132 Ille
500 1074 781 1131 nimirum
835 1089 952 1131 non
994 1074 1162 1131 modo
1220 1089 1426 1147 parum
1464 1073 1606 1149 quid
1645 1074 1924 1148 accipere,
1962 1073 2063 1131 sed

348 1169 403 1221 et
456 1161 723 1231 saturari,
781 1162 929 1221 sicut
993 1162 1215 1220 Veritas
1280 1163 1563 1237 perbibet,
1619 1163 1905 1237 cupiebat,
1966 1163 2062 1222 cui

351 1259 540 1309 tamen
609 1251 884 1310 alimenta
954 1269 1123 1311 nemo
1184 1254 1630 1312 misericorditer
1682 1253 2058 1328 indulgebat;

345 1341 451 1399 iste
500 1356 634 1399 vero
684 1356 818 1400 cum
872 1340 981 1399 sibi
1024 1348 1361 1414 sumptuosa
1409 1342 1748 1401 divitiarum
1793 1343 2061 1402 omnium

347 1430 510 1503 copia
566 1429 721 1488 ultro
779 1437 1120 1502 suppeteret,
1180 1446 1314 1488 cum
1366 1431 1557 1489 omnis
1622 1431 1801 1504 hujus
1856 1432 2061 1490 mundi

345 1518 531 1591 gloria
574 1534 635 1577 se
675 1518 786 1576 sibi
825 1517 1183 1590 dignaretur,
1216 1518 1394 1592 gratis
1434 1521 1683 1591 offerret,
1726 1519 1845 1578 imo
1889 1520 2061 1579 etiam

346 1606 568 1666 nolenti
603 1623 665 1665 se
709 1605 992 1666 violenter
1036 1609 1341 1681 ingereret,
1383 1608 1581 1667 omnia
1626 1609 1857 1683 repulit,
1911 1625 2061 1667 cun-

2146 445 2601 505 remuneratoris
2647 443 2880 518 accepit.
2926 444 3055 519 Ipse
3104 445 3317 519 quippe
3370 444 3555 504 factus
3583 450 3671 504 est
3706 461 3863 519 prm-

2148 536 2335 594 mium
2393 535 2810 607 retributionis,
2873 536 2977 610 qui
3029 535 3143 595 sibi
3204 535 3392 594 fuerat
3451 551 3623 594 causa
3674 544 3865 595 certa-

2148 624 2347 695 minis,
2373 630 2427 683 et
2456 625 2559 699 qui
2597 624 2788 683 fuerat
2822 632 3020 685 auctor
3053 640 3282 699 pugnae,
3316 624 3504 683 factus
3536 630 3622 684 est
3650 639 3866 686 corona

2147 714 2425 787 victoriae,
2464 714 2632 773 Jesus
2681 712 2942 773 Christus
2993 714 3279 773 Dominus
3333 717 3543 779 noster,
3586 714 3691 789 qui
3724 729 3865 773 cum

2149 803 2266 863 Deo
2301 805 2467 863 Patre
2493 809 2550 861 et
2588 803 2807 878 Spiritu
2836 813 3031 864 sancto
3059 803 3207 864 vivit
3244 809 3301 862 et
3328 809 3530 878 regnat
3555 803 3619 863 in
3650 804 3866 865 saecula

2149 894 2517 953 saeculorum.
2552 894 2760 952 Amen.
3490 904 3498 911 ·

2714 1002 2742 1028 *
2783 998 3031 1059 SEBMO
3082 999 3291 1059 XXIX.

2327 1085 2402 1131 ne
2427 1084 2652 1132 SANCTA
2695 1084 2885 1131 mam
2930 1084 3314 1132 MAGDALENA.
3348 1075 3508 1147 (XXII
3541 1075 3688 1138 IUL.)

2219 1163 2406 1223 Hodie
2448 1163 2838 1222 misericordia
2875 1168 2932 1221 et
2978 1164 3190 1221 veritas
3229 1162 3609 1223 obviaverunt
3641 1164 3776 1236 sibi,
3814 1172 3874 1226 et

2148 1252 2459 1313 multitudo
2505 1252 2941 1311 miserationum
2981 1251 3215 1310 Domini
3261 1251 3325 1310 in
3370 1254 3744 1327 peccatricem
3784 1255 3871 1313 fe-

2148 1344 2369 1402 minam
2402 1346 2554 1411 (Luc.
2598 1347 2703 1411 VII)
2754 1343 2947 1400 refusa
2995 1347 3101 1399 est.
3147 1341 3333 1400 Filius
3380 1344 3538 1401 enim
3583 1342 3869 1417 Virginis,

2149 1431 2493 1506 peccatricis,
2538 1436 2911 1488 menstruatae
2946 1428 3216 1487 manibus
3253 1435 3610 1504 attrectatur;
3648 1431 3871 1492 Deum-

2148 1537 2280 1595 que,
2302 1526 2358 1578 et
2385 1519 2488 1578 Dei
2523 1519 2743 1578 Filium
2771 1518 2983 1578 mulier
3009 1518 3302 1576 inﬁrmata
3321 1520 3621 1595 contingit.
3654 1522 3872 1597 Tangit

2148 1610 2321 1683 pedes
2347 1608 2574 1679 mundi,
2606 1614 2778 1682 atque
2807 1607 3145 1667 mundantis
3179 1608 3509 1682 immunda,
3549 1618 3606 1670 et
3629 1612 3705 1671 ad
3738 1628 3869 1672 ves-

346 1702 436 1754 cta
505 1696 892 1770 contempsit,
950 1697 1402 1756 irrevocabiliter
1474 1705 1770 1758 aversatus
1813 1698 2288 1774 ‘abjecit.Btigia
2324 1694 2604 1755 Creatoris
2645 1695 2858 1755 mulier
2894 1695 3208 1755 criminosa
3254 1699 3597 1770 procumbit.
3633 1700 3871 1760 Transit

348 1783 393 1843 Ο
432 1791 735 1843 strenuum
785 1784 995 1844 Christi
1046 1786 1328 1844 militem!
1375 1801 1409 1844 o
1466 1802 1704 1861 prorsus
1750 1788 2059 1862 invictum,

347 1879 404 1931 et
435 1873 608 1931 nimis
633 1873 924 1945 insignem
965 1875 1214 1933 caelestis
1239 1876 1469 1933 militia
1496 1876 1832 1935 bellatorem
1868 1881 1879 1935 l

418 1961 486 2019 In
521 1960 850 2021 Annalibus
889 1970 1041 2021 certe
1071 1962 1287 2035 legitur
1319 1963 1719 2024 Romanorum
1757 1966 2060 2038 (EUTROP.,

346 2053 493 2107 Hist.
524 2055 675 2109 Rom.
713 2050 812 2108 lib.
862 2063 923 2109 III
964 2050 1025 2109 in
1065 2050 1453 2127 princ.),quia
1485 2053 1795 2112 Marcellus
1835 2053 2061 2124 consul,

345 2147 488 2205 dum
537 2146 877 2219 imprudens
930 2146 995 2203 in
1048 2162 1258 2205 manus
1313 2147 1573 2206 hostium
1630 2148 1947 2221 incidisset,
2008 2155 2067 2207 et

348 2250 558 2293 corona
609 2235 1005 2294 circumdante
1067 2234 1389 2306 Gallorum,
1437 2236 1692 2308 nullum,
1742 2253 1843 2311 per
1890 2252 2064 2311 quem

348 2334 537 2400 posset
587 2326 848 2397 evadere,
909 2325 1130 2383 aditum
1183 2327 1479 2398 reperiret,
1543 2334 1779 2400 repente
1826 2327 1891 2385 in
1942 2343 2067 2385 me-

350 2416 514 2475 dium
560 2415 813 2474 hostium
862 2416 1325 2475 ferventissimus
1357 2415 1601 2474 bellator
1629 2417 1936 2489 immersit,
1965 2433 2065 2476 eo—

348 2519 596 2576 rumque
635 2520 849 2580 regem,
881 2502 1299 2563 Virdumarum
1330 2503 1764 2578 [Vitromarum]
1811 2505 2066 2577 nomine,

352 2597 575 2657 cunctis
616 2597 910 2673 inopinata
958 2597 1200 2655 audacia
1234 2596 1536 2671 perculsis,
1588 2596 1832 2667 occidit;
1876 2605 1933 2656 et
1966 2596 2070 2656 ubi

354 2703 563 2759 magna
609 2687 902 2745 videretur
965 2685 1299 2760 provenisse
1358 2684 1617 2754 victoria,
1674 2685 1724 2743 si
1785 2684 2072 2745 duntaxat

353 2778 637 2836 immunis
688 2778 1012 2850 aufugeret,
1057 2775 1193 2835 inde
1224 2776 1375 2835 ultra
1409 2791 1641 2833 omnem
1690 2791 1850 2849 spem
1888 2776 2071 2848 opimi

355 2865 523 2937 spolii
564 2865 871 2923 manubias
924 2864 1253 2938 reportavit.
1299 2862 1393 2923 Sic
1445 2864 1730 2922 nimirum
1773 2870 1831 2922 et
1879 2871 2073 2922 noster

356 2953 463 3011 iste
516 2952 846 3022 Marcellus,
895 2968 1010 3010 non
1063 2955 1187 3026 jam
1239 2961 1631 3027 propugnator
1682 2954 1915 3024 Romae,
1973 2952 2071 3011 sed

356 3047 570 3100 sanctae
605 3040 773 3099 miles
818 3041 1115 3111 Ecclesiae,
1148 3057 1280 3099 cum
1323 3057 1531 3114 magna
1558 3056 1677 3099 non
1704 3041 2070 3101 dubitaretur

356 3144 482 3187 esse
520 3128 781 3200 victoria,
817 3128 865 3186 si
912 3129 983 3185 de
1034 3136 1144 3185 tam
1180 3127 1390 3201 amplis
1418 3135 1474 3185 et
1503 3128 1830 3201 magniﬁcis
1866 3129 2074 3204 Opibus

356 3217 551 3277 nudus
587 3218 909 3292 aufugeret,
954 3233 1071 3276 non
1112 3217 1375 3277 sufﬁcere
1413 3217 1523 3276 sibi
1574 3218 1774 3277 visum
1812 3224 1919 3286 est,
1959 3219 2074 3278 nisi

359 3314 415 3366 et
442 3308 679 3365 domum
714 3306 961 3377 rediens,
1010 3306 1395 3366 intolerabilia
1425 3313 1625 3366 contra
1663 3324 1724 3366 se
1759 3307 2077 3366 certamina

364 3395 668 3455 ultroneus
696 3404 1041 3467 provocaret.
1079 3394 1190 3455 Sed
1231 3396 1306 3454 ab
1334 3395 1458 3469 ipso
1486 3395 1754 3468 Domino,
1787 3396 1890 3471 qui
1921 3396 2079 3455 vide-

364 3486 494 3543 licet
526 3490 725 3544 auctor
750 3485 1053 3558 virtutum,
1087 3491 1143 3544 et
1168 3486 1293 3544 dux
1334 3491 1420 3543 est
1446 3485 1796 3559 spiritalium
1833 3485 2076 3546 bellato-

363 3589 517 3645 rum,
545 3571 825 3647 jubemur
867 3575 1101 3648 quidem
1155 3580 1362 3633 cuncta
1395 3572 1706 3647 dimittere,
1736 3590 1853 3634 non
1882 3580 2077 3634 autem

363 3661 639 3722 adversus
668 3678 735 3721 ea
758 3663 1035 3738 quotidie,
1071 3663 1230 3722 velut
1254 3678 1466 3723 manus
1496 3662 1750 3722 invicem
1774 3665 2079 3724 conferen-

370 3758 469 3821 tes,
520 3751 786 3811 cominus
827 3752 1145 3812 dimicare:
1184 3752 1499 3811 Israelitico
1542 3753 1828 3812 nimirum
1867 3754 2080 3828 populo

368 3843 563 3900 exitus
589 3859 663 3900 ex
694 3843 943 3919 Egyplo
972 3845 1308 3919 praecipitur
1339 3846 1541 3917 (Emod.
1574 3850 1686 3917 III),
1717 3861 1835 3905 non
1862 3846 2082 3907 reditus

371 3937 705 4010 imperatur.
752 3940 1041 3997 Abraham
1111 3956 1376 4014 egressus
1425 3946 1510 3997 est
1556 3940 1627 3998 de
1678 3947 1826 4001 terra
1867 3958 1975 4001 sua
2010 3941 2082 3999 ad

372 4025 606 4084 Domini
648 4026 909 4096 jubentis
961 4028 1271 4101 imperium
1322 4030 1475 4099 (Gen.
1508 4034 1617 4097 XII)
1652 4052 1665 4099 ;
1699 4030 1797 4090 sed
1828 4038 2082 4104 postmo-

374 4118 517 4173 dum
563 4132 929 4190 nequaquam
970 4116 1137 4175 rediit
1166 4118 1236 4174 ad
1268 4117 1524 4175 rediviva
1566 4120 1881 4177 certamina
1910 4119 2085 4178 Chal-

375 4204 655 4262 dzeorum.
688 4204 891 4263 Petrus
919 4221 1021 4279 per
1056 4206 1333 4278 angelum
1366 4207 1647 4265 excitatus
1684 4208 2085 4267 Herodianum

377 4291 631 4350 deseruit
669 4307 953 4351 carcerem
1004 4297 1148 4366 (Act.
1199 4298 1325 4368 XII),
1366 4297 1464 4354 sed
1505 4312 1620 4355 non
1664 4298 1855 4356 denuo
1893 4313 2086 4357 rever-

380 4397 481 4439 sus
509 4382 691 4439 estad
717 4381 1023 4441 Herodem.
1058 4382 1283 4444 Sufﬁcit
1315 4387 1551 4461 ergo,{si
1579 4392 1803 4446 tantum
1833 4403 2089 4461 possessa

380 4471 788 4545 relinquimus,
816 4488 926 4531 nec
973 4481 1249 4548 superest,
1299 4483 1364 4535 ut
1403 4492 1605 4536 rursus
1650 4477 1719 4535 ad
1765 4494 1963 4537 eorum
2006 4485 2093 4537 to-

382 4560 618 4618 leranda
652 4560 963 4619 certamina
995 4562 1316 4623 redeamus.

466 4648 608 4704 147
628 4649 813 4723 Igitur
832 4650 897 4710 B.
914 4652 1162 4712 Alexius
1183 4670 1317 4713 cum
1340 4662 1564 4715 terrena
1583 4672 1830 4732 quaeque
1849 4657 2091 4730 dimisit,

381 4754 517 4798 cum
547 4755 682 4813 opes
711 4757 913 4801 omnes
940 4749 1115 4817 atque
1152 4743 1384 4804 divitias
1426 4746 1645 4819 paterni
1677 4746 1830 4819 juris
1864 4746 2091 4821 abjecit,

384 4844 656 4901 supernae
693 4833 976 4906 jussionis
1038 4835 1304 4893 mandata
1341 4837 1485 4908 (Luc.
1526 4837 1692 4909 XVIII)
1736 4837 2090 4911 complevit;

383 4935 522 4979 cum
568 4936 705 4979 vero
743 4922 814 4980 ad
864 4924 1091 4995 propria
1133 4923 1324 4995 rediit,
1357 4924 1788 4983 abrenuntiator
1830 4926 2096 4999 egregius

384 5017 598 5070 metam
641 5011 839 5083 procul
887 5011 1065 5071 dubio
1109 5012 1328 5070 divinae
1384 5010 1528 5086 legis
1567 5014 1830 5072 excessit.
1860 5015 1927 5072 Et
1955 5015 2097 5089 quia

385 5114 719 5157 mensuram
765 5100 1000 5169 bonam,
1045 5107 1101 5159 et
1158 5102 1473 5159 confertam
1534 5107 1590 5160 et
1641 5102 1981 5176 coagitatam
2033 5102 2096 5160 in

385 5190 581 5248 sinum
627 5204 801 5248 suum
858 5188 1025 5247 electi
1072 5190 1291 5265 quique
1341 5189 1663 5263 recipiunt;
1694 5196 1750 5249 et
1786 5188 2101 5263 unusquis-

386 5295 498 5354 que
528 5280 819 5353 pr0priam
857 5278 1178 5337 mercedem
1218 5279 1418 5353 recipit
1448 5280 1770 5339 secundum
1806 5294 1979 5338 suum
2015 5280 2097 5336 Ia-

388 5368 585 5425 borem
616 5373 667 5438 (Ι
693 5372 810 5426 Cor.
842 5374 959 5441 III);
997 5367 1534 5427 immensurabilem
1572 5368 1665 5426 hic
1691 5368 1943 5442 possidet
1975 5368 2098 5441 glo-

392 5456 559 5527 riam,
592 5459 693 5529 qui
749 5475 862 5518 non
922 5460 1109 5518 tenuit
1158 5459 1218 5517 in
1264 5458 1461 5517 labore
1498 5474 1852 5518 mensuram.
1897 5459 1965 5516 Et
1996 5459 2099 5532 qui

390 5547 782 5619 evangelicam
817 5550 1076 5623 regulam
1121 5550 1184 5607 in
1221 5549 1313 5608 sui
1352 5547 1683 5607 certaminis
1707 5564 1891 5622 agone
1920 5552 2101 5608 trans-

2145 1788 2207 1845 in
2228 1787 2501 1844 atfectum
2521 1784 2710 1843 cordis
2729 1785 3188 1858 praevaricatrix,
3217 1793 3272 1844 et
3298 1786 3445 1845 redit
3464 1788 3536 1846 ad
3557 1803 3672 1859 eor,
3694 1794 3873 1862 atque

2144 1874 2612 1948 magnitudinem
2640 1873 2923 1933 scelerum
2959 1873 3347 1949 lacrymarum
3385 1877 3702 1937 multitudo
3727 1895 3872 1937 con-

2144 1963 2396 2022 demnat.
2428 1963 2763 2022 Dissimulat
2810 1964 2992 2037 pietas
3034 1964 3321 2037 tangentis
3351 1965 3625 2037 officium,
3666 1977 3725 2025 et
3761 1967 3873 2026 ob-

2147 2052 2483 2127 sequiorum
2522 2051 2860 2110 instantiam
2897 2053 3393 2115 remuneratorius
3428 2054 3526 2113 ille
3553 2054 3873 2130 majestatis

2147 2142 2352 2202 oculus
2403 2142 2557 2201 felici
2614 2141 3026 2215 dedignatione
3082 2157 3199 2200 non
3251 2142 3509 2218 inspicit.
3561 2145 3874 2205 Osculatur

2146 2231 2328 2289 Maria
2371 2231 2545 2305 pedes
2593 2230 2808 2289 Christi
2860 2230 3265 2305 frequentibus
3315 2233 3551 2304 osculis,
3585 2241 3642 2291 et
3680 2232 3873 2292 oculis

2147 2318 2575 2380 inundantibus
2626 2316 2873 2391 vestigia
2918 2317 3319 2391 Redemptoris
3354 2319 3654 2392 infundit,
3696 2319 3869 2393 tergit

2149 2408 2431 2477 crinibus,
2472 2405 2776 2465 odoriferis
2824 2406 3004 2464 illinit
3052 2413 3108 2465 et
3152 2406 3359 2466 irrorat
3395 2408 3733 2482 unguentis.
3763 2408 3871 2467 Vi-

2152 2498 2265 2568 det,
2308 2503 2365 2555 et
2416 2496 2640 2554 invidet
2701 2496 3121 2569 singularitatis
3176 2503 3415 2570 amator,
3454 2503 3510 2556 et
3551 2504 3874 2571 utrumque

2151 2587 2445 2660 redarguit
2483 2586 2764 2645 Pharisaei
2794 2586 3087 2661 jactantia,
3115 2584 3289 2647 illum
3325 2586 3694 2662 ignorantiae,
3718 2604 3871 2663 prae-

2154 2677 2501 2750 sumptionis
2526 2676 2710 2734 illam.
2738 2675 2851 2736 Sed
2879 2677 3207 2736 deliberans
3231 2678 3597 2753 providentia
3623 2695 3870 2752 suspen-

2153 2766 2238 2825 dit
2259 2766 2572 2841 judicium,
2607 2766 2749 2824 dum
2780 2766 3006 2824 affectat
3033 2766 3401 2841 obsequium,
3431 2773 3489 2825 et
3517 2766 3870 2826 invectivam

2156 2858 2365 2917 retinet
2439 2863 2839 2930 praeparatam,
2896 2856 3078 2915 donec
3139 2857 3338 2916 Mariae
3403 2857 3754 2917 sacrificium
3811 2858 3875 2917 in

2155 2946 2557 3006 holocaustum
2624 2952 2996 3018 pertranseat.
3075 2946 3344 3005 Gaudent
3420 2947 3611 3020 angeli
3699 2962 3877 3020 super

2153 3036 2464 3110 peccatrice
2515 3036 2916 3110 paenitentiam
2961 3044 3165 3112 agente
3220 3041 3368 3107 (Luc.
3415 3038 3543 3109 xv),
3580 3042 3639 3095 et
3682 3036 3877 3095 odoris

2162 3130 2482 3204 fragrantia
2527 3131 2776 3190 ccelestis
2814 3130 2915 3189 ille
2969 3137 3291 3190 conventus
3338 3129 3701 3205 aspergitur,
3758 3129 3876 3188 sal-

2162 3227 2511 3295 vantemque
2564 3227 2620 3278 et
2682 3220 3019 3279 salvandam
3062 3227 3237 3279 totam
3281 3219 3693 3280 misericordias
3736 3218 3875 3277 dul-

2162 3311 2299 3369 cedo
2323 3309 2621 3383 procingit.
2658 3309 2770 3367 Ubi
2800 3308 3120 3369 abundavit
3153 3317 3474 3386 peccatum,
3503 3309 3874 3385 superabun-

2163 3398 2261 3457 dat
2314 3393 2497 3471 gratia
2553 3401 2722 3469 (Rom.
2777 3399 2871 3467 V);
2926 3404 2982 3455 et
3030 3399 3506 3458 numerositatem
3559 3398 3872 3457 criminum

2162 3488 2612 3564 praeponderans
2638 3488 2820 3562 pietas
2860 3489 3213 3548 intercludit.

2234 3574 2421 3645 Quam
2462 3590 2675 3649 magna
2716 3575 3031 3634 multitudo
3078 3576 3403 3634 dulcedinis
3453 3583 3589 3647 tute,
3633 3576 3881 3636 Domine

2167 3668 2336 3737 (Psal.
2369 3675 2546 3736 XXX),
2580 3663 2644 3723 in
2691 3663 3023 3738 peccatricis
3067 3666 3461 3724 confessione!
3498 3665 3683 3737 Quam
3725 3666 3883 3737 justa

2166 3754 2539 3830 reprehensio
2585 3754 2649 3813 in
2679 3753 2958 3813 Pharisaei
2993 3754 3263 3829 superbia
3298 3762 3354 3814 et
3390 3755 3693 3814 abusione.
3718 3755 3881 3815 Enu-

2170 3852 2428 3905 meratur
2467 3844 2841 3921 obsequentis
2889 3846 3258 3919 obsequium,
3317 3853 3374 3904 et
3419 3861 3522 3921 per
3575 3843 3884 3919 obliquum

2170 3936 2426 4009 tangitur
2462 3934 2819 4008 indignantis
2857 3934 3154 4010 iniquitas,
3187 3942 3302 3994 tota
3327 3933 3558 3994 litterati
3585 3934 3883 3993 cohaeren-

2171 4025 2250 4084 tia
2296 4023 2550 4083 Simonis
2594 4023 2880 4082 invidiam
2912 4023 3308 4098 impugnante.
3342 4024 3411 4082 Et
3439 4024 3576 4097 quia
3608 4023 3712 4082 ubi
3753 4022 3887 4096 Spi-

2173 4114 2319 4172 ritus
2372 4112 2625 4186 Domini,
2680 4114 2763 4173 ibi
2816 4114 3046 4172 libertas
3091 4117 3169 4183 (II
3203 4117 3320 4173 Cor.
3355 4118 3466 4185 III);
3512 4113 3889 4172 dimittuntur

2172 4203 2264 4261 illi
2302 4211 2549 4276 peccata,
2593 4217 2726 4276 quae
2777 4203 3032 4261 multum
3074 4202 3300 4275 diligit;
3334 4201 3454 4260 imo
3489 4202 3888 4261 immittuntur

2176 4293 2284 4366 illi,
2311 4293 2415 4367 qui
2454 4292 2707 4352 multum
2752 4292 3010 4367 negligit.
3059 4291 3187 4351 Non
3230 4300 3349 4351 erat
3376 4293 3615 4352 satiatus
3641 4292 3715 4350 ab
3742 4291 3885 4351 ube-

2178 4383 2341 4442 ribus
2381 4398 2625 4457 sponsaa,
2668 4398 2775 4440 nec
2826 4381 3093 4441 induerat
3149 4382 3562 4456 compassionis
3613 4382 3886 4441 affectum

2179 4472 2362 4545 legem
2421 4471 2702 4545 relegens,
2763 4487 2896 4545 quae
2957 4471 3409 4530 misericordiam
3470 4471 3673 4541 nescit,
3722 4471 3887 4530 novit

2171 4565 2476 4639 justitiam.
2511 4564 2635 4621 Lex
2659 4564 2803 4622 dura
2840 4563 3022 4634 duris,
3059 4570 3115 4621 et
3142 4563 3382 4637 lapideis
3410 4558 3773 4638 promulgata
3794 4580 3890 4638 pa-

2180 4664 2298 4715 rata
2337 4659 2652 4730 percutere,
2682 4654 2873 4713 nescia
2905 4654 3187 4714 misereri.
3230 4651 3371 4709 148
3409 4654 3533 4712 Lex
3572 4653 3891 4713 excludens

2178 4744 2535 4823 pmnitentize
2588 4745 2802 4818 locum,
2870 4747 3103 4805 veniam
3172 4761 3410 4819 negans,
3468 4744 3891 4804 emendationis

2180 4839 2402 4912 ignara.
2459 4837 2583 4895 Lex
2635 4837 2841 4896 vinum
2905 4837 3145 4909 durum,
3193 4845 3249 4897 et
3291 4838 3545 4904 acidum,
3586 4837 3657 4895 de
3707 4836 3891 4895 botris

2185 4923 2563 4984 amarissimis
2598 4924 2939 4998 eliquatum,
2990 4933 3388 4984 consecratum
3449 4922 3681 4997 feritati,
3734 4921 3892 4981 deri-

2187 5021 2382 5073 vatum
2410 5013 2626 5083 Israeli,
2662 5012 2946 5072 Salvatori
2972 5012 3361 5089 propinatum.
3393 5010 3635 5082 Vinum,
3673 5010 3746 5069 de
3775 5025 3891 5082 quo

2181 5102 2383 5161 dentes
2430 5101 2753 5160 bibentium
2805 5104 3238 5177 obstupescunt,
3292 5117 3408 5160 non
3461 5100 3533 5159 de
3594 5098 3893 5173 genimine

2185 5191 2319 5251 vitis
2346 5191 2530 5261 illius,
2559 5193 2711 5266 quod
2742 5190 3003 5251 Salvator
3031 5191 3179 5250 bibit
3214 5206 3429 5250 novum
3472 5190 3534 5248 in
3566 5204 3745 5264 regno
3780 5189 3891 5248 Pa-

2186 5282 2286 5340 tris
2319 5281 2409 5339 sui
2438 5284 2584 5351 (Luc.
2628 5283 2772 5354 XXI).
2812 5279 2960 5340 Vere
3006 5280 3242 5337 meliora
3280 5287 3417 5337 sunt
3455 5280 3632 5337 ubera
3663 5292 3891 5352 sponsae

2184 5371 2323 5430 vino
2362 5370 2470 5428 isto
2520 5371 2690 5443 (Cant.
2725 5370 2779 5444 I).
2821 5362 3101 5439 Quaenam
3143 5374 3341 5427 autem
3387 5375 3521 5427 sunt
3561 5365 3709 5426 illa?
3752 5365 3889 5425 Pro—

2185 5462 2347 5519 cedat
2388 5459 2450 5517 in
2490 5458 2747 5517 medium
2796 5457 3014 5518 Paulus
3065 5455 3376 5530 apostolus,
3409 5464 3465 5514 et
3510 5456 3691 5515 ubera
3736 5454 3890 5514 felici

2187 5550 2333 5609 lacte
2386 5547 2677 5608 manantia
2736 5546 2902 5607 nobis
2955 5545 3225 5619 assignet.
3260 5566 3288 5600 α
3338 5544 3621 5619 Gaudere,
3670 5544 3888 5622 inquit,
