4184 6456
355 239 458 301 661

1862 243 2112 305 SERMO
2148 245 2357 305 XXIX.

3754 238 3864 300 662

354 378 493 424 cum
519 362 928 437 gaudentibus,
957 371 1012 424 et
1040 366 1174 426 ﬂere
1203 382 1340 427 cum
1366 367 1640 428 ﬂentibus
1664 372 1834 434 (Rom.
1869 370 1996 442 XII).
2027 369 2387 442 nAgrantia,
2423 367 2639 442 inquit,
2672 367 2986 441 unguentis
3025 366 3259 441 optimis
3297 367 3473 438 (Cant.
3510 366 3573 436 I).
3606 387 3628 416 ι»
3670 363 3860 437 Digna

355 453 589 527 Oquam
602 452 1147 514 brevisermunculo
1162 456 1334 515 totius
1345 457 1639 531 religionis
1652 458 2068 531 depinxitinsi-

352 557 490 615 gae,
511 547 629 600 tam
651 542 900 616 eleganti
921 543 1183 603 clausula
1204 548 1499 620 proposuit
1521 547 1807 619 pietatem,
1827 548 2068 622 aequita-

2150 473 2385 531 prorsus
2445 458 2642 528 ubera,
2679 457 2751 515 de
2803 456 3018 531 quibus
3073 455 3365 529 eliquatur
3425 457 3859 526 unguentorum

2147 546 2427 615 inﬁnitas,
2454 546 2688 604 odorata
2725 544 3095 616 diﬂluxione,
3133 544 3426 602 civitatem
3464 541 3568 600 Dei
3606 540 3859 599 viventis

355 638 472 692 tem
511 631 727 702 statuit,
762 632 1059 691 submovit
1094 634 1398 693 invidiam.
1431 634 1538 693 His
1569 636 1845 695 uberibus
1884 643 2066 695 mater
2148 635 2603 710 circumquaque
2644 649 3000 707 respergens.
3028 632 3167 690 Haec
3197 639 3335 691 sunt
3363 636 3680 704 unguenta,
3722 644 3859 703 qua)

354 723 610 783 Ecclesia
652 724 818 783 lactat
866 724 1249 797 proficientes,
1293 726 1572 798 perfectos
1608 727 1810 786 nutrit.
1846 748 1875 781 ς(
1907 729 2062 788 Gau-

351 812 511 883 dere,
537 812 753 886 inquit,
781 829 915 871 cum
943 814 1348 885 gaudentibus.
1395 839 1420 865 ι)

426 902 690 961 Facessat
726 901 863 961 hinc
921 903 1218 961 saecularis
1254 904 1494 977 plausus
1530 907 1778 979 insania,
1813 910 1869 963 et
1914 906 2063 964 laeti-

353 991 432 1050 tia
465 991 784 1050 mundialis
811 991 1113 1062 abscedat;
1143 992 1281 1066 quia
1306 1009 1422 1052 non
1452 1002 1537 1053 est
1564 997 1816 1068 gaudere
1841 994 2060 1070 impiis,

350 1078 493 1138 dicit
543 1079 829 1139 Dominus
863 1082 1039 1149 (Psal.
1092 1084 1315 1150 XLVIII).
1374 1082 1649 1157 Nunquid
1709 1084 1944 1155 illorum
1997 1099 2064 1142 os

346 1168 567 1243 gaudio
600 1170 807 1244 repleri
844 1171 1118 1242 aestimas,
1150 1172 1249 1246 qui
1280 1172 1553 1231 laetantur
1581 1190 1713 1232 cum
1753 1173 2061 1232 malefece-

350 1258 490 1329 rint,
525 1265 579 1317 et
606 1258 899 1317 exsultant
927 1260 988 1318 in
1029 1260 1199 1319 rebus
1246 1263 1563 1335 pessimis?
1602 1268 1776 1337 (Prov.
1831 1266 1910 1335 II.)
1956 1264 2061 1323 Vel

346 1345 460 1416 illi,
486 1346 587 1421 qui
617 1346 887 1408 laudibus
910 1347 1224 1408 adulatoris
1247 1352 1569 1424 rapiuntur,
1603 1352 1821 1411 divina)
1842 1352 2058 1425 jubila-

350 1434 527 1494 tionis
570 1452 859 1509 agnovere
906 1437 1166 1496 laetitiam
1194 1437 1221 1497 ?
1250 1440 1528 1514 Nunquid
1578 1442 1680 1515 qui
1733 1441 2061 1505 vestiuntur

347 1539 611 1598 purpura
650 1532 707 1583 et
758 1524 951 1599 bysso,
993 1534 1049 1585 et
1085 1527 1395 1601 epulantur
1445 1530 1705 1603 quotidie
1759 1529 2059 1603 splendide

350 1613 499 1681 (Luc.
528 1614 675 1682 XVI),
716 1612 996 1685 gaudium
1035 1621 1091 1672 et
1145 1614 1401 1673 lmtitiam
1438 1614 1820 1675 obtinebunt?
1870 1616 2056 1686 Absit,

2150 725 2348 797 regina
2389 724 2535 782 Saba
2572 723 2767 783 attulit
2802 722 2862 781 iu
2903 722 3292 793 Hierusalem,
3329 722 3401 780 de
3453 721 3671 795 quibus
3720 719 3861 778 dicit

2152 812 2447 885 Scriptura
2483 832 2494 871 :
2536 837 2557 864 ι
2590 814 2717 871 Non
2740 819 2877 872 sunt
2904 812 3075 871 allata
3108 812 3257 870 ultra
3294 816 3567 880 aromata,
3604 814 3721 867 tam
3750 825 3858 882 op-

2148 901 2308 972 tima,
2338 917 2513 974 quam
2539 918 2607 959 ea
2642 917 2776 974 quae
2812 901 2967 959 dedit
3006 901 3207 973 regina
3243 900 3391 959 Saba
3434 898 3729 958 Salomoni
3765 900 3863 971 (III

2146 996 2281 1060 Reg.
2315 997 2400 1063 X).
2442 1012 2468 1044 ι

2217 1080 2403 1150 Quam
2459 1080 2811 1138 excellenter
2867 1080 3132 1154 apposuit
3192 1080 3408 1152 optima
3469 1079 3705 1154 spiritus
3759 1076 3861 1136 ille

2147 1170 2393 1238 subtilis,
2430 1170 2532 1244 qui
2578 1177 2751 1227 totam
2797 1170 2909 1227 sibi
2953 1170 3087 1227 libri
3135 1170 3311 1244 hujus
3355 1169 3502 1243 rapit
3546 1166 3861 1243 possessio-

2147 1272 2301 1313 nem.
2336 1256 2435 1314 Est
2461 1257 2620 1315 enim
2661 1264 3026 1330 unguentum
3069 1257 3309 1326 bonum,
3347 1256 3499 1330 quod
3540 1253 3719 1313 Maria
3757 1267 3858 1327 pe-

2146 1343 2320 1401 dibus
2372 1344 2683 1403 Salvatoris
2738 1345 2954 1403 infudit
3001 1349 3151 1415 (Luc.
3197 1350 3323 1413 VII).
3374 1344 3475 1401 Est
3521 1350 3575 1400 et
3626 1341 3857 1411 melius,

2146 1435 2303 1508 quod
2329 1435 2550 1506 eadem,
2579 1435 2627 1492 si
2658 1441 2848 1493 tamen
2873 1436 3093 1504 eadem,
3119 1451 3291 1507 super
3318 1440 3486 1507 caput
3513 1434 3858 1493 recumben-

2148 1522 2218 1581 tis
2246 1524 2451 1583 eﬁ'udit
2487 1528 2667 1595 (Joan.
2707 1530 2839 1594 XII).
2884 1525 2983 1583 Est
3021 1534 3075 1583 et
3112 1526 3419 1598 optimum,
3452 1524 3606 1598 quod
3646 1531 3701 1581 et
3737 1523 3862 1596 ipsa

2144 1613 2489 1687 przeparavit
2546 1613 2644 1672 toti
2698 1614 2921 1688 corpori
2988 1613 3200 1673 Christi
3263 1618 3458 1683 (Marc.
3515 1618 3666 1681 XVI).
3732 1610 3861 1669 Pri-

346 1699 504 1759 utin
534 1706 681 1758 terra
709 1701 963 1760 suaviter
1007 1702 1356 1776 viventium,
1401 1705 1747 1777 gaudiorum
1791 1705 2311 1801 invenia-Bmum
2368 1710 2736 1774 unguentum
2786 1703 3147 1763 contritionis
3196 1710 3300 1774 est,
3351 1702 3423 1760 de
3469 1699 3863 1801 recordatione

350 1793 448 1847 tur
483 1790 743 1861 materia,
774 1805 909 1850 cum
942 1792 1114 1850 tantis
1158 1792 1638 1852 alternationibus
1670 1800 1824 1859 tanta
1854 1790 2116 1852 mundi
2148 1799 2532 1864 peccatorum,

347 1878 527 1937 facies
575 1878 954 1953 immutetur;
995 1887 1061 1940 ut
1102 1881 1336 1941 elevans
1379 1883 1673 1956 allidatur,
1719 1891 1775 1942 et
1821 1884 2062 1956 respiret

346 1965 572 2027 allisus.
605 1966 717 2027 Sed
771 1977 856 2028 est
905 1971 1190 2044 gaudium
1234 1972 1514 2032 continua
1557 1975 1650 2033 sui
1695 1974 2061 2048 jucunditate

346 2054 775 2131 ﬁrmissimum,
809 2061 963 2135 quod
1004 2062 1294 2136 perfectus
1325 2063 1560 2121 animus
1594 2063 1663 2121 de
1694 2079 1895 2122 secura
1945 2064 2059 2122 sibi

346 2146 698 2206 conscientia
746 2148 1068 2221 pollicetur.
1102 2150 1267 2209 Mens
1319 2152 1476 2210 enim
1535 2168 1569 2211 a
1617 2152 1824 2211 mundi
1877 2153 2057 2227 hujus

343 2236 650 2308 aspergine
679 2253 821 2311 pure
875 2254 1185 2313 presseque
1228 2240 1471 2311 detersa,
1501 2248 1557 2300 et
1583 2241 1645 2299 in
1673 2242 1893 2301 divinae
1917 2258 2057 2302 con-

348 2323 738 2398 templationis
774 2342 1019 2385 acumen
1064 2335 1248 2388 totum
1277 2329 1548 2388 desiderii
1577 2329 1666 2388 sui
1703 2332 1887 2404 figens
1915 2332 2056 2390 atie-

345 2417 524 2481 ctum,
558 2413 839 2486 gaudens,
870 2416 1083 2488 gaudet
1104 2417 1166 2474 in
1197 2417 1461 2489 Domino,
1502 2426 1556 2476 et
1582 2419 1836 2478 exsultat
1860 2420 2057 2479 anima

345 2515 451 2558 sua
476 2500 538 2558 in
571 2500 684 2560 Deo
706 2519 814 2563 suo
848 2507 994 2578 (Isai.
1030 2508 1167 2578 LXI).
1199 2505 1357 2564 Talis
1385 2506 1580 2566 anima
1621 2509 1810 2567 minas
1857 2525 2055 2582 asper—

346 2596 536 2661 natur,
580 2592 759 2650 nescit
796 2594 1083 2665 timorem,
1123 2612 1284 2669 spem
1331 2596 1537 2654 falsam
1582 2596 1783 2665 eludit,
1830 2603 1886 2654 et
1926 2613 2053 2655 om-

346 2676 512 2736 nium
541 2681 938 2742 scandalorum
965 2685 1267 2757 immunis,
1289 2686 1351 2745 in
1384 2702 1518 2759 pace
1545 2688 1605 2745 in
1636 2687 1894 2762 idipsum
1923 2687 2053 2746 dor-

347 2767 554 2839 miens,
589 2770 897 2843 requiescit
921 2776 1089 2842 (Psat.
1122 2780 1230 2842 IV).
1264 2796 1292 2827 «
1321 2775 1442 2833 Pax
1463 2774 1647 2833 multa
1676 2775 2055 2848 diligentibus

343 2853 528 2927 legem
554 2864 732 2929 tuam,
766 2880 795 2913 »
827 2860 905 2917 ait
930 2861 1143 2934 justus,
1176 2887 1201 2914 α
1230 2870 1286 2922 et
1311 2879 1426 2921 non
1458 2872 1542 2921 est
1570 2863 1688 2923 illis
1714 2866 2053 2924 scandalum

2607 1791 2676 1849 de
2748 1791 2955 1863 spiritu
3022 1791 3266 1849 contrito
3335 1799 3392 1850 et
3475 1790 3861 1851 contribulato

2147 1877 2516 1937 descendens.
2560 1877 2686 1936 Hoc
2734 1879 3133 1938 infunduntur
3173 1879 3346 1954 pedes
3386 1878 3547 1939 illius
3592 1877 3697 1954 qui
3742 1893 3863 1936 am-

2145 1965 2310 2025 bulat
2379 1986 2554 2042 super
2624 1985 2843 2043 pennas
2915 1977 3223 2030 ventorum
3276 1973 3448 2040 (Psal.
3509 1976 3682 2040 XVII).
3748 1968 3860 2026 Hic

2144 2056 2344 2115 adorat
2410 2057 2589 2116 Maria
2655 2058 2717 2118 in
2774 2058 2921 2131 loco,
2972 2060 3075 2119 ubi
3139 2066 3418 2119 steterunt
3472 2059 3647 2134 pedes
3708 2058 3853 2131 ejus.

2146 2143 2457 2216 Steterunt,
2504 2147 2766 2222 inquam,
2818 2148 2961 2222 quia
3008 2148 3360 2208 validissima
3423 2147 3637 2205 amoris
3682 2161 3860 2203 manu

2143 2233 2348 2307 pedem
2386 2240 2701 2309 utrumque
2746 2235 3008 2307 retinuit,
3048 2238 3231 2295 donec
3277 2244 3592 2309 utrumque
3643 2250 3855 2309 perun—

2141 2329 2300 2395 geret
2337 2329 2393 2380 et
2438 2323 2667 2383 audiret
2721 2322 3037 2384 criminum
3083 2324 3511 2397 remissionem,
3564 2322 3856 2382 dimissio-

2143 2426 2278 2468 nem
2308 2410 2369 2469 in
2396 2428 2573 2485 pace:
2614 2437 2634 2463 ι
2667 2412 3085 2485 Remittuntur,
3128 2414 3340 2488 inquit,
3372 2413 3476 2472 tibi
3520 2422 3767 2487 peccata,
3800 2416 3857 2470 et

2144 2499 2287 2557 vade
2316 2500 2377 2557 in
2405 2516 2540 2573 pace
2573 2504 2724 2571 (Luc.
2759 2511 2882 2573 VII).
2923 2523 2951 2558 »
2983 2500 3252 2576 Magnam
3287 2519 3518 2576 prorsus
3561 2503 3854 2561 miseriam

2142 2603 2353 2660 magna
2402 2589 2797 2650 misericordia
2836 2591 3013 2651 diluit
3050 2600 3105 2651 et
3148 2593 3421 2665 abstergit
3444 2610 3459 2665 ;
3486 2598 3543 2651 et
3579 2594 3687 2650 hoc
3728 2591 3855 2665 qui-

2141 2676 2271 2735 dem
2330 2679 2688 2752 festinanter,
2745 2682 2881 2754 quia
2930 2681 3056 2741 sine
3100 2682 3220 2739 ullo
3262 2681 3569 2740 intervallo
3605 2683 3850 2755 conjun-

2139 2774 2359 2842 guntur
2387 2776 2441 2827 et
2472 2768 2745 2844 lacrymm
2771 2770 3121 2846 peccatricis,
3157 2776 3212 2829 et
3239 2770 3603 2843 indulgentia
3641 2768 3849 2828 Salva-

2141 2861 2299 2917 toris.
2350 2858 2749 2918 Remittuntur
2800 2867 3047 2933 peccata,
3089 2867 3145 2919 et
3196 2860 3259 2918 in
3313 2875 3452 2935 pace
3511 2858 3847 2931 dimittitur,

345 2947 516 3014 (Psal.
573 2953 803 3018 CXVIII).
861 2973 885 2999 ιο
941 2950 1191 3009 Noverat
1240 2953 1421 3025 enim,
1479 2953 1615 3027 quia
1666 2954 1894 3012 lictores
1935 2969 2052 3011 non
2140 2954 2208 3009 ut
2242 2948 2313 3008 de
2348 2950 2637 3023 prmterito
2674 2965 2791 3009 non
2837 2950 2911 3009 sit
2958 2950 3219 3022 sollicita,
3268 2965 3468 3010 secura
3515 2950 3586 3008 de
3631 2950 3845 3008 futuro.

343 3042 774 3109 persequuntur
794 3040 1207 3112 martyres,sed
1229 3048 1522 3100 coronant.
1544 3040 1687 3101 Cum
1714 3043 2111 3118 huiusmodi“
2212 3040 2391 3100 Pedes
2441 3042 2535 3100 isti
2586 3049 2724 3102 sunt
2774 3042 3186 3114 misericordia,
3232 3050 3288 3101 et
3336 3042 3643 3118 judicium,
3703 3056 3849 3115 quo-

345 3091 364 3105 ,
522 3091 630 3109 ιη
660 3091 762 3095 η-
795 3091 1207 3112 --μ--δ---,---
1231 3091 1790 3101 ---νηκωηηυηηυ
1825 3091 2049 3102 ..-κων
2212 3091 2390 3100 --.η-
2442 3091 2535 3100 ----
2586 3091 2724 3102 η---
2774 3091 3186 3114 ---υνηννηηη
3234 3091 3288 3101 ν-
3369 3091 3643 3111 ..κ----πη
3706 3091 3815 3115 ,η

342 3122 729 3196 gaudentibus
787 3126 998 3199 gaudet
1065 3130 1375 3203 Apostolus
1434 3136 1606 3202 (Rom.
1663 3091 1813 3202 χιυξ
1851 3139 1926 3203 et,
1987 3091 2114 3191 ιιιΕ
2135 3144 2267 3188 rum
2321 3130 2567 3188 alterum
2631 3132 2760 3189 sine
2817 3133 2996 3190 altero
3066 3091 3357 3202 osculari:
3392 3130 3484 3189 vel
3544 3127 3847 3188 temeraria

341 3210 738 3272 abundantius
783 3216 1089 3290 gaudeant,
1126 3226 1236 3277 tota
1262 3221 1564 3279 securitate
1594 3222 1895 3295 promittit.
1927 3222 2050 3281 Hoc
2134 3218 2410 3278 securitas
2468 3226 2572 3291 est,
2626 3221 2719 3279 vel
2765 3221 3084 3295 desperatio
3136 3219 3434 3294 fugienda.
3492 3218 3633 3289 Quis
3687 3217 3846 3276 enim

339 3301 624 3375 gaudium
688 3305 945 3379 plenum,
978 3315 1033 3366 et
1078 3317 1300 3368 certum
1354 3319 1457 3382 est,
1516 3318 1787 3388 tantoque
1836 3315 2049 3372 certius
2136 3306 2239 3365 Dei
2280 3308 2731 3367 misericordiam
2777 3310 3174 3369 indesinenter
3214 3309 3533 3372 attendens,
3578 3322 3695 3365 non
3733 3314 3843 3365 sta-

342 3390 516 3460 idem,
546 3400 762 3465 quanto
800 3395 1049 3455 vicinius
1091 3396 1242 3457 circa
1276 3400 1628 3460 identitatem
1672 3400 2044 3475 imprimitur.
2136 3397 2239 3455 tim
2278 3398 2574 3472 tepidioris
2616 3399 2749 3457 vitae
2782 3398 3051 3475 quietem;
3075 3397 3350 3473 exoptet'?
3379 3398 3523 3456 Cum
3557 3396 3716 3454 enim
3752 3412 3846 3454 re-

341 3479 486 3539 Haac
508 3464 593 3539 est
618 3484 881 3543 mamilla
905 3488 1440 3561 congratulationis,
1467 3491 1536 3548 de
1568 3506 1685 3565 qua
1718 3464 1804 3548 lac
1829 3482 2047 3550 exhor-
2134 3490 2342 3563 cogitat
2389 3491 2782 3549 universitatis
2828 3464 3167 3563 Domi'u’um,
3234 3492 3481 3549 formam
3529 3490 3681 3548 servi
3740 3504 3847 3562 pro

342 3572 576 3631 tationis
624 3572 965 3654 effunditur,
1023 3592 1140 3651 quo
1197 3578 1537 3638 nutriuntur
1590 3580 1827 3652 perfecti
1890 3585 2045 3651 (Isai.
2134 3578 2317 3637 servis
2354 3580 2664 3653 suscipere,
2698 3580 2933 3654 triginta
2967 3588 3023 3638 et
3064 3580 3252 3638 tribus
3282 3578 3455 3637 annis
3491 3578 3713 3652 operari
3751 3594 3845 3636 sa-

343 3666 527 3730 LXVI),
560 3668 624 3720 ut
665 3677 799 3721 cum
826 3652 1028 3722 avulsi
1075 3665 1353 3725 fuerinta
1381 3666 1525 3726 lacte
1572 3667 1701 3740 isto,
1738 3670 2049 3742 epulentur
2136 3667 2313 3727 lutem
2363 3652 2614 3728 nostram
2653 3669 2729 3729 'in
2780 3652 2970 3729 medio
3019 3678 3184 3749 terrae
3233 3669 3429 3743 hujus,
3462 3669 3607 3743 capi,
3648 3667 3843 3741 ligari,

341 3751 415 3810 ab
448 3750 688 3810 introitu
718 3752 918 3823 gloriae
944 3752 1067 3812 Dei.
2052 3800 2077 3823 κ
2134 3758 2408 3831 lanceari,
2443 3761 2702 3834 crucitigi
2754 3766 2811 3820 et
2867 3763 2971 3820 hoc
3027 3768 3208 3820 totum
3258 3761 3377 3834 pati
3422 3776 3521 3834 pro
3568 3759 3707 3818 ﬁliis
3744 3761 3848 3818 ho-

416 3839 683 3900 Secunda
708 3849 813 3912 est,
837 3843 973 3901 ﬂere
1002 3859 1136 3902 cum
1162 3844 1458 3906 ﬂentibus.
1490 3845 1771 3923 Nunquid
1800 3849 2044 3921 Aposto-
2135 3847 2387 3920 minum,
2447 3851 2640 3908 statim
2707 3852 3029 3926 deceptoria
3077 3866 3178 3924 spe
3230 3850 3342 3909 sibi
3419 3845 3716 3909 blanditur
3788 3856 3846 3908 et

344 3929 439 3988 lus
462 3929 718 4004 prmcipit
742 3930 879 3988 ﬂere
908 3947 1102 3990 rerum
1132 3934 1524 4006 amissionem,
1553 3936 2046 3995 intermissionem
2132 3939 2360 4013 alludit,
2402 3942 2609 4015 gaudet
2663 3943 2956 4001 obversari
2995 3942 3388 4000 misericordia
3429 3947 3485 4000 et
3522 3941 3847 4000 miseratio-

342 4017 728 4093 voluptatum,
764 4019 1021 4079 filiorum
1053 4032 1282 4094 mortes,
1314 4024 1646 4086 morborum
1687 4025 2044 4099 instantiam,

340 4108 684 4181 gravitatem
726 4107 961 4183 inopiae,
1013 4112 1327 4185 potentiam
1363 4113 1657 4172 fortioris?
1682 4115 1866 4173 Absit.
1914 4114 2043 4175 Plo-

341 4196 509 4256 randi
539 4196 697 4255 enim
727 4206 880 4267 sunt,
914 4200 1019 4272 qui
1046 4201 1235 4260 taliter
1261 4201 1507 4275 plorant.
1549 4204 1839 4286 Religiosa
1889 4207 2044 4265 enim

346 4286 593 4357 tristitia,
622 4296 723 4346 aut
745 4288 1003 4349 alienum
1053 4299 1347 4365 peccatum
1388 4292 1565 4367 luget,
1596 4301 1699 4353 aut
1723 4297 2043 4369 proprium.

342 4375 500 4435 Beati
560 4392 810 4450 quorum
865 4378 1054 4439 luctus
1106 4380 1169 4439 in
1221 4382 1327 4440 hac
1379 4384 1704 4443 intentione
1765 4394 2044 4457 versatur,

342 4465 480 4538 quia
512 4464 953 4525 consolatoriam
996 4475 1237 4541 possunt
1284 4478 1614 4544 exspectare
1658 4452 2047 4533 dulcedinem.
2076 4452 2121 4510 θ

2136 4029 2330 4101 nibus,
2374 4030 2663 4103 judicium
2713 4033 2913 4102 nescit,
2975 4033 3203 4106 ignorat
3250 4031 3557 4104 justitiam,
3619 4038 3674 4089 et
3730 4046 3841 4104 pu-

2136 4118 2346 4178 nienda
2374 4122 2623 4180 aestimat
2655 4138 2766 4180 non
2803 4122 3024 4197 puniri.
3067 4122 3334 4194 Fallitur,
3366 4122 3471 4196 qui
3500 4122 3584 4180 sic
3622 4121 3844 4180 oscula-

2137 4216 2231 4268 tur
2296 4210 2708 4271 misericordite
2780 4211 3003 4286 pedem,
3065 4218 3130 4270 ut
3182 4213 3386 4285 pedem
3447 4211 3653 4286 judicii
3729 4227 3842 4271 non

2136 4299 2409 4371 attendat,
2437 4300 2539 4374 qui
2596 4307 2779 4359 totum
2821 4301 2893 4360 de
2938 4301 3326 4360 misericordis
3371 4301 3578 4376 pietate
3617 4318 3845 4377 praesu-

2139 4391 2276 4462 mit;
2305 4391 2409 4450 hoc
2448 4392 2638 4451 solum
2679 4393 2751 4452 ad
2797 4393 3039 4453 salutem
3089 4393 3354 4452 suﬂicere
3394 4394 3652 4464 credens,
3692 4394 3848 4467 quod

2138 4480 2339 4539 credit.
2397 4479 2623 4539 Rursus
2674 4498 2809 4541 cum
2864 4483 3099 4542 abducit
3150 4498 3236 4553 os,
3288 4491 3343 4541 et
3387 4482 3593 4554 judicii
3642 4483 3845 4557 pedem

342 4554 684 4646 Quamleni
722 4562 777 4614 et
814 4556 1148 4617 dulcissimo
1189 4559 1396 4634 spiritu
1432 4561 1735 4621 imbibitus
1772 4570 1856 4621 est
1888 4564 2052 4638 spiri-
2136 4568 2526 4628 crebrioribus
2584 4571 2795 4629 osculis
2862 4572 3216 4646 intertangit,
3274 4572 3599 4631 subcutitur
3643 4554 3849 4630 Vcarnis

342 4650 437 4703 tus
464 4645 647 4716 illius,
676 4646 778 4720 qui
810 4650 969 4705 novit
1005 4649 1066 4708 in
1105 4651 1311 4724 spiritu
1349 4651 1601 4711 lenitatis
1636 4661 1932 4727 peccantes
1970 4654 2055 4713 in-
2136 4660 2469 4733 animaeque
2514 4660 2854 4733 substantia,
2889 4669 2944 4720 et
2996 4645 3303 4735 utriusque
3341 4661 3593 4719 hominis
3630 4669 3848 4719 statum

342 4740 584 4805 struere,
625 4737 975 4810 suspendere
1012 4737 1343 4812 vindictam,
1384 4750 1440 4801 et
1480 4743 1807 4803 alfectuosis
1849 4744 2055 4803 oiliciis
2140 4747 2538 4806 vehementior
2597 4764 2741 4806 aura
2792 4749 3066 4824 percellit.
3130 4747 3499 4808 Horrendum
3553 4755 3639 4807 est
3688 4750 3847 4807 enim

342 4824 695 4884 inviscerare
749 4827 859 4885 sibi
918 4836 1288 4902 peccatorem,
1330 4833 1513 4891 donec
1567 4835 1704 4892 vitae
1757 4835 2050 4894 reddatur.
2137 4839 2199 4897 in
2241 4854 2449 4897 manus
2479 4839 2582 4898 Dei
2618 4840 2868 4899 viventis
2916 4840 3167 4898 incidere
3207 4841 3391 4907 (Hebr.
3430 4844 3518 4910 X),
3558 4838 3851 4899 oﬂ'endere

343 4912 426 4972 De
448 4913 557 4972 hac
581 4915 998 4988 compassionis
1020 4919 1278 4976 mamilla
1308 4919 1395 4978 lac
1424 4922 1835 4981 consolationis
1863 4925 2061 4988 eﬂ‘un-.
2140 4929 2486 4999 Creatorem,
2514 4931 2737 4989 nescire
2763 4931 3098 4999 Dominum,
3129 4928 3491 4988 recalcitrare
3527 4929 3850 4988 Dominan-

344 5002 521 5094 ditur,
555 5001 696 5094 1459
737 5013 793 5064 et
847 5007 955 5065 hoc
1005 5007 1149 5067 lacte
1208 5011 1383 5081 pascit
1423 5014 1725 5085 Apostolus
1772 5014 1905 5073 illos
1953 5014 2054 5090 qui
2141 5018 2214 5077 tis
2246 5019 2510 5094 imperio,
2536 5023 2640 5094 qui
2680 5019 2847 5078 habet
2883 5025 3213 5092 potestatem
3253 5034 3461 5094 corpus
3498 5027 3554 5079 et
3589 5021 3846 5079 animam

343 5090 528 5182 solido
579 5092 706 5152 cibo
761 5095 914 5153 vesci
970 5110 1084 5153 non
1142 5104 1381 5170 possunt
1423 5104 1475 5170 (Ι
1512 5103 1628 5160 Cor.
1669 5108 1772 5173 III).
1818 5104 2057 5163 Amator
2141 5090 2366 5167 mittere
2417 5090 3126 5182 inigehenuamVWatth.
3182 5108 3265 5180 X).
3319 5090 3624 5167 Terribilis
3678 5118 3848 5180 certe,

343 5179 713 5252 innocentiae,
764 5184 916 5257 pacis
971 5184 1215 5256 amicus,
1277 5186 1625 5260 patientibus
1680 5193 2054 5265 compatiens,
2142 5197 2291 5256 sicut
2353 5197 2433 5255 ait
2496 5179 2824 5272 Apostolus,
2894 5198 3162 5270 quaedam
3229 5198 3579 5272 exspectatio
3645 5199 3852 5274 judicii

346 5278 402 5330 et
465 5274 840 5348 congaudens
908 5276 1315 5349 gaudentibus,
1388 5279 1754 5351 perfectionis
1820 5290 2053 5353 metam,
2144 5290 2328 5357 (Hebr.
2382 5293 2471 5357 X),
2526 5286 2761 5358 quando
2813 5286 2969 5359 ignis
3019 5286 3081 5346 in
3136 5294 3444 5361 conspectu
3501 5288 3627 5362 ejus
3686 5282 3856 5348 ciar-

345 5376 520 5423 cursu
550 5372 973 5434 consummato,
1003 5366 1301 5437 contingit.
1337 5366 1476 5426 Haec
1503 5376 1638 5428 sunt
1665 5370 1836 5429 verba
1862 5370 2059 5431 lacteis
2144 5378 2333 5437 descet
2374 5377 2538 5447 (Psal.
2592 5377 2779 5446 XLIX),
2809 5382 2862 5433 et
2918 5375 3159 5435 virtutes
3201 5376 3478 5437 caelorum
3530 5377 3854 5437 movebun-

346 5452 586 5513 irrorata
647 5455 991 5529 liquoribus,
1050 5458 1291 5517 meliora
1336 5458 1491 5531 vino,
1547 5461 1718 5519 melle
1775 5463 2055 5535 dulciora,
2146 5473 2239 5525 tur
2289 5468 2437 5529 (Luc.
2495 5468 2649 5534 XXI),
2704 5471 2762 5522 et
2824 5463 3234 5523 vacillantibus
3315 5465 3684 5525 conscientiis
3770 5466 3856 5525 la-

350 5543 805 5605 misericordiam
841 5547 1123 5621 sonantia,
1161 5545 1472 5608 redolentia
1510 5550 1794 5625 pietatem.
1849 5573 1878 5607 «
1918 5552 2060 5613 Fra-
2147 5554 2457 5614 titudinem
2515 5553 2721 5614 mundi
2788 5553 3181 5614 validissimus
3236 5552 3390 5626 ignis
3437 5555 3657 5616 aduret.
3715 5555 3856 5613 150
