4184 6450
328 200 435 263 663
950 209 1010 268 S.
1051 209 1275 270 PETRI
1312 209 1635 270 DAMIANI
1672 209 1831 270 OPP.
1874 208 2068 271 PARS
2108 212 2250 274 SEU
2288 215 2541 279 TOMUS
2579 218 2654 279 II.
2702 252 2757 262 -
2803 212 3219 278 SEBMONES.
3735 215 3853 276 66$

334 332 497 392 Nihil
532 325 767 408 prors'us
810 337 1146 409 terribilius,
1188 354 1364 414 quam
1414 339 1609 398 videre
1647 339 1888 400 latronis
1917 341 2273 402 oﬁi-Astitii
2337 350 2529 405 tamen
2587 346 2890 407 morositas
2943 345 3096 403 inter
3157 337 3329 415 pedes
3384 354 3510 399 esse
3561 341 3754 415 debet,
3788 347 3853 402 et

337 419 531 477 cinam
595 421 824 495 plenam
898 425 1203 497 sanguine,
1284 427 1640 486 cumulatam
1703 430 2046 503 opprobriis,
2127 439 2333 506 caput;
2407 434 2543 509 quia
2615 436 2866 509 profecto
2931 429 3314 491 difﬁcillimus
3387 434 3445 486 et
3512 445 3850 505 praesump—

340 511 648 569 tormentis
685 513 1023 571 undantem.
1059 514 1202 584 Quis
1237 518 1364 575 hzec
1395 517 1617 575 diutius
1646 518 1901 592 cogitans
1928 534 2044 577 non
2130 528 2330 582 tuosus
2382 524 2562 582 saltus
2613 528 2717 594 est,
2754 539 2789 581 a
2834 520 3094 595 vestigiis
3145 518 3217 576 ad
3270 516 3545 576 verticem
3605 519 3847 579 Domini

341 598 529 656 statim
594 601 1013 673 contremiscat,
1088 612 1144 662 et
1206 606 1266 663 in
1343 607 1760 679 desperationis
1832 614 2049 668 rotetur
2130 611 2501 670 transvolare.
2532 610 2732 685 Neque
2782 612 2941 669 enim
2994 609 3214 679 cadem,
3256 623 3390 682 quae
3433 608 3607 666 unxit
3646 611 3844 682 pedes,

340 689 664 764 abyssum?
691 692 816 749 Non
843 690 1143 768 est'igitur
1181 698 1319 757 huic
1355 700 1485 773 pedi
1522 716 1784 759 morosus
1815 700 2046 760 incum-

344 780 617 851 bendum,
651 797 724 839 ne
751 781 978 854 pietatis
1024 786 1300 847 intuitum
1349 790 1556 847 ferocia
1588 790 1903 862 judicantis
1949 806 2045 849 oc-

342 867 552 925 eludat.
597 868 922 942 Utrumque
960 873 1138 947 igitur
1168 876 1409 949 inungat
1437 878 1638 950 pedem
1678 878 1894 936 animae
1923 894 2047 952 ρω-

344 956 582 1024 nitentis
614 958 876 1031 aﬂ‘ectus,
910 968 967 1019 et
996 979 1153 1021 nunc
1191 965 1643 1023 misericordiam
1674 967 2044 1039 amplectens,

341 1060 501 1102 nunc
522 1045 810 1117 judicium
856 1051 1145 1124 osculans,
1188 1053 1561 1112 contribulati
1584 1056 1822 1129 spiritus
1849 1055 2052 1116 oﬂ‘erat

341 1134 766 1195 holocaustum.

414 1222 557 1282 Vide
603 1224 845 1283 Mariam
874 1228 1082 1301 judicii
1133 1230 1336 1303 pedem
1380 1233 1601 1292 fortiter
1634 1235 2049 1309 attendentem,

338 1314 481 1371 dum
519 1314 731 1373 nobilis
758 1323 813 1374 et
842 1318 1052 1377 lasciva
1093 1321 1311 1379 mulier
1352 1324 1789 1383 convivantium
1844 1327 2048 1386 faciem

339 1420 460 1462 non
508 1406 770 1477 attendit,
807 1410 905 1467 sed
956 1417 1198 1470 extenso
1249 1428 1484 1488 corpore
1535 1416 1900 1489 provolvitur
1951 1434 2050 1491 pe-

339 1495 511 1555 dibus
562 1498 894 1571 majestatis,
939 1501 1153 1560 doloris
1192 1504 1382 1576 plena,
1443 1506 1665 1566 timoris
1720 1508 2049 1583 impatiens,

339 1587 801 1659 compunctionis
850 1590 1046 1662 jaculo
1094 1593 1427 1665 vulnerata;
1486 1595 1588 1654 sed
1636 1602 1689 1655 et
1740 1597 2055 1656 misericor-

2127 702 2303 760 unxit
2328 708 2498 776 caput
2508 722 2525 773 ;
2545 718 2677 760 cum
2700 700 2834 758 151
2870 701 2971 759 illa
3000 697 3276 758 meretrix
3300 698 3427 755 haec
3446 695 3597 755 nihil
3627 699 3842 759 horum

2128 792 2326 850 fecisse
2376 792 2619 865 legatur,
2676 792 2997 849 secundum
3055 788 3200 846 illud
3259 806 3270 844 :
3331 810 3357 838 α
3422 786 3593 845 Verte
3628 788 3846 863 impios

2128 888 2183 937 et
2242 897 2358 940 non
2407 887 2578 939 erunt
2628 883 2803 949 (Prov.
2838 873 2963 947 XII'.)
2996 897 3026 931 »
3078 876 3264 935 Unxit
3310 890 3446 948 ergo
3492 875 3674 936 Maria
3705 894 3846 935 san-

2128 976 2287 1029 ctum
2325 969 2429 1028 Dei
2476 969 2769 1036 verticem,
2802 968 3055 1040 profecto
3090 966 3211 1039 jam
3252 964 3479 1034 dilecta,
3503 967 3625 1038 jam
3668 965 3847 1025 fami-

2129 1057 2290 1116 liaris
2355 1058 2573 1128 eti'ecta,
2643 1057 2935 1129 longeque
2994 1054 3352 1128 peccatriciS‘
3384 1052 3544 1111 illius
3607 1054 3849 1114 evoluta

2129 1147 2429 1222 contagiis,
2486 1161 2663 1220 quam
2726 1144 2936 1203 infelix
3003 1143 3104 1201 ille
3167 1142 3525 1217 septenarius
3600 1144 3851 1204 confun-

2131 1236 2319 1295 debat

2203 1322 2378 1381 Porro
2418 1323 2465 1381 si
2502 1324 2618 1382 duo
2654 1322 2955 1398 praemissa
3000 1328 3302 1395 unguenta
3340 1328 3515 1381 tantae
3548 1324 3853 1397 dignitatis

2131 1418 2286 1482 sunt,
2320 1418 2385 1468 ut
2440 1410 2687 1469 alterum
2741 1410 3005 1483 pedibus,
3065 1410 3312 1469 alterum
3361 1412 3535 1485 capiti
3590 1412 3853 1486 compla-

2132 1505 2254 1556 ceat
2290 1498 2643 1557 dominantis
2683 1522 2696 1556 :
2733 1498 2876 1556 illud
2928 1498 3185 1570 tertium,
3232 1498 3389 1571 quod
3428 1499 3720 1571 optimum
3764 1506 3855 1559 est

2132 1591 2188 1643 et
2215 1583 2702 1658 superexcellens,
2747 1586 2990 1644 ubinam
3028 1585 3297 1643 invenire
3333 1584 3696 1660 poterimus?
3735 1586 3853 1645 Sed

341 1673 456 1731 diae
488 1675 693 1747 pedem
724 1676 893 1735 labiis
933 1678 1402 1753 impressioribus
1438 1684 1750 1756 osculatur,
1784 1686 1845 1743 in
1881 1687 2048 1761 cujus
2070 1674 2302 1757 BabSit,
2333 1678 2399 1731 ηῑ
2457 1688 2665 1746 εροηεθ
2723 1673 2996 1733 Veritatis
3038 1690 3071 1731 a
3125 1674 3365 1732 veritate
3399 1674 3739 1743 dissentiat;
3794 1683 3856 1735 et

342 1777 441 1835 spe
487 1764 730 1824 ﬁrmiter
786 1767 1028 1827 inhaeret
1081 1771 1339 1845 vestigiis
1400 1774 1812 1846 accumbentis,
1871 1776 2054 1835 donec

342 1852 538 1911 audiat
569 1878 581 1911 :
622 1875 649 1908 α
688 1855 1089 1916 Remittuntur
1115 1859 1219 1917 tibi
1256 1867 1481 1934 peccata
1527 1869 1626 1921 tua
1659 1865 1804 1935 (Luc.
1861 1866 1985 1935 VII).
2021 1886 2051 1919 »

346 1939 498 2033 Sane
540 1944 854 2016 pretiosum
901 1954 1286 2021 unguentum,
1317 1966 1431 2024 quo
1463 1967 1577 2010 non
1609 1953 1798 2012 solum
1829 1958 2063 2033 terrena~

345 2030 574 2104 domus,
631 2036 731 2092 sed
789 2035 960 2094 etiam
1021 2038 1269 2098 caelestis
1340 2042 1684 2115 aspergitur.
1743 2042 2057 2104 Vilissimm

347 2126 541 2179 autem
588 2130 726 2181 sunt
766 2127 1002 2198 species,
1035 2128 1105 2185 de
1147 2128 1362 2201 quibus
1401 2132 1726 2203 conﬁcitur,
1758 2138 1812 2190 et
1848 2149 2057 2206 magna

348 2225 551 2267 eorum
581 2213 743 2285 copia
770 2213 921 2271 intra
964 2223 1189 2275 nostros
1230 2219 1488 2277 hortulos
1532 2220 1737 2292 poterit
1776 2220 2052 2280 inveniri.

350 2296 582 2355 Peccata
644 2300 821 2372 igitur
873 2309 1064 2360 nostra
1117 2304 1367 2375 plantata
1421 2308 1482 2364 in
1529 2308 1900 2366 conscientiis
1949 2324 2056 2367 no-

349 2387 503 2457 stris,
541 2404 792 2461 quorum
836 2394 1220 2452 numerositas
1264 2411 1383 2469 prae
1426 2397 1803 2458 multitudine
1848 2415 2058 2458 nume-

350 2474 464 2565 rari
514 2492 631 2565 non
676 2486 874 2550 potest,
937 2483 1152 2555 species
1207 2483 1333 2555 ejus
1387 2492 1539 2544 sunt.
1583 2486 1716 2561 Ipsa
1768 2486 1945 2559 igitur
1995 2488 2060 2546 in

352 2564 681 2624 mortariolo
752 2569 1107 2639 paenitentiae
1177 2573 1581 2631 macerationis
1648 2574 1866 2648 pistillo
1934 2592 2065 2634 con-

356 2658 497 2721 tusa,
555 2661 611 2711 et
685 2671 942 2729 respersa
1016 2658 1377 2719 discretionis
1450 2662 1595 2732 oleo,
1647 2664 1863 2723 doloris
1928 2663 2063 2737 igne

356 2742 670 2815 supposite,
697 2753 749 2802 et
776 2745 834 2802 in
869 2747 1058 2804 aheno
1101 2747 1428 2821 disciplinas
1471 2757 1758 2819 concocta,
1791 2768 2061 2824 unguen-

359 2840 481 2889 tum
533 2834 772 2893 exhibet
819 2836 1155 2909 pretiosum,
1194 2846 1250 2895 et
1301 2828 1597 2914 acceptum
1644 2842 1888 2912 pedibus
1938 2841 2059 2901 Sal-

358 2922 592 2980 vatoris.
645 2923 1060 2997 Compendiose
1104 2935 1300 2986 autem
1352 2930 1500 2988 illud
1552 2932 1929 3004 confecimus,
1970 2949 2064 2991 sa-

2140 1764 2251 1822 tale
2305 1762 2525 1837 aliquid
2581 1763 2795 1823 habere
2851 1781 2912 1823 se
2957 1763 3193 1838 jactitet,
3252 1764 3405 1837 quod
3465 1764 3676 1823 habere
3729 1781 3846 1824 non

2138 1855 2336 1928 possit.
2371 1855 2471 1911 Est
2515 1869 2648 1927 ergo
2697 1853 2925 1913 tertium
2969 1853 3196 1927 pietatis
3246 1859 3637 1927 unguentum,
3691 1854 3852 1928 quod

2139 1952 2222 2003 est
2260 1962 2433 2020 super
2463 1946 2663 2005 omnia
2701 1954 2977 2018 aromata,
3016 1944 3236 2004 morbis
3285 1942 3571 2005 omnibus
3600 1953 3655 2002 et
3696 1945 3853 2019 peri-

2139 2036 2291 2094 culis
2330 2037 2598 2107 salutare,
2636 2037 2909 2111 quodque
2939 2035 3087 2094 nulli
3115 2050 3373 2109 unquam
3403 2036 3549 2109 pesti
3577 2035 3852 2093 invenia-

2141 2132 2236 2184 tur
2282 2126 2570 2185 ineﬂicax.
2598 2126 2680 2184 De
2728 2127 2857 2198 ipso
2903 2141 3156 2199 namque
3193 2124 3275 2184 sic
3322 2124 3530 2198 legitur
3562 2149 3574 2183 :
3613 2151 3639 2173 «ι
3672 2125 3856 2184 Maria

2144 2214 2495 2288 Magdalene,
2551 2221 2607 2273 et
2654 2215 2837 2273 Maria
2893 2215 3115 2283 Jacobi,
3167 2220 3223 2273 et
3288 2213 3515 2274 Salome
3583 2222 3858 2273 emerunt

2141 2308 2414 2375 aromata,
2449 2310 2515 2361 ut
2541 2303 2839 2361 venientes
2866 2310 3149 2377 ungerent
3173 2302 3374 2361 Jesum
3402 2306 3601 2371 (Marc.
3637 2309 3793 2370 XVI).
3821 2327 3850 2351 ι·

2143 2393 2393 2452 Videsne
2426 2394 2487 2451 in
2529 2394 2717 2467 prima
2763 2393 2998 2468 capituli
3049 2394 3235 2452 fronte
3281 2394 3661 2467 propositum,
3693 2393 3856 2468 quod

2146 2500 2259 2543 non
2308 2500 2446 2557 una,
2479 2484 2571 2544 vel
2600 2485 2756 2555 duae,
2786 2486 2880 2543 sed
2922 2492 3033 2543 tres
3067 2484 3168 2542 vix
3209 2483 3506 2543 sufﬁciunt
3542 2484 3614 2542 ad
3652 2500 3855 2543 emen-

2143 2575 2285 2632 dum
2345 2579 2519 2631 tantae
2566 2573 2997 2647 compositionis
3056 2572 3476 2646 unguentum?
3544 2572 3854 2645 Intelligis,

2143 2665 2280 2740 quia
2351 2681 2468 2723 non
2532 2665 2723 2738 pedes,
2778 2672 2879 2724 aut
2928 2671 3119 2738 caput,
3174 2663 3274 2721 sed
3338 2670 3521 2722 totum
3573 2664 3857 2723 Crucilixi

2146 2773 2353 2830 corpus
2403 2755 2513 2813 sibi
2569 2755 2823 2813 vindicat
2867 2755 2974 2813 ista
3020 2752 3349 2812 confectio?
3399 2753 3693 2812 Confectio
3731 2755 3859 2814 sine

2146 2845 2324 2904 dubio
2357 2845 2625 2919 pretiosa,
2676 2860 2809 2918 quas
2851 2844 2950 2903 loti
2990 2843 3235 2903 sutIiciat
3268 2845 3491 2917 corpori
3530 2845 3860 2903 Creatoris?

2147 2934 2218 2991 Et
2254 2933 2503 3004 attende,
2544 2934 2682 3006 quia
2721 2940 3088 3007 unguentum
3129 2932 3375 3007 pedibus
3412 2932 3676 2991 infusum
3716 2934 3860 2992 adeo

356 3010 539 3115 pienti
597 3027 789 3113 rerum
839 3017 1196 3075 occasionem
1251 3019 1485 3091 penitus
1529 3020 1943 3096 relinquentes.
1994 3023 2061 3081 Et
2087 3020 2492 3115 Gdignissima
2530 3020 2761 3079 lenitate
2799 3021 3067 3096 suscepit,
3094 3028 3159 3079 ut
3187 3021 3546 3079 Pharisasum
3586 3038 3860 3081 murmu-

362 3099 494 3157 licet
545 3103 783 3160 materia
839 3105 1107 3165 videatur
1174 3108 1492 3183 indignior,
1562 3110 1799 3170 interim
1876 3120 2065 3172 tamen
2090 3099 2376 3168 “raptem
2414 3108 2739 3183 parabolica
2776 3110 3105 3184 prolixitate
3138 3109 3524 3180 convinceret,
3555 3117 3612 3167 et
3647 3117 3860 3169 retorto

362 3186 581 3246 bonum
634 3198 720 3248 est
770 3203 1133 3266 unguentum
1188 3196 1339 3257 istud
1391 3200 1548 3274 quod
1590 3201 1829 3260 domum
1869 3204 2066 3276 replet,
2150 3188 2451 3272 sugillaret
2488 3197 2757 3271 exemplo
2796 3200 2940 3271 (Luc.
2976 3199 3095 3270 VII).
3125 3196 3237 3257 Sed
3264 3205 3320 3256 et
3347 3198 3417 3256 de
3442 3199 3635 3257 refuso
3686 3214 3862 3272 super

360 3284 618 3348 penetrat
674 3281 864 3351 cmlos,
912 3284 1149 3355 angelos
1205 3286 1477 3358 laetiﬁcat,
1516 3294 1572 3346 et
1621 3288 1800 3347 beatas
1851 3291 2070 3349 civitati
2151 3295 2319 3361 caput
2370 3287 2497 3361 ejus
2552 3293 2852 3360 unguento
2910 3287 3223 3362 discipulos
3276 3287 3647 3362 indignantes
3697 3303 3859 3346 coar-

365 3365 624 3425 lzetitiam
681 3371 935 3430 refundit
979 3381 1033 3431 et
1074 3375 1374 3448 gaudium.
1422 3376 1546 3435 Hoc
1588 3384 1671 3437 est
1723 3380 2070 3438 sacriﬁcium
2151 3377 2295 3451 guit,
2330 3376 2546 3435 bonum
2588 3375 2851 3434 mulieris
2881 3392 3027 3450 opus
3065 3391 3187 3434 esse
3222 3382 3558 3449 protestans,
3589 3382 3646 3434 et
3680 3375 3860 3434 tumi-

264 3490 267 3491 κ
358 3456 618 3529 justitiaa‘,
660 3461 797 3534 quia
840 3464 1185 3524 sacriﬁcium
1226 3466 1341 3524 Deo
1379 3467 1617 3540 spiritus
1654 3469 2072 3530 contribulatus
2151 3466 2287 3523 dam
2330 3481 2532 3523 eorum
2577 3464 3004 3523 animositatem
3042 3464 3234 3523 verbis
3273 3465 3625 3539 compescuit
3659 3465 3857 3524 mode-

361 3545 525 3617 (Ρεαί-
562 3550 634 3619 ῐλο)
2152 3554 2309 3612 ratis.
2343 3554 2467 3612 Hoc
2515 3570 2648 3613 vero
2700 3561 2811 3611 tam
2865 3554 3117 3625 salubre,
3150 3561 3379 3627 tamque
3432 3553 3743 3613 miriﬁcum
3792 3554 3857 3611 in

437 3638 767 3699 Secundum
809 3651 1175 3717 unguentum
1224 3651 1310 3702 est
1342 3646 1662 3707 devotionis
1698 3649 1769 3707 de
1809 3650 2073 3709 recorda-
2157 3652 2381 3703 mortuo
2429 3660 2663 3719 corpore
2700 3660 2808 3702 suo
2847 3643 3032 3703 voluit
3069 3644 3341 3717 expendi,
3382 3644 3535 3720 quod
3576 3644 3711 3702 vivo
3749 3643 3861 3702 uti-

367 3725 519 3806 tiorje
576 3729 992 3789 beneﬁciorum
1037 3732 1154 3791 Dei.
1214 3734 1453 3795 Prorsus
1497 3736 1839 3810 dignissima
1892 3739 2074 3814 hujus
2114 3750 2269 3810 'que
2313 3732 2659 3792 reservabat.
2694 3732 2820 3791 Duo
2867 3732 3025 3791 enim
3070 3748 3306 3805 corpora
3359 3732 3532 3791 habet
3571 3732 3856 3803 Christus,

367 3821 648 3889 unguenti
724 3823 1079 3897 compositio,
1150 3833 1203 3884 et
1268 3826 1329 3883 in
1391 3826 1559 3886 istius
1646 3830 2074 3904 comparatione
2154 3839 2365 3891 unum,
2408 3822 2563 3896 quod
2604 3822 2856 3897 suscepit
2885 3822 2942 3880 in
2981 3821 3256 3896 Virgine;
3292 3821 3535 3880 alterum
3571 3821 3858 3892 Ecclesiae,

362 3908 569 3979 prioris
605 3917 690 3969 est
727 3914 1055 3985 conspersio
1107 3914 1529 3989 vilipendcnda.
1569 3917 1708 3992 Ejus
1745 3921 1902 3977 enim
1942 3936 2072 3994 spe-
2154 3913 2305 3989 quod
2363 3910 2553 3971 carius
2589 3912 2761 3971 habet
2800 3911 3127 3985 benignitas
3172 3910 3550 3970 Ῑὶθάίωθηῐίε-
3600 3911 3861 3985 Denique

364 3995 480 4052 cies
543 3996 612 4054 de
676 3999 891 4058 ccelesti
952 4003 1216 4074 paradiso
1283 4005 1473 4062 allata}
1541 4013 1697 4077 sunt,
1728 4014 1784 4065 et
1821 4007 1879 4065 in
1922 4014 2073 4067 terra
2155 4002 2300 4061 illud
2356 4017 2459 4075 pro
2514 4001 2622 4061 isto
2679 4001 2849 4060 morti
2908 4001 3198 4073 exposuit,
3251 4006 3306 4057 et
3370 3999 3689 4070 tormentis,
3755 4000 3860 4058 ad-

363 4082 622 4142 ﬂliorum
656 4088 959 4148 hominum
990 4100 1289 4166 nequeunt
1313 4093 1587 4153 inveniri.
1626 4095 1877 4155 Virtutes
1914 4098 2072 4156 enim
2155 4092 2343 4151 dictus
2383 4091 2560 4163 cruci,
2595 4092 2827 4149 vinctus
2870 4105 3007 4148 cum
3052 4087 3366 4160 sceleratis,
3415 4096 3600 4147 morte
3643 4089 3861 4163 turpis-

366 4172 649 4232 divinitus
715 4178 957 4248 collatae,
1029 4187 1085 4238 et
1157 4181 1217 4238 in
1291 4182 1621 4241 mortariolo
1690 4186 2069 4259 cogitationis,
2156 4182 2302 4239 sima
2336 4181 2769 4239 condemnatus.
2805 4178 3203 4238 Poterimusne
3244 4183 3357 4235 tam
3393 4177 3682 4236 salubrem
3720 4193 3859 4235 con-

368 4261 582 4334 pistillo
610 4263 1071 4336 diligentissima)
1101 4268 1489 4327 meditationis
1527 4271 1762 4342 intritae,
1792 4280 1846 4329 et
1874 4275 2070 4333 exsul-

2158 4272 2460 4330 fectionem
2514 4268 2831 4329 conﬁcere?
2869 4268 3161 4327 Universae
3209 4268 3560 4325 miserorum
3608 4265 3860 4324 miseriae

367 4356 600 4414 tationis
655 4353 782 4415 o'leo
838 4358 1180 4432 superfusus,
1247 4361 1464 4420 suffuso
1529 4363 1663 4436 igne
1714 4363 1977 4439 justitiaa,
2017 4370 2275 4439 etntam
2353 4360 2704 4432 animarum,
2769 4374 2943 4433 quam
3012 4373 3334 4429 corporum,
3388 4357 3557 4415 oculo
3632 4356 3861 4430 pietatis

366 4445 711 4506 humilitatis
763 4447 950 4505 aheno
1005 4446 1270 4521 decoctae,
1324 4460 1689 4524 unguentum
1743 4454 1961 4514 faciunt
2015 4465 2070 4516 et

364 4538 559 4607 odore,
602 4543 656 4594 et
688 4536 902 4595 virtute
941 4536 1224 4609 mirabile,
1266 4541 1417 4614 quod
1463 4542 1652 4601 solum
1689 4560 1861 4617 super
1897 4556 2069 4619 caput

369 4628 598 4687 Domini
689 4628 1077 4686 recumbentis
1150 4631 1329 4703 possit
1389 4632 1611 4691 etfundi
1677 4642 1732 4692 et
1803 4636 2067 4696 exhiberi

366 4717 705 4776 reverentiae
778 4716 1105 4789 majestatis.
1185 4718 1295 4779 Sed
1376 4726 1431 4779 et
1509 4721 1616 4779 hoc
1672 4722 2070 4796 recollegimus

363 4807 635 4877 breviter,
662 4807 804 4876 illis,
829 4809 929 4883 qui
968 4808 1150 4866 multa
1178 4810 1247 4867 de
1274 4812 1471 4885 paucis
1507 4813 1815 4887 exculpere
1854 4831 2065 4888 cogno-

365 4900 595 4966 verunt,
646 4896 953 4954 verborum
1021 4898 1453 4958 multitudinem
1516 4909 1892 4962 reservantes.
1952 4904 2068 4964 No-

362 4986 534 5043 tanda
572 4991 762 5042 tamen
796 4986 1099 5060 utriusque
1131 4987 1474 5059 diﬂ'erentia,
1517 4996 1571 5048 et
1604 4992 1842 5050 secundi
1880 4993 2066 5052 subli-

2090 4414 2141 4475 D

2156 4453 2449 4524 inspectae,
2478 4450 2694 4524 species
2746 4447 2872 4521 ejus
2914 4453 3068 4506 sunt.
3130 4445 3262 4504 Istae
3314 4444 3492 4518 igitur
3539 4445 3598 4502 in
3648 4451 3860 4503 morta-

2158 4543 2299 4600 riolo
2376 4540 2678 4613 largitatis,
2734 4538 3058 4597 dulcedinis
3123 4535 3341 4611 pistillo
3410 4536 3738 4605 confractus,
3804 4541 3862 4592 et

2156 4633 2412 4693 delinitze
2497 4630 2791 4688 charitatis
2869 4628 3017 4699 oleo,
3094 4642 3367 4686 succenso
3446 4624 3863 4699 compassionis

2154 4723 2310 4797 igne,
2360 4726 2415 4778 et
2468 4720 2531 4776 in
2580 4719 2769 4776 aheno
2822 4718 3266 4791 perseverantia)
3320 4716 3690 4790 despumatze,
3748 4730 3859 4772 un-

2155 4819 2435 4886 guentum
2466 4809 2684 4868 faciunt
2711 4809 2851 4883 ipsis
2875 4809 3045 4867 etiam
3072 4809 3292 4881 angelis
3319 4808 3745 4867 admirandum.

2228 4899 2376 4958 Sunt
2422 4899 2533 4955 viri
2577 4897 2998 4955 divitiarumin
3029 4897 3200 4956 domo
3252 4896 3486 4954 Domini
3533 4895 3852 4965 virtutum;

2153 4988 2526 5060 vestigemus,
2554 5003 2626 5045 an
2673 4986 2825 5062 apud
2864 5003 2960 5045 eos
3001 4985 3331 5059 hujusmodi
3379 4985 3699 5043 habeantur
3741 5001 3860 5043 un~

363 5075 532 5131 mitas
584 5074 963 5143 attendenda;
1022 5076 1158 5149 quia
1214 5078 1359 5136 illud
1420 5086 1503 5137 est
1550 5078 1667 5137 Deo
1712 5081 2066 5140 sacrificium
2151 5084 2383 5149 guenta.
2420 5076 2650 5133 Primus
2687 5074 2936 5133 occurrit
2978 5074 3124 5131 mihi
3177 5073 3406 5141 Paulus,
3451 5072 3598 5130 sicut
3637 5073 3857 5146 ubique

361 5164 597 5242 spiritus
667 5163 1086 5222 contribulatus
1148 5168 1319 5237 (Psal.
1378 5173 1452 5237 l.),
1509 5174 1564 5226 et
1616 5167 1765 5225 istud
1849 5170 2065 5228 sacriﬁ-
2152 5166 2313 5233 solet,
2346 5172 2499 5223 totus
2543 5163 2811 5236 praesenti
2856 5163 3149 5221 delibutus
3189 5167 3510 5235 unguento.
3543 5182 3570 5214 «
3598 5160 3741 5230 Quis
3771 5162 3859 5220 in-

361 5254 516 5311 cium
552 5252 739 5311 laudis
767 5255 933 5324 (Psal.
964 5254 1145 5327 XLIX),
1176 5256 1329 5328 quod
1364 5257 1607 5315 honorat
1636 5257 1840 5316 Deum.
1886 5257 2065 5319 Pedes
2151 5255 2433 5322 ﬁrmatur,
2476 5251 2689 5325 inquit,
2722 5258 2775 5309 et
2802 5268 2907 5323 ego
2939 5267 3048 5308 non
3091 5249 3397 5308 inﬁrmor‘?
3429 5272 3448 5299 ι
3484 5253 3561 5316 (Π
3583 5253 3700 5308 Cor.
3744 5257 3857 5319 XI.)

359 5341 538 5413 igitur
576 5343 851 5412 ungimus
893 5342 1304 5416 Redemptoris,
1346 5360 1476 5401 cum
1518 5345 1589 5402 de
1628 5346 1871 5418 peccatis
1912 5362 2065 5404 com-
2150 5342 2321 5401 Felix
2373 5341 2587 5412 anima,
2619 5342 2763 5399 facta
2808 5341 2919 5399 sibi
2968 5347 3240 5413 tanquam
3291 5355 3391 5397 vas
3440 5339 3750 5412 perditum,
3789 5347 3856 5397 ut

361 5427 709 5500 pungimur;
751 5430 1030 5503 ungimus
1067 5438 1256 5505 caput,
1288 5448 1421 5489 cum
1459 5434 1530 5490 de
1566 5433 1789 5491 collatis
1829 5434 2061 5493 virtuti-
2148 5432 2409 5491 omnium
2484 5430 2746 5489 miserias
2814 5431 2872 5487 in
2943 5445 3048 5488 sua
3117 5426 3464 5486 conscientia
3536 5426 3851 5499 colligaret.

360 5516 469 5574 bus
528 5517 811 5576 virtutum
867 5518 1123 5593 largitori
1175 5520 1386 5594 gratias
1431 5522 1822 5582 cumulemus.
1875 5523 2060 5582 Inter-
2148 5522 2358 5581 Totum
2414 5536 2475 5580 se
2535 5521 2635 5580 toti
2685 5520 2906 5594 corpori
2945 5517 3159 5577 Christi
3201 5518 3533 5589 donaverat,
3579 5517 3853 5577 omnibus
