4184 6454
240 305 353 364 665

1769 294 2017 357 SEBMO
2055 294 2232 353 XXX.

3640 289 3748 350 666

239 432 442 490 omnia
497 431 702 500 factus,
760 431 826 486 ut
875 440 1079 485 omnes
1139 423 1501 484 Iucrifaceret
1550 424 1622 496 (Π
1673 425 1792 480 Cor.
1845 418 2271 493 IX).Adil‘ficile
2313 434 2438 477 esse.
2483 419 2727 475 videtur.
2780 416 2922 486 Quis
2969 417 3270 488 desperare
3319 413 3541 484 debeat,
3587 420 3743 473 tanta

241 521 354 580 Sed
391 528 444 579 et
480 520 582 578 ille
624 519 716 576 vir
755 516 1026 589 simplex,
1057 519 1111 572 et
1148 519 1357 585 rectus,
1392 521 1446 572 et
1494 513 1703 570 timens
1744 511 1953 579 Deum,

240 610 380 668 vide
420 608 711 684 quomodo
768 622 887 664 non
925 605 1249 664 secundum
1295 604 1615 674 hominem,
1655 603 1774 660 imo
1817 618 1952 660 vero

241 699 562 759 secundum
619 696 957 765 hominem;
1019 701 1075 753 et
1126 695 1282 768 quod
1335 694 1531 752 verius
1586 698 1709 762 est,
1781 708 1952 766 supra

239 788 542 847 hominem
591 784 929 844 ambulabat
963 807 974 840 :
1009 805 1030 834 ι
1062 783 1301 853 Oculus,
1339 782 1566 856 inquit,
1603 781 1715 839 fuit
1767 797 1949 853 caeco,

244 885 301 934 et
365 892 464 950 pes
537 875 783 946 claudo;
841 879 1001 947 pater
1069 888 1226 931 eram
1305 887 1627 946 pauperum
1703 873 1841 938 (Job.
1899 885 1952 942 I,

243 968 446 1033 XXIX),
505 985 532 1016 »
588 969 643 1020 et
698 968 920 1033 caetera,
980 977 1114 1036 quae
1171 963 1252 1019 sic
1303 977 1442 1020 eum
1493 962 1602 1018 hoc
1650 967 1952 1034 unguento

241 1059 662 1128 perunxerunt,
708 1059 773 1112 ut
827 1053 898 1111 de
954 1052 1368 1111 misericordiae
1427 1051 1679 1109 thalamo
1737 1051 1952 1121 largius

240 1143 520 1201 irroratus
564 1142 768 1200 exiret.
801 1140 1129 1201 Samuelem
1176 1141 1382 1212 recolo,
1429 1141 1532 1215 qui
1582 1157 1702 1200 non
1749 1139 1950 1212 semel,

239 1235 339 1292 sed
379 1232 653 1291 omnibus
702 1232 908 1291 diebus
954 1231 1090 1290 vitae
1143 1227 1284 1285 152
1340 1247 1463 1289 suae
1508 1232 1738 1304 lugebat
1780 1245 1952 1303 super

243 1322 382 1382 Saul
411 1342 424 1392 ;
458 1328 676 1382 etcum
716 1323 885 1380 sciret
921 1322 1094 1380 illum
1132 1320 1204 1379 ab
1239 1320 1422 1379 oculis
1461 1321 1783 1378 divinitatis
1821 1320 1952 1378 lon-

237 1409 370 1484 gius
411 1411 761 1485 elongatum,
788 1427 904 1469 non
939 1411 1192 1470 cessabat
1228 1417 1418 1468 tamen
1451 1411 1787 1484 compassio,
1817 1427 1951 1484 qua

237 1499 299 1556 in
333 1499 692 1559 condolentis
720 1501 985 1560 animum
1015 1502 1338 1575 irrepserat,
1362 1501 1616 1559 fundens
1642 1501 1948 1575 lacrymas,

237 1595 297 1647 et
327 1590 372 1647 si
414 1605 532 1647 non
561 1592 913 1663 profuturas,
951 1592 1074 1665 pias
1105 1597 1297 1649 tamen
1335 1596 1387 1661 (Ι
1418 1595 1548 1660 Reg.
1592 1596 1724 1660 XV).
1765 1591 1949 1649 David

239 1677 590 1750 parricidam
662 1679 849 1738 filium
914 1680 1189 1739 continua
1249 1679 1639 1753 deploratione
1691 1680 1952 1754 plorabat

2032 507 2342 581 peccatrice
2390 523 2506 565 non
2557 507 2748 566 solum
2802 506 3052 572 veniam,
3099 504 3196 561 sed
3242 503 3486 577 gloriam
3537 517 3738 560 conse-

2033 594 2292 666 quente?
2335 595 2464 668 Ipsa
2519 595 2688 653 hodie
2737 594 3047 652 intercedat
3085 607 3189 665 pro
3225 590 3468 666 peccatis
3510 591 3742 662 nostris,

2032 688 2088 740 et
2134 682 2418 754 placatum
2461 684 2630 743 nobis
2675 685 2872 742 reddat
2909 682 3169 756 judicem
3216 688 3496 748 nostrum,
3565 695 3738 752 spon-

2033 787 2162 829 sum
2208 788 2403 841 suum,
2454 773 2556 844 qui
2603 779 2689 830 est
2738 773 2891 831 Deus
2931 771 3269 830 benedictus
3301 770 3360 826 iu
3389 770 3601 828 saecula
3629 786 3739 829 see-

2032 859 2319 918 culorum.
2352 862 2561 920 Amen.

2653 1003 2900 1064 SERMO
2938 1004 3120 1062 XXX.

2104 1123 2143 1168 Ι.
2196 1123 2270 1169 DE
2319 1124 2541 1172 SANCTO
2589 1125 2958 1172 APOLLINABE
2998 1124 3268 1173 EPISCOPO
3305 1123 3664 1170 RAVENNATE
3727 1166 3730 1169 .

2489 1215 2561 1260 ET
2600 1214 2899 1261 MARTYRE.
2943 1205 3114 1275 (XXIII
3141 1209 3290 1269 JUL.)

2103 1319 2397 1379 Hodierna
2428 1323 2540 1393 die,
2579 1324 2780 1382 fratres
2813 1324 3160 1394 charissimi,
3191 1325 3264 1381 ad
3285 1325 3618 1397 jucundum
3648 1325 3739 1383 ni-

2032 1408 2165 1479 mis,
2208 1410 2463 1483 satisque
2511 1411 2847 1470 delectabile
2890 1405 3281 1484 speCtaculum
3340 1413 3628 1480 venimus,
3686 1419 3742 1470 et

2031 1496 2297 1569 gloriosae
2333 1500 2616 1572 palmstrae
2657 1506 2946 1558 certamen
2984 1499 3167 1558 oculis
3203 1500 3338 1556 fidei
3371 1500 3740 1572 contemplati

2032 1603 2258 1646 sumus.
2303 1588 2572 1648 Vidimus
2623 1588 2763 1646 153
2801 1591 2960 1648 enim
3007 1605 3194 1648 unum
3242 1589 3430 1648 civem
3471 1606 3742 1664 supernas

2030 1678 2352 1738 Jerusalem
2385 1697 2488 1754 pro
2521 1698 2651 1754 rege
2679 1698 2784 1740 suo
2808 1688 3038 1740 strenue
3063 1682 3134 1739 ad
3167 1680 3315 1738 bella
3338 1679 3663 1754 procedere,
3689 1685 3746 1738 et

239 1768 318 1834 (II
361 1770 492 1835 Reg.
532 1771 725 1838 XVIII),
756 1767 990 1841 plorans
1041 1769 1106 1825 in
1162 1784 1228 1826 eo
1281 1783 1399 1826 non
1456 1767 1647 1826 carnis
1695 1765 2408 1843 necessi-Binnumerum
2439 1769 2775 1844 Babyloniae
2801 1770 3016 1841 vulgus
3034 1769 3299 1827 unanimi
3320 1768 3741 1842 conspiratione

239 1855 525 1926 tudinem,
578 1858 676 1915 sed
725 1857 860 1915 fidei
911 1857 1380 1916 destructionem.
1426 1857 1608 1915 Cerne
1664 1857 1950 1931 quomodo

235 1944 451 2018 Joseph
512 1952 664 2004 totus
726 1946 832 2004 hoc
881 1947 1055 2004 melle
1113 1946 1300 2004 illitus
1353 1953 1474 2003 erat
1539 1947 1696 2021 (Gen.
1757 1951 1946 2017 XLIII).

239 2035 502 2094 Veniunt
552 2038 771 2108 fratres,
821 2038 940 2112 jam
999 2055 1116 2097 non
1175 2045 1306 2097 ante
1365 2039 1619 2110 fratrem,
1669 2039 1769 2097 sed
1819 2046 1950 2096 ante

238 2125 549 2183 dominum
587 2128 936 2199 assistentes,
975 2129 1190 2187 conscii
1243 2129 1608 2202 proditionis,
1647 2130 1950 2189 homicidii

236 2211 340 2278 rei,
379 2212 681 2272 fratricidii
730 2231 1115 2276 succensores.
1180 2217 1400 2276 Videns
1457 2234 1553 2276 eos
1605 2218 1837 2291 Joseph,
1895 2225 1951 2276 et

236 2301 505 2359 omnium
558 2303 904 2376 injuriarum
955 2306 1284 2376 immemor,
1323 2306 1679 2364 dulcissimis
1717 2307 1949 2364 ﬂetibus

236 2387 580 2458 inundatur,
607 2399 664 2448 et
699 2391 928 2466 pietatis
971 2395 1164 2467 adeps,
1204 2393 1310 2467 qui
1349 2395 1511 2452 intus
1548 2395 1753 2466 latitat,
1801 2394 1950 2452 foras

232 2491 337 2550 per
365 2479 561 2537 oculos
599 2487 848 2538 emanat.
893 2481 1062 2556 Fugit
1102 2482 1322 2553 odium,
1364 2483 1547 2540 nescit
1590 2484 1757 2554 iram,
1802 2490 1948 2540 tem-

235 2583 347 2640 pus
404 2569 724 2629 iracundiae
780 2587 895 2630 non
951 2580 1224 2643 reservat,
1269 2573 1516 2630 reddens
1568 2573 1786 2631 bonum
1844 2588 1948 2645 pro

237 2657 392 2715 malo
423 2701 437 2730 ,
499 2676 602 2732 pro
665 2661 1002 2720 credulitate
1070 2662 1458 2721 dulcedinem.
1518 2661 1668 2720 Pene
1733 2661 1948 2720 oblitus

237 2763 367 2807 sum
409 2749 647 2823 Moysen
695 2751 838 2809 adeo
875 2751 1020 2809 sacri
1045 2752 1234 2827 'bujus
1292 2751 1535 2824 liquoris
1580 2768 1706 2810 rore
1751 2753 1947 2825 perfu-

235 2854 412 2908 sum,
467 2846 533 2898 ut
593 2846 740 2900 totus
790 2857 865 2899 ex
921 2857 989 2899 eo
1041 2841 1500 2915 superfundatur
1550 2847 1607 2899 et
1678 2843 1943 2914 proﬂuat.

236 2925 438 2985 Peccat
502 2928 726 2999 Israel,
793 2935 848 2987 et
902 2929 1126 3004 Moyses
1187 2937 1514 3004 peccantem
1579 2929 1949 2988 reconciliare

237 3014 446 3072 nititur
489 3016 780 3085 Creatori;
811 3017 910 3075 sed
953 3017 1285 3076 dissimulat
1337 3018 1623 3076 Dominus
1670 3017 1948 3075 exaudire

2031 1862 2226 1914 contra
2253 1873 2438 1915 unum
2469 1866 2637 1931 caput
2665 1858 2929 1918 ferociter
2950 1858 3245 1916 dimicare.
3279 1856 3549 1915 Vidimus
3579 1858 3742 1916 hunc

2033 1943 2275 2002 militem
2308 1947 2520 2004 Christi
2570 1954 2764 2004 contra
2814 1946 3104 2004 mundum
3153 1945 3503 2018 triumphale
3549 1947 3740 2004 vexil-

2031 2031 2151 2091 lum
2187 2035 2376 2092 crucis
2407 2036 2642 2106 inferre,
2674 2035 2934 2093 vidimus
2970 2041 3201 2094 econtra
3221 2041 3501 2092 amatores
3533 2034 3741 2092 mundi

2030 2137 2132 2195 pro
2162 2123 2369 2183 dilecto
2412 2139 2516 2182 suo
2553 2124 2888 2197 constipatis
2922 2123 3121 2182 cuneis
3158 2121 3415 2179 obviare.
3449 2120 3544 2178 Illi
3569 2121 3736 2179 deni-

2031 2229 2145 2287 que
2183 2215 2443 2289 undique
2469 2215 2810 2274 circumfusi
2855 2214 3082 2272 diversa
3123 2213 3233 2270 tela
3271 2211 3610 2284 conjiciunt,
3642 2228 3732 2269 sa-

2030 2301 2198 2373 gittas
2259 2304 2553 2373 emittunt,
2610 2303 2908 2361 machinas
2961 2301 3230 2375 erigunt;
3294 2311 3349 2359 et
3399 2307 3463 2359 ut
3512 2301 3735 2358 vallum

2031 2390 2242 2449 Christi
2266 2392 2591 2466 irrumpere
2610 2393 3056 2463 valeant,omnia
3079 2391 3381 2464 praeliandi
3397 2397 3738 2462 argumenta
3788 2467 3792 2471 _

2030 2488 2428 2552 componunt;
2460 2483 2551 2539 hic
2588 2488 2782 2539 autem
2818 2497 2954 2539 ense
2992 2479 3153 2537 verbi
3197 2480 3515 2553 spiritualis
3542 2481 3734 2538 accin-

2029 2576 2185 2638 ctus,
2229 2569 2403 2627 loriea
2461 2571 2594 2627 fidei
2648 2570 2918 2640 indutus,
2962 2570 3084 2644 spei
3137 2571 3299 2642 galea
3349 2571 3736 2643 prtemunitus

2031 2659 2249 2728 (Ephes.
2282 2668 2384 2726 VI),
2417 2659 2526 2716 sub
2556 2660 2848 2731 patientiae
2876 2675 3000 2717 suze
3038 2676 3098 2717 se
3139 2660 3340 2733 clypeo
3390 2659 3626 2732 colligit,
3679 2666 3737 2718 et

2032 2748 2140 2805 hoc
2175 2756 2370 2806 contra
2409 2765 2614 2807 omnes
2651 2749 2874 2808 bellica
2910 2748 3260 2822 tempestatis
3291 2748 3439 2805 ictus
3469 2747 3737 2820 vigilanti

2030 2839 2199 2896 oculo
2249 2839 2652 2899 circumducit.
2718 2841 2814 2898 Illi
2870 2841 3065 2912 ignem
3120 2839 3427 2907 adhibent;
3477 2838 3571 2895 sed
3630 2837 3736 2896 iste

2031 2927 2333 2987 immensas
2383 2931 2677 2990 charitatis
2716 2933 2917 2991 ardore
2959 2946 3291 2997 succensus,
3322 2927 3590 2985 incendia
3628 2942 3735 2984 ex-

2033 3019 2254 3076 terioris
2307 3019 2558 3077 ﬂammae
2604 3035 2722 3077 non
2781 3020 2966 3078 sentit.
3005 3019 3100 3076 Illi
3147 3017 3531 3077 bullientibus
3567 3015 3736 3089 aquis

236 3108 562 3204 rogantem:
589 3102 873 3162 Promittit
909 3103 1164 3177 plurima
1189 3104 1374 3177 Moysi
1401 3105 1632 3162 Creator
1656 3105 2004 3204 omnium,C
2033 3107 2339 3166 dilacerata
2406 3108 2665 3166 membra
2730 3108 3124 3182 perfundunt;
3186 3107 3292 3163 iste
3350 3106 3502 3177 largo
3553 3103 3736 3162 sancti

236 3195 293 3246 et
348 3191 588 3249 feriendi
645 3192 938 3250 licentiam
991 3193 1202 3266 quaerit
1239 3210 1272 3250 a
1311 3193 1528 3267 Moyse,
1567 3195 1670 3267 qui
1709 3191 2003 3269 Moysen“
2033 3194 2282 3268 Spiritus
2331 3196 2516 3254 imbre
2561 3196 2848 3254 divinitus
2895 3196 3284 3269 refrigeratur,
3314 3200 3550 3252 cantans
3598 3208 3733 3250 cum

241 3278 394 3338 fecit.
429 3304 450 3333 ι
503 3281 734 3341 Dimitte
763 3299 875 3352 Ine,
926 3284 1137 3358 inquit,
1178 3290 1244 3342 ut
1280 3283 1558 3342 irascatur
1590 3285 1751 3342 furor
1786 3300 1950 3342 meus

238 3375 437 3427 contra
482 3386 598 3441 eos,
638 3378 694 3429 et
745 3372 951 3430 faciam
989 3379 1040 3430 te
1078 3372 1137 3430 in
1176 3379 1407 3445 gentem
1445 3389 1733 3446 magnam.
1773 3394 1800 3425 »
1836 3373 1948 3431 Re-

239 3459 473 3532 spondit
529 3460 752 3534 Moyses
793 3485 806 3519 :
851 3481 879 3514 «
922 3461 985 3520 Si
1040 3455 1304 3530 dimittis,
1363 3462 1626 3531 Domine,
1673 3459 1896 3518 dimitte
1930 3484 1944 3531 ;

239 3547 502 3621 alioquin
559 3551 687 3608 dele
735 3566 828 3609 me
877 3551 947 3609 de
998 3551 1163 3620 libro,
1195 3567 1371 3625 quem
1422 3551 1700 3624 scripsisti
1744 3553 1944 3617 (Emod.

243 3639 465 3706 XXXII).
495 3661 522 3688 π
558 3637 923 3712 Obstupenda
958 3640 1212 3712 profecto
1255 3638 1498 3697 dulcedo
1527 3656 1541 3710 ;
1574 3647 1628 3697 et
1657 3639 1949 3712 principa-

243 3731 368 3782 tum
421 3727 612 3798 gentis
663 3726 890 3801 respuit
927 3727 1155 3798 alienae,
1202 3735 1258 3786 et
1301 3728 1372 3786 de
1410 3726 1558 3786 libro
1618 3727 1947 3785 viventium

242 3813 419 3872 deleri
451 3814 756 3887 desiderat,
789 3816 904 3874 nisi
944 3816 1312 3890 peccantibus
1354 3816 1679 3876 dimittatur
1708 3818 1943 3877 offensa.

245 3902 390 3960 Haec
453 3909 590 3961 sunt
663 3911 960 3977 unguenta
1015 3905 1444 3978 propinationis'
1500 3913 1556 3963 et
1621 3907 1949 3965 misericor—

242 3990 378 4061 diae,
405 4008 538 4066 qua:
564 4009 597 4050 a
629 4009 859 4068 sponsa;
896 3994 1174 4054 uberibus
1210 3996 1544 4066 eliciuntur,
1582 3997 1948 4056 infirmitates

2033 3284 2314 3357 Propheta
2346 3305 2358 3342 :
2396 3311 2415 3335 ς
2451 3286 2856 3344 Transivimus
2895 3302 2996 3358 per
3046 3286 3262 3356 ignem,
3306 3291 3361 3340 et
3415 3298 3648 3355 aquam,
3679 3288 3734 3339 et

2029 3373 2283 3431 eduxisti
2327 3389 2432 3431 nos
2473 3375 2535 3431 in
2587 3373 2953 3447 refrigerium
2983 3374 3145 3447 (Psal.
3176 3373 3337 3443 LXV).
3367 3397 3394 3421 ››
3429 3372 3518 3428 Illi
3554 3370 3735 3439 virgis

2028 3463 2276 3532 caedunt,
2311 3463 2552 3519 sudibus
2603 3463 2896 3534 frangunt,
2947 3461 3196 3535 equuleo
3239 3461 3620 3533 suspendunt,
3669 3459 3732 3516 in

2028 3568 2313 3610 carcerem
2357 3553 2629 3623 mittunt,
2675 3559 2960 3626 postremo
2987 3559 3310 3611 catenatum
3352 3551 3414 3607 in
3453 3551 3732 3608 exsilium

2028 3643 2320 3715 dirigunt;
2363 3643 2470 3700 iste
2500 3658 2635 3700 vero
2661 3642 2716 3700 in
2751 3658 2879 3700 arce
2913 3641 3122 3700 mentis
3159 3641 3524 3710 constitutus,
3556 3640 3732 3713 quid-

2027 3730 2169 3803 quid
2201 3746 2334 3802 erga
2365 3746 2423 3788 se
2462 3731 2672 3804 agitur,
2708 3731 2816 3788 sub
2848 3746 2906 3787 se
2948 3730 3071 3787 ﬁeri
3102 3729 3269 3802 quasi
3310 3728 3462 3786 alius
3489 3727 3727 3800 quidam

2027 3820 2258 3878 eminus
2312 3820 2590 3890 intuetur,
2643 3820 2841 3878 dicens
2879 3835 3016 3877 cum
3052 3817 3231 3876 Paulo
3284 3841 3296 3874 :
3353 3843 3378 3865 α
3432 3815 3729 3874 Habemus

2031 3913 2364 3971 thesaurum
2421 3913 2596 3971 istum
2645 3915 2704 3971 in
2764 3913 2918 3971 vasis
2970 3911 3247 3970 ﬁctilibus
3291 3914 3368 3978 (Π
3403 3912 3522 3967 Cor.
3559 3909 3660 3978 Iv).
3696 3926 3725 3959 »

2029 4002 2098 4058 Et
2128 4002 2336 4060 iterum
2371 4022 2382 4060 :
2413 4024 2441 4056 «
2471 4003 2630 4061 Licet
2667 3993 2919 4060 eXterior
2966 4003 3138 4060 homo
3174 4007 3368 4058 noster
3401 4013 3729 4068 corrumpa-

243 4096 447 4139 omnes
499 4083 791 4156 fugantia,
839 4083 1208 4157 profuganlia
1265 4087 1326 4152 ff.
1377 4083 1760 4157 proﬂigaﬂtia]
1817 4101 1945 4158 pas-
2029 4098 2139 4161 tur,
2185 4091 2234 4149 is
2280 4099 2492 4163 tamen,
2531 4092 2633 4164 qui
2681 4093 2840 4150 intus
2895 4099 2999 4163 est,
3049 4096 3360 4148 renovatur
3405 4089 3476 4146 de
3524 4086 3618 4143 die
3663 4085 3727 4143 in

239 4170 452 4229 siones.
2025 4181 2200 4239 diem.
2234 4180 2296 4238 Id
2328 4181 2506 4249 enim,
2537 4181 2692 4254 quod
2721 4182 2782 4239 in
2821 4181 3092 4255 praesenti
3117 4187 3201 4238 est
3229 4185 3726 4240 momentaneum,

313 4260 481 4319 Felix
527 4261 708 4320 Maria
765 4263 939 4322 unxit
989 4263 1162 4338 pedes
1214 4263 1352 4322 Jesu
1387 4307 1401 4335 ,
1458 4264 1683 4324 felicior
1745 4268 1944 4326 eadem
2023 4277 2079 4327 et
2135 4269 2258 4327 leve
2299 4270 2690 4329 tribulationis
2737 4279 2972 4341 nostrae,
3011 4287 3184 4344 supra
3235 4269 3477 4327 modum
3527 4266 3586 4324 in
3627 4282 3725 4324 su-

238 4355 410 4422 caput
461 4349 634 4408 unxit
689 4351 958 4421 auctoris,
1019 4352 1369 4425 felicissima,
1423 4368 1556 4426 quae
1605 4371 1793 4413 rorem
1842 4373 1945 4415 un-
2023 4359 2305 4417 blimitate
2351 4367 2584 4417 aeterna)
2631 4360 2832 4432 gloriae
2879 4361 3105 4434 pondus
3149 4364 3420 4432 operatur
3459 4356 3520 4413 in
3557 4354 3726 4414 nobis

237 4437 610 4508 guentarium
648 4441 746 4498 toti
799 4439 1010 4498 Christi
1059 4441 1280 4513 corpori
1327 4442 1690 4514 praiparavit.
1733 4443 2237 4517 Consi-“(Ibid.).
2266 4473 2292 4496 ››

236 4496 375 4583 dera
405 4569 422 4596 ,
473 4543 649 4599 quam
735 4496 1244 4586 vehementissimo
1327 4496 1654 4588 dilectionis
1731 4496 2069 4590 affectuDv
2093 4496 2308 4595 Cuncta
2349 4553 2484 4610 ergo
2522 4539 2776 4596 hostium
2822 4538 3012 4611 jacula
3065 4539 3212 4595 facta
3265 4535 3502 4594 sunt'B.
3546 4532 3723 4605 Apol-

233 4614 397 4672 beata
439 4615 566 4673 haec
616 4616 827 4674 mulier
865 4617 1142 4690 diligebat
1187 4617 1478 4676 Christum
1518 4634 1729 4689 regem.
1769 4643 1790 4671 «ι
1822 4620 1939 4678 Πο-
2023 4624 2190 4682 linari
2253 4625 2500 4699 gloriose
2539 4626 2808 4685 vincendi
2863 4625 3122 4684 materia.
3153 4625 3223 4681 Et
3278 4623 3434 4680 unde
3485 4621 3723 4677 illorum

235 4707 414 4776 mine,
454 4707 664 4782 inquit,
706 4708 755 4766 si
793 4713 855 4767 tu
893 4709 1179 4767 sustulisti
1235 4726 1394 4781 eum,
1428 4711 1602 4769 dicito
1656 4711 1824 4782 mihi,
1884 4718 1941 4770 et
2022 4712 2328 4772 crudelitas
2373 4713 2618 4787 dejicere
2663 4714 2891 4784 nititur,
2938 4714 3073 4771 inde
3121 4712 3288 4770 istius
3326 4707 3600 4783 patientia
3652 4707 3725 4764 ad

230 4811 337 4869 ego
364 4812 500 4856 eum
529 4797 725 4855 tollam
751 4802 930 4867 (Joan.
962 4802 1094 4868 XX).
1129 4823 1156 4848 ι»
1195 4799 1375 4870 Quem
1404 4816 1538 4858 eum
1567 4800 1711 4858 dicis
1736 4801 1936 4873 Maria,
2023 4803 2292 4860 standum
2342 4803 2570 4862 ﬁrmius
2615 4804 2934 4862 roboratur.
2971 4803 3216 4862 Sanctus
3261 4800 3419 4857 enim
3460 4800 3548 4856 vir
3575 4797 3724 4856 inter

231 4901 362 4944 cum
408 4885 479 4943 de
520 4886 686 4944 nullo
724 4888 925 4946 feceris
966 4889 1320 4947 mentionem
1361 4888 1434 4945 ad
1481 4904 1657 4962 quem
1707 4889 1940 4947 relatio-
2021 4893 2481 4964 persecutionum
2532 4894 2683 4953 bella
2729 4894 3139 4966 deprehensus,
3181 4906 3296 4965 quo
3335 4890 3540 4948 durius
3579 4888 3722 4946 telo-

233 4993 365 5036 nem
425 4977 651 5036 facias?
704 4977 972 5047 Putasne,
1031 4979 1185 5051 quod
1239 4979 1297 5036 in
1351 4979 1613 5036 omnium
1667 4980 1939 5039 cordibus
2021 4997 2152 5038 rum
2199 4981 2541 5053 grandinem
2598 4983 2990 5040 inhorrescere
3039 4979 3342 5052 conspicit,
3384 4994 3452 5036 eo
3495 4976 3723 5035 cautius

227 5067 308 5124 ita
359 5071 620 5124 versetur
661 5067 944 5125 memoria
984 5067 1178 5124 dilecti
1216 5067 1321 5136 tui,
1364 5069 1514 5124 sicut
1550 5073 1605 5124 et
1643 5066 1700 5124 in
1742 5067 1936 5125 consi-
2021 5069 2285 5145 undique
2314 5078 2540 5130 scutum
2573 5087 2694 5129 sua:
2725 5069 3020 5142 gravitatis
3048 5068 3303 5141 opponit.
3339 5067 3410 5125 Et
3441 5083 3556 5142 quo
3595 5065 3720 5124 vio-

229 5156 406 5214 storio
456 5154 644 5214 cordis
680 5157 820 5214 tui?
858 5181 876 5204 ι
913 5157 981 5214 Et
1030 5171 1154 5228 ego,
1208 5155 1418 5230 inquit,
1475 5156 1670 5214 tollam
1715 5173 1869 5216 eum.
1907 5182 1930 5210 η
2020 5159 2234 5218 lentius
2287 5177 2497 5235 pugnae
2543 5162 2790 5232 impetus
2824 5159 2975 5217 videt
3024 5159 3318 5233 ingruere,
3347 5174 3413 5216 eo
3451 5158 3633 5230 magis
3663 5173 3723 5214 se

227 5248 374 5306 Mira
420 5263 529 5306 res.
574 5246 887 5306 Hominem
951 5247 1214 5320 perfectae
1267 5245 1451 5304 aetatis
1502 5247 1714 5316 virum,
1770 5250 1936 5322 cujus
2019 5250 2204 5308 studet
2251 5258 2304 5306 et
2341 5249 2400 5306 in
2435 5249 2587 5306 vires
2637 5248 2924 5320 colligere,
2956 5255 3011 5306 et
3055 5247 3130 5306 ad
3170 5248 3460 5323 agendum
3503 5248 3723 5305 fortiter

226 5338 449 5411 corpori
489 5337 591 5394 vix
644 5346 874 5397 centum
916 5337 1080 5395 librae
1132 5335 1429 5394 suﬂiciunt
1478 5344 1932 5409 unguentorum,
2019 5338 2288 5396 excitare.
2327 5337 2549 5409 Ubique
2593 5343 2824 5408 paratus
2874 5337 3107 5406 assistit,
3151 5337 3369 5410 ubique
3415 5335 3724 5406 vigilanter

227 5425 537 5484 tenerrima
567 5426 780 5483 mulier
807 5425 1078 5501 portabis,
1118 5430 1173 5482 et
1209 5423 1422 5482 tolles?
1470 5425 1693 5484 Ardens
1737 5434 1792 5484 et
1845 5428 1932 5485 af-
2017 5426 2284 5496 intendit,
2316 5433 2372 5484 et
2395 5423 2764 5484 venientibus
2804 5425 3063 5501 undique
3089 5425 3298 5499 gladiis
3339 5423 3722 5498 imperturba-

227 5519 374 5577 fecta
409 5516 642 5587 locutio,
680 5532 814 5592 qua:
850 5517 922 5575 de
978 5514 1246 5587 puritatis
1291 5531 1487 5573 amore
1533 5515 1746 5584 refusa,
1793 5531 1929 5591 pro-
2017 5521 2110 5576 tus
2133 5517 2400 5576 occurrit.

226 5607 402 5668 mittit
436 5607 591 5683 quod
638 5606 883 5682 implere
921 5620 1036 5665 non
1076 5610 1275 5680 potest.
1315 5603 1474 5662 Nihil
1513 5603 1672 5662 enim
1712 5603 1930 5664 amanti
2087 5607 2232 5675 Quia
2284 5622 2442 5677 vero,
2496 5604 2694 5666 fratres
2754 5605 2887 5677 mei,
2947 5604 3012 5664 B.
3069 5605 3420 5679 Apollinaris
3473 5620 3718 5679 agonem
