4184 6478
467 254 574 315 667

1084 256 1143 318 8.
1182 257 1409 318 PETRI
1445 259 1770 322 DAMIANI
1808 259 1965 321 OPP.
2008 257 2201 320 PARS
2241 257 2381 319 SEU
2419 258 2670 321 TOMUS
2708 260 2785 320 II.
2824 292 2894 306 —
2936 260 3353 324 SEBMONES.

3855 267 3974 331 668

466 384 793 458 palaestram
843 384 1112 459 superius
1166 386 1621 461 nominavimus,
1652 395 1989 447 utrumnam
2027 384 2228 447 con-A
2250 400 2386 459 ergo
2421 386 2677 459 magistri
2714 386 2787 444 sit
2832 387 3116 461 discipulo
3161 387 3402 448 audacia
3452 392 3872 466 praesumendi,
3908 400 3971 452 et

464 490 610 548 grue
643 475 894 550 positum
936 477 1028 546 sit,
1061 477 1106 535 si
1153 477 1354 552 placet,
1385 478 1561 552 paulo
1594 479 1865 538 subtilius
1903 480 2172 554 inquira-

464 581 618 625 mus.
651 566 967 625 Palaestrita
995 567 1209 643 quippe
1238 569 1429 628 nudus
1458 570 1723 637 luctatur,
1757 578 1811 627 et
1846 570 1911 628 B.
1944 571 2169 644 Apolli-

462 655 622 715 naris
656 656 968 715 mundanaa
996 658 1372 731 possessionis
1399 658 1739 719 indumento
1768 660 1961 718 nudus
1990 659 2170 718 fuisse

463 743 839 816 cognoscitur.
873 744 941 803 In
995 747 1316 820 spectacqu
1345 755 1539 806 autem
1569 749 1785 807 civium
1829 748 2168 821 hujusmodi

461 832 613 892 lucta
638 834 998 907 proponitur,
1031 841 1096 893 ut
1130 835 1194 894 B.
1232 835 1444 895 Paulus
1473 839 1543 895 de
1572 854 1633 895 se
1669 837 1916 911 aliisque
1957 838 2168 897 Christi

458 923 833 982 bellatoribus
873 940 1125 999 congrue
1158 932 1409 996 testatur,
1440 927 1638 986 dicens
1668 947 1680 985 :
1711 954 1736 977 ‹‹
1765 928 2164 1002 Spectaculum

459 1010 595 1069 facti
657 1027 861 1071 sumus
913 1014 1132 1088 angelis
1181 1024 1237 1074 et
1286 1017 1624 1075 hominibus
1675 1021 1746 1090 (II
1795 1020 1913 1076 Cor.
1966 1021 2070 1089 Iv).
2136 1043 2161 1071 η

464 1097 616 1158 Solet
640 1109 832 1160 autem
864 1104 1060 1175 pueris
1097 1103 1313 1177 oleum,
1353 1106 1508 1180 quod
1547 1106 1814 1165 videlicet
1841 1123 2066 1166 ceroma
2093 1107 2166 1165 ab

457 1188 540 1247 eis
590 1189 821 1261 dicitur,
852 1208 885 1249 a
933 1194 1455 1267 campiductoribus
1503 1196 1701 1268 tribui,
1759 1196 1916 1255 unde
1965 1213 2165 1255 eorum

457 1278 703 1339 debeant
749 1282 946 1341 omnia
993 1286 1248 1359 corporis
1305 1286 1562 1344 membra
1612 1286 1877 1360 perungi.
1922 1285 2165 1345 Sanctus

458 1383 594 1426 vero
648 1368 850 1429 Petrus
900 1374 1195 1443 apostolus
1250 1373 1295 1431 B
1369 1374 1754 1447 Apollinaris,
1810 1391 1927 1434 non
1976 1375 2164 1434 dicam

452 1457 867 1530 campiductor,
922 1461 1022 1519 sed
1072 1461 1293 1534 ductor,
1347 1464 1526 1522 sancti
1578 1463 1828 1537 Spiritus
1877 1479 2011 1523 eum
2061 1481 2165 1524 un-

456 1547 646 1606 ctione
702 1550 974 1621 perfudit,
1031 1566 1165 1610 cum
1219 1554 1291 1612 ad
1340 1554 1652 1613 certamina
1700 1555 2162 1628 persecutionum

454 1636 633 1696 misit.
662 1637 738 1696 Ut
782 1640 940 1697 enim
992 1641 1055 1699 in
1113 1650 1309 1700 sancta
1357 1650 1650 1717 gestorum
1688 1645 1850 1704 illius
1897 1654 2164 1706 narratur

2250 474 2531 534 mittentis
2555 475 2864 535 auctoritas
2892 476 2968 535 sit
2996 475 3208 535 ﬁducia
3228 474 3413 536 missi.

2322 561 2367 620 Ο
2406 562 2568 621 beate
2620 563 2893 637 apostole,
2941 580 3118 640 quam
3166 565 3433 638 libenter,
3481 581 3659 640 quam
3696 568 3971 630 alacriter

2251 658 2472 710 motum
2505 658 2619 710 tua:
2643 652 2994 719 diversitatis
3024 653 3253 712 intueor
3283 676 3294 710 :
3332 660 3390 712 et
3415 669 3574 713 nunc
3603 662 3656 713 te
3681 655 3968 729 debilem,

2249 756 2407 799 nunc
2434 741 2817 800 fortissimum
2846 740 3089 815 pulchra
3116 740 3387 801 varietate
3423 745 3782 817 contemplor
3812 746 3825 803 !
3858 747 3971 805 De-

2246 828 2455 901 bilem,
2501 828 2776 904 inquam,
2820 830 3086 905 negando
3136 831 3511 903 magistrum,
3570 832 3967 893 fortissimum

2247 933 2384 977 vero
2428 935 2529 992 pro
2557 920 2818 992 ejusdem
2846 921 3106 995 magistri
3134 922 3498 982 confessione
3530 922 3812 981 mittendo
3840 923 3966 980 dis-

2245 1009 2524 1083 cipulum.
2560 1010 2687 1068 Non
2736 1010 2903 1069 times
2937 1010 3222 1085 discipulo
3262 1012 3600 1072 Ravennam
3638 1016 3965 1073 multarum

2248 1098 2484 1158 urbium
2522 1099 2819 1158 dominam
2856 1100 3173 1174 assignare,
3204 1103 3306 1177 qui
3339 1101 3674 1176 tibimetipsi
3704 1120 3965 1179 expave-

2245 1203 2338 1245 ras
2378 1188 2555 1247 unius
2585 1189 2892 1247 sacerdotis
2936 1190 3229 1249 ancillam.
3267 1192 3395 1252 Non
3436 1196 3643 1254 metuis
3680 1196 3854 1256 illum
3897 1196 3967 1254 in

2246 1278 2589 1351 procellosos
2640 1279 2854 1338 ﬂuctus
2903 1281 3425 1342 turbulentissimae
3469 1285 3717 1345 civitatis
3765 1288 3965 1347 solum

2247 1365 2492 1439 mittere,
2519 1367 2623 1441 qui
2673 1382 2807 1425 cum
2854 1368 2978 1441 ipso
3023 1371 3289 1429 tireatore
3329 1373 3583 1437 marium
3622 1391 3799 1449 super
3844 1392 3967 1434 ma-

2246 1455 2402 1512 rinas
2428 1454 2615 1513 undas
2636 1471 2952 1529 expaveras
2978 1457 3297 1518 ambulare.
3334 1460 3427 1519 llli
3453 1478 3704 1537 namque
3732 1464 3966 1524 dictum

2244 1549 2356 1602 est:
2385 1565 2413 1598 ι(
2436 1544 2790 1617 Aquilonem
2803 1553 2859 1604 et
2883 1562 3038 1605 mare
3063 1554 3125 1605 tu
3155 1548 3359 1607 creasti
3384 1552 3552 1623 (Psal.
3583 1558 3908 1627 LXXXVIII).
3930 1580 3957 1606 ιο

2246 1634 2406 1692 Licet
2446 1635 2605 1692 enim
2639 1636 2858 1695 dixeris
2893 1655 2907 1692 :
2946 1659 2971 1688 α
3014 1637 3280 1709 Domine,
3308 1639 3453 1713 jube
3499 1656 3591 1699 me
3636 1644 3837 1702 venire
3885 1645 3962 1703 ad

455 1724 712 1796 historia,
772 1727 852 1785 ait
900 1727 962 1786 B.
1026 1729 1228 1789 Petrus
1275 1733 1565 1805 apostolus
1617 1735 1941 1807 Apollinari
1994 1736 2163 1795 disci-

2253 1732 2301 1781 te
2328 1726 2545 1792 (Matth.
2583 1726 2706 1797 XIV)
2736 1745 2749 1783 :
2780 1750 2806 1774 υ
2836 1725 2947 1784 nisi
3005 1733 3197 1785 tamen
3247 1729 3599 1802 expavisses,
3626 1732 3814 1806 mergi
3841 1733 3961 1793 uti-

455 1813 598 1887 pulo
628 1830 734 1874 suo
765 1839 779 1874 :
818 1841 845 1868 ιι
879 1816 1029 1886 Quid
1069 1820 1231 1877 sedes
1269 1820 1570 1880 nobiscum
1597 1826 1624 1879 ?
1656 1840 1783 1882 ecce
1815 1825 2077 1884 eruditus
2110 1843 2167 1885 es

2253 1827 2365 1885 que
2405 1828 2521 1871 non
2578 1812 2867 1886 ccepisses,
2901 1812 3016 1871 nisi
3051 1815 3141 1905 in.
3167 1815 3305 1873 navi
3347 1816 3479 1875 ﬁdei
3517 1818 3775 1892 aliquam
3809 1837 3961 1880 nau-

454 1901 527 1961 de
553 1904 828 1964 omnibus
856 1922 990 1982 quae
1037 1908 1169 1966 fecit
1205 1910 1392 1969 Jesus.
1432 1909 1636 1986 Surge,
1666 1914 1861 1987 accipe
1889 1914 2167 1989 Spiritum

2253 1901 2419 1975 fragii
2448 1901 2668 1960 undam
2696 1901 3050 1975 pertulisses,
3081 1901 3417 1964 nullatenus
3452 1922 3527 1964 ex
3564 1922 3664 1966 ore
3691 1906 3963 1970 Veritatis

455 1998 738 2066 sanctum,
791 1996 1085 2073 simulque
1138 1998 1282 2056 154
1332 2003 1751 2075 pontiﬁcatum,
1794 2010 1848 2063 et
1888 2020 2059 2077 perge
2096 2005 2170 2064 ad

454 2080 682 2153 urbem,
715 2099 851 2157 qua;
886 2093 1124 2145 vocatur
1180 2089 1475 2148 Ravenna.
1512 2112 1539 2139 ιι
1581 2090 1743 2161 Quod
1794 2092 1953 2150 enim
2008 2094 2167 2167 dicit,

450 2170 642 2242 accipe
693 2169 973 2245 Spiritum
1022 2183 1306 2249 sanctum,
1360 2185 1416 2236 et
1465 2195 1668 2253 perge,
1707 2180 1817 2237 tale
1862 2189 1974 2251 est,
2004 2200 2071 2241 ac
2118 2184 2169 2242 si

453 2256 710 2316 diceret:
744 2258 880 2319 Oleo
921 2264 1180 2322 membra
1224 2266 1507 2340 perfunde
1530 2311 1543 2337 ,
1577 2275 1632 2325 et
1674 2269 1892 2328 bellum
1924 2271 2169 2330 viriliter

456 2358 709 2405 consere.
756 2348 837 2407 De
877 2350 985 2409 hoc
1026 2353 1185 2411 enim
1232 2356 1415 2413 sancti
1455 2355 1703 2430 Spiritus
1749 2357 1874 2416 oleo
1912 2375 2014 2432 per
2042 2375 2168 2432 pro-

456 2436 689 2508 phetam
736 2438 991 2500 dicitur:
1031 2464 1058 2497 ιι
1092 2444 1514 2518 Computrescet
1561 2447 1772 2520 jugum
1810 2465 1843 2507 a
1878 2450 2022 2508 facie
2054 2450 2165 2509 olei

456 2527 611 2591 (Isai.
643 2529 726 2595 X).
764 2549 785 2578 ι
830 2528 913 2587 De
940 2530 1049 2589 hoc
1081 2538 1135 2590 et
1165 2549 1265 2606 per
1296 2533 1658 2594 Psalmistam
1706 2537 1933 2597 canitur
1968 2558 1981 2598 :
2022 2565 2048 2590 ιι
2076 2539 2168 2598 In-

455 2613 592 2673 veni
627 2615 810 2676 David
861 2635 1098 2679 servum
1150 2638 1366 2695 meum,
1416 2624 1545 2683 oleo
1597 2633 1791 2686 sancto
1842 2644 1970 2688 meo
2017 2630 2165 2689 unxi

450 2716 585 2761 eum
616 2706 785 2779 (Psat.
826 2696 1139 2784 LXXXVIII).
1176 2732 1204 2766 »

522 2792 647 2851 Mos
685 2810 821 2854 vero
858 2812 981 2856 esse
1018 2800 1516 2874 campiductorum
1546 2802 1704 2873 solet,
1740 2809 1804 2861 ut
1852 2805 2010 2877 prius
2046 2819 2164 2863 cer-

454 2882 627 2940 taturi
671 2883 941 2958 discipuli
979 2891 1238 2949 membra
1275 2891 1632 2964 provideant,
1674 2892 1943 2951 videlicet
1983 2909 2161 2967 quam

453 2968 633 3028 latum
676 2974 1051 3050 validumque
1110 2978 1185 3037 sit
1220 2988 1435 3053 pectus,
1484 2996 1662 3054 quam
1716 2983 1842 3041 sani
1886 2984 2161 3058 plenique

454 3065 715 3165 tumeant
744 3063 958 3136 lacerti,
982 3082 1155 3165 quam
1183 3069 1605 3165 subterpositus
1637 3077 1854 3165 venter,
1886 3088 1989 3129 nec
2009 3073 2215 3165 moleC

452 3156 670 3222 gravet,
702 3167 807 3211 nec
835 3157 1242 3217 extenuatione
1279 3157 1537 3217 debilitet
1565 3178 1578 3229 ;
1611 3166 1666 3217 et
1703 3160 1753 3218 si
1787 3168 1990 3219 cuncta
2033 3162 2156 3220 bel-

460 3235 568 3296 lico
607 3241 739 3298 usui
794 3249 925 3317 apta
977 3259 1099 3304 esse
1155 3248 1569 3321 perspexerint,
1609 3265 1747 3308 mox
1797 3250 1924 3323 ejus
1964 3254 2158 3326 segni-

457 3329 592 3389 tiem
647 3332 795 3392 dura
840 3336 1145 3396 severitate
1198 3339 1539 3413 corripiunt,
1597 3348 1653 3398 et
1691 3340 1919 3400 desides
1970 3344 2161 3404 adhuc

456 3420 682 3480 animos
719 3421 781 3481 in
816 3440 1072 3484 amorem
1120 3427 1309 3486 laudis
1360 3429 1702 3499 accendunt,
1738 3431 2043 3491 hortantur
2105 3440 2162 3493 et

457 3510 764 3586 instigant;
810 3523 865 3574 et
893 3531 967 3574 ne
996 3518 1302 3577 formidare
1336 3519 1604 3591 debeant,
1641 3536 1807 3580 suam
1849 3523 2036 3596 ipsius
2062 3541 2160 3583 co-

458 3614 581 3658 ram
610 3617 677 3660 eo
706 3603 1110 3663 fortitudinem
1143 3606 1397 3665 laudant.

530 3688 625 3748 Sic
667 3692 971 3764 nimirum,
1012 3695 1095 3753 sic
1125 3695 1189 3754 B.
1228 3696 1522 3770 apostolus
1570 3697 1736 3772 quasi
1791 3703 1923 3756 ante
1972 3700 2168 3773 ipsum

456 3789 652 3836 arente
703 3780 1055 3840 vestibulum
1093 3782 1321 3841 alumni
1373 3785 1463 3843 sui
1501 3786 1759 3843 membra
1803 3786 2164 3861 considerat;

459 3870 514 3922 et
537 3870 601 3924 ut
630 3883 691 3925 se
716 3868 790 3926 ad
827 3871 1321 3944 congrediendum
1339 3880 1641 3947 praeparet,
1673 3875 1866 3934 verbis
1894 3879 2170 3938 suasoriae

459 3953 873 4016 adhortationis
893 3959 1233 4019 inﬂammat.
1253 3960 1404 4031 Quid
1425 3969 1510 4020 est
1536 3964 1692 4021 enim
1717 3964 1927 4035 dicere,
1969 3988 1989 4017 ι
2023 3969 2166 4041 quid

461 4042 624 4100 sedes
652 4045 979 4117 nobiscum,
1013 4072 1037 4099 ι
1070 4050 1184 4108 nisi
1216 4050 1335 4124 jam
1376 4051 1597 4125 depone
1626 4054 1924 4125 desidiam,
1954 4064 2018 4116 ut
2044 4067 2170 4132 post

460 4138 750 4224 peractam
779 4136 1077 4198 victoriam
1120 4141 1423 4215 pervenias
1462 4145 1533 4202 ad
1572 4147 1893 4206 coronam?
1928 4148 1998 4207 Et
2026 4151 2166 4224 quid

461 4222 547 4311 est
577 4218 797 4311 dicere,
822 4247 843 4277 α
879 4243 1007 4284 ecce
1048 4229 1309 4288 eruditus
1354 4247 1414 4289 es
1455 4232 1526 4291 de
1561 4234 1833 4293 omnibus
1870 4252 2004 4311 quae
2038 4218 2169 4298 iecit

2248 1990 2550 2049 audisses:
2590 2012 2618 2045 «
2648 1989 2888 2049 Modicae
2930 1990 3066 2049 ﬁdei
3118 2007 3297 2066 quare
3338 1993 3660 2054 dubitasti?
3701 2020 3722 2051 ι
3777 2000 3959 2072 abici.)

2250 2078 2367 2136 Nec
2414 2078 2630 2136 mirum
2680 2078 3016 2152 tibimetipsi
3045 2080 3225 2138 maris
3252 2086 3390 2140 tunc
3420 2083 3763 2143 formidasse
3806 2086 3963 2157 peri-

2248 2168 2471 2236 culum,
2499 2167 2600 2240 qui
2630 2183 2731 2240 pro
2770 2167 2972 2226 eadem
2996 2169 3206 2228 mentis
3233 2169 3592 2244 inﬁrmitate,
3615 2174 3961 2247 magistrum

2247 2264 2300 2314 et
2334 2258 2648 2317 Dominum
2699 2264 2867 2317 tuum
2908 2259 3143 2319 nolebas
3194 2260 3387 2320 crucis
3429 2261 3626 2321 subire
3679 2262 3823 2319 155
3869 2282 3964 2338 pa-

2249 2347 2521 2405 tibulum.
2571 2345 2716 2405 Cum
2764 2348 2924 2406 enim
2972 2348 3075 2407 tibi
3118 2349 3351 2420 diceret,
3396 2351 3555 2426 quod
3601 2367 3705 2425 pro
3741 2353 3962 2413 redem-

2246 2436 2442 2511 ptione
2476 2436 2723 2494 humani
2769 2437 3002 2510 generis
3035 2439 3474 2513 cruciﬁgendus
3492 2448 3662 2512 esset,
3696 2443 3962 2514 protinus

2245 2525 2589 2600 respondisti
2619 2549 2632 2584 :
2668 2552 2692 2579 ιι
2724 2526 2892 2585 Absit
2918 2543 2952 2585 a
2982 2534 3052 2599 te,
3074 2527 3341 2599 Domine,
3378 2529 3660 2603 propitius
3684 2531 3792 2589 tibi
3817 2540 3959 2603 esto,

2245 2614 2508 2685 Domine,
2540 2630 2613 2674 ne
2640 2614 2748 2683 ﬁat
2792 2616 2901 2675 hoc
2939 2620 3156 2688 (Matth.
3201 2623 3350 2687 XVI).
3384 2639 3412 2671 ι)
3444 2618 3591 2689 Quid
3621 2627 3706 2679 est
3735 2621 3863 2691 hoc,
3892 2620 3958 2680 B.

2242 2705 2537 2778 apostole?
2574 2704 2853 2779 Nunquid
2884 2705 2977 2763 vis
3006 2706 3275 2766 claudere
3307 2708 3519 2780 locum,
3548 2708 3705 2767 unde
3748 2716 3962 2769 nostrai

2240 2795 2657 2867 redemptionis
2702 2801 2789 2853 est
2837 2795 3091 2868 pretium
3142 2797 3486 2856 exiturum?
3537 2798 3823 2872 Nunquid
3872 2801 3961 2859 vis

2244 2884 2460 2942 fontem
2511 2884 2876 2956 restringere,
2924 2886 3027 2957 qui
3068 2885 3364 2958 pravitatis
3413 2895 3625 2946 nostra;
3665 2888 3963 2948 descendit

2241 2972 2499 3030 maculas
2546 2973 2913 3032 emundare?
2963 2973 3108 3033 Ecce
3154 2974 3275 3048 jam
3328 2977 3480 3039 nosti
3533 2976 3706 3036 illum
3754 2978 3962 3051 procul

2243 3060 2421 3120 dubio
2462 3060 2648 3119 Deum
2690 3077 2834 3131 esse,
2880 3067 3070 3121 tamen
3113 3063 3413 3123 dissuades
3465 3072 3711 3124 mortem
3761 3067 3963 3126 subire

2243 3149 2369 3207 Nisi
2408 3149 2567 3207 enim
2621 3149 2807 3208 Deum
2854 3152 3135 3223 crederes,
3174 3153 3461 3227 propitius
3503 3153 3608 3213 tibi
3652 3160 3797 3226 esto,
3848 3153 3960 3213 Do-

2242 3239 2423 3309 mine,
2460 3254 2575 3297 non
2603 3238 2873 3297 dixisses.

2314 3327 2633 3387 Concordat
2669 3328 2921 3402 denique
2965 3328 3106 3387 ﬁdes
3139 3329 3413 3405 discipuli
3454 3345 3587 3391 cum
3640 3333 3966 3394 assertione

2244 3418 2521 3494 Magistri.
2557 3439 2584 3473 α
2617 3419 2981 3489 Potestatem,
3032 3419 3252 3493 inquit,
3298 3420 3481 3480 habeo
3527 3421 3785 3494 ponendi
3830 3423 3963 3482 ani-

2244 3526 2400 3570 mum
2446 3528 2656 3583 meam,
2699 3519 2756 3571 et
2804 3517 3138 3585 potestatem
3188 3512 3373 3571 habeo
3424 3512 3637 3572 iterum
3683 3515 3962 3574 sumendi

2243 3601 2405 3660 illam
2436 3604 2608 3675 (Joan.
2641 3601 2720 3672 X).
2754 3621 2782 3653 »
2817 3599 2930 3661 Sed
2974 3600 3076 3674 qui
3104 3600 3219 3659 ﬁde
3247 3609 3382 3672 stas,
3416 3602 3757 3662 inﬁrmitate
3775 3604 3959 3677 jaces,

2243 3706 2416 3765 quem
2468 3690 2610 3749 lides
2644 3689 2831 3763 erigit,
2867 3689 3038 3748 timor
3086 3689 3323 3748 sternit?
3352 3688 3463 3758 Qui
3499 3706 3635 3765 ergo
3684 3691 3963 3766 Magistro

2245 3780 2431 3838 crucis
2481 3779 2757 3837 timueras
2814 3784 3077 3847 mortem,
3110 3784 3168 3836 et
3211 3777 3547 3852 tibimetipsi
3590 3780 3779 3855 pelagi
3826 3797 3961 3854 pro-

2246 3872 2611 3942 funditatem,
2656 3878 2795 3929 tunc
2842 3870 3119 3928 dilectum
3160 3870 3517 3943 discipulum
3567 3886 3687 3930 non
3726 3870 3962 3930 dubitas

2248 3961 2472 4019 mittere
2523 3961 2676 4019 inter
2720 3967 3149 4035 persecutorum
3191 3959 3513 4019 furentium
3556 3960 3798 4020 rabiem.
3839 3961 3960 4020 Cur

2249 4050 2374 4121 hoc,
2408 4051 2520 4109 nisi
2557 4050 2694 4123 quia
2742 4048 3094 4123 completum
3148 4054 3234 4107 est
3279 4047 3339 4107 in
3398 4056 3472 4121 te,
3502 4051 3658 4123 quod
3706 4066 3810 4125 per
3856 4064 3959 4109 co-

2248 4142 2572 4216 apostolum
2604 4150 2767 4201 tuum
2794 4143 3023 4214 dicitur,
3055 4143 3196 4217 quia
3224 4167 3249 4194 α
3283 4143 3454 4203 timor
3477 4160 3592 4204 non
3611 4154 3696 4204 est
3728 4147 3790 4203 in
3818 4147 3958 4204 cha-

2251 4233 2434 4300 ritate,
2467 4231 2566 4289 sed
2614 4231 2863 4304 perfecta
2916 4232 3165 4291 Charitas
3191 4233 3344 4292 foras
3371 4233 3547 4292 mittit
3576 4235 3843 4292 timorem
3870 4236 3896 4292 ?
3928 4256 3958 4288 )›

461 4303 650 4398 Jesus,
683 4332 704 4360 ι
742 4310 854 4369 nisi
884 4329 1088 4374 omnes
1134 4318 1219 4376 tui
1264 4322 1517 4393 corporis
1554 4330 1715 4381 artus
1752 4303 2167 4398 jam-perfecto

2253 4325 2301 4389 (Ι
2323 4325 2480 4377 Joan.
2510 4303 2633 4389 Iv.)7
2660 4320 2789 4379 Jam
2838 4321 2996 4380 enim
3052 4322 3267 4382 iterum
3311 4323 3582 4383 audieras
3629 4341 3663 4382 a
3711 4323 3961 4385 Domino

465 4396 659 4488 vigent
711 4401 932 4477 robore,
988 4407 1254 4483 nihilque
1312 4412 1414 4469 tibi
1456 4414 1578 4486 jam
1634 4396 1895 4488 superest
1924 4396 2061 4475 Vnisi
2104 4416 2432 4488 ut“(Joan.
2465 4415 2622 4481 XXI.)
2657 4431 2668 4469 :
2718 4435 2739 4461 ι
2783 4412 3008 4482 Simon,
3037 4429 3196 4473 amas
3233 4412 3372 4472 me?
3402 4437 3427 4465 υ
3459 4415 3529 4472 Et
3552 4415 3955 4487 respondens:

526 4464 554 4469 -
917 4464 931 4477 .
1044 4464 1249 4483 ντ--ηπν
1315 4464 1414 4469 --η-
1484 4464 1578 4471 ----
1634 4464 1703 4473 υς.
1752 4464 1895 4473 ﬂ--.
1950 4464 2061 4475 -..ω
2107 4464 2168 4476 ...
2783 4464 3008 4482 ~———---.
3038 4464 3196 4473 η--υ
3235 4464 3360 4472 -ν-
3459 4464 3954 4487 --η-τν--ηυ

463 4485 667 4548 timore
704 4495 1035 4568 postposito,
1066 4497 1308 4573 incipias
1336 4464 1659 4561 dimicare?
1690 4464 1853 4562 [inde
1879 4512 2009 4579 apte
2035 4464 2283 4567 sub-Da
2310 4499 2573 4572 Domine.
2623 4507 2686 4559 tu
2736 4500 2848 4558 θεῖε
2890 4502 3029 4575 (Illia
3074 4517 3205 4560 amo
3253 4509 3346 4574 te;
3405 4525 3426 4554 ³
3485 4502 3641 4561 ῘΠίυο
3695 4502 3909 4561 mdis“
3941 4521 3954 4560 ε

454 4575 757 4651 jungitur:
789 4607 816 4635 ιι
848 4584 1102 4646 Praadica
1125 4590 1210 4648 eis
1234 4590 1305 4648 de
1333 4594 1572 4652 nomine
1599 4595 1757 4665 Jesu,
1788 4604 1843 4654 et
1871 4575 1944 4655 ne
1976 4597 2169 4657 formi-
2256 4614 2283 4637 α
2317 4588 2488 4646 Pasce
2518 4604 2656 4646 Oves
2677 4603 2856 4646 “1938-
2878 4611 2904 4639 ’³
2937 4589 3178 4648 Dixerat
3206 4590 3415 4650 iterum
3439 4591 3726 4650 Dominus
3756 4616 3769 4649 ε
3808 4614 3832 4643 ε
3865 4591 3961 4651 δί-

461 4663 688 4728 daveris
716 4687 732 4744 ;
771 4696 792 4724 ιι
835 4680 1106 4751 tanquam
1143 4679 1355 4739 diceret
1389 4705 1401 4739 :
1433 4681 1523 4740 Ex
1562 4663 1847 4755 jussionis
1886 4702 2032 4744 mem
2060 4704 2168 4746 au-
2250 4685 2348 4735 cut
2375 4677 2579 4734 dileXit
2611 4691 2701 4734 me
2728 4676 2912 4746 Ρῖιιθΐι
2945 4684 3001 4736 εἴ
3025 4695 3129 4752 ego
3157 4679 3338 4753 (11Ῑί80
3367 4695 3470 4738 V03
3499 4685 3673 4754 {Joan-
3702 4683 3828 4751 XV)-
3866 4681 3963 4740 Si-

459 4757 718 4818 ctoritate
754 4767 1119 4841 congredere,
1160 4769 1392 4828 brachia
1426 4787 1680 4844 consere,
1711 4780 1776 4832 ut
1803 4790 2171 4834 communem
2256 4772 2353 4825 cut
2377 4781 2513 4837 ergo
2544 4771 2599 4822 te
2634 4765 2917 4825 Dominus
2954 4768 3180 4839 ἀίιθκίῑι
3210 4784 3344 4827 Cum
3376 4784 3478 4843 Ι)Γο
3506 4769 3808 4842 Pascendis
3833 4769 3964 4829 OVi'

462 4845 768 4923 utriusque
840 4856 992 4929 regis
1070 4862 1254 4931 possis
1320 4860 1620 4918 victoriam
1678 4862 1749 4919 de
1801 4862 2174 4937 triumphatis
2257 4856 2370 4914 bus
2399 4854 2523 4912 suis
2554 4855 2704 4914 inter
2723 4857 2993 4916 scandala
3016 4866 3449 4932 persecutorum
3478 4857 3677 4929 misit;
3707 4857 3791 4917 sic
3818 4866 3874 4917 et
3903 4866 3968 4917 tu

458 4932 725 4997 hostibus
755 4951 1062 5015 reportare.
1100 4947 1375 5007 Percurre
1412 4948 1660 5022 impiger
1706 4932 2076 5022 stadium-ut
2103 4954 2176 5011 ad
2257 4945 2614 5020 diSCipulum
2643 4946 2859 5021 diligis,
2892 4964 3027 5008 cum
3065 4964 3167 5023 pro
3213 4949 3430 5008 BiSdem
3459 4947 3671 5008 OVibllS
3706 4948 3779 5007 ad
3809 4963 3970 5007 mar-

455 5026 814 5115 pl‘opositum
844 5032 1157 5093 victoribus
1198 5037 1474 5095 merearis
1504 5037 1835 5111 pertingere
1882 5040 2174 5115 bravium.
2262 5034 2479 5108 tyrium
2505 5034 2726 5108 dirigis.

457 5111 587 5172 Non
638 5115 868 5178 dubites
914 5120 1167 5194 arripere
1217 5140 1495 5198 pugnam,
1536 5125 1609 5184 de
1646 5142 1760 5200 qua
1795 5128 2054 5187 nobilem
2088 5111 2179 5188 re;

458 5202 626 5279 feres,
656 5215 891 5268 auctore
937 5210 1074 5283 Deo,
1122 5212 1377 5273 victoriae
1420 5216 1693 5289 palmam.
1730 5217 1868 5290 Ego,
1919 5233 2023 5290 ego
2076 5218 2180 5277 tibi

454 5296 749 5370 praecipio,
788 5299 925 5375 quia
965 5307 1297 5373 potestatem
1327 5303 1547 5378 ligandi
1588 5320 1701 5364 non
1742 5306 1931 5364 solum
1964 5306 2028 5364 in
2062 5315 2181 5365 ter-

461 5396 543 5452 ra,
575 5386 675 5443 sed
713 5394 769 5446 et
804 5389 867 5446 in
909 5388 1241 5449 coelestibus
1277 5392 1489 5462 habeo;
1525 5409 1628 5468 ego
1671 5402 1723 5453 te
1758 5395 1830 5452 ad
1870 5396 2184 5468 pascendae

462 5483 601 5529 oves
646 5473 976 5537 Dominicas
1031 5478 1216 5551 mitto,
1259 5479 1363 5554 qui
1408 5480 1563 5540 ovile
1612 5483 1785 5544 totius
1822 5489 2037 5542 sanctas
2074 5485 2182 5546 Ec-

468 5556 662 5619 clesiaa
714 5564 979 5640 injuncta
1026 5568 1175 5629 mihi
1243 5586 1382 5632 cura
1456 5575 1738 5636 custodio.
1797 5575 2187 5652 Praerogativa

2336 5121 2449 5181 Sed
2496 5122 2655 5192 libet,
2688 5124 2892 5183 fratres
2926 5126 3060 5199 mei,
3092 5126 3221 5185 haac
3264 5126 3573 5201 apostolica
3603 5127 3781 5186 verba
3827 5127 3969 5186 sub-

2263 5213 2353 5271 tili
2410 5214 2779 5288 indagatione
2825 5215 3149 5287 discutere,
3213 5223 3270 5275 et
3341 5216 3631 5292 quomodo
3695 5218 3974 5276 canonica

2265 5303 2662 5362 ecclesiasticae
2700 5319 2963 5364 censura)
2997 5306 3305 5364 auctoritas
3332 5306 3393 5365 in
3431 5306 3718 5378 eligendis
3744 5321 3975 5380 praepo—

2265 5393 2393 5454 sitis
2436 5409 2613 5453 unam
2649 5395 2865 5469 ubique
2904 5402 3092 5455 teneat
3128 5397 3406 5472 reguiam,
3438 5397 3779 5472 prtevidere.
3814 5396 3976 5456 Dici-

2268 5492 2364 5544 tur
2379 5485 2536 5544 enim
2560 5484 2624 5543 B.
2651 5485 3004 5559 Apollinari:
3032 5508 3060 5542 α
3083 5486 3232 5557 Quid
3256 5488 3425 5548 sedes
3453 5488 3761 5548 nobiscum
3782 5487 3811 5547 ?
3830 5489 3976 5547 Ecce

2266 5574 2532 5637 eruditus
2564 5591 2626 5635 es
2651 5575 2724 5635 de
2752 5576 3029 5638 omnibus
3073 5592 3211 5653 quaa
3263 5579 3400 5639 fecit
3450 5579 3644 5640 Jesus.
3683 5601 3708 5634 ι
3745 5579 3975 5641 Rursus
