4184 6454
223 315 334 377 669

1732 308 1980 375 SERMO
2018 305 2228 366 XXXI.

3627 303 3736 364 670

223 442 382 501 idem
419 440 807 514 apostolorum
835 440 1103 515 princeps
1138 455 1273 500 cum
1304 441 1366 499 in
1398 442 1520 500 loco
1550 440 1717 500 Judaa
1759 438 2007 498 aliumA
2033 431 2126 491 Sic
2159 436 2215 489 et
2257 430 2379 504 ipse
2411 430 2586 488 Jacoh
2627 429 2902 502 Ephraim
2940 435 2995 486 et
3039 427 3303 487 Manasse
3350 428 3487 488 ﬁliis
3520 431 3729 505 Joseph

223 530 539 603 subrogare
576 526 856 586 voluisset
902 529 1246 603 apostolum,
1289 536 1354 590 ut
1390 530 1812 604 neophytorum
1849 541 1942 586 re-

223 619 502 694 primeret
537 616 900 691 pravitatem,
933 619 1126 693 inquit
1157 643 1168 678 :
1211 645 1238 670 α
1272 620 1502 693 Oportet
1539 635 1674 694 ergo
1727 635 1804 678 ex
1853 618 1945 676 his

224 708 391 778 viris,
431 707 534 782 qui
574 707 884 765 nobiscum
930 709 1257 780 congregati
1307 715 1444 768 sunt
1488 709 1551 767 in
1589 709 1750 769 omni
1795 715 1943 766 tem-

227 813 389 872 pore,
420 811 537 871 quo
580 795 843 865 intravit,
881 801 939 853 et
975 795 1160 854 exivit
1195 796 1349 853 inter
1387 811 1492 854 nos
1522 796 1808 854 Dominus
1845 793 1941 852 Je-

226 902 346 956 sus,
381 892 582 944 testem
615 885 1057 944 resurrectionis
1086 886 1216 960 ejus
1253 886 1556 944 nobiscum
1600 885 1726 942 ﬁeri
1755 898 1944 943 unum

225 991 304 1035 ex
332 976 461 1034 istis
491 976 637 1048 (Act.
673 976 732 1046 ι).
765 999 792 1023 »ο
835 974 989 1031 Hinc
1023 975 1176 1032 idem
1202 976 1325 1047 ipse
1350 974 1620 1046 gentibus
1649 975 1943 1033 Christum

224 1065 658 1138 evangelizans,
712 1063 901 1122 aiebat
959 1088 972 1122 :
1032 1086 1054 1115 α
1083 1064 1256 1122 Hunc
1293 1064 1446 1122 Deus
1498 1064 1798 1124 suscitavit
1836 1072 1944 1123 ter-

223 1154 304 1213 tia
360 1154 472 1225 die,
527 1161 582 1211 et
621 1153 778 1211 dedit
828 1168 965 1211 eum
1016 1153 1392 1212 manifestum
1439 1153 1566 1212 fieri
1615 1169 1733 1211 non
1781 1155 1944 1213 omni

224 1241 459 1316 populo,
493 1241 592 1298 sed
639 1241 884 1300 testibus
939 1240 1342 1314 praeordinatis
1390 1258 1424 1300 a
1471 1242 1612 1312 Deo,
1642 1242 1812 1301 nobis
1841 1244 1943 1318 qui

224 1329 712 1388 manducavimus
743 1335 800 1388 et
833 1328 1096 1389 bibimus
1125 1345 1261 1388 eum
1306 1329 1430 1401 illo,
1469 1337 1775 1404 postquam
1811 1347 1943 1390 sur-

225 1418 381 1478 rexit
436 1434 470 1476 a
520 1419 766 1476 mortuis
811 1419 952 1492 (Act.
1002 1421 1082 1492 X).
1113 1442 1136 1471 ι
1178 1418 1332 1478 Hinc
1379 1419 1503 1494 ipse
1551 1421 1830 1479 Dominus
1879 1421 1942 1480 in

227 1506 545 1580 Evangelio
577 1524 712 1566 cum
750 1509 822 1566 de
863 1509 1144 1567 mittendo
1183 1516 1378 1568 sancto
1417 1510 1635 1584 Spiritu
1673 1512 1943 1586 apostolis

228 1596 602 1672 loqueretur:
641 1619 663 1649 ι
696 1595 822 1667 Ille,
851 1597 1067 1672 inquit,
1094 1598 1491 1658 testimonium
1520 1600 1845 1673 perhibebit
1872 1603 1943 1662 de

229 1701 348 1756 me,
386 1693 442 1743 et
484 1701 588 1746 vos
624 1687 1022 1745 testimonium
1060 1687 1458 1760 perhibebitis,
1491 1689 1628 1764 quia
1668 1689 1740 1747 ab
1774 1690 1942 1751 initio

2023 520 2588 595 osculum‘przehuit,
2617 535 2750 578 cum
2781 534 2878 578 eos
2915 520 3066 577 inter
3093 519 3345 594 reliquos
3382 521 3734 594 patriarchas

2024 613 2394 680 constituens,
2424 610 2726 669 benedixit
2746 611 2895 683 (Gen.
2926 611 3150 682 XLVIII).
3183 610 3335 669 Hinc
3355 611 3525 669 etiam
3549 611 3733 669 eccle—

2025 701 2290 760 siasticus
2329 716 2454 758 mos
2491 699 2753 767 inolevit,
2797 706 2862 756 ut
2911 699 3210 772 pontiﬁces
3252 700 3367 770 his,
3409 716 3554 773 quos
3593 715 3732 758 con-

2025 796 2269 859 secrant,
2306 787 2574 846 osculum
2619 786 2892 845 tribuant.
2936 786 3110 858 Hinc,
3157 787 3378 857 fratres,
3413 789 3548 846 hinc
3577 804 3733 862 rogo,

2026 877 2298 951 colligite,
2331 876 2395 934 B.
2432 875 2784 949 Apollinaris
2821 882 3037 948 quanta
3075 874 3148 932 sit
3185 875 3482 946 celsitudo,
3524 876 3626 950 qui
3671 882 3737 935 ut

2026 965 2318 1039 apostolus
2359 965 2431 1022 ad
2487 980 2677 1022 arcem
2718 963 3086 1037 pontiﬁcatus
3123 963 3380 1035 eligitur,
3427 970 3482 1022 et
3527 972 3590 1022 ut
3634 980 3734 1036 pa-

2027 1054 2274 1112 triarcha
2311 1052 2644 1112 solemnitcr
2687 1051 3009 1109 ordinatur.
3041 1050 3151 1120 Qui
3179 1059 3236 1109 et
3268 1051 3341 1108 ab
3380 1050 3504 1122 illo,
3532 1059 3587 1108 et
3616 1067 3731 1109 non

2026 1145 2257 1204 diverso
2295 1143 2465 1203 modo
2505 1143 2864 1218 provehitur,
2893 1159 2928 1200 a
2975 1157 3092 1216 quo
3132 1149 3189 1201 et
3233 1141 3475 1218 apostoli
3512 1157 3741 1217 promo-

2028 1252 2139 1295 VCD
2148 1242 2258 1294 Illl‘.

2098 1324 2339 1382 Videtur
2373 1337 2508 1396 ergo
2537 1322 2599 1380 in
2649 1323 2748 1380 illo
2777 1329 2833 1380 et
2871 1322 3179 1396 apostolica
3221 1322 3496 1397 dignitas,
3526 1332 3581 1383 et
3624 1342 3730 1400 pa-

2030 1415 2350 1474 triarchalis
2394 1413 2752 1486 sublimitas;
2787 1412 2924 1486 quia
2952 1420 3006 1470 et
3049 1412 3358 1485 apostolico
3396 1430 3493 1473 ore
3527 1432 3733 1489 prove-

2028 1509 2206 1580 hitur,
2237 1513 2293 1565 et
2334 1504 2705 1580 patriarchali
2745 1503 3107 1562 solemnitate
3140 1512 3525 1564 consecratur.
3575 1505 3733 1564 Unde

2027 1597 2110 1670 ﬁt,
2146 1604 2212 1656 ut
2241 1612 2377 1657 cum
2414 1594 2627 1666 caateri,
2667 1593 2769 1668 qui
2801 1609 2904 1668 pro
2943 1592 3271 1652 testimonio
3302 1593 3559 1653 veritatis
3594 1610 3736 1668 sup-

2027 1687 2199 1761 plicia
2244 1685 2395 1760 passi
2441 1691 2595 1756 sunt,
2641 1689 2925 1758 martyres
2979 1690 3433 1756 nuncupentur;
3478 1684 3591 1755 hic,
3632 1684 3735 1757 qui

229 1791 462 1834 mecum
493 1776 631 1834 estis
659 1781 838 1848 (Joan.
870 1781 1036 1848 XVI);
1076 1798 1098 1828 ι
1132 1783 1412 1851 tanquam
1439 1777 1653 1837 diceret
1679 1803 1692 1837 :
1720 1780 1939 1840 Idcirco
1965 1792 2146 1852 Bnon
2184 1781 2372 1840 solum
2411 1797 2634 1855 passus,
2666 1779 2765 1838 sed
2795 1779 2968 1837 etiam
3000 1778 3070 1836 ad
3114 1779 3455 1851 martyrium
3489 1779 3561 1836 ab
3595 1794 3732 1852 apo-

227 1865 505 1924 idoneum
527 1866 599 1924 de
628 1882 722 1925 me
745 1865 1142 1924 testimonium
1171 1866 1571 1940 perhibebitis,
1601 1868 1742 1941 quia
1768 1869 1940 1941 quid-

227 1956 376 2031 quid
409 1956 554 2015 alios
586 1955 922 2024 docueritis,
960 1955 1149 2028 longae
1186 1955 1643 2015 conversationis
1691 1957 1942 2016 assidui-

239 2054 354 2106 tate
377 2047 487 2122 ipsi
510 2055 678 2106 antea
709 2047 1010 2106 didicistis.

314 2134 573 2192 Audiant
627 2133 922 2207 neophyti,
963 2133 1205 2193 audiant
1248 2133 1402 2205 elati,
1453 2141 1509 2193 et
1563 2135 1730 2210 quasi
1780 2135 1946 2195 folles

241 2233 416 2284 vento
440 2225 810 2300 arrogantiae,
839 2233 894 2284 et
925 2225 1062 2299 igne
1086 2212 1417 2298 cupiditatis
1444 2227 1652 2298 inﬂati,
1685 2229 1787 2302 qui
1816 2236 1948 2288 ante

243 2314 452 2373 volunt
505 2315 729 2386 docere,
780 2330 957 2389 quam
1008 2315 1226 2386 sciant;
1288 2323 1343 2374 et
1386 2315 1447 2374 in
1494 2317 1688 2376 schola
1735 2318 1948 2378 Christi

236 2407 371 2458 ante
408 2401 638 2458 inhiant
671 2402 736 2460 in
783 2401 1051 2460 cathedra
1087 2402 1412 2473 praesidere,
1476 2420 1652 2477 quam
1703 2405 1946 2465 ferulam

232 2489 506 2548 sentiant.
539 2490 808 2564 Dumque
840 2490 1168 2548 inordinate
1205 2490 1406 2550 ordine
1431 2507 1550 2550 non
1575 2509 1679 2567 per
1711 2495 1944 2564 ostium,

232 2580 336 2638 sed
371 2579 610 2639 aliunde
647 2580 720 2638 ad
757 2579 1056 2653 regiminis
1088 2581 1223 2654 jura
1273 2589 1681 2655 prorumpunt,
1725 2599 1841 2641 non
1888 2601 1949 2643 se

233 2677 492 2745 pastores
548 2686 693 2740 esse,
762 2669 862 2728 sed
911 2670 1090 2740 fures,
1143 2676 1199 2727 et
1254 2670 1640 2729 mercenaries
1690 2680 1950 2746 patenter

231 2761 564 2830 ostendunt,
604 2757 745 2815 156
776 2761 878 2834 qui
907 2760 1174 2833 prodesse
1203 2759 1287 2817 nil
1316 2767 1543 2830 curant,
1578 2761 1675 2818 sed
1703 2778 1950 2834 praeesse

233 2850 472 2908 ﬂamma
495 2848 1002 2924 perniciosissimae
1033 2849 1363 2923 cupiditatis
1389 2849 1681 2908 anhelant.
1715 2851 1793 2909 Hi
1827 2867 1953 2925 pro-

234 2939 382 2998 fecto
437 2955 555 2997 non
597 2939 1009 3012 praeferuntur,
1045 2944 1110 2996 ut
1149 2937 1362 2996 Christi
1411 2939 1567 2997 ovile
1605 2941 1948 3012 custodiant,

237 3046 354 3088 non
387 3036 452 3088 ut
481 3044 710 3103 gregem
749 3027 1116 3086 Dominicum
1153 3033 1407 3102 pascant,
1443 3030 1540 3086 sed
1576 3035 1641 3086 ut
1681 3029 1950 3088 miseram

2030 1871 2174 1930 stolo
2225 1879 2338 1928 tam
2386 1869 2658 1929 nobiliter
2699 1874 2784 1928 est
2826 1867 3063 1939 electus,
3111 1866 3458 1942 apostolicus
3517 1876 3736 1944 martyr

2023 1960 2157 2036 jure
2189 1959 2430 2018 dicatur.

2100 2052 2256 2110 Inter
2291 2051 2414 2109 haec
2465 2066 2587 2120 vos,
2618 2051 2825 2108 fratres
2860 2046 3210 2119 charissimi,
3240 2048 3311 2105 ad
3357 2048 3735 2122 vosmetipsos

2032 2142 2232 2211 redite,
2262 2147 2427 2200 actus
2456 2148 2673 2199 vestros
2701 2139 2946 2199 sollicita
2971 2139 3402 2198 examinatione
3428 2139 3736 2210 discutite;

2031 2236 2087 2290 et
2123 2231 2224 2305 qui
2273 2231 2474 2289 laudes
2520 2231 2791 2303 martyris
2829 2229 3074 2286 libenter
3111 2227 3342 2299 auditis,
3384 2227 3738 2287 laudabilem

2031 2321 2211 2379 vitam
2249 2320 2462 2377 habere
2501 2324 2716 2377 curate.
2759 2318 2884 2376 Non
2927 2323 3012 2376 est
3038 2317 3196 2376 enim
3234 2316 3488 2390 speciosa
3520 2315 3646 2375 laus
3678 2317 3739 2374 in

2031 2425 2130 2468 ore
2183 2408 2494 2482 peccatoris
2545 2411 2734 2478 (Ecch'.
2779 2415 2903 2479 XV).
2953 2405 3047 2464 Illi
3094 2406 3251 2462 enim
3308 2406 3483 2478 digne
3529 2405 3742 2485 sanctis

2034 2498 2310 2556 laudibus
2339 2499 2606 2566 efferunt,
2640 2497 2743 2571 qui
2774 2497 3140 2556 laudabiliter
3167 2495 3396 2554 vivunt.
3430 2495 3500 2553 Et
3541 2495 3603 2552 hi
3635 2495 3745 2553 for-

2034 2589 2180 2646 tium
2212 2589 2452 2648 virtutes
2491 2586 2714 2646 utiliter
2750 2584 3017 2652 audiunt,
3048 2601 3193 2658 quos
3229 2583 3426 2642 audita
3457 2581 3744 2656 praeconia

2033 2676 2104 2733 ad
2166 2691 2423 2734 amorem
2478 2675 2822 2733 imitationis
2879 2673 3178 2732 accedunt.
3239 2673 3526 2730 Cznterum
3598 2668 3742 2744 quid

2032 2765 2261 2839 prodest
2311 2765 2357 2823 si
2408 2764 2554 2823 alios
2600 2764 2940 2823 constitutos
2984 2763 3048 2820 in
3107 2761 3464 2821 sublimibus
3521 2759 3742 2828 videas,

2033 2855 2156 2926 ipse
2214 2870 2350 2912 vero
2413 2854 2475 2912 in
2534 2869 2789 2927 praeceps
2850 2853 2919 2910 ad
2992 2851 3108 2909 ima
3164 2848 3523 2910 descendas?
3592 2848 3741 2918 Quid

2039 2942 2179 2999 157
2237 2945 2464 3018 prodest
2517 2943 2752 3002 fortium
2800 2943 3144 3001 bellatorum
3189 2941 3513 3014 triumphos
3558 2938 3746 2996 extol-

2035 3034 2172 3107 lere,
2216 3036 2265 3093 si
2310 3035 2432 3110 ipse
2469 3050 2588 3094 non
2632 3033 2936 3092 erubescas
2982 3032 3242 3110 quotidie
3279 3039 3435 3104 terga
3483 3030 3747 3089 hostibus

235 3137 471 3180 carnem
533 3135 702 3179 suam
741 3120 804 3178 in
853 3119 1108 3178 lasciviis
1143 3127 1201 3177 et
1253 3119 1648 3194 voluptatibus
1703 3122 2006 3218 molliterC
2036 3124 2224 3184 dare?
2255 3124 2531 3198 Quisquis
2557 3138 2692 3196 ergo
2721 3123 2938 3197 gaudes
2980 3123 3202 3181 fortiter
3235 3123 3421 3196 egisse
3465 3129 3745 3193 martyres

237 3212 501 3271 nutriant
522 3229 538 3280 ;
567 3211 831 3281 dumque
868 3224 928 3266 se
959 3209 1243 3283 proximis
1289 3209 1556 3282 praelatos
1587 3226 1710 3269 esse
1758 3213 1951 3270 consi-

237 3299 460 3371 derant,
494 3314 706 3357 caecam
741 3303 996 3355 mentem
1048 3297 1111 3355 in
1151 3299 1442 3371 superbize
1480 3299 1756 3359 cornibus
1785 3301 1952 3358 exal-

238 3397 380 3449 tant.
411 3390 671 3448 Audiant
699 3403 855 3461 ergo,
889 3387 994 3461 qui
1034 3388 1319 3462 ejusmodi
1349 3396 1506 3461 sunt,
1534 3396 1588 3447 et
1619 3391 1709 3448 vel
1749 3397 1954 3449 curent

237 3495 300 3538 se
345 3478 419 3537 ab
466 3479 575 3536 hac
609 3478 1061 3552 praesumptione
1117 3493 1497 3550 compescere,
1540 3479 1633 3537 vel
1686 3481 1955 3539 noverint

238 3585 300 3627 se
335 3585 369 3626 a
403 3582 638 3642 corpore
678 3574 891 3625 sanctae
930 3566 1204 3625 Ecclesia}
1240 3567 1384 3641 jam,
1427 3567 1532 3625 etsi
1582 3583 1698 3626 non
1737 3575 1950 3642 aperte,

240 3675 376 3718 vere
437 3663 630 3716 tamen
686 3657 962 3716 radicitus
1020 3656 1292 3730 praecisos
1338 3657 1545 3730 jacere.
1603 3657 1747 3716 Ecce
1802 3659 1954 3718 beati

2035 3213 2272 3284 Christi,
2321 3214 2542 3287 corripe
2583 3220 2638 3271 et
2685 3213 2809 3285 ipse
2854 3229 3018 3270 artua
3055 3212 3204 3270 inter
3249 3211 3463 3270 milites
3508 3209 3744 3269 Christi.

2036 3293 2254 3362 Desunt
2284 3305 2544 3362 exterius
2573 3303 2762 3362 hostes
2788 3301 2816 3361 ?
2846 3302 3018 3359 Verte
3060 3317 3267 3359 manus
3297 3301 3358 3358 in
3399 3307 3471 3371 te,
3511 3309 3564 3359 et
3597 3301 3748 3360 mul-

2037 3400 2122 3451 tos
2183 3393 2481 3451 seditiosos
2547 3391 2812 3449 invenies
2883 3390 3059 3446 cives.
3136 3389 3317 3446 Doma
3395 3389 3747 3462 superbiam,

2029 3483 2236 3557 jugula
2289 3480 2676 3550 iracundiam,
2726 3476 3036 3548 exstingue
3110 3475 3437 3546 libidinem,
3499 3476 3747 3548 reprime

2035 3570 2364 3641 avaritiam,
2387 3570 2580 3628 occide
2607 3566 2924 3637 invidiam;
2954 3572 3028 3632 et,
3059 3564 3409 3623 ut'breviter
3433 3581 3568 3623 cum
3603 3566 3753 3637 Apo-

2037 3659 2182 3718 stolo
2232 3665 2438 3716 cuncta
2483 3655 2828 3729 complectar
2877 3672 2889 3710 :
2945 3677 2972 3701 κ
3002 3650 3283 3726 Cruciﬁge
3328 3667 3557 3710 carnem
3591 3657 3749 3709 tuam

240 3748 504 3824 apostoli,
537 3764 710 3822 super
752 3762 900 3820 quos
938 3749 1102 3820 quasi
1136 3746 1514 3806 solidissimas
1563 3749 1729 3808 bases
1761 3756 1956 3808 sancta
2036 3763 2171 3806 cum
2217 3746 2372 3805 vitiis
2401 3748 2548 3816 (Gal.
2583 3749 2666 3814 V).
2709 3765 2731 3793 ι
2767 3742 2889 3802 Hoc
2925 3749 3008 3800 est
3050 3741 3271 3798 fortiter
3300 3757 3488 3814 agere,
3529 3741 3639 3799 hoc
3667 3747 3752 3799 est

242 3838 526 3896 fundatur
574 3836 851 3908 Ecclesia,
913 3852 1032 3894 non
1087 3836 1399 3908 novitium,
1455 3853 1573 3896 non
1630 3840 1952 3912 indoctum,
2036 3836 2284 3895 viriliter
2329 3835 2623 3893 dimicare.
2668 3831 2813 3889 Nam
2842 3830 2981 3905 quid
3014 3830 3205 3904 juvat,
3233 3831 3283 3886 si
3330 3829 3480 3887 circa
3528 3828 3746 3887 vallum

240 3929 340 3987 sed
385 3926 556 3986 illum
600 3926 892 3998 ordinant,
931 3941 1108 4001 quem
1163 3925 1226 3982 in
1286 3926 1568 4001 doctrina,
1628 3936 1682 3988 et
1741 3936 1955 3988 sanctas
2038 3933 2090 3984 te
2127 3941 2244 3984 non
2283 3923 2582 3983 obsideant
2618 3921 2770 3979 acies
2819 3918 3307 3993 persequentium,
3343 3925 3398 3976 et
3448 3917 3603 3975 intra
3652 3933 3753 3976 ur-

239 4014 696 4075 conversationis
747 4014 940 4073 studio
1000 4014 1404 4087 perspexerint
1453 4030 1577 4074 esse
1633 4025 1954 4076 maturum.
2035 4016 2126 4074 bis
2161 4015 2377 4073 mmnia
2404 4017 2700 4085 grassetur
2730 4009 3022 4068 barbaries
3061 4006 3393 4067 vitiorum?
3423 4006 3526 4065 Vis
3557 4015 3751 4066 autem

241 4106 366 4165 Hoc
403 4105 617 4180 quaerit
648 4104 851 4163 Petrus
882 4103 944 4161 in
979 4103 1214 4172 Mathia,
1245 4118 1380 4162 cum
1411 4103 1584 4175 elegit
1628 4104 1690 4163 in
1729 4113 1954 4178 aposto-
2036 4104 2227 4162 adhuc
2255 4099 2511 4174 apertius
2563 4098 2798 4168 discere,
2840 4096 3088 4171 qualiter
3124 4097 3185 4154 in
3217 4112 3354 4171 pace
3393 4103 3606 4154 sanctze
3642 4096 3752 4154 Ec-

242 4191 444 4261 latum,
494 4190 602 4248 hoc
638 4190 702 4248 in
758 4189 1094 4264 Apollinare
1135 4203 1271 4248 cum
1306 4197 1606 4264 promovet
1640 4193 1702 4250 in
1739 4193 1958 4265 episco-
2037 4193 2227 4250 clesiae
2256 4192 2448 4250 valeas
2480 4188 2822 4263 martyrium
2857 4184 3180 4245 invenire?
3208 4186 3364 4245 Audi
3392 4191 3628 4258 attente,
3657 4185 3751 4246 in-

244 4287 462 4355 patum.
496 4278 661 4348 Quod
693 4294 827 4352 ergo
867 4278 1154 4337 Dominus
1197 4277 1524 4352 providerat
1562 4279 1625 4337 in
1664 4281 1954 4354 apostolis,
2041 4281 2231 4354 tellige
2280 4278 2604 4351 diligenter.
2653 4276 2762 4334 Cor
2805 4274 3024 4348 vigilet,
3065 4275 3264 4334 oculos
3305 4291 3423 4333 non
3458 4275 3749 4334 dormitet.

245 4369 355 4426 hoc
381 4368 622 4441 apostoli
651 4367 1017 4425 considerant
1048 4366 1110 4424 in
1138 4365 1470 4439 apostolicis
1495 4366 1660 4426 viris.
2039 4370 2205 4440 Quod
2257 4368 2417 4427 enim
2462 4366 2611 4438 dico,
2657 4364 3070 4424 brevissimum
3119 4371 3224 4423 est.
3270 4365 3532 4424 Ascende
3575 4364 3754 4437 igitur

319 4455 477 4514 Illud
515 4455 690 4514 etiam
725 4454 1196 4529 przetereundum
1247 4469 1362 4513 non
1410 4461 1514 4528 est,
1554 4456 1706 4529 quod
1752 4456 2302 4529 beatushtribunal
2350 4457 2583 4526 mentis,
2627 4463 2683 4514 et
2733 4455 3100 4528 temetipsum
3157 4454 3420 4529 pertrahe
3477 4453 3546 4510 ad
3601 4452 3755 4524 judi-

245 4542 540 4619 apostolus
570 4543 836 4602 osculans
866 4541 1245 4618 discipulum,
1273 4541 1466 4600 emisit
1495 4509 1630 4602 enim
1663 4559 1697 4602 a
1734 4559 1814 4601 se.
1849 4543 1960 4601 Hic
1981 4509 2202 4608 Dcium
2239 4547 2598 4623 quaestionis.
2628 4544 2908 4619 Cogitatio
2930 4509 3190 4614 accuset:
3233 4542 3469 4600 animus
3512 4541 3750 4613 judicet,

244 4631 625 4705 antiquorum
659 4630 896 4690 Patrum
920 4631 1274 4690 consuetudo
1303 4630 1597 4704 recolitur,
1628 4640 1684 4690 et
1712 4632 1775 4690 in
1804 4647 1949 4690 novo

2044 4638 2331 4712 paenitens
2369 4635 2720 4695 conscientia
2750 4634 2912 4693 velut
2940 4632 3201 4691 carnifex
3242 4629 3426 4699 feriat,
3469 4628 3751 4703 lacryma-

240 4724 362 4798 jam
398 4721 610 4781 saeculo
649 4728 910 4780 veterum
941 4721 1400 4794 patriarcharum
1434 4721 1756 4796 antiquitas
1793 4738 1956 4796 repa-
2046 4743 2176 4786 rum
2203 4727 2365 4785 rivus
2404 4725 2561 4784 velut
2593 4725 2810 4783 vulnus
2837 4728 3118 4796 erumpat.
3157 4718 3250 4778 Sic
3283 4719 3365 4776 sic
3402 4734 3500 4790 per
3528 4727 3744 4793 martye

245 4820 424 4872 ratur.
459 4811 604 4887 Ecce
629 4810 790 4870 Isaac
815 4810 1029 4870 iterum
1050 4811 1242 4870 tilium
1262 4812 1575 4872 osculatur.
1610 4812 1756 4885 Ecce
1777 4812 1954 4872 Jacoh
2043 4816 2116 4875 rii
2167 4814 2634 4885 similitudinem,
2689 4812 2761 4870 ad
2816 4825 3010 4871 veram
3065 4807 3367 4882 pervenies
3428 4813 3752 4880 martyrum

244 4903 458 4960 iterum
513 4901 894 4973 benedicitur,
951 4907 1006 4958 et
1057 4900 1378 4974 patriarcha
1423 4917 1456 4959 a
1505 4901 1830 4975 patriarcha
1883 4916 1958 4959 ex

245 4991 597 5051 authenticze
628 4989 955 5050 traditionis
976 4989 1180 5048 ordine
1207 4992 1588 5050 consecratur.
1625 4989 1719 5048 llli
1737 4991 1957 5049 dictum

244 5088 330 5138 est
359 5103 374 5138 :
405 5103 427 5131 ι
460 5079 683 5138 Accede
707 5079 780 5139 ad
805 5095 921 5150 me,
951 5078 1062 5152 ﬁli,
1087 5086 1152 5138 ut
1172 5077 1474 5137 benedicat
1492 5079 1595 5138 tibi
1615 5081 1809 5140 anima
1831 5097 1960 5139 mea

245 5174 405 5242 (Gen.
437 5176 656 5242 XXVII).
695 5193 718 5224 ι
746 5171 864 5247 Ipsi
901 5169 1122 5229 dictum
1147 5175 1234 5227 est
1262 5193 1277 5228 :
1313 5191 1335 5222 ι
1373 5170 1578 5246 Surge,
1603 5171 1795 5246 accipe
1826 5171 1959 5246 Spi-

246 5263 426 5322 ritum
454 5267 738 5322 sanctum.
771 5287 798 5312 »
828 5260 922 5320 Illi
951 5259 1173 5320 dictum
1197 5265 1282 5319 est
1313 5282 1326 5318 :
1364 5283 1385 5312 ι
1425 5261 1533 5320 Det
1574 5263 1678 5320 tibi
1706 5263 1861 5322 Deus
1890 5263 1961 5322 de

248 5367 379 5412 rore
413 5351 566 5424 cmli,
602 5356 657 5410 et
683 5350 755 5410 de
804 5349 1157 5425 pinguedine
1209 5356 1376 5408 terrae
1428 5351 1788 5410 abundantia
1836 5353 1960 5412 fru-

248 5441 452 5512 menti,
488 5438 610 5499 vini
639 5445 697 5500 et
718 5437 832 5501 olei
850 5440 1067 5514 (Ibid.);
1101 5462 1122 5491 ι
1151 5436 1250 5498 isti
1279 5452 1414 5499 vero
1434 5439 1646 5501 dicitur
1674 5464 1688 5500 :
1721 5463 1748 5492 «ι
1774 5440 1964 5501 Mittat

249 5531 536 5591 Dominus
571 5537 766 5592 noster
795 5531 965 5592 Iesus
1013 5529 1274 5591 Christus
1305 5530 1580 5604 angelum
1624 5545 1820 5603 suum,
1861 5531 1958 5607 qui

250 5628 536 5699 praeparet
559 5622 666 5682 iter
688 5629 876 5694 tuum,
893 5626 950 5681 et
968 5635 1102 5694 quae
1121 5620 1524 5697 postulaveris,
1543 5627 1765 5680 annuat
1781 5621 1908 5680 tibi.
1932 5643 1954 5673 ι

2044 4906 2403 4980 dignitatem,
2438 4903 2761 4962 auxiliante
2795 4900 3041 4958 Domino
3079 4903 3275 4955 nostro
3313 4893 3452 4953 Jesu
3502 4895 3749 4968 Christo,

2043 4995 2145 5070 qui
2187 5009 2321 5054 cum
2359 4993 2524 5052 Patre
2572 4999 2627 5049 et
2670 4987 2889 5062 Spiritu
2939 4992 3133 5044 sancto
3188 4982 3335 5042 vivit
3371 4990 3427 5043 et
3476 4983 3755 5058 gloriatur

2047 5103 2145 5161 per
2173 5084 2406 5144 infinita
2429 5082 2644 5142 saecula
2673 5077 3041 5137 saeculorum.
3071 5077 3282 5133 Amen.

2665 5180 2913 5244 SERMO
2938 5179 3146 5240 XXXI.

2301 5291 2362 5338 II.
2393 5289 2467 5335 DE
2495 5285 2720 5333 SANCTO
2743 5281 3107 5330 APOLLINARE
3132 5273 3408 5328 EPISCOPO
3440 5277 3514 5324 ET

2555 5355 2856 5404 MARTYRE.
2891 5344 3064 5417 (XXIII
3091 5341 3238 5414 ποι..)

2120 5436 2435 5516 Apostolici
2492 5434 2766 5508 martyris
2831 5431 3080 5506 gloriosa
3146 5428 3502 5500 solemnitas,
3554 5429 3759 5486 fratres

2051 5525 2397 5597 charissimi,
2445 5524 2696 5583 alacrem
2752 5521 2885 5581 fecit
2935 5526 3142 5579 vestrm
3194 5516 3518 5577 devotionis
3561 5517 3764 5575 adesse

2052 5627 2426 5680 conventum.
2465 5613 2628 5674 Unde
2676 5615 2921 5687 dignum
2963 5619 3067 5682 est,
3118 5617 3182 5669 ut
3216 5608 3521 5669 communi
3565 5607 3769 5668 vobis‘
