4184 6450
429 238 533 302 671

1049 240 1108 302 S.
1152 243 1376 304 PETRI
1414 247 1737 308 DAMIANI
1774 249 1932 309 OPP.
1974 247 2166 309 PARS
2208 245 2348 306 SEU
2388 244 2640 306 TOMUS
2680 245 2754 304 Il.
2796 274 2866 287 —
2904 241 3321 304 SEBMONES.

3826 240 3941 302 672

432 382 569 427 cum
598 367 797 427 laetitia
835 368 1046 442 pariter
1081 370 1461 442 exsultemus,
1492 382 1546 431 et
1587 380 1759 433 totam
1802 376 1951 434 hanc
1977 377 2131 435 diem
2151 372 2306 438 Ailli
2333 372 2530 431 oculos
2561 370 2811 430 reddidit
2842 369 3069 439 frontis,
3097 368 3224 427 istis
3250 366 3438 427 multo
3469 365 3697 427 felicius
3727 365 3940 427 lumen

432 455 493 514 in
532 456 794 529 psalmis,
826 458 1062 530 hymnis
1096 466 1152 516 et
1191 460 1428 519 canticis
1474 463 1877 535 spiritualibus
1915 482 2138 540 expen-

431 545 658 603 damus.
709 545 912 603 Merito
951 546 1120 611 hodie
1166 550 1418 621 profusis
1466 553 1693 625 gaudiis
1732 560 1886 612 totus
1922 555 2139 628 ubique

432 641 715 692 terrarum
770 634 927 693 orbis
995 635 1270 695 exsultat.
1330 639 1534 698 Merito
1601 649 1794 701 sancta
1861 644 2133 715 Ecclesia,

433 722 726 795 dispositis
779 722 1045 780 ﬁdelium
1096 725 1307 796 choris,
1370 727 1700 789 dulcisonas
1755 731 2135 792 melodiarum

432 825 599 868 voces
641 810 906 868 alternat.
954 810 1208 871 Gaudeat
1248 815 1579 886 Antiochia,
1623 833 1754 893 qum
1789 820 1961 878 talem
2012 838 2138 880 me-

435 900 550 958 ruit
574 899 812 971 gignere
840 899 1067 968 ﬁlium;
1099 902 1350 960 exsultet
1388 904 1591 976 Roma,
1623 923 1773 983 quae
1820 909 1987 967 talem
2036 927 2136 983 po-

435 988 544 1046 tuit
573 989 785 1046 habere
828 989 1212 1064 discipulum;
1254 994 1541 1066 praecipue
1584 980 1719 1054 vero
1753 997 1961 1070 jubilet
1999 980 2139 1059 urbs

436 1079 731 1150 Ravenna,
780 1096 913 1153 quae
969 1086 1189 1139 tantum
1262 1084 1472 1142 meruit
1530 1086 1742 1149 referre
1805 1095 2136 1161 patronum.

433 1166 575 1237 Quae
602 1169 759 1225 enim
791 1176 909 1226 erat
941 1171 1271 1229 daemonum
1297 1180 1465 1232 antea
1493 1174 1822 1248 delubrum,
1854 1194 1956 1251 per
1986 1180 2142 1236 hunc

432 1255 756 1316 caelestium
795 1266 1128 1318 senatorum
1168 1260 1314 1319 facta
1351 1270 1436 1320 est
1466 1265 1820 1338 capitolium.
1863 1269 1950 1325 Ibi
1981 1270 2138 1326 enim

424 1347 547 1418 jam
599 1352 923 1419 martyrum
970 1364 1205 1423 corpora
1255 1352 1644 1424 requiescunt,
1689 1355 1771 1412 ibi
1822 1356 2140 1415 multorum

432 1440 762 1493 sanctorum
811 1436 1126 1508 patrocinia
1168 1441 1579 1500 reconduntur.
1622 1443 1761 1511 Quae
1799 1460 1934 1519 ergo
1982 1448 2141 1520 prius

435 1523 586 1580 male
616 1524 863 1584 fecunda
891 1526 952 1585 in
989 1527 1128 1585 ﬁliis
1168 1528 1289 1586 suis
1334 1530 1545 1589 multas
1579 1533 1817 1606 stipulas
1846 1538 2140 1608 germina-

438 1613 532 1670 bat
570 1612 818 1686 inferno,
850 1616 967 1689 jam
1011 1633 1111 1689 per
1148 1617 1253 1675 Dei
1284 1619 1528 1689 gratiam
1559 1622 1771 1680 multos
1814 1624 1970 1681 cives
2010 1641 2140 1698 par-

435 1701 774 1773 turitcmlo;
811 1711 876 1762 ut
905 1705 1027 1777 jam
1056 1707 1265 1779 populo
1296 1707 1458 1765 illius
1492 1724 1607 1766 non
1648 1710 1939 1770 immerito
1978 1714 2135 1771 dica-
2160 1705 2331 1786 Bsub
2382 1720 2443 1761 se
2483 1705 2569 1762 ire
2612 1705 2872 1778 despicit,
2912 1704 3060 1761 inter
3096 1718 3230 1777 quae
3279 1701 3522 1759 transire
3571 1700 3947 1775 corporaliter
4015 1756 4041 1770 ,

434 1796 569 1848 tur:
613 1810 640 1843 «
666 1791 797 1850 Jam
828 1809 945 1852 non
977 1795 1113 1852 estis
1153 1796 1405 1870 hospites
1437 1804 1493 1856 et
1536 1799 1779 1858 advenae
1803 1819 1816 1870 ;
1860 1802 1959 1858 sed
2008 1803 2144 1861 estis

433 1877 590 1937 cives
616 1887 967 1961 sanctorum,
1000 1889 1055 1940 et
1091 1882 1389 1943 domestici
1427 1886 1529 1944 Dei
1562 1889 1574 1946 ε
1626 1910 1646 1939 η
1701 1891 1918 1961 (Ephes.
1952 1892 2034 1961 II.)
2072 1890 2144 1947 Et

435 1982 541 2040 per
581 1965 813 2026 Petrum
848 1993 858 2026 :
897 1996 922 2018 «
967 1970 1081 2029 Vos
1123 1973 1258 2030 estis
1291 1990 1476 2047 genus
1521 1976 1784 2046 electum,
1830 1979 2020 2052 regale
2050 1995 2140 2036 sa-

437 2056 780 2129 cerdotium,
809 2074 951 2131 gens
981 2068 1195 2129 sancta,
1226 2065 1477 2138 populus
1504 2068 1901 2140 acquisitiouis
1926 2075 1969 2137 II
1994 2074 2138 2128 Petr.

439 2147 521 2216 II).
561 2167 582 2196 ι
624 2146 810 2219 Reges
851 2147 1003 2207 enim
1054 2167 1279 2219 sumus,
1321 2155 1456 2227 quia
1513 2156 1699 2215 crucis
1748 2160 2035 2217 vexillum
2079 2159 2142 2218 in

438 2234 627 2292 fronte
684 2241 997 2307 portamus.
1057 2239 1388 2299 Sacerdotes
1437 2250 1630 2301 autem
1681 2245 1814 2319 jure
1868 2248 2139 2316 dicimur,

437 2323 575 2395 quia
603 2323 930 2384 chrismatis
954 2329 1224 2387 unctione
1251 2329 1517 2390 linimur.

507 2411 668 2470 Juste
698 2430 832 2485 ergo
860 2417 1087 2489 egregia
1116 2418 1215 2476 illa
1255 2421 1587 2493 metropolis
1627 2422 1697 2480 de
1727 2423 1789 2482 B.
1840 2425 2139 2497 Apollina-

437 2498 518 2558 ris
574 2500 881 2561 festivitate
929 2506 1252 2575 specialiter
1302 2510 1533 2582 gaudet,
1590 2527 1692 2584 per
1743 2528 1939 2586 quem,
1997 2513 2141 2571 olim

435 2591 692 2665 profana.
737 2600 792 2650 et
848 2596 1082 2669 rustica,
1128 2600 1274 2656 facta
1330 2608 1413 2657 est
1468 2616 1628 2658 nunc
1678 2601 2039 2661 sacerdotalis
2085 2610 2141 2661 et

433 2681 609 2752 regia.
642 2680 753 2740 Cui
781 2699 914 2742 cum
954 2685 1238 2744 Romanis
1269 2689 1501 2746 arcibus
1526 2689 1668 2747 adeo
1701 2694 2029 2750 communis
2058 2702 2141 2752 est

432 2769 700 2840 dignitas,
757 2780 820 2831 ut
872 2774 966 2831 illa
1006 2783 1207 2848 mater,
1260 2776 1400 2832 158
1446 2779 1555 2837 ista
1602 2780 1830 2838 dicatur
1884 2796 2141 2853 congrue

431 2856 572 2913 ﬁlia.
602 2855 763 2925 Quod
803 2862 959 2918 enim
989 2862 1089 2920 illa
1129 2863 1187 2920 in
1220 2864 1438 2924 cmlesti
1476 2867 1786 2938 clavigero,
1819 2867 1928 2925 hoc
1959 2874 2139 2928 totum

432 2945 541 3002 ista
573 2947 823 3019 possidet
848 2949 906 3007 in
939 2951 1259 3024 discipulo;
1300 2960 1355 3010 et
1376 2955 1529 3028 quod
1568 2954 1656 3011 illi
1688 2964 1968 3029 praerogat
1998 2973 2138 3030 apo-

2216 465 2443 539 aperuit
2475 462 2682 522 cordis.

2287 553 2460 611 Recte
2499 567 2634 625 ergo
2682 549 2910 620 dicitur,
2954 549 3095 622 quia
3131 548 3281 607 sicut
3319 547 3553 606 Lucifer
3590 546 3651 604 in
3707 547 3940 618 orbem,

2216 641 2295 698 ita
2323 639 2690 697 beatissimus
2728 637 2820 695 vir
2849 653 3015 695 suam
3058 643 3144 694 est
3174 635 3398 694 delatus
3434 634 3498 692 in
3527 633 3757 705 urbem.
3786 633 3943 703 Quot

2215 733 2409 785 autem
2446 726 2528 784 ibi
2574 725 2856 799 supplicia
2891 724 3251 789 sustinuerit,
3303 730 3444 796 quot
3493 722 3770 780 mortium
3817 728 3940 780 tor-

2218 824 2411 875 menta
2454 814 2822 888 percurrerit,
2873 813 2970 871 ille
3007 813 3245 888 quidem
3293 812 3546 886 perferre
3584 811 3941 871 mirabiliter

2216 906 2420 981 potuit,
2455 921 2558 964 nos
2594 905 2809 963 referre
2839 904 3195 978 quantalibet
3226 904 3446 977 linguae
3469 909 3699 969 nostra:
3730 902 3941 961 facun-

2217 995 2311 1052 dia
2339 1009 2452 1052 non
2488 994 2769 1052 valemus.
2800 992 3075 1060 Caeditur,
3104 991 3313 1060 uritur,
3346 989 3712 1059 vulneratur,
3744 1004 3940 1062 equu-

2220 1083 2307 1141 leo
2350 1089 2532 1141 tortus
2572 1098 2674 1155 per
2713 1081 2970 1139 membra
3016 1086 3221 1139 cuncta
3258 1079 3639 1153 discerpitur;
3684 1077 3785 1135 sed
3821 1093 3942 1153 quo

2220 1171 2404 1244 magis
2448 1186 2582 1228 caro
2633 1186 2735 1243 per
2789 1173 3073 1229 tormenta
3119 1167 3471 1240 concutitur,
3525 1183 3594 1225 eo
3650 1181 3821 1224 mens
3876 1166 3944 1224 in

2221 1260 2406 1318 Deum
2437 1260 2557 1317 lixa
2590 1259 2818 1317 lirmius
2844 1259 3182 1327 roboratur;
3215 1263 3271 1315 et
3297 1256 3466 1330 quasi
3498 1256 3635 1329 igne
3662 1271 3945 1315 succensa

2222 1349 2508 1419 materies,
2560 1364 2675 1422 quo
2712 1347 2846 1421 plus
2890 1345 3307 1403 adversitatum
3355 1345 3544 1403 ventis
3589 1344 3939 1417 impellitur,

2223 1452 2290 1495 eo
2337 1437 2395 1494 in
2443 1453 2701 1495 amorem
2748 1436 2851 1494 Dei
2892 1435 3191 1494 ardentius
3228 1432 3651 1491 inﬂammatur.
3693 1432 3944 1492 Sanctus

2224 1528 2440 1601 quippe
2486 1527 2576 1585 vir
2627 1527 2766 1586 dum
2814 1526 2956 1585 foris
3004 1525 3205 1584 tolerat
3241 1524 3536 1583 turbinem
3582 1524 3943 1598 persecutio-

2222 1618 2334 1684 nis,
2371 1618 2529 1675 intus
2573 1617 2816 1676 recurrit
2842 1617 2913 1675 ad
2956 1631 3147 1673 arcem
3186 1615 3432 1684 mentis,
3472 1620 3528 1672 et
3565 1614 3704 1672 inde
3728 1620 3944 1672 cuncta

2224 1795 2398 1852 etiam
2445 1794 2819 1868 semetipsum
2862 1792 3065 1851 cernit.
3116 1791 3306 1849 Minas
3355 1805 3469 1848 non
3530 1790 3759 1861 metuit,
3819 1796 3944 1848 tor-

2227 1893 2419 1944 menta
2467 1884 2731 1942 alacriter
2763 1882 3034 1958 patiendo
3065 1880 3399 1940 contemnit.
3450 1881 3600 1939 Hinc
3638 1880 3798 1938 enim
3842 1895 3944 1953 per

2229 1975 2596 2035 Salomonem
2644 1975 2901 2032 dicitur:
2971 1972 3227 2031 «Justus
3263 1971 3431 2046 quasi
3482 1971 3571 2029 leo
3619 1971 3941 2041 conﬁdens,

2226 2063 2445 2136 absque
2484 2070 2698 2121 terrore
2747 2061 2857 2119 erit
2889 2065 3073 2128 (Prov.
3110 2063 3355 2126 XXVIII).
3394 2082 3415 2108 ι
3451 2058 3601 2116 Hinc
3635 2058 3710 2116 ab
3734 2073 3804 2116 eo
3832 2057 3942 2115 ite-

2227 2167 2359 2209 rum
2384 2151 2658 2224 scriptum
2675 2157 2758 2208 est
2780 2173 2792 2207 :
2819 2175 2844 2198 «
2865 2149 2990 2207 Non
3012 2148 3373 2207 contristabit
3386 2146 3940 2221 justum,quidquid

2228 2234 2281 2298 ei
2310 2239 2581 2297 acciderit
2607 2241 2789 2308 (Prov.
2819 2238 2948 2309 XII).
2989 2261 3008 2287 ι
3044 2237 3174 2295 Jam
3206 2236 3418 2310 quippe
3451 2235 3704 2309 Spiritus
3727 2235 3801 2293 ad
3826 2235 3940 2293 alta

2231 2343 2547 2401 suspensus
2576 2327 2639 2384 in
2672 2328 2781 2384 hoc
2803 2324 3171 2383 inelfabiliter
3194 2326 3424 2399 gaudet,
3442 2325 3583 2383 dum
3610 2324 3723 2382 sibi
3743 2338 3942 2381 cumu-

2232 2416 2339 2474 lari
2377 2416 2587 2489 gaudia
2631 2430 2733 2489 per
2777 2419 3061 2471 tormenta
3101 2414 3276 2483 videt,
3320 2413 3510 2486 poenis
3561 2413 3811 2482 fovetur,
3854 2410 3941 2468 in-

2230 2507 2433 2565 cendio
2470 2506 2859 2574 refrigeratur,
2898 2505 3051 2561 fame
3088 2502 3356 2573 reﬁcitur,
3400 2502 3597 2575 inopia
3624 2502 3939 2571 dilatatur;

2230 2604 2286 2654 et
2322 2596 2379 2653 id
2420 2595 2744 2653 maximum
2782 2593 3011 2652 lucrum
3052 2593 3308 2667 deputat,
3340 2590 3387 2648 si
3430 2607 3663 2664 gravem
3697 2591 3769 2649 de
3810 2607 3941 2665 pas-

2227 2686 2391 2745 sione
2428 2687 2662 2745 Domini
2701 2685 2987 2743 sarcinam
3027 2690 3231 2758 portat,
3277 2689 3627 2754 tantumque
3663 2681 3772 2739 sibi
3826 2679 3941 2737 mi-

2225 2772 2332 2831 nui
2392 2773 2555 2830 timet
2610 2773 2680 2831 de
2738 2771 2998 2844 praemio,
3050 2779 3337 2845 quantum
3385 2769 3621 2827 sibimet
3673 2767 3945 2826 subtrahi

2226 2864 2505 2938 conspicit
2540 2864 2610 2921 de
2635 2867 2942 2921 tormento.

2298 2954 2443 3023 Quid
2481 2954 2644 3026 plura
2671 2952 2698 3011 ἱ)
2727 2952 2947 3011 Iterum
2985 2951 3248 3022 caeditur,
3277 2951 3489 3010 iterum
3522 2948 3838 3019 cruciatur,
3870 2947 3947 3006 ad

432 3033 635 3144 s‘tolus,
677 3035 785 3144 hoc
832 3037 987 3144 addit
1025 3038 1121 3096 isti
1165 3048 1387 3138 martyr
1440 3043 1803 3115 apostolicus.
1868 3044 1929 3104 Si
1980 3046 2134 3104 enim
2162 3083 2207 3144 Ο
2231 3041 2371 3098 159
2397 3050 2725 3100 extremum
2753 3056 2986 3115 quoque
3021 3041 3196 3100 nudis
3233 3040 3451 3114 plantis
3480 3053 3653 3112 super
3677 3037 3947 3095 ardentes

431 3121 1062 3197 Constantinopolitana
1128 3128 1351 3201 civitas,
1413 3132 1554 3202 quia
1616 3132 1907 3193 Romanos
1962 3135 2024 3192 in
2078 3152 2140 3194 se
2162 3121 2207 3144 υ
2226 3148 2445 3205 prunas
2476 3138 2625 3190 stare
2653 3131 3056 3205 compellitur;
3083 3130 3181 3189 sed
3226 3129 3364 3189 dum
3397 3136 3639 3203 uterque
3672 3143 3773 3201 pes
3803 3142 3945 3201 sup-

431 3211 726 3268 transtulit
782 3213 955 3285 cives,
1024 3218 1275 3274 secunda
1353 3218 1531 3277 Roma
1592 3228 1675 3279 est
1752 3229 2136 3296 nuncupata;

434 3306 652 3371 quanto
678 3303 860 3375 magis
896 3304 1038 3374 haec,
1068 3323 1202 3380 quae
1237 3314 1457 3367 tantum
1490 3310 1807 3385 principem
1838 3312 1909 3369 de
1956 3312 2140 3371 Roma

434 3391 701 3463 suscepit,
756 3396 1007 3453 secunda
1056 3398 1239 3456 Roma
1287 3407 1372 3458 est
1411 3401 1794 3474 appellanda!
1839 3404 2141 3478 Nunquid-

435 3494 568 3536 nam
593 3480 904 3553 gloriosius
930 3491 1014 3544 est
1040 3488 1331 3561 suscipere
1356 3489 1607 3559 Quirites
1646 3492 1719 3549 de
1746 3492 2008 3551 Romana
2035 3509 2138 3550 cu-

434 3566 540 3637 ria,
580 3584 756 3641 quam
798 3572 1008 3632 habere
1057 3583 1371 3650 martyrem
1419 3578 1489 3636 de
1542 3579 1803 3638 Romana
1842 3580 2140 3640 Ecclesia?

436 3658 525 3716 Ex
554 3677 621 3718 ea
659 3662 838 3735 igitur
865 3675 1044 3739 parte,
1073 3684 1188 3742 qua
1235 3669 1419 3729 Roma
1463 3671 1711 3730 carnalis
1738 3679 1841 3743 est,
1883 3673 2141 3731 carnales

433 3747 673 3820 genuit;
707 3766 782 3809 ex
818 3767 884 3809 ea
922 3770 1080 3826 vero,
1119 3773 1236 3831 qua
1275 3759 1590 3832 spiritualis
1627 3768 1731 3830 est,
1779 3761 2139 3835 spiritualem

436 3852 510 3893 ex
537 3853 598 3895 se
623 3839 813 3900 lilium
860 3846 1196 3915 procreavit.
1237 3848 1454 3917 «Quod
1499 3848 1659 3906 enim
1702 3858 1903 3909 natum
1946 3857 2031 3909 est
2071 3851 2142 3909 de

434 3942 605 3987 carne
641 3946 771 3990 caro
817 3939 920 4003 est,
959 3940 1015 3991 et
1062 3936 1215 4008 quod
1263 3944 1464 3996 natum
1512 3946 1598 3996 est
1641 3956 1715 3997 ex
1760 3940 1990 4013 spiritu,
2017 3940 2136 4013 spi-

434 4015 581 4074 ritus
635 4028 718 4077 est
772 4024 951 4088 (Joan.
989 4031 1090 4092 III).
1131 4049 1150 4075 ω
1180 4025 1344 4095 Quod
1389 4032 1583 4085 autem
1644 4034 1865 4087 tantum
1921 4028 2140 4086 civitati

433 4101 522 4159 illi
562 4104 886 4174 tribuimus,
930 4117 992 4169 ut
1027 4112 1229 4172 Romae
1276 4115 1529 4173 similem
1568 4132 1690 4174 esse
1746 4118 2027 4186 dicamus,
2068 4117 2137 4174 ad

436 4191 667 4251 laudem
705 4195 808 4254 Dei
852 4201 1174 4274 referimus,
1220 4219 1340 4261 non
1386 4204 1611 4264 favores
1660 4206 1968 4265 hominum
2001 4207 2140 4263 atl‘e-

435 4291 677 4346 ctamus.
732 4289 877 4349 Nam
927 4303 1164 4353 ornatus
1210 4298 1601 4368 habitationis,
1634 4299 1808 4358 decus
1851 4307 1935 4357 est
1972 4299 2139 4357 habi-

429 4378 643 4449 tantis;
673 4386 728 4438 et
753 4381 940 4441 honor
966 4385 1187 4455 militis,
1218 4387 1402 4458 gloria
1433 4397 1518 4448 est
1544 4389 1926 4462 imperatoris.

504 4465 670 4527 Libet
720 4478 937 4540 autem,
975 4473 1356 4547 dilectissimi,
1389 4479 1698 4551 pulchrum
1753 4478 1971 4536 divinae
2026 4478 2139 4536 dis-

431 4557 783 4629 pensationis
824 4562 1084 4621 ordinem
1128 4567 1380 4624 studiose
1432 4567 1819 4639 perpendere;
1865 4574 1920 4624 et
1965 4582 2142 4641 quam

432 4646 774 4710 mirabiliter
809 4654 1172 4728 omnipotens
1210 4657 1364 4715 Deus
1404 4658 1655 4731 regionis
1692 4658 1852 4717 illius
1881 4660 2143 4719 tenebras

429 4736 719 4798 illustrare
766 4742 1098 4816 decreverit,
1140 4745 1430 4817 indagare.
1485 4747 1645 4806 Sicut
1691 4748 1849 4807 enim
1905 4750 2141 4808 matuti-

430 4844 541 4887 nus
568 4828 803 4890 Lucifer
831 4832 904 4891 ab
933 4841 1064 4892 ortu
1097 4850 1340 4906 surgens
1367 4835 1545 4895 solem
1576 4839 1866 4911 praecedit,
1897 4841 1976 4898 ita
2006 4841 2142 4898 bea-

430 4915 694 4977 tissimus
734 4930 954 4996 martyr
984 4923 1057 4980 ab
1094 4924 1359 4983 orientali
1398 4924 1563 4999 plaga
1612 4927 1999 4999 progrediens,
2039 4945 2141 4987 no-

431 5022 566 5065 men
619 5008 852 5067 Domini
904 5012 1084 5071 nostri
1125 5014 1265 5073 Jesu
1304 5015 1536 5087 Christi,
1584 5016 1684 5089 qui
1738 5032 1872 5074 vere
1917 5026 2002 5075 est
2058 5018 2144 5077 sol

426 5095 700 5167 Justitiaa,
756 5099 977 5172 primus
1032 5102 1325 5162 Ravennae
1391 5105 1607 5164 ﬁnibus
1662 5105 2006 5165 introduxit.
2074 5107 2143 5164 Et

430 5201 604 5260 quam
662 5186 806 5246 bene
842 5187 1259 5277 sibi‘Luciferi
1303 5208 1514 5251 nomen
1557 5196 1843 5268 congruit,
1879 5195 1978 5269 qui
2022 5196 2142 5267 pri-

429 5290 591 5333 mum
610 5277 893 5338 adventus
917 5278 1007 5337 sui
1039 5281 1389 5340 miraculum
1417 5284 1487 5341 de
1528 5284 1753 5342 lumine
1784 5284 1916 5341 fecit
1945 5285 1958 5339 l
1995 5283 2141 5342 Nam

429 5381 567 5424 mox
606 5375 672 5428 ut
730 5370 788 5429 in
835 5371 1173 5430 suburbano
1226 5379 1310 5430 est
1346 5380 1606 5447 receptus
1668 5374 1938 5449 hospitio,
1990 5389 2141 5432 caeco

431 5455 636 5517 Irenzei
684 5460 884 5520 militis
922 5460 1044 5521 ﬁlio
1084 5462 1282 5521 lumen
1326 5462 1592 5534 reddidit,
1628 5470 1682 5523 et
1708 5464 1790 5523 sic
1833 5463 1904 5521 de
1933 5479 2140 5536 paren-

430 5556 554 5609 tum
583 5551 854 5618 cordibus
884 5554 1242 5617 inﬁdelitatis
1274 5553 1534 5615 tenebras
1569 5554 1883 5628 eﬂ‘ugavit;
1917 5559 1971 5612 et
1999 5554 2142 5617 dum

2149 4443 2199 4501 D

2223 3221 2408 3296 posito
2436 3221 2571 3295 igne
2600 3221 2983 3291 comburitur,
3013 3219 3218 3293 lingua
3248 3219 3309 3276 in
3338 3217 3697 3277 confessione
3727 3216 3946 3274 Christi

2226 3309 2471 3368 liberius
2509 3309 2822 3367 relaxatur.
2870 3308 3113 3382 Segnior
3151 3306 3367 3383 quippe
3406 3308 3593 3366 fuerat
3629 3305 3808 3379 ignis,
3838 3305 3945 3377 qui

2225 3399 2483 3459 exterius
2504 3399 2863 3464 incendebat,
2883 3414 3060 3472 quam
3092 3397 3197 3472 qui
3228 3396 3473 3456 inferius
3504 3393 3942 3465 inﬂammabat;

2226 3497 2497 3563 tanquam
2575 3489 2720 3548 alter
2802 3494 3171 3562 coqueretur,
3238 3494 3295 3545 et
3359 3487 3501 3545 alter
3573 3486 3941 3560 loqueretur;

2223 3583 2374 3640 alius
2404 3582 2576 3639 verba
2626 3581 2835 3650 ederet,
2869 3580 3023 3639 alius
3062 3578 3299 3637 verbera
3348 3577 3678 3636 sustineret.
3721 3575 3793 3633 Et
3848 3589 3945 3631 re-

2225 3687 2360 3728 vera
2404 3671 2567 3741 alter,
2605 3670 2857 3728 Veritate
2897 3674 3216 3737 attestante,
3254 3684 3388 3743 qum
3424 3669 3549 3725 ait:
3602 3688 3631 3720 α
3661 3666 3791 3724 Non
3836 3680 3944 3723 vos

2224 3760 2379 3830 estis,
2424 3760 2525 3833 qui
2562 3760 2892 3834 loquimini,
2927 3759 3029 3818 sed
3073 3758 3325 3836 Spiritus
3374 3757 3558 3816 Patris
3598 3756 3799 3824 vestri,
3831 3755 3939 3829 qui

2225 3849 2484 3922 loquitur
2512 3850 2573 3908 in
2601 3849 2764 3908 vobis
2799 3852 3016 3917 (Matth.
3060 3850 3145 3921 X).
3180 3869 3208 3904 »
3250 3846 3341 3917 Et,
3379 3854 3442 3907 ut
3471 3846 3769 3919 triumpho
3798 3845 3938 3903 bea-

2225 3940 2431 3999 tissimi
2480 3940 2752 4015 martyris
2778 3940 2902 4013 ipsa
2939 3939 3226 3998 contraria
3259 3939 3546 3998 elementa
3578 3935 3939 3996 concorditer

2224 4031 2495 4101 serviant,
2548 4030 2692 4087 dum
2748 4029 2902 4102 ignis
2952 4028 3260 4104 potentiori
3333 4029 3467 4101 igne
3519 4024 3933 4093 contemnitur,

2222 4135 2374 4191 caro,
2415 4134 2547 4193 quae
2585 4126 2714 4177 usta
2765 4120 2970 4189 fuerat,
3011 4117 3180 4192 aquis
3220 4116 3608 4176 bullientibus
3636 4113 3932 4181 elixatur;

2222 4208 2418 4284 sicque
2450 4209 2511 4267 in
2558 4209 2730 4267 odore
2774 4207 3077 4266 suavitatis
3114 4207 3362 4267 Domino
3386 4206 3504 4266 duo
3546 4203 3827 4263 sacrilicia
3859 4216 3933 4260 ex

2222 4316 2341 4358 una
2368 4300 2520 4358 ﬁunt
2548 4298 2802 4357 victima.

2295 4390 2437 4461 Age,
2470 4402 2594 4459 age,
2635 4387 2916 4460 responde
2959 4387 3126 4455 mihi,
3167 4385 3335 4445 turba
3382 4384 3730 4457 phrenetica,
3765 4389 3821 4440 et
3858 4382 3931 4438 ab

2225 4479 2365 4554 ipsis
2413 4478 2646 4538 furiosis
2692 4478 2895 4537 merito
2941 4477 3273 4537 deridenda.
3329 4475 3480 4545 Quid
3533 4474 3729 4532 furis?
3785 4473 3939 4542 Quid

2225 4568 2445 4629 saevis?
2484 4569 2635 4639 Quid
2679 4567 2941 4627 cruentis
2985 4566 3258 4626 dentibus
3304 4572 3361 4624 et
3398 4564 3598 4638 lupina
3634 4563 3796 4621 rabie
3834 4564 3938 4620 de-

2229 4658 2575 4718 baccharis?
2625 4658 2905 4731 Nunquid
2950 4673 3145 4732 speras
3183 4655 3481 4731 suppliciis
3526 4653 3735 4712 Christi
3779 4653 3939 4711 mili-

2228 4754 2340 4805 tem
2403 4746 2624 4817 cedere,
2677 4753 2732 4804 et
2781 4762 2815 4803 a
2887 4753 3082 4804 sancto
3122 4744 3410 4818 proposito
3466 4747 3732 4827 mentem.
3771 4755 3939 4814 posse

2229 4836 2500 4894 mutare?
2527 4835 2654 4893 Non
2682 4841 2767 4892 est
2803 4834 3133 4907 bujusmodi
3167 4849 3330 4892 mens
3362 4833 3425 4891 in
3456 4831 3639 4889 Deum
3672 4832 3811 4898 lixa,
3846 4828 3937 4900 ig-

2226 4930 2392 4984 norat
2422 4924 2483 4983 in
2526 4922 2678 4983 bello
2719 4922 2956 4997 perdere
2987 4922 3258 4982 militiam
3295 4919 3703 4979 Christianam.
3744 4918 3940 4975 Nescit

2229 5015 2518 5088 przeliator
2571 5018 2766 5073 noster
2823 5014 3011 5085 rigore
3067 5013 3423 5083 mollescere,
3483 5010 3665 5069 nescit
3711 5007 3938 5081 gladios

2228 5102 2725 5173 formidare;imo
2774 5118 2891 5177 quo
2944 5103 3127 5175 magis
3174 5101 3489 5174 impetitur,
3538 5115 3605 5157 eo
3647 5097 3939 5157 robustior

2226 5193 2545 5251 invenitur.
2582 5192 2685 5250 Eia
2706 5199 2957 5266 percute,
2992 5192 3255 5256 incende.
3286 5204 3485 5262 coque,
3511 5203 3679 5261 gyra,
3709 5203 3934 5260 regyra,

2230 5283 2447 5341 divelle
2502 5300 2535 5341 a
2593 5284 2916 5345 vis’ceribus
2973 5283 3213 5353 viscera,
3264 5281 3537 5354 imprime
3593 5278 3939 5341 vulneribus

2232 5373 2491 5432 vulnera.
2526 5374 2881 5448 Apollinaris
2910 5379 3120 5442 noster,
3147 5371 3197 5431 si
3233 5369 3561 5437 discutitur,
3605 5367 3761 5425 idem
3792 5366 3937 5439 ipse,

2227 5464 2331 5537 qui
2370 5466 2575 5534 fuerat,
2616 5464 2957 5535 invenitur;
3000 5478 3117 5523 non
3151 5466 3337 5536 potest
3368 5461 3490 5534 jam
3535 5457 3836 5517 Christum
3874 5456 3936 5514 in

2229 5553 2520 5629 loquendo
2548 5569 2758 5629 negare
2787 5555 3010 5628 lingua,
3040 5566 3218 5625 quem
3262 5556 3469 5615 caetera
3498 5546 3770 5622 patiendo
3796 5561 3937 5608 con-
